2352 3926
217 113 288 168 54
771 107 1046 154 QUAESTIO
1087 105 1165 144 111.
1205 103 1512 144 ARTICULUS
1550 102 1604 142 V.

303 215 397 259 SED
426 226 619 259 CONTRA
647 222 726 266 est,
755 210 876 270 quod
909 208 1126 269 quidquid
1167 217 1318 267 potest
1349 206 1505 261 Filius,
1537 215 1687 265 potest
1717 205 1866 261 Pater,
1903 215 1950 252 et
1979 205 2174 269 Spiritus

215 283 433 327 Sanctus:
461 280 663 355 alioquin
690 293 783 322 non
811 286 927 321 esset
961 277 1122 320 eadem
1159 275 1363 334 potentia
1393 275 1532 318 trium
1565 286 1890 332 personarum:
1928 273 2008 319 sed
2032 270 2173 319 Filius

214 350 361 409 potuit
386 347 635 400 incarnari3
663 359 773 403 ergo
801 343 1010 388 similiter
1035 343 1184 396 Pater,
1212 351 1257 386 et
1283 340 1476 400 Spiritus
1504 340 1714 384 Sanctus.
2019 354 2020 357 ¹

305 416 592 460 RESPONDEO
621 412 878 466 dicendum,
906 410 1043 470 quod,
1070 411 1189 455 sicut
1209 410 1382 486 §ic-tum
1409 417 1476 453 est
1505 409 1604 465 (art.
1614 416 1745 468 praec
1749 408 1798 467 .),
1827 374 2175 471 assumptiossduo

213 484 452 560 importat3
480 481 672 524 scilicet:
701 480 849 538 ipsum
876 485 1015 523 actum
1041 487 1327 532 assumentis,
1355 486 1400 520 et
1425 478 1647 521 terminum
1676 477 2025 537 assumptionis·
2040 468 2175 537 pih-

217 552 384 610 cipium
413 559 565 593 autem
599 557 725 591 actus
758 557 826 591 est
856 547 997 591 virtus
1023 545 1196 590 divina·
1229 544 1450 588 terminus
1483 552 1637 588 autern
1679 553 1746 589 est
1777 544 2180 604 persona.vi1²tus

216 629 371 662 autem
413 616 563 659 divina
605 614 924 668 communiter,
964 623 1007 657 et
1047 611 1354 656 indifferenter
1394 624 1444 655 se
1481 610 1621 655 habet
1663 611 1718 655 ad
1745 624 1910 656 omnes
1933 623 2177 671 personas:

217 685 377 728 eadem
392 683 528 726 etiam
553 691 620 725 est
637 681 895 726 communis
913 681 1026 724 ratio
1045 677 1379 739 personalitatis
1397 677 1597 722 inti-ibus
1614 679 1837 738 personis,
1853 678 1961 724 licet
1980 677 2181 739 proprie-

215 761 330 795 tates
358 748 618 808 personales
645 749 733 792 sint
755 747 1036 792 differentes:
1064 746 1448 805 quandocumque
1475 755 1630 790 autem
1654 745 1796 791 virtus
1823 744 1975 806 aliqua
2005 743 2181 791 indiffe-

217 828 368 861 renter
394 831 441 860 se
468 816 604 859 habet
631 816 687 859 ad
711 815 853 874 plura,
880 824 1029 874 potest
1064 813 1118 857 ad
1151 812 1386 872 quodlibet
1417 824 1580 857 eorum
1612 827 1743 857 suam
1770 815 2000 858 actionem
2023 814 2181 858 termi-

216 899 348 928 nare:
376 884 493 927 sicut
510 893 633 942 patet
648 883 694 926 in
721 883 932 941 potentiis
950 880 1261 935 rationalibus,
1279 893 1396 939 quae
1413 893 1461 924 se
1477 880 1648 925 habent
1663 881 1721 925 ad
1737 880 1962 941 opposita,
1979 893 2179 940 quorum

217 962 458 1010 utrumque
500 965 634 1009 agere
675 960 888 1009 possunt3
926 950 989 993 sic
1019 961 1129 1007 ergo
1162 947 1313 992 divina
1339 949 1481 992 virtus
1506 947 1655 1007 potuit
1683 957 1895 993 naturam
1924 948 2180 992 humanam

216 1019 343 1063 unire
371 1032 592 1077 personae
619 1017 779 1072 Patris,
815 1016 888 1060 vel
922 1017 1113 1074 Spiritus
1147 1015 1318 1069 Sancti,
1350 1015 1468 1059 sicut
1499 1015 1643 1060 univit
1675 1029 1777 1060 eam
1809 1028 2032 1076 personae
2056 1012 2179 1058 Filii.

218 1097 262 1131 et
288 1087 374 1130 ideo
402 1086 633 1140 dicendum,
657 1085 766 1143 quod
798 1085 937 1138 Pater,
961 1084 1027 1128 vel
1051 1084 1232 1142 Spiritus
1257 1083 1442 1128 Sanctus
1457 1084 1597 1143 potuit
1623 1097 1790 1129 carnem
1823 1094 2050 1137 assumere,
2072 1082 2182 1128 sicut

218 1161 257 1200 et
281 1154 428 1198 Filius.
2126 1179 2132 1185 ⁷

306 1221 381 1265 AD
400 1234 589 1265 PRIMUM
612 1234 721 1278 ergo
741 1219 998 1273 dicendum,
1024 1218 1146 1278 quod
1163 1217 1322 1262 filiatio
1349 1217 1631 1278 temporalis,
1657 1231 1748 1278 qua
1774 1211 1985 1263 Christus
2010 1215 2176 1261 dicitur

214 1287 332 1331 filius
364 1288 580 1341 hominis,
607 1301 701 1331 non
730 1287 961 1331 constituit
986 1300 1231 1345 personam
1257 1286 1414 1344 ipsius,
1440 1287 1558 1331 sicut
1581 1285 1742 1331 filiatio
1776 1295 1976 1340 aeterna,
2000 1284 2099 1330 sed
2112 1293 2183 1330 est

219 1355 435 1414 quiddam
463 1368 746 1413 consequens
772 1354 1055 1398 nativitatem
1080 1352 1409 1413 temporalem;
1436 1353 1557 1398 unde
1582 1353 1622 1398 si
1642 1367 1722 1413 per
1745 1353 1870 1398 hunc
1894 1351 2186 1398 modumno-

220 1437 327 1466 men
353 1421 582 1465 filiationis
610 1421 664 1465 ad
691 1422 889 1479 Patrem,
916 1420 989 1464 vel
1022 1421 1242 1480 Spiritum
1265 1420 1486 1465 Sanctum
1517 1419 1850 1476 transferretur,
1873 1418 2003 1499 nulla
2022 1432 2184 1480 seque·

221 1499 342 1534 retur
370 1489 576 1533 confusio
605 1489 860 1532 divinarum
886 1502 1200 1548 personarum.

312 1562 388 1601 AD
416 1570 676 1601 SECUNDUM
703 1555 962 1610 dicendum,
990 1556 1112 1615 quod
1144 1555 1303 1601 filiatio
1331 1556 1545 1616 adoptiva
1572 1565 1640 1601 est
1665 1553 2186 1616 quaedamparticipata

222 1624 473 1668 similitudo
499 1624 728 1668 filiationis
754 1624 995 1668 naturalis:
1023 1624 1103 1669 sed
1135 1623 1185 1669 fit
1214 1625 1262 1668 in
1293 1625 1426 1669 nobis
1464 1625 1749 1684 appropriate
1781 1638 1808 1668 a
1839 1623 1989 1678 Patre,
2013 1622 2092 1682 qui
2117 1629 2187 1667 est

224 1692 496 1751 principium
522 1691 738 1735 naturalis
764 1691 1009 1746 filiationis,
1044 1702 1088 1736 et
1119 1707 1200 1751 per
1231 1692 1406 1736 donum
1433 1692 1625 1751 Spiritus
1657 1691 1830 1747 Sancti,
1856 1690 1934 1752 qui
1959 1698 2028 1736 est
2051 1698 2187 1734 amor

225 1759 383 1812 Patris,
411 1769 455 1802 et
479 1758 594 1812 Filii,
621 1759 873 1802 secundum
898 1758 1011 1803 illud
1031 1759 1179 1804 Galat.
1202 1773 1269 1815 4:
1296 1761 1414 1804 Misit
1430 1761 1544 1804 Deus
1565 1760 1772 1820 Spiritum
1792 1758 1898 1804 Filii
1910 1759 1977 1804 sui
1994 1756 2186 1803 incorda

223 1833 364 1870 nostra
391 1826 664 1870 clamantem:
685 1827 823 1880 Abba,
845 1833 994 1885 putem
1031 1837 1075 1870 et
1100 1827 1218 1881 ideo,
1246 1827 1362 1871 sicut
1387 1826 1482 1871 filio
1509 1827 1761 1882 incarnato,
1789 1825 2052 1886 adoptivam
2077 1821 2211 1869 filias

223 1895 398 1937 tionem
433 1894 692 1952 accepimus
726 1894 781 1938 ad
813 1894 1159 1938 similitudinem
1191 1894 1423 1939 filiationis
1453 1894 1673 1939 naturalis
1705 1895 1824 1953 ejus;
1855 1895 1933 1948 ita,
1957 1892 2093 1937 Patre
2122 1891 2188 1936 in-

226 1971 427 2014 carnato,
455 1961 717 2019 adoptivam
743 1960 1013 2006 filiationem
1040 1963 1350 2022 reciperemus
1378 1962 1431 2006 ab
1460 1977 1530 2017 eo,
1546 1961 1784 2021 tamquam
1812 1975 1838 2005 a
1860 1960 2085 2021 principio
2110 1973 2188 2004 na-

220 2028 375 2072 turalis
389 2028 632 2082 filiationis,
651 2039 695 2072 et
713 2043 737 2071 a
761 2029 928 2088 Spiritu
948 2030 1134 2084 Sancto,
1152 2040 1391 2090 tamquam
1410 2044 1434 2074 a
1451 2044 1569 2074 nexu
1588 2028 1826 2074 communi
1842 2027 1989 2072 Patris
2005 2036 2052 2073 et
2067 2026 2183 2072 Filii.

315 2095 390 2139 AD
419 2108 634 2140 TERTmM
660 2096 916 2151 dicendum,
944 2097 1066 2156 quod
1088 2098 1213 2142 Patri
1240 2098 1455 2142 convenit
1481 2112 1579 2142 esse
1596 2095 1915 2142 innascibilem
1931 2094 2184 2140 secundum

229 2163 514 2206 nativitatem
538 2173 789 2218 aeternam3
818 2165 939 2223 quod
956 2179 1050 2208 non
1075 2164 1336 2211 excluderet
1351 2165 1563 2211 nativitas
1581 2163 1874 2224 temporalis:
1896 2163 2015 2209 mitti
2031 2172 2186 2208 autem

226 2230 386 2273 dicitur
411 2230 549 2274 Filius
584 2231 671 2274 Dei
712 2232 962 2276 secundum
998 2233 1381 2288 incarnationem,
1414 2247 1470 2278 eo
1497 2233 1620 2294 quod
1654 2242 1722 2279 est
1747 2232 1801 2276 ab
1828 2230 1936 2287 alio,
1963 2230 2062 2276 sine
2093 2243 2186 2291 quo

225 2297 477 2341 incarnatio
504 2312 598 2342 non
624 2298 849 2344 sufficeret
876 2301 930 2344 ad
958 2301 1187 2346 rationem
1214 2301 1458 2347 missionis.
1859 2319 1863 2323 ’

934 2487 1370 2545 ARTICULUS
1408 2487 1507 2543 VI.
1920 2464 1922 2466 ’
2104 2508 2190 2554 224

421 2635 611 2674 UTRUM
644 2636 842 2675 PLURES
877 2640 1151 2679 PERsoNAE
1186 2640 1414 2681 mvaE
1454 2640 1684 2680 Possm‘r
1717 2637 2002 2695 Assume

676 2719 829 2758 UNAM
869 2722 1095 2761 NUMERo
1137 2723 1404 2762 NATURAM
1446 2722 1739 2763 HUMANAM.
2035 2712 2037 2715 ’

931 2847 983 2906 (3.
1007 2849 1119 2893 Dist.
1138 2865 1173 2894 I.
1191 2865 1228 2908 q.
1246 2864 1285 2894 2.
1306 2856 1388 2895 art.
1405 2851 1485 2909 4.).

318 2964 394 3008 An
412 2977 604 3009 sex-rum
631 2964 695 3009 sic
723 2965 994 3023 proceditur.
1023 2967 1225 3023 Videtur,
1245 2970 1366 3028 quod
1394 2969 1510 3014 duae
1526 2981 1748 3028 personae
1771 2965 1952 3012 divinae
1967 2978 2063 3012 non
2084 2977 2187 3026 pos-

227 3032 317 3075 sint
351 3046 582 3076 assumere
618 3046 755 3075 unam
784 3043 827 3075 et
854 3034 1062 3077 eamdem
1091 3051 1283 3080 numero
1306 3048 1537 3081 naturam:
1565 3036 1656 3079 hoc
1684 3034 1808 3080 enim
1833 3033 2086 3094 supposito,
2109 3042 2188 3079 aut

228 3110 378 3143 essent
406 3114 522 3144 unus
548 3099 709 3152 homo,
735 3099 809 3142 vel
836 3099 1006 3157 plures:
1036 3103 1112 3145 sed
1140 3118 1232 3147 non
1260 3104 1431 3163 plures:
1460 3105 1575 3149 sicut
1597 3105 1721 3147 enim
1742 3115 1832 3146 una
1854 3111 2015 3146 natura
2033 3098 2188 3154 divitia⁴

226 3166 270 3208 in
300 3166 507 3223 personis
541 3166 741 3228 pluribus
774 3180 866 3209 non
901 3168 1070 3224 patitur
1104 3184 1200 3214 esse
1234 3171 1385 3230 plures
1416 3172 1567 3225 Deos;
1593 3170 1655 3214 ita
1681 3184 1772 3214 una
1791 3178 1955 3214 natura
1979 3168 2186 3221 humana

227 3233 272 3275 in
301 3232 501 3291 pluribus
534 3233 740 3291 personis
773 3247 865 3276 non
900 3235 1063 3291 patitur
1097 3251 1194 3281 esse
1227 3238 1377 3296 plures
1408 3238 1644 3283 homines:
1683 3235 1892 3281 similiter
1923 3235 2062 3282 etiam
2092 3249 2188 3280 non

225 3311 408 3358 possent
435 3314 532 3344 esse
566 3315 681 3344 unus
708 3300 877 3343 homo:
912 3301 1016 3358 quia
1050 3317 1162 3346 unus
1197 3305 1341 3349 horno
1371 3316 1438 3350 est
1474 3306 1557 3350 iste
1591 3305 1752 3358 homo,
1791 3303 1870 3364 qui
1906 3303 2190 3351 demonstrat

228 3381 366 3410 unam
394 3382 664 3426 personam:
698 3378 742 3412 et
773 3367 837 3411 sic
870 3366 1106 3411 tolleretur
1138 3371 1366 3417 distinctio
1405 3373 1544 3417 trium
1581 3385 1880 3433 personarum
1906 3370 2186 3418 divinarum:

228 3434 349 3492 quod
383 3444 449 3478 est
481 3435 833 3490 inconveniens;
862 3448 954 3478 non
989 3450 1098 3493 ergo
1127 3438 1256 3492 duae,
1285 3450 1361 3484 aut
1385 3450 1476 3485 tres
1507 3453 1731 3500 personae
1764 3446 1956 3497 possunt
1979 3436 2188 3533 &cipere

226 3515 363 3545 unam
391 3512 598 3546 naturam
627 3503 888 3547 humanam.
