2352 3926
532 256 534 259 >
565 231 844 280 QUAESTIO
884 231 1071 271 XXXVI.
1112 228 1420 271 ARTICULUS
1458 228 1552 268 vn.
1939 226 2040 282 313

90 345 263 399 parent,
293 350 378 381 nec
405 348 588 380 cursum
613 347 749 379 suum
774 333 1036 378 ordinatum
1071 342 1270 378 mutant:
1298 341 1343 377 et
1367 341 1522 376 tamen
1549 343 1643 375 non
1670 327 1862 374 omnino
1896 327 2049 371 aberat

90 403 362 464 significatio
381 412 688 448 cometarum:
713 401 819 460 quia
836 401 1035 445 coeleste
1053 414 1247 458 regnum
1273 399 1446 444 Christi
1477 398 1740 452 comminuit,
1771 402 1811 442 et
1841 396 2049 442 consumit

90 473 286 518 mtiversa
309 484 443 530 regna
468 476 614 524 terrae,
641 474 680 515 et
709 470 844 528 ipsum
868 469 995 512 stabit
1025 469 1069 510 in
1101 473 1328 521 aeternum,
1357 476 1404 510 ut
1431 466 1594 510 dicitur
1619 465 1737 509 Dan.
1765 476 1806 510 2.

723 623 1156 682 ARTICULUS
1190 623 1345 678 VIII.
1967 646 2048 692 203

94 762 287 801 UTRUM
321 762 455 800 MAGI
482 761 906 801 CONVENIENTER
946 760 1020 797 AD
1063 759 1344 798 CHRISTUM
1377 757 1728 797 ADORANDUM
1757 755 2051 796 VENERINT.

186 872 261 917 AD
303 884 539 917 OCTAVUM
577 871 640 915 sic
683 871 955 930 proceditur.
988 869 1193 923 Videtur,
1220 869 1342 928 quod
1369 869 1494 927 Magi
1519 883 1612 912 non
1641 868 1965 913 convenienter
1997 867 2052 912 ad

94 937 331 983 Christum
363 938 645 982 adorandum
677 937 904 981 venerint:
933 937 1176 995 unicuique
1211 936 1333 980 enim
1365 935 1483 994 Regi
1523 935 1775 980 reverentia
1816 935 2002 979 debetur
2029 948 2054 978 a

93 1006 187 1051 suis
212 1005 451 1063 subjectis:
478 1005 604 1063 Magi
631 1015 781 1048 autem
809 1019 903 1047 non
930 1013 1058 1048 erant
1079 1004 1134 1047 de
1160 1017 1303 1062 regno
1316 1002 1617 1060 Judaeorum3
1644 1017 1753 1061 ergo
1781 1017 1887 1046 cum
1914 1016 1969 1046 ex
1994 1001 2056 1044 vi-

91 1072 223 1124 sione
248 1071 405 1117 stellae
423 1082 736 1131 cognoverunt
752 1082 910 1115 natum
929 1085 1026 1116 esse
1053 1071 1229 1130 Regem
1249 1070 1542 1129 Judaeorum‚
1560 1070 1736 1114 videtur
1757 1069 1879 1129 quod
1897 1069 2055 1113 incon·

90 1140 325 1189 venienter
348 1140 555 1184 venerint
579 1140 634 1183 ad
662 1154 768 1184 eum
800 1139 1098 1183 adorandum.

182 1220 223 1252 2.
255 1207 551 1253 PRAETEREA.
580 1206 780 1251 Stultum
805 1216 886 1260 est,
898 1208 1079 1252 vivente
1096 1220 1203 1265 rege
1227 1205 1395 1265 aliquo,
1419 1215 1685 1250 extraneum
1703 1218 1861 1263 regem
1889 1217 2058 1247 annun-

91 1275 227 1322 tiare:
260 1275 341 1321 sed
372 1276 419 1319 in
451 1289 594 1334 regno
615 1274 814 1333 Judaeae
850 1274 1070 1332 regnabat
1107 1273 1336 1328 Herodes;
1370 1287 1480 1333 ergo
1514 1272 1648 1318 stulte
1680 1271 1886 1317 fecerunt
1916 1270 2056 1330 Magi,

94 1342 275 1388 alterius
301 1342 419 1401 regis
445 1342 732 1387 nativitatem
764 1341 1098 1386 annuntiantes.

187 1424 226 1470 3.
252 1410 551 1456 PRAETEREA.
584 1409 767 1455 Certius
795 1420 863 1455 est
885 1409 1083 1454 coeleste
1109 1408 1346 1464 indicium,
1368 1423 1507 1469 quam
1533 1408 1755 1454 indicium
1776 1408 2057 1452 humanum:

95 1476 175 1522 sed
199 1477 327 1537 Magi
366 1478 533 1522 ducatu
566 1477 778 1522 coelestis
818 1476 974 1521 indicii
1017 1477 1070 1520 ab
1100 1476 1293 1522 Oriente
1318 1485 1538 1521 venerant
1569 1476 1616 1520 in
1642 1476 1888 1534 Judaeam:
1923 1473 2058 1520 stulte

96 1558 208 1604 ergo
235 1555 439 1603 egerunt,
465 1555 643 1604 praeter
668 1544 885 1589 ducatum
911 1543 1070 1589 stellae
1095 1544 1352 1588 humanum
1378 1544 1599 1589 indicium
1615 1543 1889 1603 requirendo
1913 1542 2061 1587 dicen·

95 1621 187 1657 tes:
221 1612 306 1657 Ubi
333 1618 403 1667 est,
435 1614 507 1671 qui
530 1618 651 1656 natus
670 1618 726 1656 est
757 1613 844 1657 Rex
862 1611 1119 1668 judaeorum
1138 1613 1159 1656 Ρ
1187 1612 1357 1666 (Matth.
1384 1612 1462 1670 2.).

186 1691 228 1734 4.
261 1679 558 1725 PRAETEREA.
591 1679 833 1723 Munerum
861 1678 1049 1732 oblatio,
1083 1689 1127 1723 et
1159 1678 1438 1723 adorationis
1473 1678 1728 1723 reverentia
1752 1693 1847 1723 non
1874 1678 2062 1723 debetur

97 1746 184 1790 nisi
210 1746 391 1805 regibus
422 1748 516 1805 jam
547 1746 866 1805 regnantibus:
902 1746 979 1790 sed
1012 1746 1138 1804 Magi
1169 1759 1263 1789 non
1290 1746 1561 1790 invenerunt
1587 1745 1824 1790 Christum
1849 1746 1974 1803 regia
2002 1745 2063 1790 di-

98 1813 268 1872 gnitate
293 1813 568 1872 fulgentem3
596 1827 706 1872 ergo
739 1813 1113 1858 inconvenienter
1145 1814 1187 1857 ei
1219 1827 1424 1867 munera,
1464 1823 1508 1857 et
1544 1814 1844 1858 reverentiam
1886 1813 2062 1871 regiam

96 1880 407 1926 exhibuerunt.

189 1948 284 1993 SED
312 1961 508 1993 CONTRA
542 1958 622 2002 est,
660 1948 781 2007 quod
809 1948 972 1992 dicitur
997 1947 1081 1994 Isa.
1116 1947 1211 1994 60.:
1244 1949 1535 1994 Ambulabunt
1564 1955 1695 2007 gentes
1725 1951 1769 1993 in
1796 1949 1950 1993 lumine
1976 1954 2059 2002 tu0,

98 2022 136 2062 et
159 2029 269 2074 reges
292 2017 337 2059 in
365 2015 574 2075 splendore
606 2022 718 2060 ortus
751 2018 843 2061 tui:
871 2016 950 2060 sed
984 2017 1057 2075 qui
1092 2016 1245 2060 divino
1279 2015 1452 2060 lumine
1485 2016 1725 2070 ducuntur,
1756 2030 1851 2060 non
1888 2024 2062 2070 errant3

93 2096 211 2142 ,ergo
233 2082 357 2141 Magi
387 2082 554 2142 absque
581 2097 733 2126 errore
761 2082 948 2127 Christo
976 2082 1280 2128 reverentiam
1308 2084 1621 2128 exhibuerunt.

188 2149 476 2195 RESPONDEO
503 2150 761 2204 dicendum,
788 2150 925 2209 quod,
951 2151 1069 2195 sicut
1094 2151 1266 2196 dictum
1292 2161 1361 2195 est
1387 2152 1489 2209 (art.
1515 2167 1548 2209 3.
1576 2152 1663 2210 huj.
1692 2167 1729 2210 q.
1759 2151 1811 2196 ad
1836 2153 1911 2211 1.)‚
1938 2151 2065 2210 Magi

99 2226 205 2262 sunt
227 2217 452 2275 primitiae
475 2219 679 2276 gentium
705 2217 752 2260 in
781 2218 1015 2262 Christum
1043 2218 1350 2273 credentium;
1368 2219 1412 2262 in
1436 2219 1597 2278 quibus
1625 2218 1845 2278 apparuit,
1873 2218 1990 2263 sicut
2019 2217 2066 2261 in

101 2283 303 2343 quodam
327 2284 582 2343 praesagio,
608 2284 734 2338 fides,
762 2294 807 2329 et
832 2285 1016 2330 devotio
1044 2286 1249 2344 gentium
1275 2286 1559 2330 venientium
1587 2301 1612 2329 a
1638 2286 1826 2330 remotis
1853 2285 1909 2329 ad
1937 2284 2068 2330 Chri-

102 2361 246 2405 stum3
269 2361 312 2395 et
337 2351 442 2396 ideo
468 2351 586 2396 sicut
610 2351 810 2406 devotio,
839 2362 884 2396 et
909 2352 1020 2398 fides
1062 2353 1268 2412 gentium
1301 2363 1368 2398 est
1401 2353 1570 2413 absque
1598 2367 1751 2398 errore
1777 2367 1857 2413 per
1882 2352 2069 2412 inspira-

103 2417 277 2463 tionem
315 2418 508 2478 Spiritus
546 2419 726 2463 Sancti:
758 2419 820 2463 ita
853 2420 992 2464 etiam
1025 2420 1303 2465 credendum
1336 2430 1417 2475 est,
1443 2421 1607 2480 Magos
1640 2435 1666 2465 a
1693 2421 1862 2480 Spiritu
1895 2420 2067 2465 Sancto

103 2484 342 2544 inspiratos
367 2486 594 2545 sapienter
621 2486 808 2531 Christo
842 2487 1145 2532 reverentiam
1171 2488 1441 2539 exhibuisse.

193 2553 270 2598 An
295 2566 484 2598 PRIMUM
516 2567 626 2612 ergo
660 2554 917 2609 dicendum,
945 2555 1068 2614 quod
1100 2554 1217 2599 sicut
1242 2555 1435 2614 August.
1460 2555 1570 2599 dicit
1594 2555 1641 2599 in
1669 2554 1817 2600 Serm.
1844 2554 2068 2614 Epiphan.

105 2619 200 2679 (qui
222 2620 375 2665 scilicet
399 2626 455 2666 est
471 2635 538 2680 30.
561 2621 607 2666 de
637 2621 778 2681 Temp.
811 2628 906 2666 ante
926 2622 1031 2667 med.
1054 2629 1093 2668 et
1111 2638 1234 2668 serm.
1257 2624 1354 2682 35),
1385 2639 1409 2664 (ε
1436 2637 1542 2667 cum
1570 2622 1702 2667 multi
1727 2637 1858 2682 reges
1878 2622 2071 2681 Judaeo-

105 2700 207 2731 rum
237 2688 332 2731 nati
362 2686 564 2742 fuissent,
598 2697 731 2747 atque
758 2687 973 2743 defuncti,
999 2688 1178 2733 nullum
1205 2703 1363 2734 eorum
1398 2689 1525 2749 Magi
1551 2690 1836 2734 adorandum
1868 2688 2070 2749 quaesie-

106 2764 231 2799 runt:
249 2768 343 2799 non
368 2755 519 2814 itaque
529 2755 925 2814 regiJudaeorum‚
948 2756 1104 2816 quales
1130 2756 1222 2800 illic
1237 2771 1335 2802 esse
1354 2756 1575 2811 solebant,
1592 2758 1716 2802 hunc
1732 2767 1829 2802 tam
1846 2770 2069 2816 magnum

107 2819 335 2866 honorem
361 2821 615 2881 longinqui,
643 2821 940 2882 alienigenae,
972 2833 1017 2868 et
1054 2823 1107 2867 ab
1135 2825 1301 2868 eodem
1334 2838 1477 2883 regno
1509 2838 1692 2884 prorsus
1726 2824 1996 2880 extranei‚,a
2022 2837 2070 2867 se

109 2886 260 2932 deberi
298 2888 651 2933 arbitrabantur:
682 2890 761 2933 sed
793 2889 933 2934 talem
964 2900 1123 2934 natum
1151 2905 1249 2935 esse
1277 2891 1545 2946 didicerunt,
1571 2893 1615 2935 in
1643 2905 1734 2950 quo
1762 2890 1996 2935 adorando
2023 2903 2071 2934 se

110 2953 317 3009 salutem,
340 2969 455 3015 quae
482 2955 733 3000 secundum
760 2957 913 3000 Deum
940 2967 1020 3011 est,
1044 2967 1371 3002 consecuturos
1398 2958 1588 3003 minime
1616 2958 1871 3002 dubitarent
1895 2974 1936 3001 ».

199 3021 275 3066 AD
302 3035 563 3068 SECUNDUM
589 3023 849 3078 dicendum,
868 3024 990 3083 quod
1017 3039 1096 3083 per
1120 3024 1249 3068 illam
1267 3025 1662 3069 annuntiationem
1679 3025 1924 3083 Magorum
1951 3037 2075 3082 prae-

113 3087 371 3148 signabatur
403 3091 659 3134 constantia
699 3092 905 3150 gentium
949 3091 1186 3136 Christum
1228 3107 1371 3151 usque
1414 3092 1469 3136 ad
1502 3102 1700 3137 mortem
1734 3091 2072 3144 confitentium;

0 3137 4 3149 Γ
36 3171 48 3183 ·
113 3150 233 3199 unde
254 3155 492 3215 Chrysost.
520 3157 628 3201 dicit
648 3172 782 3217 super
803 3158 964 3203 Matth.
987 3159 1116 3216 (hom.
1140 3174 1179 3204 2.
1198 3161 1241 3203 in
1258 3167 1323 3218 op.
1346 3160 1513 3219 imperf.
1534 3167 1692 3218 parum
1720 3173 1745 3202 a
1759 3158 1897 3216 princ.
1898 3157 1939 3214 ),
1951 3156 2073 3216 quod

118 3235 142 3262 α
169 3221 275 3266 dum
301 3223 648 3269 considerabant
663 3238 819 3284 regem
835 3224 1050 3279 futurum,
1077 3239 1171 3269 non
1188 3226 1411 3270 timebant
1426 3240 1583 3284 regem
1596 3234 1906 3284 praesentem;
1925 3223 2073 3267 adhuc

115 3299 210 3332 non
233 3288 439 3333 viderant
464 3289 716 3345 Christum,
743 3302 787 3336 et
811 3292 904 3350 jam
930 3292 1072 3351 parati
1099 3302 1226 3336 erant
1257 3306 1339 3352 pro
1358 3307 1415 3337 eo
1448 3292 1567 3336 mori
1593 3308 1632 3336 ».

162 3390 175 3406 ,
206 3354 283 3400 AD
310 3368 525 3402 TERTIUM
553 3357 811 3413 dicendum,
843 3360 980 3418 quod,
1007 3359 1123 3403 sicut
1154 3360 1347 3418 August.
1375 3359 1483 3403 dicit
1522 3359 1567 3402 in
1610 3358 1755 3402 Serm.
1789 3357 1949 3417 Epiph.
1984 3356 2077 3416 (qui

117 3427 174 3467 cst
193 3436 259 3481 30.
286 3422 332 3468 de
372 3424 512 3484 Temp.
551 3439 577 3468 a
617 3425 758 3483 med),
805 3442 829 3467 «
856 3426 1000 3480 stella,
1028 3441 1144 3486 quae
1172 3426 1335 3485 Magos
1362 3425 1568 3485 perduxit
1601 3425 1655 3468 ad
1682 3424 1853 3478 locum,
1878 3424 1953 3468 ubi
1981 3434 2077 3469 erat

119 3501 224 3533 cum
255 3499 399 3535 matre
424 3490 613 3549 Virgine
639 3491 764 3535 Deus
792 3491 954 3546 infans,
997 3503 1174 3551 poterat
1207 3507 1286 3537 eos
1321 3493 1375 3536 ad
1402 3493 1548 3551 ipsam
1574 3491 1821 3550 perducere
1845 3491 2075 3536 civitatem

120 3553 407 3611 Bethlehem,
434 3558 478 3600 in
510 3565 599 3616 qua
624 3567 755 3602 natus
782 3569 850 3602 est
876 3558 1108 3604 Christus:
1136 3560 1215 3604 sed
1248 3569 1401 3603 tamen
1434 3558 1650 3602 subtraxit
1676 3572 1738 3610 se,
1765 3557 1909 3602 donec
1938 3558 1992 3602 de
2020 3558 2077 3601 ci·

119 3619 273 3676 vitate,
290 3622 337 3666 in
354 3637 443 3682 qua
467 3623 676 3668 Christus
702 3634 976 3680 nasceretur,
994 3626 1130 3670 etiam
1144 3625 1301 3684 Judaei
1324 3624 1637 3670 testimonium
1659 3624 1948 3682 perhiberent
1962 3639 2009 3670 »ε
2029 3635 2078 3670 ut
