2352 3926
543 207 824 255 QUAEs'rlo
866 207 1048 247 Lxxvl.
1090 206 1400 248 ARTICULUS
1438 207 1533 246 vn.
1915 195 2020 264 677

0 337 27 363 scr>

743 407 1178 466 ARTICULUS
1212 407 1339 463 vn.
1678 382 1680 385 ’
1813 430 1821 439 -
1934 433 2023 479 454

154 543 347 582 UTRUM
387 514 596 583 CORPUS
640 544 876 595 CHRISTI,
918 543 1103 583 PROUT
1146 544 1246 582 EST
1289 544 1344 583 IN
1385 542 1503 581 HOC
1543 542 1929 594 SACRAMENTO,

223 626 413 664 possi—T
439 626 625 665 VIDERI
658 626 724 663 AB
750 626 962 672 ALIQUO
994 626 1183 663 OCULO
1219 626 1431 662 SALTEM
1468 624 1861 663 GLORIFICATO.

0 439 39 496 ἰ

0 571 30 700 Ξ·

0 694 17 726 ‘a

156 734 286 793 (Insr.
313 741 396 780 art.
423 735 463 780 8.
491 742 604 795 corp.
626 740 663 779 et
686 748 729 792 4.
755 735 867 779 Dist.
894 749 959 779 10.
986 740 1067 779 art.
1088 749 1123 779 1.
1147 749 1185 792 q.
1213 748 1250 778 2.
1280 733 1335 777 ad
1357 749 1389 791 3.
1416 739 1452 778 et
1477 740 1558 778 art.
1586 747 1627 790 4.
1650 748 1690 792 q.
1718 750 1751 779 r.
1772 742 1851 794 per
1877 739 1936 779 tot

3 804 7 809 '
497 808 533 847 et
557 818 595 862 q.
627 816 669 859 4.
703 801 757 846 ad
781 816 822 847 2.
849 802 951 846 etin
977 809 1114 860 expos.
1142 801 1218 844 litt.
1245 801 1298 845 ad
1320 817 1355 846 1.
1382 815 1421 846 2.
1448 807 1485 846 et
1509 800 1589 858 4.).

0 968 8 973 v.
148 911 225 957 AD
251 924 494 958 SEPTIMUM
521 913 584 957 sic
609 912 882 971 proceditur.
916 912 1120 966 Videtur,
1147 912 1270 970 quod
1304 925 1468 970 corpus
1498 911 1683 965 Christi,
1710 920 1844 969 prout
1870 920 1938 956 est
1968 912 2014 956 in

58 977 150 1024 hoc
176 990 481 1035 sacramento,
517 979 660 1038 possit
699 979 843 1023 videri
880 979 933 1022 ab
972 979 1125 1037 aliquo
1168 978 1305 1022 oculo
1342 978 1504 1022 saltem
1542 977 1823 1036 glorificato:
1857 977 2018 1023 oculus

0 1050 24 1105 ζ
58 1045 182 1091 enim
198 1055 354 1091 noster
371 1046 615 1106 impeditur
633 1061 658 1090 a
674 1046 850 1090 visione
878 1047 1085 1106 corporis
1102 1045 1274 1090 Christi
1291 1046 1336 1088 in
1359 1045 1450 1090 hoc
1469 1055 1756 1090 sacramento
1775 1045 2019 1099 existentis,

0 1106 14 1182 {j
57 1122 242 1173 propter
266 1113 442 1172 species
468 1113 823 1158 sacramentales
839 1114 991 1172 ipsum
1017 1112 1419 1158 circumvelantes:
1448 1113 1526 1157 sed
1555 1113 1715 1157 oculus
1742 1112 2021 1172 glorificatus

0 1175 16 1221 ἕ
54 1188 151 1225 non
177 1189 329 1240 potest
355 1180 410 1224 ab
440 1180 595 1239 aliquo
628 1181 850 1240 impediri,
884 1182 990 1240 quin
1033 1195 1228 1240 corpora
1264 1179 1492 1240 quaelibet
1526 1180 1691 1234 videat,
1730 1190 1864 1239 prout
1890 1190 2017 1234 sunt3

0 1222 13 1309 ξ
56 1257 167 1306 ergo
193 1246 355 1292 oculus
388 1246 668 1306 glorificatus
706 1257 857 1308 potest
890 1247 1043 1292 videre
1080 1262 1244 1306 corpus
1279 1247 1464 1302 Christi,
1498 1256 1631 1306 prout
1657 1257 1724 1291 est
1754 1247 1800 1291 in
1832 1247 1922 1291 hoc
1949 1261 2021 1291 sa·

59 1324 312 1359 eramento.

149 1394 190 1426 2.
209 1380 506 1426 PRAETEREA.
533 1382 744 1440 Corpora
762 1382 966 1442 gloriosa
992 1392 1255 1426 sanctorum
1278 1391 1409 1426 erunt
1425 1381 1708 1440 configurata
1731 1381 1913 1440 corpori
1936 1381 2023 1425 cla-

53 1447 195 1493 ritatis
219 1448 406 1503 Christi,
433 1459 482 1494 ut
509 1450 671 1494 dicitur
695 1449 811 1494 Phil.
841 1464 904 1508 3.:
934 1450 1012 1494 sed
1031 1449 1192 1494 oculus
1217 1449 1388 1493 Christi
1409 1449 1532 1493 videt
1553 1449 1769 1508 seipsum,
1791 1458 1926 1507 prout
1951 1459 2018 1493 est

53 1514 102 1559 in
125 1515 217 1560 hoc
243 1526 556 1572 sacrament03
585 1514 695 1576 ergo
722 1517 821 1576 pari
842 1518 1017 1562 ratione
1037 1517 1223 1576 quilibet
1245 1516 1358 1561 alius
1385 1516 1546 1560 oculus
1569 1515 1847 1575 glorificatus
1864 1525 2015 1575 potest

52 1582 204 1643 ipsum
240 1583 408 1628 videre.

146 1663 184 1709 3.
211 1649 508 1696 PRAETEREA.
539 1651 698 1696 Sancti
723 1651 770 1695 in
797 1653 1126 1696 resurrectione
1154 1660 1284 1695 erunt
1310 1649 1523 1709 aequales
1550 1649 1738 1708 angelis,
1771 1659 1820 1693 ut
1851 1648 2015 1693 dicitur

0 1727 9 1737 ⁶
54 1714 164 1762 Luc.
191 1728 287 1762 20.:
321 1718 401 1762 sed
435 1717 587 1777 angeli
622 1718 778 1762 vident
814 1732 978 1777 corpus
1007 1718 1194 1771 Christi,
1230 1727 1366 1776 prout
1397 1726 1465 1761 est
1498 1717 1544 1760 in
1579 1716 1669 1760 hoc
1711 1725 2018 1770 sacramento,

0 1777 4 1811 J
53 1781 161 1842 quia
186 1783 325 1828 etiarn
351 1783 599 1829 daemones
626 1784 918 1829 inveniuntur
943 1785 1050 1829 huic
1078 1794 1366 1828 sacramento
1393 1783 1695 1827 reverentiam
1721 1782 1946 1837 exhibere,
1973 1791 2018 1827 et
2079 1830 2092 1843 ο

0 1866 4 1906 j
52 1849 203 1911 ipsum
227 1851 411 1906 timere3
438 1866 547 1910 ergo
574 1852 672 1910 pari
698 1852 874 1896 ratione
902 1851 1063 1896 oculus
1090 1851 1369 1911 glorificatus
1403 1860 1553 1910 potest
1585 1849 1821 1894 Christum
1847 1850 2015 1904 videre,

0 1916 12 1975 Ξ
54 1927 192 1978 prout
211 1928 280 1963 est
300 1918 347 1962 in
372 1918 464 1963 hoc
491 1929 797 1964 sacramento.
887 1930 891 1933 ·

144 1984 240 2030 SED
258 1998 467 2031 CONTRA.
485 1985 615 2030 Nihil
631 1986 754 2030 idem
782 1988 977 2030 existens
1002 1994 1152 2044 potest
1168 1984 1306 2030 simul
1328 1985 1381 2028 ab
1402 1984 1566 2029 eodem
1588 1983 1732 2029 videri
1755 1984 1802 2028 in
1829 1983 2017 2029 diversis

54 2050 315 2110 speciebus:
343 2052 422 2096 sed
454 2052 615 2097 oculus
648 2052 927 2111 glorificatus
953 2067 1135 2112 semper
1159 2052 1282 2097 videt
1309 2052 1560 2106 Christum,
1593 2061 1727 2110 prout
1758 2062 1826 2095 est
1856 2051 1902 2095 in
1935 2065 2015 2096 sua

5 2176 8 2179 ι
56 2117 225 2177 specie,
250 2119 503 2163 secundum
527 2118 638 2162 illud
666 2120 750 2163 Isa.
783 2134 873 2178 33.:
902 2121 1050 2177 Regem
1082 2121 1127 2163 in
1159 2119 1303 2164 decore
1332 2134 1405 2163 suo
1437 2119 1799 2177 videbuntpergo
1825 2118 2018 2173 videtur,

53 2184 177 2244 quod
207 2199 302 2230 non
326 2186 477 2231 videat
503 2186 753 2240 Christum,
779 2197 914 2246 prout
945 2197 1013 2231 est
1044 2187 1124 2230 sub
1152 2187 1301 2246 specie
1327 2187 1460 2244 hujus
1487 2187 1772 2231 sacramenti.

141 2250 430 2298 RESPONDEO
457 2252 716 2307 dicendum,
741 2254 862 2312 quod
889 2253 1038 2313 duplex
1064 2263 1132 2297 est
1157 2252 1338 2298 oculus:
1372 2253 1546 2298 scilicet
1577 2254 1808 2312 corporalis
1833 2253 2013 2313 proprie

51 2316 213 2373 dictus,
240 2328 285 2363 et
315 2320 612 2374 intellectualis,
647 2320 724 2379 qui
755 2335 836 2379 per
871 2320 1216 2365 similitudinem
1250 2321 1425 2366 dicitur.
1456 2321 1499 2364 A
1529 2319 1657 2364 nullo
1691 2329 1844 2364 autem
1877 2319 2014 2364 oculo

53 2384 284 2445 corporali
310 2399 475 2444 corpus
504 2386 675 2431 Christi
701 2397 851 2446 potest
886 2387 1043 2441 videri,
1082 2397 1216 2446 prout
1242 2397 1310 2431 est
1334 2387 1381 2430 in
1408 2387 1498 2431 hoc
1527 2396 1839 2432 sacramento:
1869 2389 2015 2447 primo

0 2437 31 2508 Ξ
52 2450 252 2513 quidem,
278 2453 383 2512 quia
410 2467 576 2512 corpus
598 2453 771 2498 visibile
795 2467 875 2513 per
900 2468 982 2497 sua
1005 2454 1258 2498 accidentia
1279 2454 1493 2499 immutat
1519 2454 1743 2509 medium3
1763 2454 2016 2499 accidentia

0 2506 21 2576 Ξ
53 2528 204 2564 autem
232 2521 437 2580 corporis
465 2520 637 2565 Christi
662 2531 766 2565 sunt
791 2521 837 2564 in
864 2521 954 2565 hoc
982 2532 1272 2565 sacramento
1296 2522 1526 2566 mediante
1552 2522 1824 2576 substantia;
1847 2522 1908 2566 ita
1935 2521 2018 2565 sci-

49 2584 161 2631 licet
183 2587 305 2646 quod
333 2587 584 2631 accidentia
612 2590 815 2647 corporis
844 2587 1016 2632 Christi
1041 2602 1135 2632 non
1161 2588 1332 2633 habent
1356 2589 1673 2633 immediatam
1699 2588 2013 2633 habitudinem

0 2592 30 2720 ἒ
52 2666 202 2713 neque
230 2653 286 2697 ad
311 2653 402 2698 hoc
429 2664 782 2709 sacramentum,
808 2669 958 2714 neque
987 2655 1043 2699 ad
1072 2669 1281 2714 corpora,
1309 2670 1424 2715 quae
1452 2657 1601 2715 ipsum
1629 2656 1938 2709 circumstant,
1972 2665 2016 2699 et

52 2718 158 2765 ideo
183 2734 279 2764 non
303 2730 494 2780 possunt
518 2721 762 2766 immutare
791 2722 1011 2776 medium,
1034 2732 1083 2766 ut
1103 2723 1167 2766 sic
1196 2723 1248 2766 ab
1277 2722 1430 2783 aliquo
1458 2722 1686 2782 corporali
1712 2722 1849 2766 oculo
1872 2722 2017 2766 videri

17 2800 20 2804 ’
54 2787 249 2847 possint:
274 2787 463 2840 secundo,
501 2788 622 2847 quia,
662 2789 780 2833 sicut
815 2803 951 2848 supra
985 2790 1156 2833 dictum
1195 2799 1261 2834 est
1289 2790 1392 2846 (art.
1418 2806 1452 2835 r.
1481 2791 1567 2849 huj.
1600 2805 1637 2848 q.
1672 2790 1726 2834 ad
1746 2789 1822 2848 3),
1850 2802 2015 2847 corpus

57 2853 230 2900 Christi
256 2865 324 2899 est
347 2854 394 2899 in
419 2855 510 2899 hoc
537 2865 825 2900 sacramento
852 2870 932 2915 per
958 2857 1150 2900 modum
1169 2857 1457 2901 substantiae.
1479 2857 1740 2901 Substantia
1767 2865 1933 2908 autem,
1951 2855 2014 2899 in-

18 2937 24 2942 ··
54 2930 275 2981 quantum
301 2921 583 2981 hujusmodi,
605 2936 700 2966 non
727 2932 795 2966 est
819 2922 1009 2967 visibilis
1032 2923 1170 2968 oculo
1194 2923 1442 2983 corporali3
1478 2937 1625 2982 neque
1648 2923 1848 2980 subjacet
1881 2922 2017 2966 alicui

11 2986 28 3052 ξ
53 2987 219 3043 sensui,
245 2988 323 3033 sed
349 3002 434 3033 nec
462 2989 600 3032 etiam
627 2988 960 3047 imaginationi,
993 2991 1072 3035 sed
1104 2990 1191 3035 soli
1223 2991 1487 3044 intellectui,
1516 2990 1642 3048 cujus
1681 2990 1910 3046 obiectum
1948 2998 2017 3034 est

0 3038 21 3137 ξ»-
57 3054 215 3114 «quod
233 3055 340 3114 quid
361 3065 541 3110 est»‚ut
563 3055 726 3100 dicitur
746 3056 790 3099 in
815 3070 852 3115 3.
867 3057 921 3100 de
934 3057 1104 3101 Anima
1124 3058 1222 3114 (tex.
1240 3059 1310 3103 26.
1310 3058 1348 3116 ).
1368 3058 1423 3102 Et
1441 3057 1750 3115 ide0,proprie
1768 3056 2016 3115 loquendo,

0 3132 25 3208 ξ’
55 3134 220 3181 corpus
246 3122 418 3166 Christi
446 3123 699 3167 secundum
726 3123 918 3167 modum
944 3124 1136 3179 essendi,
1170 3139 1308 3184 quem
1333 3125 1468 3169 habet
1505 3126 1549 3168 in
1586 3124 1676 3167 hoc
1710 3133 2014 3178 sacramento,

0 3191 25 3246 ξ,
54 3200 203 3247 neque
239 3201 389 3242 sensu,
415 3202 563 3248 neque
596 3189 924 3247 imaginatione
950 3191 1242 3251 perceptibile
1261 3201 1342 3246 est,
1360 3191 1438 3236 sed
1465 3190 1566 3234 solo
1579 3189 1825 3244 intellectu,
1851 3190 1929 3249 qui
1954 3190 2017 3234 di-

0 3237 22 3322 ξ
57 3253 173 3299 citur
196 3254 356 3300 oculus
382 3255 637 3314 spiritualis.
664 3256 918 3315 Percipitur
934 3267 1084 3302 autem
1109 3258 1411 3302 diversimode
1436 3273 1460 3301 a
1484 3257 1669 3301 diversis
1687 3256 2014 3312 intellectibus;

0 3323 19 3546 ξ
57 3321 162 3380 quia
187 3322 312 3366 enim
349 3323 514 3366 modus
549 3322 739 3375 essendi,
766 3336 857 3382 quo
891 3323 1100 3369 Christus
1128 3336 1195 3370 est
1221 3327 1264 3368 in
1295 3325 1385 3369 hoc
1413 3334 1714 3377 sacramento,
1744 3334 1812 3368 est
1836 3325 2014 3384 penitus

56 3389 422 3447 supernaturalis,
449 3404 476 3433 a
501 3389 831 3448 supernaturali
871 3390 1117 3446 intellectu,
1144 3391 1318 3436 scilicet
1359 3391 1528 3445 divino,
1555 3390 1807 3435 secundum
1842 3403 1890 3435 se
1915 3391 2016 3436 visi-

56 3452 159 3500 bilis
183 3465 266 3511 est,
293 3466 338 3501 et
362 3471 441 3516 per
468 3470 753 3516 consequens
789 3456 843 3501 ab
871 3456 1103 3502 intellectu
1129 3459 1262 3503 beato
1289 3457 1362 3501 vel
1395 3456 1559 3516 angeli,
1595 3456 1669 3501 vel
1694 3457 1911 3511 hominis,
1938 3458 2016 3517 qui

15 3527 24 3561 3
58 3522 312 3567 secundum
335 3523 654 3583 participatam
681 3523 934 3568 claritatem
966 3524 1106 3569 divini
1130 3524 1388 3569 intellectus
1414 3524 1537 3568 videt
1568 3538 1636 3578 ea,
1664 3538 1780 3583 quae
1807 3538 2018 3584 superna·

0 3572 21 3706 ἓ
55 3586 219 3633 turalia
242 3599 347 3635 sunt
371 3604 453 3650 per
475 3590 702 3635 visionem
728 3589 908 3635 divinae
927 3591 1148 3637 essentiae
1163 3606 1172 3636 ε
1188 3591 1241 3635 ab
1270 3590 1502 3636 intellectu
1529 3601 1682 3641 autem
1703 3590 1907 3637 hominis
1927 3592 2018 3638 via-

0 3703 16 3760 ,Ξ

5 3809 11 3817 ι
