2352 3926
231 213 342 269 270
732 185 1013 258 'QUAESTIO
1055 212 1206 251 xxm.
1247 212 1556 252 Anrrcutus
1569 196 1579 200 ’
1594 214 1648 257 ν.

230 315 497 360 animalium
524 320 634 374 (cap.
661 316 724 360 18.
752 321 790 359 et
814 330 879 373 19.
907 321 945 359 et
970 314 1040 359 lib.
1068 329 1107 359 2.
1134 314 1180 359 de
1206 316 1368 361 Partib.
1396 316 1567 361 animal.
1595 323 1685 375 cap.
1707 331 1773 362 10.
1799 331 1826 361 a
1847 316 1991 374 med.)‚·
2020 327 2065 363 et
2084 317 2191 364 ideo

229 383 389 427 dicitur
416 397 599 427 carnem
627 382 680 426 de
706 381 882 440 virgine
917 381 1177 441 sumpsisse,
1205 396 1300 427 non
1326 383 1448 442 quod
1476 385 1666 428 materia
1693 385 1898 443 corporis
1931 386 2027 444 eius
2057 384 2194 431 fuerit

229 459 331 494 actu
359 464 481 503 caro,
509 449 587 493 sed
615 449 813 506 sanguiS,
840 448 917 508 qui
944 458 1011 492 est
1035 449 1241 507 potentia
1267 463 1388 493 caro.

317 517 392 560 AD
421 529 681 561 SECUNDUM
709 514 968 569 dicendum,
995 516 1133 575 quod,
1158 516 1274 560 sicut
1301 517 1347 560 in
1379 531 1415 561 1.
1441 526 1567 576 parte
1596 516 1769 561 dictum
1802 527 1868 562 est
1893 519 1952 577 (q.
1970 509 2042 578 932.
2060 525 2143 566 art.
2159 535 2192 579 3.

228 584 282 628 ad
306 599 344 628 2.
345 584 385 641 ),
414 583 581 636 Adam,
609 583 714 641 quia
731 583 959 627 institutus
982 593 1078 627 erat
1103 594 1151 627 ut
1175 583 1449 643 principium
1476 584 1708 643 quoddam
1734 585 1964 630 humanae
1988 595 2192 641 naturae,

226 651 422 694 habebat
447 650 492 693 in
520 664 603 693 suo
632 664 826 708 corpore
850 650 1018 709 aliquid
1042 651 1204 705 carnis,
1232 661 1276 695 et
1301 652 1430 705 ossis,
1458 651 1580 710 quod
1606 665 1701 696 non
1728 652 1980 711 pertinebat
2005 652 2060 697 ad
2086 653 2196 698 inte-

229 718 437 776 gritatem
455 716 745 776 personalem
770 717 926 775 ipsius,
945 717 1022 761 sed
1050 717 1201 764 solum
1218 718 1489 777 inquantum
1512 729 1608 763 erat
1629 729 1817 763 naturae
1833 719 2064 764 humanae
2081 721 2196 780 prin-

229 785 421 842 cipium:
451 793 495 827 et
520 784 575 827 de
600 783 679 828 tali
707 798 841 839 carne
858 784 1055 829 formata
1082 795 1150 829 est
1171 785 1336 830 mulier
1359 786 1527 844 absque
1552 786 1637 829 viri
1663 786 1961 830 detrimento:
1979 787 2059 831 sed
2081 786 2196 831 nihil

227 852 316 896 tale
343 851 427 895 fuit
450 851 497 895 in
524 865 718 910 corpore
742 852 946 911 virginis,
973 865 1029 897 ex
1054 866 1145 912 quo
1174 866 1338 912 corpus
1373 852 1544 897 Christi
1575 863 1730 911 posset
1754 852 1944 898 formari
1969 854 2068 899 sine
2098 868 2197 900 cor—

228 921 437 977 ruptione
470 920 663 963 materni
695 919 913 977 corporis.

317 986 393 1030 AD
412 999 628 1031 TERTIUM
646 986 907 1040 dicendum,
926 987 1046 1046 quod
1074 1001 1232 1031 semen
1257 986 1488 1031 foeminae
1509 1001 1604 1031 non
1626 997 1694 1032 est
1719 988 2003 1046 generationi
2023 997 2194 1047 aptum,

227 1053 306 1098 sed
335 1062 401 1097 est
427 1053 643 1112 quiddam
668 1053 990 1113 imperfectum
1015 1054 1062 1098 in
1085 1068 1252 1112 genere
1275 1054 1475 1108 seminis,
1497 1055 1620 1113 quod
1647 1069 1742 1098 non
1764 1056 1912 1114 potuit
1926 1055 2114 1114 perduci
2139 1056 2195 1100 ad

228 1120 481 1180 perfectum
518 1121 706 1165 seminis
745 1120 1139 1178 complementum
1177 1131 1361 1180 propter
1396 1121 1792 1180 imperfectionem
1823 1122 1999 1166 virtutis
2032 1121 2194 1167 foemi-

227 1203 362 1233 neae:
391 1198 435 1232 et
461 1188 564 1232 ideo
591 1188 682 1232 tale
705 1202 861 1232 semen
888 1203 983 1232 non
1011 1198 1078 1232 est
1109 1188 1314 1242 materia,
1343 1202 1459 1246 quae
1485 1189 1540 1232 de
1565 1189 1835 1232 necessitate
1861 1189 2115 1248 requiratur
2139 1188 2195 1233 ad

229 1265 519 1313 conceptum,
538 1256 654 1299 sicut
682 1254 852 1299 Philos.
880 1256 989 1298 dicit
1014 1255 1058 1298 in
1078 1255 1152 1298 lib.
1179 1269 1215 1299 1.
1239 1255 1295 1298 de
1324 1255 1490 1299 Gener.
1520 1255 1786 1299 animalium
1809 1256 1922 1316 (cap.
1944 1271 1985 1315 9.
2003 1270 2031 1300 a
2050 1256 2194 1314 med.):

229 1334 273 1367 et
297 1323 438 1366 ideo
427 1338 473 1366 m
502 1323 803 1381 conceptione
823 1323 1028 1380 corporis
1053 1322 1224 1366 Christi
1243 1336 1337 1366 non
1356 1321 1462 1365 fuit:
1491 1323 1759 1380 praesertim
1786 1323 1892 1382 quia
1916 1322 2025 1368 licet
2045 1323 2102 1367 sit
2117 1323 2199 1368 im-

227 1390 515 1449 perfectum
505 1405 553 1433 m
579 1404 745 1448 genere
772 1389 977 1443 seminis,
1003 1399 1158 1433 tamen
1186 1404 1290 1432 cum
1319 1390 1516 1448 quadam
1546 1389 1918 1460 concupiscentia
1942 1389 2198 1444 resolvitur,

227 1458 343 1501 sicut
361 1467 404 1501 et
418 1471 576 1500 semen
600 1457 763 1500 maris:
799 1457 845 1499 in
872 1455 952 1499 illo
981 1465 1134 1500 autem
1155 1466 1379 1514 conceptu
1406 1456 1619 1514 virginali
1647 1442 2018 1516 concupiscentia
2042 1457 2199 1502 locum
2274 1509 2276 1512 .

226 1525 394 1568 habere
420 1538 514 1567 non
540 1524 706 1583 potuit:
728 1533 771 1567 et
797 1524 901 1567 ideo
925 1523 1141 1566 Damasc.
1169 1522 1278 1566 dicit
1304 1523 1397 1580 (lib.
1420 1539 1457 1582 3.
1489 1524 1610 1568 Orth.
1643 1524 1740 1570 Fid.
1767 1531 1857 1584 cap.
1889 1538 1930 1570 2.
1962 1526 2061 1570 circ.
2091 1523 2198 1570 med.

227 1598 265 1636 et
286 1593 357 1636 lib.
377 1605 425 1667 4.
454 1599 544 1649 cap.
567 1605 621 1649 15.
646 1605 672 1635 a
693 1590 836 1647 med),
856 1590 978 1648 quod
1003 1604 1168 1648 corpus
1193 1589 1365 1634 Christi
1385 1605 1480 1634 non
1507 1590 1786 1635 seminaliter
1809 1601 2083 1651 conceptum
2103 1601 2197 1636 εδει

227 1658 411 1716 sanguis
439 1667 593 1702 autern
620 1667 890 1711 menstruus,
910 1672 1049 1715 quem
1074 1656 1305 1702 foeminae
1331 1672 1411 1715 per
1433 1656 1637 1734 singulos
1663 1673 1846 1703 menses
1868 1660 2093 1714 emittunt,
2117 1659 2200 1703 im-

228 1726 470 1784 puritatem
506 1725 753 1783 quamdam
787 1723 1041 1768 naturalem
1075 1725 1212 1769 habet
1243 1725 1572 1789 corruptionis;
1600 1726 1716 1770 sicut
1742 1735 1787 1770 et
1811 1733 2018 1771 caeterae
2042 1740 2202 1786 super-

227 1793 436 1847 fluitates,
465 1793 625 1851 quibus
651 1802 812 1836 natura
837 1805 931 1835 non
953 1791 1140 1850 indiget,
1163 1791 1242 1836 sed
1261 1806 1337 1836 eas
1364 1792 1569 1849 expellit:
1598 1806 1650 1836 ex
1676 1793 1758 1837 tali
1783 1803 1938 1838 autem
1963 1802 2197 1839 menstruo

230 1860 573 1919 corruptionem
601 1859 811 1913 habente,
846 1859 969 1918 quod
1000 1869 1161 1902 natura
1194 1859 1414 1918 repudiat,
1446 1873 1540 1903 non
1571 1859 1793 1903 formatur
1825 1869 2086 1919 conceptuS,
2117 1860 2198 1905 sed

227 1928 317 1971 hoc
347 1937 415 1971 est
441 1936 794 1986 purga-mentum
818 1926 1050 1985 quoddam
1071 1925 1192 1969 illius
1219 1926 1320 1984 puri
1346 1927 1594 1984 sanguinis,
1621 1927 1698 1985 qui
1723 1927 1978 1986 digestione
1999 1927 2197 1987 quadam

229 2005 296 2038 est
320 2005 611 2053 praeparatus
630 1994 684 2037 ad
704 2004 994 2052 conceptum,
1022 1993 1150 2052 quasi
1176 1993 1343 2052 purior,
1362 2003 1406 2037 et
1422 1993 1667 2051 perfectior
1689 1994 1781 2038 alio
1798 1995 2044 2054 sanguine,
2060 1995 2199 2040 habet

226 2129 324 2187 ipsa
351 2129 680 2172 commixtione
703 2128 856 2182 maris,
883 2137 927 2172 et
947 2127 1179 2173 foeminae
1196 2127 1298 2171 talis
1317 2128 1502 2186 sanguis
1525 2128 1580 2171 ad
1599 2127 1756 2172 locum
1779 2131 2074 2188 generatione
2093 2142 2201 2174 con·

227 2210 393 2254 gruum
420 2195 680 2240 attrahitur:
709 2195 787 2239 sed
813 2195 904 2239 hoc
933 2195 979 2237 in
1008 2196 1310 2253 conceptione
1338 2195 1511 2239 Christi
1541 2209 1636 2239 non
1661 2195 1765 2240 fuit:
1799 2196 1904 2255 quia
1931 2196 2199 2256 operatione

228 2263 420 2320 Spiritus
440 2262 592 2306 Sancti
611 2261 712 2306 talis
730 2262 914 2320 sanguis
938 2261 983 2304 in
1001 2271 1129 2305 utero
1149 2261 1352 2319 Virginis
1379 2263 1600 2306 adunatus
1624 2272 1704 2318 est,
1723 2273 1767 2308 et
1791 2264 2016 2310 formatus
2030 2265 2078 2308 in
2099 2277 2201 2324 pro·

226 2330 343 2374 lem:
377 2340 421 2373 et
445 2329 550 2373 ideo
577 2329 739 2373 dicitur
771 2343 935 2388 corpus
960 2328 1132 2373 Christi
1159 2343 1212 2372 ex
1240 2330 1516 2385 castissimis,
1545 2340 1589 2374 et
1621 2331 1874 2390 purissimis
1905 2331 2199 2390 sanguinibus

227 2397 412 2456 virginis
439 2395 703 2441 formatum.

923 2517 1357 2618 ARTICULUS
1411 2561 1510 2617 VI.
2110 2590 2192 2640 173

391 2698 584 2736 UTRUM
626 2697 837 2736 CORPUS
881 2698 1099 2736 CHRISTI
1132 2698 1331 2736 FUERIT
1372 2699 1427 2735 IN
1468 2697 1731 2744 ANTIQUIS
1770 2695 2032 2738 PATRIBUS

759 2780 1059 2818 SECUNDUM
1099 2781 1334 2826 ALIQUID
1377 2780 1676 2819 SIGNATUM.

894 2890 949 2949 (3.
983 2891 1093 2934 Dist.
1124 2905 1158 2949 3.
1192 2905 1231 2949 q,
1262 2903 1305 2948 4.
1339 2896 1421 2935 art.
1454 2889 1531 2949 2.).

318 3000 395 3044 AD
413 3011 604 3044 SEXTUM
623 2998 686 3043 sic
713 2999 986 3058 proceditur.
1015 2999 1219 3054 Videtur,
1247 3001 1369 3059 quod
1389 3001 1571 3059 Corpus
1598 2999 1772 3045 Christi
1789 2999 1926 3047 fimrit
1942 3000 2197 3047 secundum

229 3067 399 3127 aliquid
427 3068 657 3126 signatum
683 3067 729 3111 in
754 3066 921 3121 Adam,
946 3076 992 3113 et
1017 3067 1063 3111 in
1091 3067 1189 3112 aliis
1216 3068 1442 3127 patribus:
1469 3068 1578 3112 dicit
1605 3068 1727 3112 enim
1744 3068 1939 3128 August.
1967 3082 2036 3115 ao.
2060 3082 2198 3130 super

230 3134 398 3180 Genes.
418 3135 474 3179 ad
492 3134 671 3179 literam
691 3133 803 3193 (cap.
822 3149 886 3193 19.
911 3140 946 3178 et
962 3135 1069 3188 20),
1089 3136 1212 3193 quod
1233 3149 1340 3180 caro
1360 3134 1533 3180 Christi
1550 3135 1634 3180 fuit
1648 3136 1695 3179 in
1714 3135 1882 3190 Adam,
1899 3145 1946 3181 et
1961 3135 2197 3181 Abraham

226 3202 448 3247 secundum
481 3202 765 3261 corpulentam
794 3203 1087 3254 substantiam·
1122 3203 1199 3246 sed
1234 3203 1481 3247 substantia
1514 3202 1783 3262 corpulenta
1807 3211 1876 3248 est
1897 3203 2117 3263 quiddam
2141 3203 2196 3249 si·

229 3280 444 3327 gnatum3
473 3284 585 3327 ergo
613 3283 721 3313 caro
757 3267 928 3313 Christi
959 3268 1042 3313 fuit
1074 3269 1120 3313 in
1147 3269 1314 3324 Adam,
1341 3280 1386 3314 et
1417 3270 1668 3324 Abraham,
1702 3280 1747 3315 et
1778 3269 1878 3315 aliis
1901 3270 2102 3330 patribus
2126 3284 2198 3317 se*

229 3337 429 3381 cundum
457 3337 625 3396 aliquid
652 3337 896 3394 signatum.

319 3419 358 3450 2.
387 3406 684 3450 PRAETEREA.
718 3405 854 3449 Rom.
886 3418 922 3448 1.
949 3404 1129 3457 dicitur,
1165 3404 1286 3462 quod
1322 3404 1513 3450 Christus
1534 3405 1677 3464 sactus
1707 3411 1764 3450 est
1793 3419 1844 3450 ex
1865 3405 2017 3451 semina
2044 3403 2197 3450 David

227 3473 448 3517 secundum
475 3488 662 3517 carnem:
691 3472 767 3516 sed
796 3486 952 3516 semen
981 3471 1130 3514 David
1158 3470 1240 3515 fuit
1263 3471 1431 3530 aliquid
1448 3472 1678 3531 signatum
1700 3472 1746 3516 in
1770 3472 1898 3531 ipso;
1921 3484 2035 3530 ergo
2061 3470 2196 3516 Chri*

230 3549 324 3583 stus
350 3539 433 3584 fuit
459 3541 504 3584 in
538 3541 685 3585 David
714 3539 966 3586 secundum
995 3538 1162 3598 aliquid
1191 3540 1434 3597 signatum,
1468 3549 1512 3584 et
1538 3540 1699 3584 eadem
1725 3539 1900 3586 ratione
1923 3539 1973 3584 in
1999 3537 2098 3584 aliis
2122 3552 2197 3599 pa·

229 3606 383 3652 tribus.
