2352 3926
636 249 914 295 QUAESTIO
956 248 1101 288 κως.
1142 248 1450 287 Ακτιευιυε
1493 247 1546 285 11.
1682 262 1690 268 -
1965 249 2071 301 419

116 351 237 407 dere,
263 362 313 397 ut
338 351 617 397 scilicetnon
640 352 933 396 descenderet
956 350 1003 395 in
1025 349 1266 404 infernum,
1284 364 1309 394 a
1331 363 1423 409 quo
1435 359 1539 409 post
1552 348 1814 407 passionem
1830 347 2002 393 Christi
2028 362 2076 393 se

113 419 307 481 possunt
331 420 544 463 homines
570 419 665 476 ejus
684 420 849 462 virtute
873 418 1002 462 tueri.

138 486 141 487 ⁷
204 486 280 531 An
309 498 525 530 TERTmM
553 485 813 538 dicendum,
836 484 958 543 quod
984 484 1110 528 Deus
1136 484 1354 543 permittit
1380 483 1563 527 diabolo
1588 497 1724 542 posse
1748 482 1960 541 decipere
1991 482 2071 525 ho-

114 549 261 597 mines
286 553 336 596 in
369 555 502 597 certis
523 552 742 611 personis,
768 551 1063 609 temporibus,
1091 560 1134 594 et
1160 551 1289 603 locis,
1315 550 1566 594 secundum
1586 549 1817 595 occultam
1845 550 2070 593 rationem

114 619 388 678 judiciorum
408 633 623 664 suorum:
649 631 830 676 semper
844 628 998 662 tamen
1017 631 1096 676 per
1120 618 1382 675 passionem
1404 617 1578 661 Christi
1605 628 1670 661 est
1697 626 1904 674 paratum
1926 616 2076 660 homi-

114 685 246 746 nibus
270 686 525 730 remedium
547 700 596 730 se
621 684 779 730 tuendi
805 694 965 728 contra
986 683 1209 742 nequitias
1237 684 1531 736 daemonum,
1559 685 1695 727 etiam
1718 694 1926 742 tempore
1948 682 2076 727 Anti-

113 753 295 798 christi:
318 753 399 797 sed
425 753 463 797 si
489 752 627 811 aliqui
651 752 742 795 hoc
768 750 974 795 remedio
1001 751 1066 794 uti
1087 749 1336 810 negligant,
1362 749 1427 793 nil
1453 750 1625 809 deperit
1646 749 1878 794 efficaciae
1904 750 2075 808 passio-

113 820 185 864 nis
207 819 397 865 Christi.

811 943 1245 1001 ARTICULUS
1282 945 1383 998 ΠΙ.
1989 970 2072 1015 272

254 1066 447 1105 UTRUM
485 1067 584 1104 PER
623 1066 927 1104 PASSIONEM
969 1065 1187 1103 CHRISTI
1228 1064 1474 1104 HOMINES
1515 1064 1639 1103 SINT
1681 1063 1933 1103 LIBERATI

816 1141 850 1177 A
890 1139 1072 1178 POENA
1105 1139 1358 1177 PECCATI.

324 1241 452 1301 (Infr.
471 1257 510 1300 q.
525 1256 589 1301 52.
610 1248 690 1286 art.
704 1255 741 1301 5.
762 1249 876 1302 corp.
900 1248 939 1286 et
953 1257 991 1301 q.
1014 1242 1090 1289 86.
1110 1248 1193 1286 art.
1216 1254 1257 1299 4.
1277 1241 1331 1285 ad
1344 1255 1376 1299 3.
1402 1247 1438 1285 et
1453 1255 1489 1299 3.
1508 1241 1621 1284 Dist.
1637 1254 1702 1299 19.
1722 1245 1801 1284 art.
1817 1255 1852 1298 3.

738 1315 776 1354 et
809 1310 918 1354 Veri.
944 1324 981 1367 q.
1009 1324 1078 1367 29.
1105 1316 1187 1353 art.
1212 1322 1249 1367 7.
1277 1308 1330 1352 ad
1356 1310 1434 1367 9.).
1582 1307 1584 1309 ’

202 1411 278 1456 AD
306 1424 522 1457 TERTIUM
548 1411 611 1456 sic
638 1412 912 1471 proceditur.
938 1412 1144 1468 Videtur,
1163 1412 1285 1471 quod
1303 1426 1383 1470 per
1400 1411 1661 1470 passionem
1679 1410 1852 1455 Christi
1873 1424 1967 1454 non
1985 1410 2073 1454 sint

112 1478 325 1524 homines
350 1478 528 1524 liberati
553 1493 579 1523 a
600 1494 748 1539 poena
772 1480 974 1539 peccati:
1001 1480 1245 1539 praecipua
1273 1479 1394 1525 enim
1419 1494 1567 1539 poena
1595 1478 1771 1538 peccati
1798 1487 1864 1523 est
1890 1488 2073 1522 aeterna

113 1545 372 1590 damnatio:
396 1547 474 1590 sed
500 1545 565 1590 illi
588 1546 665 1605 qui
691 1547 894 1590 damnati
921 1556 1048 1590 erant
1084 1547 1129 1590 in
1156 1545 1333 1590 inferno
1361 1561 1443 1605 pro
1471 1546 1562 1590 suis
1596 1545 1809 1604 peccatis,
1841 1559 1935 1588 non
1968 1555 2072 1588 sunt

111 1625 192 1670 per
214 1612 385 1657 Christi
408 1613 672 1671 passionem
699 1612 896 1667 liberati3
924 1614 1030 1672 quia
1055 1615 1101 1657 in
1126 1614 1288 1672 inferno
1313 1614 1432 1657 nulla
1458 1620 1513 1659 est
1540 1613 1792 1671 redemptz'o,·
1820 1625 1930 1670 ergo
1953 1613 2072 1655 vide-

112 1689 199 1734 tur,
226 1680 348 1738 quod
374 1680 527 1738 passio
555 1679 727 1723 Christi
752 1693 845 1724 non
872 1680 1078 1724 liberavit
1102 1680 1316 1724 homines
1343 1694 1369 1723 a
1395 1694 1544 1739 poena
1570 1681 1757 1739 peccati.

204 1758 245 1790 2.
270 1746 568 1793 PRAETEREA.
583 1747 692 1800 Illis,
721 1748 797 1806 qui
818 1757 923 1791 sunt
942 1747 1117 1791 liberati
1141 1762 1166 1791 a
1186 1757 1313 1791 reatu
1332 1761 1523 1806 poenae,
1546 1761 1640 1790 non
1670 1756 1737 1790 est
1753 1745 1905 1804 aliqua
1922 1759 2071 1805 poena

113 1812 414 1872 injungenda:
441 1814 518 1857 sed
544 1814 879 1872 poenitentibus
914 1815 1162 1873 injungitur
1196 1829 1343 1872 poena
1373 1813 1695 1858 satisfactoria:
1722 1827 1817 1856 non
1850 1827 1959 1871 ergo
1993 1827 2074 1871 per

114 1880 375 1939 passionem
402 1879 573 1924 Christi
600 1891 704 1924 sunt
728 1881 941 1924 homines
967 1880 1144 1925 liberati
1172 1896 1196 1924 a
1223 1891 1350 1924 reatu
1377 1895 1566 1939 poenae.

204 1960 246 2006 3.
270 1946 569 1992 PRAETEREA.
594 1947 720 1992 Mors
739 1956 807 1991 est
829 1961 979 2007 poena
1000 1948 1192 2006 peccati,
1219 1949 1472 1991 secundum
1496 1947 1608 1991 illud
1625 1948 1822 1991 Roman.
1840 1944 1896 1991 6.:
1917 1946 2078 2005 Stipen-

110 2013 184 2058 dia
206 2015 363 2073 pcccati
383 2028 521 2058 mors:
542 2014 621 2058 sed
649 2015 796 2058 adhuc
823 2025 927 2074 post
949 2015 1214 2074 passionem
1241 2015 1415 2059 Christi
1432 2015 1645 2058 homines
1665 2014 1919 2058 moriuntur
1933 2028 1944 2067 3
1960 2027 2072 2071 ergo

106 2095 194 2141 pa
217 2081 477 2141 passionem
506 2080 680 2126 Christi
705 2096 799 2126 non
824 2092 930 2126 sunt
954 2082 1168 2126 homines
1194 2081 1371 2127 liberati
1398 2097 1423 2125 a
1449 2085 1585 2125 reatu
1603 2095 1795 2140 poenae.

201 2148 298 2193 San
329 2161 526 2203 CONTRA
552 2158 633 2203 est,
659 2148 782 2207 quod
808 2149 971 2194 dicitur
995 2149 1081 2194 Isa.
1114 2162 1195 2208 53.:
1229 2150 1331 2194 Vere
1355 2149 1578 2208 languores
1601 2155 1761 2194 nostros
1786 2150 1867 2207 ipse
1892 2147 2002 2200 tulit,
2036 2152 2072 2191 et

113 2215 272 2261 dolores
295 2221 456 2260 nostros
479 2218 564 2276 ipse
582 2218 793 2275 portavit.

198 2282 489 2328 Rssspounao
512 2283 770 2340 dicendum,
798 2284 921 2342 quod
944 2297 1027 2342 per
1051 2283 1314 2342 passionem
1343 2283 1516 2328 Christi
1541 2283 1715 2327 liberati
1734 2296 1929 2326 sumusa
1947 2291 2073 2326 reatu

111 2362 290 2408 poenae
313 2349 567 2410 dup'h'citer:
605 2364 688 2394 uno
725 2350 846 2394 modo
880 2350 1062 2404 directe,
1093 2352 1363 2409 inquantum
1398 2350 1573 2394 scilicet
1604 2350 1755 2409 passio
1789 2349 1961 2394 Christi
1992 2347 2076 2391 fuit

113 2414 355 2471 sufficiens,
382 2427 427 2460 et
451 2417 788 2474 superabundas
815 2416 1063 2462 satisfactio
1101 2432 1183 2477 pro
1224 2418 1424 2476 peccatis
1464 2418 1603 2462 totius
1640 2416 1832 2460 humani
1869 2415 2071 2474 generis:

104 2482 312 2528 exhibita
337 2493 492 2528 autem
517 2483 825 2528 satisfactione
851 2483 1106 2538 sufficienti,
1133 2483 1307 2528 tollitur
1331 2497 1483 2529 reatus
1508 2498 1709 2543 poenae:
1743 2484 1826 2527 alio
1859 2483 1979 2527 modo
2012 2483 2074 2526 in-

115 2550 301 2604 directe,
327 2550 595 2609 inquantum
623 2551 795 2595 scilicet
833 2552 983 2611 passio
1019 2552 1191 2596 Christi
1223 2562 1290 2596 est
1323 2566 1459 2596 causa
1492 2551 1772 2596 remissionis
1803 2551 1994 2610 peccati,
2027 2550 2072 2593 in

105 2629 209 2676 qno
232 2615 446 2661 fundatur
470 2626 620 2662 reatus
645 2632 838 2677 poenae.
870 2613 876 2618 ’

156 2719 158 2721 -
203 2683 281 2731 An
303 2696 493 2730 ramus(
520 2698 631 2743 ergo
655 2684 918 2739 dicendum,
942 2685 1068 2744 quod
1098 2686 1250 2745 passio
1277 2685 1448 2730 Christi
1475 2686 1661 2730 sortitur
1695 2685 1909 2730 effectum
1936 2698 2070 2728 suum

115 2749 165 2794 in
189 2748 293 2804 illis,
313 2749 474 2809 quibus
499 2750 750 2810 applicatur
774 2766 855 2810 per
879 2751 1032 2806 fidem,
1060 2762 1105 2797 et
1130 2753 1415 2807 charitatem,
1442 2763 1487 2797 et
1511 2767 1592 2812 per
1625 2752 1729 2796 fidei
1755 2761 2042 2796 sacramenta
2062 2765 2071 2793 :

115 2826 163 2861 et
185 2816 292 2861 ideo
312 2816 520 2862 damnati
544 2818 591 2862 in
611 2817 804 2871 inferno,
831 2818 908 2877 qui
930 2819 1163 2878 praedicto
1191 2820 1332 2864 modo
1360 2819 1564 2879 passioni
1585 2819 1757 2864 Christi
1776 2833 1871 2864 non
1890 2819 2073 2875 conjun-

115 2881 532 2943 guntur,.effectum
559 2885 655 2942 ejus
681 2885 915 2944 percipere
940 2900 1035 2930 non
1057 2897 1260 2944 possunt.

205 2950 282 2994 An
304 2962 564 2995 SECUNDUM
573 2951 838 3006 dicendum,
862 2952 1000 3011 quod,
1017 2953 1135 2997 sicut
1151 2967 1285 3012 supra
1308 2953 1482 2999 dictum
1497 2963 1565 2998 est
1583 2953 1686 3010 (art.
1707 2966 1746 2999 1.
1763 2954 1850 3011 huj.
1864 2968 1902 3011 q.
1920 2951 1974 2997 ad
1990 2965 2032 3008 4.
2031 2950 2072 3008 ),

116 3016 173 3062 ad
194 3017 285 3062 hoc
311 3016 434 3075 quod
461 3030 796 3076 consequamur
820 3018 1036 3064 effectum
1062 3021 1286 3079 passionis
1314 3020 1502 3075 Christi,
1535 3030 1717 3079 oportet
1748 3034 1831 3064 nos
1865 3021 1905 3063 ei
1938 3017 2076 3062 confi-

115 3084 281 3144 gurari.
314 3082 669 3142 Configuramur
694 3094 847 3129 autem
874 3086 916 3130 ei
941 3086 988 3130 in
1013 3087 1241 3146 baptismo
1268 3087 1672 3142 sacramentaliter,
1694 3086 1945 3131 secundum
1962 3084 2074 3128 illud

114 3150 250 3196 Rom.
277 3149 335 3195 6.:
365 3150 602 3209 Consepulti
623 3165 766 3197 sumus
789 3154 827 3196 ei
845 3160 926 3212 per
951 3155 1202 3213 baptismum
1228 3156 1273 3198 in
1299 3162 1503 3200 mortem:
1532 3155 1652 3198 unde
1683 3153 1917 3212 baptizatis
1948 3151 2073 3195 nulla

115 3232 264 3278 poena
291 3216 591 3262 satisfactoria
615 3218 877 3277 imponitur,
919 3221 1026 3279 quia
1051 3231 1156 3266 sunt
1179 3221 1380 3267 totaliter
1406 3221 1582 3266 liberati
1608 3236 1688 3279 per
1713 3219 2072 3265 satisfactionem

117 3284 311 3330 Christi:
339 3285 444 3344 quia
469 3298 579 3328 vero
610 3285 796 3330 Christus
818 3287 940 3331 semel
962 3294 1123 3332 tantum
1147 3296 1229 3348 pro
1245 3291 1426 3348 peccatis
1450 3289 1601 3333 nostris
1630 3294 1821 3331 mortuus
1845 3293 1915 3340 est,
1943 3296 1992 3330 ut
2013 3285 2077 3330 di-

116 3351 232 3396 citur
263 3364 299 3396 1.
325 3352 445 3396 Petr.
472 3365 526 3410 3.;
546 3351 651 3396 ideo
676 3365 771 3396 non
797 3362 947 3411 potest
972 3354 1121 3399 homo
1144 3355 1414 3400 secundario
1441 3354 1716 3412 configurari
1738 3353 1876 3397 morti
1902 3352 2077 3397 Christi

111 3432 197 3478 per
217 3428 555 3464 sacramentum
582 3418 819 3477 baptismi:
842 3419 961 3464 unde
987 3431 1181 3480 oportet,
1208 3422 1331 3480 quod
1356 3421 1423 3466 illi
1449 3421 1526 3479 qui
1551 3431 1656 3478 post
1680 3420 1956 3478 baptismum
1975 3433 2076 3478 pec-

118 3495 237 3540 cant,
260 3485 601 3544 configuremur
626 3484 813 3530 Christo
840 3487 1027 3544 patienti
1058 3501 1138 3547 per
1172 3488 1340 3547 aliquid
1382 3486 1687 3546 poenalitatis,
1723 3485 1798 3530 vel
1833 3486 2074 3545 passionis,

116 3566 256 3611 quam
281 3552 328 3597 in
355 3553 515 3612 seipsis
539 3547 813 3605 sustineant;
834 3566 950 3611 quae
972 3563 1131 3598 tamen
1158 3554 1304 3599 multo
1327 3554 1479 3598 minor
1496 3551 1662 3598 sufficit
1677 3566 1816 3611 quam
1832 3563 1954 3598 esset
1971 3566 2078 3596 con-

118 3618 257 3678 digna
281 3630 487 3678 peccato,
515 3630 793 3678 cooperante
819 3618 1127 3665 satisfactione
1155 3621 1343 3666 Christi.
