2352 3926
671 247 948 295 QuAnsno
989 247 1083 287 vn.
1123 245 1430 288 ARTICULUS
1467 246 1546 287 111.
2015 223 2081 302 85

174 365 179 378 ²
223 347 511 396 Responnno
537 349 796 406 dicendum,
821 350 958 411 quod,
984 349 1101 395 sicut
1124 350 1171 394 in
1198 363 1238 395 2.
1263 350 1436 395 dictum
1461 357 1528 395 est
1556 346 1657 406 (2·2.
1683 363 1721 408 q.
1738 362 1773 395 r.
1790 351 1872 393 art.
1897 347 1980 406 4.),
2004 348 2082 392 ob-

131 415 306 476 jectum
330 415 436 461 fidei
461 426 528 462 est
550 431 622 462 res
647 417 799 462 divina
824 430 918 462 non
941 416 1062 462 visa:
1087 417 1268 461 habitus
1294 427 1447 461 autem
1467 416 1658 470 virtutis,
1684 415 1802 461 sicut
1825 423 1870 460 et
1893 414 2083 474 quilibet

134 482 264 538 dius,
290 485 450 544 recipit
474 485 674 545 speciem
703 486 758 530 ab
784 485 993 544 obiect03
1035 494 1080 530 et
1114 483 1219 529 ideo
1253 484 1437 529 excluso
1472 484 1594 544 quod
1627 498 1698 530 res
1730 482 1884 529 divina
1908 482 1967 528 sit
1991 496 2087 526 non

132 549 244 605 visa,
266 550 518 596 excluditur
542 553 657 598 ratio
684 552 807 597 fidei:
837 552 1045 597 Christus
1073 563 1225 595 autem
1254 565 1278 594 a
1305 552 1453 610 primo
1481 551 1666 596 instanti
1691 564 1800 596 suae
1827 549 2090 613 conceptio·

35 645 53 662 ,ψ
131 616 202 663 nis
227 617 362 678 plene
386 619 497 664 vidit
522 620 674 664 Deum
700 634 781 680 per
806 620 1063 675 essentiam,
1090 629 1139 664 ut
1163 618 1278 663 infra
1305 620 1477 664 dicetur
1503 621 1563 679 (q.
1593 634 1658 679 34.
1681 626 1761 665 art.
1779 619 1845 677 4)
1855 634 1873 673 ,·
1901 618 2021 663 unde
2038 618 2086 661 in

50 690 60 698 ·
132 694 192 730 eo
217 684 327 730 fides
354 699 452 731 esse
474 699 567 732 non
594 688 752 747 potuit.

221 751 298 798 An
323 765 511 799 PRIMUM
539 769 648 814 ergo
675 754 933 808 dicendum,
961 753 1082 814 quod
1109 753 1218 798 fides
1248 763 1315 797 est
1340 752 1538 797 nobilior
1563 754 1704 798 virtus
1731 753 1970 798 virtutibus
1993 766 2091 797 rno-

51 818 53 820 ’
133 817 318 875 talibus,
350 822 456 881 quia
482 831 550 866 est
571 822 689 866 circa
715 822 987 866 nobiliorem
1021 821 1290 866 materiam·
1317 820 1396 865 sed
1422 830 1575 864 tamen
1599 821 1815 899 importat
1839 819 2086 880 quemdam

134 885 398 932 defectum
386 902 434 932 m
462 889 803 966 comparatione
831 888 885 933 ad
913 887 1039 932 illam
1066 888 1329 933 materiam:
1358 889 1434 946 qui
1461 886 1661 932 defectus
1694 889 1739 932 in
1773 888 1960 932 Christo
1992 900 2087 931 non

132 950 240 1010 fuit;
265 963 310 999 et
333 954 439 1000 ideo
464 969 559 1000 non
584 956 731 1015 potuit
754 956 801 999 in
827 969 884 1000 eo
911 970 1009 1000 esse
1035 954 1160 1009 fides,
1187 954 1294 999 licet
1317 954 1520 999 fuerint
1508 968 1554 998 m
1582 968 1638 998 eo
1666 955 1851 999 virtutes
1873 953 2088 1007 morales,

132 1031 251 1080 quae
274 1020 321 1065 in
346 1021 417 1067 sui
441 1023 618 1067 ratione
642 1022 907 1082 hujusmodi
931 1021 1159 1068 defectum
1185 1036 1280 1066 non
1311 1022 1560 1081 important
1586 1035 1666 1081 per
1692 1021 2086 1080 comparationem

133 1086 191 1133 ad
215 1101 320 1134 suas
344 1090 571 1135 materias.

222 1155 300 1200 AD
325 1168 585 1202 SECUNDUM
602 1157 860 1211 dicendum,
879 1156 1002 1216 quod
1024 1158 1239 1201 meritum
1255 1155 1362 1201 fidei
1387 1155 1593 1200 consistit
1613 1155 1660 1200 in
1674 1155 1781 1210 hoc,
1799 1154 1920 1214 quod
1939 1154 2085 1199 homo

134 1230 197 1268 α’
215 1221 472 1268 obedientia
496 1223 586 1268 Dei
611 1224 798 1269 assentit
822 1223 910 1268 illis
938 1238 1054 1283 quae
1079 1238 1173 1268 non
1198 1222 1335 1277 videt,
1362 1223 1613 1267 secundum
1640 1222 1751 1267 illud
1777 1222 1910 1267 Rom.
1943 1235 1993 1266 1.:
2017 1221 2088 1267 Ad

133 1288 400 1341 obediendum
420 1289 518 1348 fidei
537 1292 584 1335 in
614 1293 804 1336 omnibus
833 1293 1020 1350 gentibus
1043 1298 1125 1350 pro
1157 1292 1324 1335 nomine
1357 1293 1469 1349 ejus:
1504 1289 1813 1334 obedientiam
1846 1299 1998 1334 autern
2031 1288 2088 1333 ad

13 1366 59 1420 J.
133 1352 287 1402 Deum
311 1356 573 1417 plenissime
599 1357 758 1403 habuit
783 1358 1007 1412 Christus,
1032 1358 1285 1402 secundum
1310 1356 1423 1401 illud
1455 1356 1619 1415 Philip.
1646 1369 1702 1402 2.:
1735 1359 1887 1402 Factus
1918 1362 1973 1401 est
2003 1357 2093 1401 obe-

134 1421 247 1468 diens
265 1438 390 1483 usque
410 1424 465 1469 ad
488 1431 661 1469 mortem
677 1440 693 1478 ;
736 1435 781 1470 et
811 1426 875 1470 sic
901 1423 1017 1469 nihil
1048 1425 1104 1469 ad
1141 1427 1355 1469 meritum
1381 1425 1610 1484 pertinens
1636 1424 1806 1479 docuit,
1839 1424 1962 1483 quod
1991 1423 2090 1483 ipse

136 1489 429 1536 excellentius
452 1505 547 1536 non
571 1491 794 1551 impleret.

226 1557 303 1603 AD
334 1569 549 1604 TERTIUM
576 1559 834 1615 dicendum,
861 1560 998 1619 quod,
1016 1560 1131 1604 sicut
1150 1559 1302 1605 Gloss.
1327 1558 1457 1618 (Aug.
1481 1560 1551 1605 lib.
1578 1573 1618 1605 2.
1645 1560 1746 1617 QQ.
1764 1560 1926 1617 Evang.
1946 1574 1984 1617 q.
1998 1557 2088 1617 39.)

136 1622 306 1670 ibidem
330 1624 453 1680 dicit,
470 1625 580 1670 fides
605 1622 784 1686 proprie
802 1637 882 1685 est,
903 1643 926 1669 (ε
943 1641 1032 1686 qua
1058 1628 1300 1671 creduntur
1321 1641 1438 1686 quae
1455 1641 1548 1671 non
1573 1627 1784 1671 videntur
1799 1641 1840 1670 »z
1868 1626 1946 1671 sed
1963 1625 2089 1680 fides,

138 1704 255 1751 quae
280 1701 348 1737 est
365 1706 518 1737 rerum
534 1693 749 1749 visarum,
772 1694 1017 1754 improprie
1038 1694 1212 1748 dicitur,
1232 1703 1275 1738 et
1296 1694 1550 1738 secundum
1568 1695 1816 1753 quamdam
1838 1693 2091 1739 similitudi-

137 1758 246 1804 nem
271 1769 491 1819 quantum
517 1761 573 1805 ad
600 1761 930 1816 certitudinem,
958 1771 1035 1806 aut
1059 1762 1321 1806 firmitatem
1348 1762 1654 1807 adhaesionis.

830 1939 1263 1999 ARTICULUS
1307 1940 1401 1996 IV.
1892 2004 1896 2008 .
2031 1951 2090 2010 46

614 2073 809 2116 UTRUM
848 2078 904 2118 IN
945 2078 1183 2117 CHRISTO
1216 2078 1416 2118 FUERIT
1458 2079 1598 2116 SPES.

0 2147 60 2248 ι
138 2180 269 2247 (Insr.
289 2189 371 2230 art.
394 2183 437 2230 6.
453 2184 521 2230 ad.
543 2201 578 2231 I.
598 2192 635 2231 et
655 2193 736 2231 art
755 2202 796 2246 9.
819 2186 930 2233 adr.
948 2194 1082 2233 etr-2.
1106 2203 1143 2248 q.
1167 2188 1230 2248 65.
1253 2194 1336 2233 art.
1354 2202 1391 2247 5.
1414 2187 1514 2247 ad3.
1538 2193 1668 2232 etz-z
1691 2202 1729 2245 q.
1743 2187 1807 2232 18.
1830 2192 1910 2231 art.
1924 2200 1965 2231 2.
1981 2185 2090 2231 adr.

431 2258 519 2312 et3.
542 2253 654 2298 Dist
677 2254 747 2300 26.
770 2269 808 2314 q.
826 2270 865 2300 2.
893 2261 976 2300 art.
994 2270 1031 2315 5.
1054 2270 1094 2315 q.
1114 2271 1151 2301 Ι.
1178 2262 1216 2301 et
1236 2257 1348 2300 Dist.
1373 2254 1442 2315 36.
1468 2260 1548 2299 art.
1566 2269 1606 2299 2.
1634 2254 1688 2298 ad
1708 2254 1782 2313 3.).

156 2376 174 2387 *
194 2360 299 2406 >³Al>
325 2374 563 2413 QUARTUM
586 2363 651 2408 sic
677 2365 950 2424 proceditur.
975 2365 1182 2421 Videtur,
1209 2367 1369 2426 quod'
1357 2381 1404 2410 m
1428 2366 1614 2411 Christo
1631 2365 1765 2410 fuerit
1782 2380 1909 2425 spes:
1929 2365 2090 2410 dicitur

22 2428 67 2487 j*
135 2427 259 2474 enim
282 2429 330 2474 in
355 2429 429 2474 Ps.
451 2443 518 2489 30.
536 2444 590 2475 ex
615 2446 810 2491 persona
837 2432 1033 2478 Christi:
1061 2434 1178 2487 Inte,
1205 2435 1404 2488 Domine,
1428 2435 1621 2493 speravi:
1645 2433 1724 2478 sed
1741 2433 1882 2478 virtus
1899 2434 1995 2492 spei
2012 2443 2095 2490 est,

29 2498 63 2523 ·“
136 2509 225 2557 qua
248 2496 395 2541 homo
420 2508 570 2557 sperat
593 2499 639 2543 in
665 2499 843 2554 Deum3
870 2514 982 2560 ergo
1008 2501 1148 2545 virtus
1174 2501 1271 2560 spei
1295 2500 1379 2545 fuit
1403 2503 1449 2545 in
1473 2500 1674 2545 Christo.

226 2575 266 2608 2.
292 2561 589 2610 PRAETEREA.
618 2565 732 2626 Spes
759 2577 827 2612 est
853 2567 1106 2627 expectatio
1132 2567 1308 2612 futurae
1338 2567 1642 2623 beatitudinis,
1675 2577 1724 2611 ut
1748 2567 1795 2611 in
1821 2579 1860 2612 2.
1887 2567 2094 2612 habitum

136 2639 206 2695 est
225 2631 331 2690 (2·2.
354 2647 393 2691 q.
415 2646 478 2692 17.
510 2639 593 2678 art.
609 2648 647 2693 5.
673 2634 727 2678 ad
742 2635 820 2694 3.);
849 2634 927 2679 sed
961 2634 1169 2680 Christus
1197 2634 1367 2694 aliquid
1394 2635 1658 2694 expectabat
1685 2635 1740 2679 ad
1765 2634 2093 2679 beatitudinem

134 2697 380 2758 pertinens,
405 2699 618 2745 videlicet
642 2699 839 2758 gloriam
867 2702 1095 2761 corporis;
1123 2716 1232 2762 ergo
1259 2702 1451 2756 videtur,
1478 2702 1600 2761 quod
1627 2702 1672 2745 in
1700 2715 1755 2746 eo
1781 2701 1916 2746 fuerit
1940 2716 2055 2761 spes.

71 2821 74 2822 7
230 2779 268 2824 3.
292 2765 590 2812 PRAETEREA.
618 2767 941 2828 Unusquisque
967 2778 1115 2828 potest
1142 2783 1321 2827 sperare
1347 2768 1475 2823 illud,
1502 2768 1624 2827 quod
1651 2769 1708 2812 ad
1734 2770 1829 2827 ejus
1854 2768 2097 2828 perfectio-

134 2842 245 2876 nem
269 2833 477 2892 pertinet,
503 2834 542 2879 si
567 2834 624 2879 sit
648 2833 873 2890 futurum3
900 2836 979 2880 sed
1005 2835 1174 2895 aliquid
1201 2845 1298 2880 erat
1317 2835 1534 2890 futurum,
1551 2835 1673 2896 quod
1693 2835 1748 2879 ad
1765 2834 2094 2894 perfectionem

138 2897 312 2944 Christi
336 2901 543 2960 pertinet,
569 2902 821 2946 secundum
845 2901 957 2946 illud
983 2902 1148 2962 Ephes.
1175 2915 1241 2958 4.:
1267 2903 1338 2948 Ad
1364 2905 1759 2948 consummationem
1783 2909 2022 2948 sanctorum
2048 2903 2094 2946 in

137 2973 241 3026 opus
262 2967 502 3024 ministerii,
527 2970 573 3013 in
593 2969 916 3024 aedificationem
947 2971 1133 3030 corporis
1167 2970 1326 3015 Christi
1340 2985 1357 3023 ,·
1386 2984 1497 3029 ergo
1528 2969 1718 3024 videtur,
1752 2968 1875 3030 quod
1907 2968 2092 3013 Christo

139 3034 428 3093 competebat
452 3035 621 3081 habere
647 3050 791 3096 spem.

79 3143 81 3145 ,
164 3113 167 3115 “
199 3132 202 3134 —
229 3098 324 3146 sm>
355 3112 552 3147 CONTRA
578 3113 659 3158 est,
687 3103 809 3162 quod
836 3103 1000 3148 dicitur
1024 3103 1161 3148 Rom.
1188 3103 1244 3150 8.:
1279 3104 1405 3162 Quod
1427 3103 1542 3149 videt
1566 3105 1670 3162 quis,
1705 3102 1804 3162 qm'd
1831 3102 2004 3162 sperat?
2036 3101 2091 3146 Et

137 3165 204 3211 aie
229 3177 366 3227 patet,
387 3169 510 3228 quod
536 3169 652 3215 sicut
675 3170 786 3215 fides
813 3181 881 3215 est
906 3171 961 3216 de
986 3185 1081 3216 non
1106 3171 1228 3226 visis,
1254 3171 1317 3216 ita
1343 3181 1388 3216 et
1412 3185 1539 3231 spes:
1566 3171 1645 3215 sed
1670 3170 1781 3214 fides
1807 3183 1901 3214 non
1932 3168 2015 3212 fuit
2045 3168 2092 3212 in

0 3231 5 3240 ⁹
141 3232 342 3290 Christo,
368 3235 485 3280 sicut
506 3237 677 3282 dictum
703 3248 772 3282 est
797 3238 899 3296 (art.
920 3240 1106 3298 praec.),·
1135 3253 1245 3298 ergo
1272 3253 1356 3283 nec
1384 3253 1499 3298 spes.

61 3348 69 3354 ξ
230 3300 520 3348 ΚΕεΡοΝῡΕο
547 3303 805 3359 dicendum,
831 3305 953 3364 quod
980 3306 1095 3350 sicut
1121 3306 1175 3350 de
1201 3306 1377 3350 ratione
1398 3305 1503 3350 fidei
1521 3314 1601 3358 est,
1618 3304 1740 3363 quod
1763 3301 1924 3360 aliquis
1941 3315 2094 3346 assen-

72 3365 87 3424 j
138 3366 223 3412 tiat
245 3368 316 3413 his
342 3382 458 3428 quae
482 3383 577 3414 non
601 3371 745 3416 videt:
772 3371 834 3416 ita
861 3372 915 3416 de
942 3372 1117 3417 ratione
1134 3372 1229 3432 spei
1256 3382 1336 3427 est,
1363 3372 1484 3431 quod
1513 3371 1672 3429 aliquis
1690 3378 1893 3428 expectet
1909 3368 1954 3412 id
1971 3369 2094 3427 quod

65 3462 87 3483 -,
139 3434 347 3480 nondum
372 3435 530 3482 habet:
556 3445 601 3481 et
625 3437 741 3482 sicut
765 3438 892 3493 fides,
923 3439 1191 3498 inquantum
1225 3449 1292 3483 est
1323 3439 1465 3483 virtus
1499 3436 1778 3494 theologica,
1805 3449 1899 3478 110ss
1935 3443 2003 3479 est
2037 3435 2093 3479 de

67 3528 88 3563 3
139 3514 434 3563 ⁴quocumque
455 3516 548 3548 non
564 3503 679 3558 viso,
697 3504 776 3549 sed
798 3504 948 3549 solum
971 3505 1026 3550 de
1045 3506 1170 3550 Deo:
1195 3506 1256 3550 ita
1282 3505 1420 3550 etiam
1443 3517 1558 3563 spes,
1578 3503 1844 3561 inquantum
1868 3511 1935 3546 est
1954 3502 2095 3547 virtus

59 3575 92 3626 ³3-
136 3566 422 3629 theologica,
445 3569 584 3624 habet
614 3585 696 3631 pro
724 3571 905 3630 objecto
936 3572 1087 3631 ipsum
1113 3572 1282 3626 Deum,
1309 3573 1437 3630 cujus
1463 3570 1723 3614 fruitionem
1756 3568 1899 3612 homo
1935 3569 2097 3628 princi-

55 3639 85 3698 J
142 3631 315 3696 penites
329 3645 535 3697 expectat
558 3651 640 3698 per
663 3637 760 3698 spei
773 3637 1012 3684 virtutem:
1038 3638 1118 3683 sed
1143 3652 1198 3683 ex
1224 3637 1521 3697 consequenti
1536 3635 1613 3680 ille
1630 3635 1707 3695 qui
1727 3635 1862 3680 habet
1878 3635 2092 3681 virtutem
