2352 3926
272 201 382 270 460
803 213 1083 259 QUAESTIO
1124 214 1232 253 1.1v.
1273 200 1582 254 ART1cutus
1622 215 1694 254 1v.

362 318 652 362 ResPONDEo
686 315 944 370 dicendum,
971 316 1094 375 quod
1122 317 1399 361 conveniens
1423 315 1521 370 fuit,
1549 316 1750 361 animam
1778 315 1950 362 Christi
1973 316 2021 362 in
2045 330 2237 363 resurre-

272 386 422 428 ctione
461 398 626 442 corpus
664 397 770 427 cum
808 383 1095 427 cicatricibus
1130 397 1378 428 resumere.
1410 384 1557 428 Primo
1600 383 1785 442 quidem
1821 393 2006 443 propter
2039 382 2236 443 gloriam

269 451 410 510 ipsius
439 451 634 505 Christi;
661 451 770 494 dicit
795 450 919 493 enim
945 450 1069 494 Beda
1085 465 1221 510 super
1239 451 1415 495 Lucam
1437 451 1547 509 (cap.
1576 463 1644 510 97.
1670 450 1889 495 secundum
1909 453 1996 509 ejus
2011 450 2234 509 ordinem),

271 519 393 578 quod
430 533 563 562 «non
597 533 650 561 ex
683 518 951 576 impotentia
984 519 1171 562 curandi
1198 518 1432 562 cicatrices
1464 517 1673 570 servavit,
1700 517 1778 560 sed
1810 526 1860 560 ut
1888 517 1936 560 in
1967 527 2236 576 perpetuum

269 587 486 629 victoriae
520 599 627 629 suae
656 584 944 628 circumferat
963 585 1244 644 triumphum
1261 601 1313 639 »3
1341 585 1459 628 unde
1483 581 1528 628 et
1545 584 1738 643 August.
1772 583 1880 628 dicit
1897 584 1944 627 in
1965 596 2036 628 22.
2055 583 2110 628 de
2133 583 2235 629 Civ.

269 653 356 696 Dei
386 652 493 711 (cap.
511 667 580 697 20.
600 654 643 695 in
655 651 837 711 princ),
865 652 987 710 quod
1009 651 1252 696 «fortassis
1279 653 1325 695 in
1351 651 1431 695 illo
1459 665 1602 710 regno
1620 651 1669 694 in
1691 650 1957 710 corporibus
1979 660 2236 710 martyrum

270 720 526 764 videbimus
551 719 793 763 vulnerum
832 720 1080 774 cicatrices,
1114 734 1230 779 quae
1267 733 1349 778 pro
1394 719 1564 763 Christi
1595 718 1785 762 nomine
1817 717 2110 777 pertulerunt,
2140 731 2236 762 non

274 787 397 830 enirn
425 786 689 831 deformitas
715 787 762 830 in
795 787 874 840 eis,
901 787 980 831 sed
1008 787 1201 846 dignitas
1233 789 1340 841 erit;
1368 797 1412 831 et
1437 786 1678 845 quaedam,
1712 785 1919 844 quamvis
1949 785 1996 829 in
2028 798 2235 844 corpore,

269 868 363 897 non
401 854 618 913 corporis,
647 854 726 898 sed
757 854 932 898 virtutis
955 853 1245 913 pulchritudo
1282 853 1473 912 fulgebit
1490 869 1540 898 »z
1573 853 1745 898 secundo
1778 853 1835 896 ad
1871 851 2233 896 confirmandum

271 921 410 964 corda
435 921 763 980 discipulorum
787 921 907 964 circa
933 921 1071 965 fidem
1093 935 1202 967 suae
1228 921 1594 965 resurrectionis:
1622 922 1756 975 tertio,
1783 929 1833 964 ut
1848 919 1972 964 Patri
1996 933 2079 979 pro
2106 919 2236 963 nobis

273 987 547 1046 supplicans,
565 987 699 1047 quale
717 1002 861 1046 genus
878 988 1037 1032 mortis
1056 1003 1138 1047 pro
1155 988 1346 1032 homine
1364 987 1609 1047 pertulerit,
1628 1001 1807 1046 semper
1825 987 2034 1031 ostendat
2047 1001 2056 1030 :
2069 993 2233 1046 quarto,

270 1064 319 1098 ut
340 1069 422 1098 sua
448 1064 597 1098 morte
623 1055 884 1114 redemptis,
911 1070 1049 1114 quam
1077 1055 1431 1100 misericorditer
1459 1055 1548 1099 sint
1580 1055 1734 1113 adJuti,
1760 1053 2006 1113 propositis
2033 1053 2235 1111 ejusdem

271 1122 432 1166 mortis
449 1122 642 1175 indiciis,
660 1122 880 1166 insinuet:
895 1129 1120 1181 postremo,
1139 1132 1187 1166 ut
1206 1123 1253 1166 in
1275 1123 1459 1180 judicio,
1477 1137 1615 1181 quarn
1631 1123 1746 1180 juste
1765 1122 2051 1175 damnentur,
2067 1120 2235 1165 ibidem

272 1189 517 1233 denuntiet.
537 1189 686 1243 Unde,
704 1189 819 1233 sicut
834 1190 1027 1248 August.
1055 1190 1164 1233 dicit
1190 1190 1236 1233 in
1258 1189 1372 1234 libro
1393 1202 1432 1233 2.
1452 1190 1506 1233 de
1527 1188 1751 1248 Symbolo
1774 1189 1890 1249 (cap.
1915 1189 1956 1234 8.
1978 1195 2074 1234 ante
2090 1187 2235 1246 med),

273 1256 484 1300 «sciebat
516 1256 741 1310 Christus,
775 1270 914 1315 quare
942 1256 1176 1300 cicatrices
1202 1256 1249 1299 in
1281 1271 1365 1300 suo
1400 1270 1592 1315 corpore
1624 1266 1849 1310 servaret;
1874 1256 1992 1299 sicut
2015 1255 2140 1300 enim
2165 1254 2237 1300 de-

269 1323 542 1367 monstravit
568 1322 783 1367 Thomae
800 1337 896 1367 non
914 1323 1128 1377 credenti,
1146 1323 1235 1367 nisi
1250 1333 1471 1382 tangeret,
1499 1333 1544 1367 et
1567 1323 1766 1368 videret:
1792 1323 1855 1366 ita
1881 1322 2236 1367 etiaminimicis

267 1390 456 1435 vulnera
489 1391 878 1435 demonstraturus
912 1400 980 1434 est
1010 1404 1105 1444 sua,
1140 1400 1188 1434 ut
1219 1391 1497 1435 convincens
1531 1404 1610 1434 eos
1643 1390 1808 1434 veritas
1843 1389 1986 1434 dicat.
2012 1388 2134 1435 Ecce
2156 1389 2238 1434 ho-

268 1458 456 1512 minem,
484 1473 622 1534 quern
649 1457 954 1513 crucifixistis;
981 1457 1142 1501 videtis
1155 1456 1380 1524 vulnera,
1414 1471 1530 1516 quae
1548 1456 1798 1512 inflixistis3
1832 1456 2078 1517 agnoscitis
2102 1455 2236 1511 latus,

269 1525 391 1583 quod
414 1525 683 1584 pupugistis,
707 1524 926 1584 quoniam
952 1538 1032 1584 per
1056 1538 1154 1579 vos,
1179 1534 1223 1568 et
1239 1534 1423 1584 propter
1444 1539 1527 1569 vos
1551 1534 1759 1583 apertum
1776 1534 1856 1583 est,
1882 1538 1968 1569 nec
1993 1533 2149 1569 tamen
2172 1523 2238 1568 in-

267 1601 386 1636 trare
408 1591 674 1636 voluistis».

358 1659 434 1702 AD
457 1672 646 1703 PRIMUM
673 1672 784 1717 ergo
804 1657 1062 1713 dicendum,
1081 1658 1204 1718 quod
1223 1659 1456 1703 cicatrices
1482 1657 1603 1713 illae,
1631 1673 1748 1718 quae
1773 1659 1820 1702 in
1847 1672 2040 1718 corpore
2064 1657 2235 1704 Christi

268 1736 626 1785 permanserunt,
659 1740 754 1770 non
785 1727 1011 1784 pertinent
1038 1727 1093 1770 ad
1127 1727 1484 1786 corruptionem,
1517 1725 1592 1770 vel
1618 1725 1862 1780 defectum,
1894 1725 1974 1770 sed
2006 1724 2063 1769 ad
2095 1726 2235 1783 majo-

267 1808 366 1837 rem
394 1793 629 1838 cumulum
656 1793 844 1852 gloriae,
866 1794 1135 1853 inquantum
1169 1804 1273 1838 sunt
1305 1794 1531 1853 quaedam
1556 1793 1733 1838 virtutis
1758 1793 1956 1852 insignia
1966 1808 1978 1847 ;
1997 1802 2042 1838 et
2065 1792 2112 1837 in
2143 1793 2234 1837 illis

268 1859 383 1905 locis
409 1861 650 1905 vulnerum
678 1861 861 1920 quidam
891 1860 1100 1919 specialis
1128 1861 1268 1905 decor
1294 1861 1538 1921 apparebit.

357 1929 432 1972 AD
461 1942 721 1973 SECUNDUM
748 1929 1007 1982 dicendum,
1035 1929 1158 1987 quod
1181 1930 1389 1987 quamvis
1419 1928 1499 1972 illa
1532 1938 1742 1987 apertura
1774 1926 2017 1972 vulnerum
2042 1927 2100 1973 sit
2126 1941 2233 1972 cum

270 1995 469 2054 quadam
488 1995 718 2040 solutione
737 1996 1061 2049 continuitatis,
1079 2006 1227 2040 totum
1246 2006 1401 2040 tamen
1418 1996 1508 2040 hoc
1526 2006 1900 2055 recompensatur
1915 2009 1996 2055 per
2008 1996 2232 2055 maj0rem

270 2063 486 2107 decorem
506 2063 695 2122 gloriae,
723 2073 772 2107 ut
799 2077 963 2123 corpus
999 2077 1094 2107 non
1121 2063 1178 2107 sit
1209 2065 1359 2108 minus
1396 2064 1639 2123 integrum,
1673 2063 1751 2107 sed
1785 2063 1933 2122 magis
1967 2061 2232 2122 perfectum.

271 2129 480 2174 Thomas
509 2140 661 2174 autem
675 2145 770 2174 non
796 2130 948 2174 solum
965 2130 1089 2184 vidit,
1109 2130 1187 2174 sed
1206 2131 1344 2174 etiam
1365 2131 1555 2176 vulnera
1580 2131 1749 2190 tetigit:
1780 2132 1900 2190 quia,
1926 2140 1976 2174 ut
2007 2130 2116 2175 dicit
2135 2130 2232 2175 Leo

268 2196 394 2255 Papa
410 2197 476 2254 (id
508 2198 628 2242 habet
659 2199 835 2256 August.
866 2213 985 2242 serm.
1014 2198 1083 2256 56.
1117 2199 1162 2242 in
1193 2198 1367 2257 append.
1401 2198 1448 2243 de
1468 2199 1677 2252 Diversis,
1702 2204 1796 2243 ante
1825 2197 1970 2256 med),
2007 2213 2031 2240 α
2056 2196 2235 2243 suffecit

270 2265 311 2307 ei
345 2265 399 2307 ad
422 2264 561 2309 fidem
593 2266 841 2323 propriam,
873 2265 1041 2309 vidisse
1064 2265 1186 2324 quod
1218 2266 1414 2311 viderat:
1437 2266 1515 2310 sed
1536 2266 1669 2310 nobis
1691 2275 1903 2325 operatus
1939 2275 2020 2320 est,
2056 2275 2106 2310 ut
2134 2274 2234 2311 tan-

268 2341 397 2389 geret
421 2345 558 2390 quem
584 2332 819 2376 videbat».

358 2399 434 2442 AD
469 2411 685 2443 TERTIUM
718 2398 977 2454 dicendum,
1014 2399 1136 2457 quod
1173 2399 1379 2444 Christus
1406 2399 1453 2443 in
1479 2414 1562 2444 suo
1596 2413 1788 2459 corpore
1819 2398 1966 2444 voluit
1997 2399 2232 2445 cicatrices

268 2464 510 2510 vulnerum
541 2480 794 2519 remanere,
827 2480 921 2509 non
954 2466 1106 2509 solum
1138 2467 1194 2510 ad
1229 2467 1572 2511 certificandum
1604 2466 1933 2526 discipulorum
1963 2466 2117 2522 fidem,
2150 2467 2231 2512 sed

269 2533 408 2577 etiam
434 2543 616 2592 propter
643 2532 752 2577 alias
769 2533 983 2586 rationes,
1004 2547 1057 2577 ex
1079 2533 1239 2592 quibus
1267 2544 1464 2592 apparet,
1489 2534 1611 2593 quod
1637 2548 1817 2593 semper
1841 2534 1890 2578 in
1916 2534 2012 2593 ejus
2037 2547 2230 2594 corpore

269 2600 502 2644 cicatrices
518 2599 623 2644 illae
644 2600 965 2644 remanebunt:
995 2600 1114 2659 quia,
1137 2610 1186 2643 ut
1210 2600 1402 2659 August.
1423 2602 1530 2645 dicit
1547 2601 1603 2645 ad
1622 2601 1926 2646 Consentium
1946 2601 2002 2646 de
2019 2601 2232 2646 Resurre-

270 2667 422 2711 ctione
450 2667 596 2711 carnis
626 2668 757 2727 (epist.
780 2666 876 2723 146.
890 2667 1020 2726 paulo
1043 2681 1069 2711 α
1080 2668 1221 2726 princ.
1220 2668 1261 2725 ),
1293 2684 1316 2708 «
1339 2668 1531 2712 Domini
1549 2682 1713 2727 corpus
1739 2668 1786 2712 in
1803 2667 1936 2713 coelo
1955 2680 2055 2713 esse
2077 2667 2230 2722 credo,

272 2744 322 2778 ut
346 2744 441 2779 erat
468 2735 650 2793 quando
679 2734 882 2778 ascendit
913 2735 958 2777 in
983 2733 1165 2778 coelum
1184 2750 1231 2788 »ς
1259 2744 1303 2778 et
1331 2735 1580 2794 Gregorius
1612 2748 1677 2790 14.
1704 2734 1868 2779 Moral.
1894 2735 2008 2795 (cap.
2033 2749 2104 2794 29.
2137 2741 2231 2781 anto:

269 2800 394 2858 med.)
421 2801 543 2856 dicit,
571 2801 693 2860 quod
723 2818 746 2842 «
770 2802 807 2845 si
833 2801 939 2859 quid
965 2801 1011 2844 in
1040 2815 1231 2860 corpore
1261 2802 1430 2846 Christi
1456 2813 1559 2861 post
1583 2802 1962 2846 resurrectionem
1983 2802 2131 2861 potuit
2150 2802 2231 2847 im·

270 2869 451 2923 mutari,
479 2878 637 2913 contra
668 2868 917 2912 veridicam
949 2867 1081 2911 Pauli
1115 2868 1402 2922 sententiam,
1447 2879 1549 2928 post
1585 2869 1963 2914 resurrectionem
1999 2869 2230 2914 Dominus

269 2936 402 2980 rediit
432 2936 479 2980 in
511 2945 732 2990 mortem;
767 2935 888 2993 quod
921 2935 1019 2993 quis
1053 2934 1201 2978 dicere
1233 2935 1307 2979 vel
1340 2936 1501 2980 stultus
1533 2946 1806 2995 praesumat,
1837 2936 1926 2982 nisi
1957 2937 2033 2996 qui
2071 2950 2230 2982 veram

270 3004 417 3048 carnis
442 3003 824 3047 resurrectionem
853 3001 1077 3060 denegat?
1098 3018 1120 3043 »
1153 3002 1286 3046 Unde
1313 3013 1448 3061 patet,
1477 3004 1598 3062 quod
1627 3004 1876 3058 cicatrices,
1890 3017 2001 3063 quas
2020 3003 2229 3049 Christus

269 3080 372 3130 post
403 3070 782 3115 resurrectionem
807 3070 853 3113 in
880 3083 964 3114 suo
992 3083 1182 3129 corpore
1216 3070 1426 3124 ostendit,
1449 3085 1684 3130 nunquam
1705 3071 2004 3131 postmodum
2025 3071 2080 3116 ab
2107 3070 2228 3117 iuius

271 3151 463 3197 corpore
489 3147 593 3182 sunt
617 3147 836 3182 remotae.
