2352 3926
279 252 347 307 92
813 250 1091 299 QUAESTIO
1131 250 1226 289 vn.
1265 249 1573 290 ARTICULUS
1614 249 1688 288 tx.

367 354 443 398 AD
468 367 655 400 PR1MUM
681 368 790 412 ergo
817 353 1075 408 dicendum,
1101 353 1224 414 quod
1250 352 1376 407 fides,
1403 361 1448 396 et
1468 365 1571 411 spes
1592 351 1834 397 nominant
1853 351 2041 399 effectus
2063 354 2234 414 gratiae

279 435 385 466 cum
412 422 611 480 quodam
637 421 828 475 defectu,
855 421 932 480 qui
959 431 1026 465 est
1056 436 1111 466 ex
1146 431 1272 481 parte
1308 419 1566 478 recipientis
1606 419 1824 478 gratiam3
1855 421 2123 480 inquantum
2154 422 2237 467 sci-

278 487 385 532 licet
408 488 518 533 fides
545 498 611 532 est
636 488 691 531 de
717 502 810 531 non
836 487 957 541 visis,
985 498 1029 532 et
1053 502 1155 548 spes
1183 488 1237 532 de
1263 501 1358 531 non
1390 486 1582 540 habitis;
1618 487 1738 531 unde
1772 500 1869 531 non
1901 498 2082 548 oportet
2111 489 2236 550 quod

277 555 325 598 in
352 554 549 608 Christo,
578 556 652 613 qui
680 565 746 598 est
773 565 932 598 auctor
958 556 1142 613 gratiae,
1169 555 1332 598 fuerint
1357 552 1575 607 defectuS,
1602 567 1716 612 quos
1753 555 2002 613 important
2034 555 2160 611 fides,
2192 565 2238 600 et

280 635 402 680 spes:
430 622 507 665 sed
536 621 749 680 quidquid
777 631 845 665 est
870 621 1158 680 perfectionis
1185 623 1231 664 in
1257 620 1360 674 fide,
1388 629 1432 663 et
1458 633 1551 678 spe,
1577 619 1624 664 in
1651 620 1839 665 Christo
1867 630 1935 666 est
1964 621 2111 667 multo
2141 637 2239 682 per-

278 687 460 742 fectius;
488 690 602 731 sicut
637 688 683 731 in
724 688 829 747 igne
855 702 948 732 non
975 698 1079 732 sunt
1104 701 1265 731 omnes
1293 686 1419 730 modi
1445 686 1610 731 caloris
1638 687 1848 733 defectivi
1867 702 1921 733 ex
1940 688 2119 734 defectu
2140 689 2240 734 sub-

278 756 397 813 jecti,
423 756 500 799 sed
527 755 742 814 quidquid
769 756 961 815 pertinet
987 756 1042 799 ad
1069 754 1396 814 perfectionem
1424 753 1601 799 caloris.

367 823 441 866 AD
475 836 733 867 SECUNDUM
767 823 1024 877 dicendum,
1059 822 1182 881 quod
1220 822 1275 865 ad
1317 821 1512 879 gratiam
1545 833 1811 882 operantem
1847 837 1928 883 per
1963 837 2011 868 se
2045 823 2239 883 pertinet

279 888 426 933 facere
451 891 644 947 justum:
673 891 751 934 sed
779 891 900 949 quod
926 892 1095 949 justum
1120 889 1258 933 faciat
1283 903 1336 933 ex
1362 889 1520 948 impi0,
1546 889 1637 933 hoc
1665 890 1828 935 accidit
1853 890 1896 935 ei
1916 905 1971 935 ex
1991 901 2118 950 parte
2140 891 2244 936 sub-

279 957 399 1015 jecti,
426 957 472 1000 in
498 971 588 1016 quo
615 967 855 1016 peccatum
876 957 1127 1000 invenitur:
1156 957 1310 1000 anima
1337 955 1509 1000 Christi
1529 956 1666 1014 igitur
1685 956 1926 1016 justificata
1951 967 2022 1003 est
2040 958 2239 1019 per-'‘gra-

279 1025 390 1069 tiam
414 1034 693 1083 operantem,
716 1025 983 1083 inquantum
1004 1038 1083 1083 per
1100 1037 1203 1067 eam
1225 1022 1345 1067 facta
1367 1033 1435 1068 est
1454 1024 1587 1083 justa,
1605 1033 1820 1069 et-sancta
1836 1039 1862 1069 a
1884 1025 2110 1085 principio
2126 1036 2237 1071 suae

282 1092 606 1151 conceptionis,
632 1105 726 1136 non
754 1092 875 1150 quod
903 1101 1005 1135 ante
1031 1090 1166 1135 fuerit
1190 1090 1433 1149 peccatrix,
1460 1101 1537 1135 aut
1562 1091 1700 1136 etiam
1724 1106 1819 1136 non
1843 1092 1977 1151 justa.

370 1159 447 1203 AD
466 1172 680 1204 TERTIUM
698 1159 955 1213 dicendum,
983 1158 1106 1217 quod
1131 1157 1364 1217 plenitudo
1388 1158 1560 1216 gratiae
1587 1158 1842 1204 attribuitur
1863 1159 2044 1204 animae
2065 1158 2240 1205 Christi

282 1226 532 1270 secundum
559 1226 856 1285 capacitatem
883 1235 1129 1280 creaturae,
1156 1239 1251 1269 non
1278 1235 1431 1270 autem
1464 1240 1546 1286 per
1580 1227 1973 1287 comparationem
2009 1223 2066 1272 ad
2101 1225 2241 1287 pleni-

281 1293 485 1338 tudinem
510 1293 732 1337 infinitam
756 1293 969 1338 bonitatis
996 1293 1190 1338 divinae.

978 1473 1414 1532 ARTICULUS
1459 1474 1530 1530 X.
1637 1497 1640 1501 ¹
2188 1501 2240 1548 52

543 1612 734 1651 UTRUM
760 1613 1078 1652 PLENITUDO
1116 1612 1353 1652 GRATIAE
1387 1612 1471 1651 SIT
1505 1611 1738 1652 PROPRIA
1771 1611 2008 1651 CHRISTI.
2085 1600 2087 1603 ’

890 1721 942 1782 (3.
968 1724 1082 1768 Dist.
1108 1738 1163 1782 13.
1191 1737 1229 1781 q.
1256 1739 1291 1768 I.
1319 1728 1400 1767 art.
1427 1737 1466 1767 2.
1495 1737 1534 1781 q.
1559 1722 1639 1780 2.).

375 1833 450 1878 AD
477 1847 698 1878 DECIMUM
724 1834 788 1878 sic
815 1835 1087 1893 proceditur.
1111 1834 1315 1889 Videtur,
1343 1835 1464 1894 quod
1490 1834 1725 1895 plenitudo
1752 1834 1924 1894 gratiae
1945 1848 2042 1880 non
2066 1833 2245 1895 sit-‘pro-

287 1900 383 1960 pria
410 1901 603 1945 Christi:
632 1901 752 1960 quod
780 1902 901 1946 enim
929 1912 996 1946 est
1026 1903 1260 1962 proprium
1294 1902 1497 1961 alicujus,
1529 1903 1613 1947 sibi
1644 1902 1732 1947 soli
1763 1903 1997 1948 convenit:
2034 1902 2120 1947 sed>
2143 1912 2245 1948 esse
2270 1933 2276 1935 a
2350 1907 2352 1909 ’

287 1969 472 2045 plenum
499 1968 642 2027 gratia
667 1969 935 2028 quibusdam
963 1969 1060 2014 aliis
1087 1970 1363 2015 attribuitur:
1390 1970 1552 2014 dicitur
1578 1970 1701 2014 enim
1733 1970 1844 2015 Luc.
1881 1983 1919 2015 1.
1950 1970 2134 2015 Beatae
2146 1967 2247 2014 Vir-

290 2035 403 2094 gini:
430 2037 584 2094 Ave,
569 2038 703 2080 aratia
720 2036 874 2095 plena,·
908 2037 1070 2081 dicitur
1096 2038 1235 2081 etiam
1260 2037 1364 2082 Act.
1391 2036 1453 2082 6.:
1484 2038 1709 2097 Stephanus
1726 2037 1876 2097 plenus
1896 2039 2052 2098 gratia,
2075 2037 2246 2098 elferii·

291 2103 455 2156 tudina
484 2118 594 2161 ergo
620 2103 852 2162 plenitudo
879 2106 1051 2163 gratiae
1079 2121 1170 2150 non
1198 2115 1265 2151 est
1290 2106 1473 2165 propria
1500 2106 1700 2151 Christo.

380 2183 420 2214 2
446 2170 741 2215 PRAETEREA.
768 2171 884 2215 Illud
917 2173 1038 2231 quod
1070 2183 1220 2232 potest
1251 2172 1583 2218 communicari
1618 2172 1716 2217 aliis
1747 2187 1828 2232 per
1863 2172 2116 2251 Christum,
2150 2185 2247 2216 non

289 2237 463 2281 videtur
485 2251 581 2282 esse
602 2239 834 2297 proprium
858 2239 1069 2285 Christo·
1094 2241 1172 2285 sed
1195 2239 1429 2300 plenitudo
1449 2240 1620 2299 gratiae
1642 2249 1793 2299 potest
1810 2238 2145 2285 communicari
2163 2252 2248 2300 per

292 2304 526 2349 Christum
552 2304 673 2350 aliis:
700 2306 807 2350 dicit
832 2307 955 2350 enim
980 2308 1137 2366 Apost.
1160 2308 1325 2367 Ephes.
1357 2323 1420 2367 3..
1455 2309 1509 2352 Ut
1532 2308 1797 2368 impleamini
1819 2309 1866 2352 in
1887 2321 2049 2353 omnem
2068 2306 2250 2369 plenitu-

290 2371 425 2416 dinem
450 2373 557 2424 Dei,·
585 2386 694 2431 ergo
721 2372 951 2431 plenitudo
979 2375 1149 2433 gratiae
1174 2389 1269 2419 non
1296 2385 1364 2419 est
1387 2375 1570 2435 propria
1598 2371 1799 2419 Christo.

384 2453 421 2497 3.
448 2439 742 2484 PRAETEREA.
777 2440 928 2485 Status
968 2442 1068 2486 viae
1109 2443 1446 2502 proportionari
1475 2442 1654 2487 videtur
1690 2441 1826 2487 statui
1859 2441 2055 2502 patriae:
2091 2440 2170 2486 sed
2201 2440 2250 2485 in

293 2515 408 2550 statu
434 2506 604 2565 patriae
631 2507 714 2551 erit
739 2509 960 2566 quaedam
992 2509 1245 2567 plenitudo:
1274 2510 1380 2569 quia
1411 2526 1434 2551 ε(
1460 2510 1507 2553 in
1531 2509 1611 2553 illa
1645 2508 1833 2554 coelesti
1862 2508 2021 2569 patria,
2051 2508 2131 2554 ubi
2160 2506 2252 2567 ple—

292 2573 449 2617 nitudo
477 2583 544 2617 est
569 2573 718 2618 omnis
742 2575 865 2628 boni,
891 2575 997 2619 licet
1022 2577 1245 2635 quaedam
1278 2578 1382 2622 data
1407 2577 1496 2621 sint
1522 2576 1810 2631 excellenter,
1833 2575 1951 2621 nihil
1974 2585 2131 2621 tamen
2150 2588 2252 2635 pos-

294 2641 462 2684 sidetur
487 2641 772 2699 singulariter
796 2659 838 2695 >›,
864 2651 913 2686 ut
937 2653 1059 2719 patet
1084 2658 1163 2701 per
1191 2644 1384 2703 Gregor.
1410 2645 1457 2688 in
1483 2644 1610 2688 hom.
1637 2644 1694 2688 de
1721 2643 1922 2689 Centum
1949 2643 2068 2688 ovib.
2093 2640 2180 2705 (34.
2203 2643 2252 2688 in

294 2709 542 2766 Evangel.);
567 2722 676 2767 ergo
702 2708 748 2752 in
775 2719 891 2753 statu
912 2710 1012 2754 viae
1037 2711 1227 2755 habetur
1250 2712 1420 2789 gratiae
1443 2711 1676 2772 plenitudo
1701 2725 1727 2755 a
1747 2711 1937 2771 singulis
1959 2709 2251 2788 hominibus-‚3

295 2784 341 2820 et
363 2775 427 2819 ita
452 2774 683 2834 plenitudo
711 2777 880 2835 gratiae
907 2791 999 2820 non
1027 2788 1094 2821 est
1118 2780 1298 2838 propria
1325 2779 1508 2824 Christi.

384 2842 478 2886 SED
506 2850 700 2887 CONTRA
727 2853 807 2897 est,
845 2844 965 2902 quod
998 2843 1228 2902 plenitudo
1262 2847 1433 2905 gratiae
1467 2846 1720 2938 attribuitur
1752 2845 1955 2918 Christo,
1979 2845 2251 2925 inquantum

296 2917 364 2954 est
388 2909 645 2967 unigenitus
673 2924 696 2952 a
723 2909 870 2963 Patre,
897 2911 1147 2955 secundum
1181 2912 1292 2957 illud
1315 2914 1446 2971 Joan
1469 2928 1504 2958 1.
1517 2914 1749 2959 :Vidimus
1779 2926 1900 2973 eum,
1919 2914 2039 2974 quasi
2066 2913 2254 2972 unigeni·

297 2983 386 3021 tum
418 2990 442 3021 α
474 2977 614 3031 Patre,
645 2976 859 3035 plenum
845 2979 1023 3035 gratiae,
1057 2985 1093 3022 et
1122 2982 1338 3025 veritatis:
1372 2981 1450 3025 sed
1483 2995 1581 3026 esse
1624 2981 1911 3040 unigenitum
1946 2993 1973 3025 a
2003 2979 2176 3050 Patre,
2186 2988 2255 3025 est

295 3044 530 3103 proprium
563 3043 773 3098 Christ03
807 3058 916 3102 ergo
949 3054 994 3088 et
1024 3045 1108 3088 sibi
1139 3047 1372 3106 proprium
1405 3058 1484 3103 est,
1517 3063 1616 3094 esse
1649 3048 1838 3109 plenum
1874 3047 2062 3108 gratiae,
2104 3055 2151 3092 et
2179 3060 2252 3092 ve·

296 3110 454 3155 ritatis.
2150 3138 2152 3140 ·

386 3177 674 3223 RESPONDEO
701 3177 959 3231 dicendum,
993 3178 1114 3236 quod
1148 3178 1381 3238 plenitudo
1419 3182 1591 3239 gratiae
1623 3192 1775 3242 potest
1806 3181 1976 3228 attendi
2006 3181 2252 3242 duplimer:

298 3260 380 3289 uno
397 3244 516 3289 modo
536 3258 590 3289 ex
607 3254 731 3303 parte
750 3244 888 3303 ipsius
915 3245 1108 3302 gratiae:
1133 3246 1215 3289 alio
1233 3247 1354 3290 modo
1374 3262 1426 3291 ex
1440 3260 1564 3307 parte
1586 3249 1795 3294 habentis
1812 3248 2032 3310 gratiam.
2055 3261 2109 3293 ex
2127 3251 2256 3311 parth

299 3311 484 3370 quidem
510 3311 647 3371 ipsius
675 3311 844 3370 gratiae
871 3310 1031 3354 dicitur
1057 3325 1154 3355 esse
1181 3311 1412 3370 plenitudo
1442 3316 1612 3371 gratiae
1640 3330 1693 3360 ex
1720 3330 1792 3371 eo,
1818 3315 1943 3376 quod
1972 3314 2136 3375 aliquis
2156 3322 2260 3393 per-

299 3378 432 3437 tingit
458 3378 512 3422 ad
539 3392 769 3423 summum
798 3377 982 3436 gratiae,
1010 3387 1054 3421 et
1086 3388 1305 3437 quantum
1339 3381 1393 3423 ad
1427 3383 1684 3436 essentiam,
1718 3393 1763 3427 et
1794 3392 2015 3443 quantum
2043 3381 2100 3427 ad
2124 3381 2260 3427 virtu-

301 3456 419 3499 tem3
446 3446 550 3504 quia
576 3445 749 3490 scilicet
774 3445 909 3489 habet
936 3445 1141 3503 gratiam,
1161 3455 1204 3489 et
1221 3445 1265 3488 in
1285 3447 1483 3491 maxima
1510 3448 1776 3493 excellentia
1802 3463 1891 3509 qua
1916 3458 2067 3510 potest
2083 3447 2258 3504 haberi,

304 3523 346 3557 et
372 3514 417 3556 in
444 3513 643 3557 maxima
670 3515 931 3557 extensione
960 3513 1013 3555 ad
1041 3526 1201 3556 omnes
1229 3513 1398 3571 gratiae
1427 3512 1632 3558 effectus:
1663 3526 1708 3560 et
1734 3517 1828 3561 talis
1855 3516 2020 3576 gratiae
2042 3514 2257 3580 plenitudo

303 3586 356 3625 est
377 3581 557 3639 propria
585 3579 767 3625 Christo:
795 3595 850 3624 ex
881 3589 1006 3638 parte
1032 3594 1140 3624 vero
1174 3580 1363 3638 subjecti
1395 3580 1557 3625 dicitur
1590 3584 1760 3640 gratiae
1793 3583 2046 3644 plenitude,
2068 3575 2259 3645 quando

306 3647 404 3706 quis
429 3647 566 3692 habet
582 3646 714 3707 plene
732 3647 924 3706 gratiam
942 3647 1192 3692 secundum
1210 3660 1341 3692 suam
1368 3648 1701 3696 conditionem:
1726 3652 1813 3697 sive
1843 3650 2095 3696 secundum
2119 3650 2262 3697 inten-
