2352 3926
252 204 360 275 438
827 217 1102 262 QUAESTIO
1145 216 1235 255 L11.
1269 202 1577 255 ART1cuLth
1617 217 1652 255 1.

343 316 534 368 Quinto.
563 316 728 359 Utrum
756 325 939 358 sanctos
967 316 1122 359 Patres
1150 315 1204 358 ab
1231 314 1409 359 inferno
1435 314 1708 359 liberaverit.

343 383 495 427 Sexto.
525 383 690 426 Utrum
723 383 965 425 damnatos
991 382 1045 425 ab
1072 381 1251 426 inferno
1277 381 1549 426 liberaverit.

342 450 563 508 Septimo.
600 449 766 491 Utrum
793 448 1052 492 liberaverit
1076 463 1242 507 pueros
1269 449 1314 492 in
1341 458 1531 506 peccato
1559 447 1772 507 originali
1797 448 2050 494 defunctos.

343 516 540 562 Octavo.
570 515 736 559 Utrum
763 515 1021 560 liberaverit
1045 515 1259 560 homines
1286 516 1341 560 de
1368 516 1650 574 purgatorio.

959 692 1394 751 ARTICULUS
1445 694 1487 748 Ι.
2131 705 2218 752 286

254 829 449 868 UTRUM
485 830 680 868 Fui-:mr
709 829 1078 882 εοΝνΕΝιΕΝε,
1112 831 1394 870 cnR1STUM
1419 830 1494 869 AD
1529 796 1809 870 mFEmR'UM
1841 827 2218 871 DESCENDERE.

625 938 680 998 (3.
706 939 818 983 Dist.
841 953 909 984 22.
928 954 965 997 q.
989 953 1028 984 2.
1052 946 1135 985 art.
1162 953 1199 984 Ι.
1223 955 1261 999 q.
1285 919 1326 984 ἰ.
1348 946 1385 984 et
1407 947 1548 1000 opusc.
1571 955 1611 985 2.
1636 948 1728 999 cap.
1755 950 1838 999 235.

875 1012 912 1050 et
939 1014 1074 1066 opusc.
1103 1007 1174 1052 60.
1198 1015 1288 1067 cap.
1312 1022 1374 1052 21.
1395 1007 1572 1066 priua).

342 1116 418 1159 AD
450 1128 639 1161 PRIMUM
666 1116 729 1160 sic
757 1117 1030 1176 proceditur.
1056 1116 1261 1171 Videtur,
1297 1118 1420 1176 quod
1460 1131 1555 1161 non
1596 1116 1732 1162 fuerit
1767 1116 2043 1162 conveniens
2093 1116 2222 1162 Chri-

253 1191 375 1227 stum
417 1183 472 1227 ad
515 1183 745 1227 infernum
777 1184 1073 1228 descendere:
1111 1184 1220 1228 dicit
1251 1185 1374 1228 enim
1407 1185 1601 1242 August.
1644 1184 1690 1227 in
1723 1184 1852 1243 epist.
1887 1184 1942 1228 ad
1967 1183 2220 1229 Evodium:

253 1252 380 1310 (quae
405 1257 460 1295 est
484 1251 580 1308 164.
608 1252 812 1310 aliquant.
842 1258 936 1296 ante
967 1251 1116 1307 med.).·
1147 1251 1284 1295 «Nec
1318 1251 1442 1309 ipsos
1476 1252 1661 1310 quidem
1693 1249 1863 1295 inferos
1895 1251 2073 1309 uspiam
2107 1250 2224 1295 Scri—

250 1327 485 1378 pturarum
511 1318 558 1361 in
597 1317 712 1362 libro
748 1318 999 1376 appellatos
1033 1318 1162 1376 potui
1193 1319 1390 1376 reperire
1409 1333 1460 1362 »ε
1503 1319 1583 1363 sed
1625 1318 1780 1362 anima
1818 1317 1991 1362 Christi
2025 1331 2120 1362 non
2150 1317 2226 1362 de-

253 1385 428 1430 scendit
455 1385 509 1428 ad
544 1385 727 1444 aliquod
760 1385 960 1439 malum3
994 1386 1099 1444 quia
1130 1400 1214 1430 nec
1248 1386 1429 1430 animae
1469 1387 1694 1444 justorum
1732 1384 1788 1429 ad
1827 1385 2011 1445 aliquod
2047 1385 2224 1430 malum

253 1451 555 1507 descendunt3
584 1466 694 1511 ergo
720 1452 912 1506 videtur,
940 1452 1063 1511 quod
1095 1467 1190 1496 non
1229 1452 1364 1497 fuerit
1397 1453 1674 1497 conveniens
1709 1451 1946 1498 Christum
1972 1452 2030 1497 ad
2054 1451 2224 1497 inferos

256 1521 545 1566 descendere.

347 1601 387 1633 2.
415 1588 714 1633 PRAETEREA.
739 1588 1032 1633 Descendere
1052 1589 1106 1631 ad
1125 1586 1293 1632 inferos
1316 1602 1409 1632 non
1426 1598 1576 1648 potest
1595 1587 1783 1633 Christo
1806 1586 2054 1633 convenire
2070 1598 2227 1633 secun·

256 1656 366 1699 dum
399 1655 602 1698 divinam
632 1664 859 1709 naturam,
892 1670 1009 1714 quae
1042 1664 1110 1699 est
1142 1656 1334 1700 omnino
1374 1655 1650 1710 immobilis3
1681 1655 1760 1700 sed
1786 1654 1939 1700 solum
1978 1654 2226 1700 convenire

249 1732 399 1782 potest
426 1723 468 1766 ei
499 1723 752 1766 secundum
787 1733 998 1766 naturam
1033 1732 1339 1782 assumptam:
1369 1738 1423 1768 ea
1449 1736 1574 1777 vero,
1609 1734 1726 1782 quae
1761 1721 1972 1767 Christus
1997 1721 2123 1778 fecit,
2151 1720 2227 1766 vel

255 1803 411 1849 passus
442 1800 510 1834 est
540 1789 587 1833 in
618 1800 781 1834 natura
813 1799 1059 1850 assumpta,
1086 1791 1353 1834 ordinantur
1379 1791 1435 1834 ad
1462 1790 1714 1834 humanam
1742 1789 1961 1845 salutem3
1999 1790 2056 1835 ad
2087 1803 2226 1850 quam

255 1872 350 1901 non
375 1857 552 1901 videtur
577 1857 886 1901 necessarium
911 1857 1064 1911 fuisse,
1097 1858 1220 1916 quod
1254 1858 1464 1902 Christus
1492 1858 1778 1902 descenderit
1808 1857 1866 1901 ad
1896 1855 2087 1912 infel-083
2119 1857 2226 1916 quia

259 1939 339 1984 per
365 1925 628 1982 passionem
655 1939 800 1978 suam,
828 1939 966 1983 quam
983 1925 1028 1968 in
1055 1925 1145 1968 hoc
1173 1925 1346 1968 mundo
1370 1926 1595 1979 sustinuit,
1621 1937 1706 1969 nos
1732 1924 1940 1969 liberavit
1964 1936 1992 1968 a
2017 1923 2165 1983 culpa,
2183 1935 2227 1968 et

259 2006 424 2051 poena,
451 2003 500 2036 ut
525 2006 660 2051 supra
687 1992 860 2035 dictum
888 2001 956 2035 est
980 1993 1041 2051 (q.
1059 2008 1126 2050 50.
1154 1999 1237 2037 art.
1271 1993 1312 2037 6.
1311 1992 1365 2050 ).·
1391 2006 1487 2036 non
1512 1993 1649 2052 igitur
1674 1991 1756 2036 fuit
1783 1992 2076 2047 conveniens,
2102 1991 2227 2051 quod

264 2059 473 2104 Christus
497 2060 551 2103 ad
574 2058 802 2103 infernum
830 2059 1138 2104 descenderet.

355 2142 392 2186 3.
420 2128 718 2172 PRAETEREA.
752 2127 841 2171 Per
873 2137 1070 2171 mortem
1105 2127 1278 2171 Christi
1309 2137 1516 2186 separata
1548 2137 1615 2172 est
1656 2127 1810 2171 anima
1836 2141 1860 2172 a
1888 2138 2083 2187 corpore
2115 2127 2228 2187 ejus,

260 2195 383 2253 quod
411 2194 595 2252 quidem
623 2194 668 2237 in
695 2192 938 2252 sepulchro
967 2194 1167 2252 positum
1192 2193 1290 2249 fuit,
1317 2203 1366 2238 ut
1391 2208 1526 2254 supra
1552 2195 1723 2238 dictum
1752 2204 1819 2238 est
1840 2195 1902 2253 (q.
1916 2193 2226 2254 praec.):non

264 2272 416 2304 autem
439 2261 629 2314 videtur,
658 2262 779 2319 quod
807 2262 1059 2304 secundum
1083 2261 1285 2304 animam
1303 2261 1452 2305 solam
1472 2262 1526 2305 ad
1544 2261 1772 2305 infernum
1792 2261 2100 2306 descenderit:
2123 2260 2228 2320 quia

259 2330 427 2381 anima,
456 2342 562 2371 cum
597 2328 655 2371 sit
686 2327 972 2386 incorporea,
1010 2342 1104 2372 non
1130 2329 1307 2372 videtur
1339 2329 1460 2388 quod
1494 2329 1700 2373 localiter
1732 2328 1876 2387 possit
1899 2330 2099 2373 moveri:
2136 2328 2228 2373 hoc

259 2396 383 2439 enim
411 2405 478 2439 est
503 2409 766 2453 corporum,
792 2406 840 2438 ut
864 2395 1082 2454 probatur
1108 2396 1155 2439 in
1182 2394 1222 2439 6.
1247 2395 1429 2455 Physic.
1449 2398 1546 2454 (tex.
1570 2397 1673 2456 32.);
1693 2396 1940 2440 descensus
1962 2406 2116 2441 autem
2133 2408 2230 2440 mo·

256 2472 354 2507 tum
383 2461 672 2522 corporalem
707 2462 948 2521 importat3
975 2477 1069 2506 non
1111 2477 1221 2522 ergo
1249 2463 1331 2507 fuit
1357 2466 1651 2518 conveniens,
1685 2463 1807 2523 quod
1841 2463 2053 2508 Christus
2077 2462 2136 2508 ad
2165 2462 2229 2508 in-

257 2530 440 2576 fernum
468 2530 774 2574 descenderet.

351 2597 445 2642 SED
474 2610 670 2642 CONTRA
698 2606 778 2650 est,
805 2597 928 2656 quod
956 2597 1118 2640 dicitur
1143 2597 1190 2640 in
1214 2597 1464 2657 Symbolo:
1488 2599 1709 2643 Descendit
1725 2598 1779 2643 ad
1795 2599 1972 2658 inferos;
1997 2608 2043 2643 et
2062 2597 2227 2658 Apost.

258 2665 368 2709 dicit
404 2664 569 2724 Ephes.
595 2676 663 2719 4:
708 2665 832 2722 Quod
865 2671 999 2709 autem
1034 2665 1226 2718 ascendit,
1261 2665 1361 2724 quid
1386 2673 1456 2720 est,
1491 2667 1572 2710 nisi
1603 2668 1702 2724 quia
1738 2672 1774 2711 et
1815 2665 2017 2712 descendit
2032 2667 2227 2727 primum

259 2732 313 2777 ad
335 2733 552 2791 inferiores
567 2738 708 2790 partes
734 2733 899 2776 terrae?
927 2730 1096 2775 Glossa
1126 2732 1299 2788 (interl.)
1334 2732 1450 2776 idest
1485 2733 1581 2776 «ad
1609 2732 1779 2778 inferos
1797 2750 1839 2778 ».

339 2800 637 2844 ΒΕΞΡΟΝΒΕΟ
666 2799 924 2853 dicendum,
952 2800 1090 2857 quod,
1118 2799 1396 2843 conveniens
1436 2799 1521 2844 fuit
1548 2800 1784 2845 Christum
1813 2800 1869 2845 ad
1894 2799 2122 2845 infernum
2155 2798 2227 2843 de-

258 2867 496 2911 scendere:
520 2868 661 2925 primo
689 2866 888 2925 quidem,
917 2866 1020 2924 quia
1044 2866 1139 2923 ipse
1166 2877 1351 2910 venerat
1378 2882 1574 2926 poenam
1604 2878 1808 2912 nostram
1834 2877 2030 2928 portare,
2063 2877 2112 2912 ut
2142 2879 2227 2911 nos

258 2949 283 2978 a
307 2949 455 2993 poena
483 2934 689 2992 eriperet,
717 2934 970 2977 secundum
997 2933 1107 2976 illud
1135 2933 1219 2976 Isa.
1253 2947 1342 2991 53.:
1381 2936 1481 2979 Vere
1512 2935 1729 2993 languores
1760 2942 1920 2981 nostros
1945 2936 2030 2996 ipse
2047 2933 2160 2989 tulit,
2193 2939 2229 2979 et

257 3003 415 3047 dolores
441 3009 600 3047 nostros
624 3004 705 3061 ipse
726 3003 948 3061 portavit:
978 3015 1030 3043 ex
1064 3010 1253 3059 peccato
1288 3012 1439 3045 autem
1473 3002 1618 3046 homo
1657 3003 1908 3057 incurrerat
1939 3016 2035 3047 non
2076 2999 2228 3046 solum

261 3080 460 3113 mortem
489 3069 709 3127 corporis,
737 3069 813 3112 sed
843 3069 980 3112 etiam
1009 3069 1277 3111 descensum
1307 3069 1360 3112 ad
1389 3068 1579 3114 inferos:
1610 3080 1654 3113 et
1679 3070 1783 3114 ideo
1817 3069 1933 3114 sicut
1958 3068 2042 3114 fuit
2067 3081 2231 3113 conve·

258 3138 388 3181 niens
417 3151 523 3181 eum
551 3137 684 3190 morl,
712 3146 760 3180 ut
785 3150 869 3179 nos
897 3135 1110 3179 liberaret
1146 3150 1170 3178 a
1206 3146 1378 3190 morte3
1405 3136 1466 3180 ita
1495 3139 1771 3182 conveniens
1798 3136 1883 3182 fuit
1909 3150 2015 3182 eum
2047 3135 2231 3180 descen-

255 3204 359 3248 dere
379 3204 432 3247 ad
453 3203 637 3257 inferos,
661 3213 709 3248 ut
725 3217 809 3247 nos
829 3217 854 3246 a
877 3203 1096 3247 descensu
1122 3203 1176 3246 ad
1196 3201 1366 3247 inferos
1384 3202 1617 3249 liberaret:
1639 3205 1757 3249 unde
1781 3204 1946 3248 dicitur
1969 3203 2123 3251 Oscae
2145 3215 2227 3262 13.:

255 3273 342 3316 Ero
369 3287 481 3316 mors
508 3278 595 3326 tua,
624 3287 645 3315 o
679 3286 816 3324 mor5;
842 3286 910 3315 ero
937 3286 1096 3315 morsus
1119 3277 1226 3323 tuus,
1256 3271 1440 3328 inferne:
1467 3272 1657 3327 secund0,
1686 3272 1791 3332 quia
1814 3273 2091 3317 conveniens
2114 3279 2229 3323 erat,

257 3350 304 3383 ut
330 3339 453 3383 victo
491 3339 675 3383 diabolo
710 3354 788 3398 per
820 3338 1096 3398 passionem,
1130 3338 1309 3382 vinctos
1345 3339 1440 3396 ejus
1485 3340 1691 3398 eriperet,
1732 3339 1810 3398 qui
1835 3337 2151 3384 detinebantur
2181 3336 2228 3381 in

254 3406 450 3461 inferno,
479 3407 733 3451 secundum
756 3406 866 3450 illud
894 3406 1081 3450 Zachar.
1110 3418 1174 3465 9.:
1210 3405 1273 3450 Tu
1301 3404 1460 3464 quoqne
1491 3408 1535 3450 in
1558 3408 1755 3466 sanguine
1782 3407 2011 3452 testamenti
2035 3405 2099 3451 tui
2133 3405 2230 3450 emi-

253 3476 342 3519 sisti
367 3476 528 3519 vinctos
555 3481 642 3519 tuos
668 3474 714 3519 de
746 3475 855 3528 lacu,
881 3483 925 3518 et
944 3472 1127 3517 Coloss.
1152 3485 1191 3516 2.
1211 3472 1374 3515 dicitur
1394 3488 1403 3517 :
1422 3474 1653 3533 Expolians
1669 3475 1951 3533 principatus,
1970 3479 2009 3519 et
2016 3477 2230 3533 potestates

253 3540 443 3586 traduxit
469 3541 745 3601 confidenter:
771 3543 906 3597 tertio,
936 3551 984 3584 ut
1010 3540 1126 3584 sicut
1154 3548 1427 3598 potestatem
1447 3553 1576 3584 suam
1600 3541 1798 3585 ostendit
1811 3540 1859 3585 in
1875 3550 1996 3585 terra
2013 3538 2229 3592 vivendo,

253 3619 297 3653 et
315 3608 573 3664 moriendo,
591 3609 653 3653 ita
671 3609 810 3653 etiam
833 3616 1110 3669 potestatem
1128 3620 1260 3651 suam
1279 3607 1538 3651 ostenderet
1554 3607 1601 3651 in
1623 3606 1801 3652 inferno
1818 3607 1970 3667 ipsum
1985 3604 2229 3655 visitando»
