2352 3926
675 244 953 291 QUAESTIO
995 244 1085 283 XV.
1123 243 1432 284 ARTICULUS
1472 242 1549 281 111.
1985 242 2083 298 149

29 353 74 410 λζ
111 341 220 396 *hoc
245 347 354 394 dicit
374 348 589 392 Damasc.
619 363 644 388 «
661 360 764 392 eam
783 361 881 392 esse
900 347 1202 406 ignorantem,
1221 356 1265 392 et
1290 345 1501 392 servilem
1519 362 1543 387 »
1558 361 1570 401 ;
1587 344 1707 391 unde
1722 344 1894 390 subdit:
1923 361 1947 388 «
1963 345 2087 389 Nam

51 415 77 454 ἵ.
120 429 258 462 serva
282 414 466 475 quidem
492 424 560 459 est
592 413 794 459 hominis
819 423 981 457 natura
1016 414 1127 472 ejus,
1152 414 1229 472 qui
1259 413 1366 459 fecit
1395 414 1557 473 ipsam,
1589 413 1679 458 Dei
1703 412 1891 467 scilicet,
1923 421 1969 457 et
1992 425 2087 457 non

125 482 264 528 habet
297 481 551 527 futurorum
584 480 898 539 cognitionem
913 494 961 524 »z
989 481 1072 525 alio
1104 481 1224 525 modo
1257 491 1408 540 potest
1435 480 1712 526 considerari
1742 480 1995 526 secundum
2025 480 2086 534 id,

116 549 249 612 *quod
273 548 412 593 habet
442 562 495 593 ex
526 548 695 592 unione
723 547 779 591 ad
810 547 1095 607 hypostasim
1133 546 1358 602 divinam3
1391 562 1444 592 ex
1471 562 1559 607 qua
1589 548 1728 593 habet
1758 546 2087 607 plenitudinem

50 609 69 661 {s
120 615 356 670 scientiae,
383 625 427 660 et
453 615 640 674 gratiae,
671 615 926 659 secundum
951 613 1063 658 illud
1089 614 1219 672 Joan.
1252 628 1313 657 1.:
1350 614 1536 659 Vidimus
1560 631 1652 659 eum
1685 617 1802 674 quasi
1831 616 2087 673 unigenitum

124 697 155 729 a
182 683 324 737 Patre,
345 682 515 742 plenum
538 683 715 741 gratiae,
739 687 775 726 et
804 683 1021 734 veritatis;
1056 690 1100 725 et
1120 681 1212 725 hoc
1238 681 1380 725 modo
1406 691 1566 725 natura
1599 682 1800 726 humana
1825 682 1872 726 in
1899 681 2086 727 Christo

115 748 431 810 ,ignorantiam
457 762 552 793 non
577 748 747 793 habuit.

39 811 56 868 J
213 815 290 861 An
316 829 576 861 SECUNDUM
603 814 860 869 dicendum,
898 815 1020 875 quod
1054 814 1263 860 Christus
1296 814 1458 859 dicitur
1488 829 1583 859 non
1615 816 1796 861 novisse
1828 827 2084 876 peccatum,

38 881 79 938 ζ’
114 883 230 944 :quia
253 883 445 929 nescivit
469 897 549 943 per
574 883 914 942 experientiam,
941 883 1072 927 scivit
1105 892 1257 927 autem
1290 897 1371 941 per
1402 881 1656 941 simplicem
1683 883 1907 927 notitiam.

42 1001 62 1011 'A
214 951 291 996 AD
317 963 535 996 TERTIUM
561 950 819 1005 dicendum,
847 949 969 1009 quod
990 949 1196 1009 loquitur
1220 950 1283 994 ibi
1309 950 1538 1009 Propheta
1575 949 1630 994 de
1662 950 1852 995 scientia
1882 951 2086 994 humana

110 1016 320 1063 :chi-isti:
347 1018 457 1062 dicit
497 1017 642 1063 enim:
669 1019 906 1076 Antequam
945 1019 1049 1062 sciat
1075 1026 1197 1077 puer,
1239 1017 1415 1061 scilicet
1454 1016 1707 1062 secundum
1738 1017 2087 1071 humanitatem,

110 1098 277 1131 ··vocare
292 1091 458 1145 patrem
482 1100 620 1140 suum,
654 1083 829 1129 scilicet
847 1084 1033 1143 Joseph,
1061 1084 1138 1144 qui
1162 1094 1289 1144 pater
1315 1085 1411 1143 ejus
1438 1083 1522 1128 fuit
1561 1085 1802 1143 putativus,
1841 1091 1877 1129 et
1896 1092 2088 1130 matrem

40 1168 52 1193 4-
115 1162 259 1207 msam,
285 1151 461 1197 scilicet
491 1151 700 1206 Mariam,
733 1152 944 1211 auferetur
965 1151 1176 1211 fortitudo
1208 1153 1427 1196 Damasei.
1465 1151 1606 1204 Quod
1637 1166 1732 1196 non
1766 1162 1834 1196 est
1865 1152 1929 1196 sic
1962 1151 2090 1196 intel-

110 1217 372 1278 -vligendum,
406 1219 535 1279 quasi
555 1218 800 1278 aliquando
822 1218 955 1264 fuerit
977 1219 1138 1273 homo,
1162 1229 1206 1263 et
1226 1219 1316 1263 hoc
1339 1218 1604 1263 nesciverit:
1628 1219 1707 1263 sed
1730 1226 1952 1278 antequam
1968 1222 2086 1273 sciat,

109 1284 243 1332 *idest
270 1296 516 1346 antequam
547 1285 625 1331 fiat
655 1286 799 1331 homo
826 1286 1065 1331 scientiam
1096 1287 1269 1331 habens
1300 1286 1568 1341 humanam,
1594 1287 1832 1346 auferetur:
1864 1287 1932 1332 vel
1959 1286 2014 1330 ad
2042 1286 2090 1331 li-

110 1362 268 1402 teram
288 1353 501 1413 fortitudo
526 1354 746 1407 Damasci,
781 1360 817 1398 et
846 1354 980 1414 spolia
1011 1354 1233 1399 Samariae
1264 1368 1344 1413 per
1375 1354 1549 1413 Regem
1572 1354 1892 1413 Assyriorum:
1917 1355 1984 1400 vel
2005 1354 2089 1414 spi-

109 1420 356 1475 ritualiter,
388 1420 494 1480 quia
513 1421 698 1466 nondum
723 1427 845 1466 natus
862 1421 1064 1480 populum
1089 1436 1209 1466 suum
1233 1421 1321 1466 sola
1345 1422 1609 1466 invocatione
1632 1421 1830 1476 salvabit,
1859 1431 1908 1466 ut
1934 1420 2087 1467 Gloss.

46 1492 67 1548 J·
123 1489 306 1547 (interl.)
331 1488 520 1533 Hieron.
561 1488 624 1532 ibi
650 1488 858 1548 exponit:
885 1488 1004 1547 Aug.
1031 1498 1187 1533 tamen
1213 1489 1259 1532 in
1288 1488 1434 1532 Serm.
1463 1488 1518 1533 de
1544 1488 1706 1548 Epiph.
1749 1489 1844 1548 (qui
1869 1495 1926 1534 est
1945 1504 2009 1548 32.
2042 1489 2088 1533 de

41 1555 58 1616 ss
129 1556 272 1616 Temp.
303 1557 403 1601 circ.
434 1554 560 1610 med.)
603 1555 726 1609 dicit,
766 1555 859 1601 hoc
892 1569 990 1600 esse
1028 1555 1312 1615 completum
1343 1556 1388 1600 in
1422 1555 1689 1600 adoratione
1720 1555 1992 1615 Magorum3
2027 1556 2090 1601 ait

60 1660 62 1662 .
122 1623 268 1668 enim:
298 1638 324 1666 α
349 1622 610 1682 Antequam
638 1636 718 1681 per
743 1623 996 1667 humanam
1023 1637 1209 1668 carnem
1240 1623 1446 1667 humana
1475 1622 1614 1667 verba
1639 1622 1874 1682 proferret,
1913 1626 2088 1683 accepit

119 1690 336 1735 virtutem
360 1690 595 1744 Damasci,
621 1690 795 1735 scilicet
821 1690 1013 1744 divitias,
1038 1691 1085 1734 in
1113 1691 1274 1750 quibus
1300 1691 1557 1735 Damascus
1582 1691 1926 1750 praesumebat:
1953 1691 2000 1735 in
2026 1691 2089 1735 di-

38 1751 59 1819 Js‘
119 1757 240 1802 vitiis
262 1768 416 1802 autem
437 1757 713 1817 principatus
736 1771 847 1801 auro
871 1757 1079 1802 defertur.
1106 1757 1263 1817 Spolia
1284 1772 1394 1802 vero
1419 1757 1654 1802 Samariae
1676 1758 1816 1802 iidem
1837 1758 1923 1818 ipsi
1945 1768 2086 1812 erant,

37 1838 51 1880 g
121 1824 200 1884 qui
223 1823 499 1869 incolebant.
528 1824 738 1869 Samaria
762 1839 961 1884 namque
987 1839 1070 1884 pro
1096 1824 1358 1870 idololatria
1398 1825 1594 1884 ponitur,
1621 1824 1714 1869 illic
1743 1826 1866 1870 enim
1891 1825 2087 1885 populus

38 1916 54 1952 v3
119 1889 262 1937 Israel
287 1904 470 1936 aversus
497 1905 523 1935 a
547 1892 768 1946 Domino,
797 1892 853 1936 ad
879 1891 1001 1936 idola
1028 1892 1221 1936 colenda
1249 1907 1494 1937 conversus
1525 1903 1611 1947 est;
1639 1893 1753 1937 haec
1780 1893 1917 1952 igitur
1939 1893 2086 1952 prima

121 1958 268 2018 spolia
289 1973 401 2017 puer
425 1958 712 2004 idololatriae
739 1959 1040 2004 dominationi
1068 1960 1258 2004 detraxit
1275 1975 1326 2014 »3
1350 1970 1394 2004 et
1415 1960 1668 2004 secundum
1690 1960 1781 2004 hoc
1804 1959 2086 2019 intelligitur,

35 2022 46 2090 ]'
105 2031 340 2086 ‘antequam
363 2027 478 2080 sciat,
509 2027 625 2072 idest
651 2033 872 2086 antequam
898 2026 1082 2072 ostendat
1106 2041 1154 2091 se
1181 2027 1309 2073 scire.

820 2228 1253 2286 ARTICULUS
1297 2229 1392 2284 1v.
2027 2258 2080 2305 93

472 2379 666 2420 UTRUM
705 2380 878 2421 ANIMA
918 2380 1137 2421 CHRISTI
1176 2381 1374 2420 FUERIT
1415 2380 1724 2420 PASSIBILIS.

51 2283 74 2302 ”’
105 2300 118 2332 -i
141 2321 145 2325 ,
174 2316 175 2319 ¹

91 2448 138 2478 w:
182 2474 186 2478 .
263 2469 274 2481 .

111 2522 134 2535 ’»
179 2500 260 2562 ·.(3
289 2503 402 2548 Dist.
433 2518 490 2563 13.
523 2518 563 2563 q.
594 2519 630 2550 1.
664 2510 745 2550 art.
777 2520 813 2550 r.
847 2519 886 2564 q.
912 2520 948 2550 Ι.
981 2504 1036 2549 ad
1065 2519 1106 2550 2.
1139 2511 1177 2550 et
1206 2506 1318 2550 Dist.
1350 2519 1406 2564 15.
1433 2520 1472 2564 q.
1504 2519 1545 2550 2.
1578 2511 1659 2550 art.
1691 2521 1728 2550 Ι.
1754 2519 1793 2564 q.
1825 2521 1860 2550 1.
1892 2510 1931 2550 et
1960 2519 2000 2551 2.

188 2600 191 2601 ν
254 2575 296 2616 et
319 2571 431 2618 Dist.
459 2586 517 2631 33.
548 2573 595 2616 in
625 2579 759 2631 expos.
792 2573 853 2618 lit.
887 2578 924 2618 et
949 2580 1082 2632 opusc.
1109 2587 1150 2618 2.
1177 2581 1267 2632 cap.
1299 2573 1399 2618 226.
1426 2579 1463 2618 et
1494 2581 1630 2633 opusc.
1664 2573 1736 2619 60.
1763 2580 1854 2632 cap.
1876 2571 1950 2632 3.).

110 2723 135 2746 -ηῑ
209 2696 286 2749 AD
307 2710 546 2749 QUARTUM
571 2698 636 2744 sic
661 2699 935 2759 proceditur.
961 2699 1166 2755 Videtur,
1193 2700 1316 2760 quod
1343 2701 1496 2745 anima
1523 2700 1695 2746 Christi
1719 2715 1814 2745 non
1835 2699 1970 2745 fuerit
1989 2715 2087 2760 pas-

63 2764 89 2823 ,ζ
113 2762 286 2817 ,εὶὶιὶῑίετ
311 2765 427 2811 nihil
458 2767 582 2812 enim
613 2768 793 2827 patitur,
825 2768 913 2814 nisi
934 2783 960 2814 a
981 2768 1180 2814 fortiori:
1212 2786 1236 2812 «
1261 2770 1366 2829 quia
1399 2785 1540 2829 agens
1572 2771 1873 2830 praestantius
1906 2780 1973 2815 est
2005 2783 2085 2829 pa-

57 2833 98 2895 ᾖ.
116 2829 260 2882 flente
284 2848 327 2888 »,
347 2843 398 2878 ut
412 2843 537 2894 patet
551 2849 632 2894 per
648 2835 842 2895 August.
867 2849 931 2881 12.
950 2851 1085 2896 super
1104 2838 1219 2882 Gen.
1239 2838 1295 2882 ad
1311 2837 1376 2882 lit.
1395 2838 1511 2898 (cap.
1538 2838 1641 2897 16),
1670 2848 1713 2882 et
1739 2853 1821 2897 per
1845 2837 2018 2882 Philos.
2045 2851 2082 2896 3.

62 2903 89 2963 2
122 2896 179 2946 de
207 2898 296 2944 An.
323 2900 424 2958 (tex.
450 2902 558 2961 19.).·
586 2902 664 2947 sed
690 2903 816 2948 nulla
842 2914 1046 2948 creatura
1076 2903 1160 2949 fuit
1184 2905 1498 2964 praestantior,
1531 2916 1669 2964 quam
1703 2907 1855 2950 anima
1888 2904 2084 2958 Christi;

62 2972 241 3025 ζ’*θτςσ
264 2967 418 3013 anima
450 2969 623 3014 Christi
653 2983 747 3015 non
780 2971 928 3030 potuit
960 2972 1014 3016 ab
1048 2971 1199 3031 aliqua
1233 2983 1438 3017 creatura
1470 2973 1586 3032 pati;
1619 2982 1664 3017 et
1685 2973 1747 3017 ita
1768 2986 1861 3016 non
1882 2971 1965 3015 fuit
1987 2985 2083 3030 pas-

24 3052 71 3104 ἂι
117 3030 285 3080 nihilist
308 3033 471 3081 frustra
497 3037 619 3081 enim
646 3037 692 3081 in
719 3051 772 3082 ea
799 3037 956 3084 fuisset
980 3040 1184 3098 potentia
1209 3040 1423 3099 patiendi,
1450 3040 1488 3084 si
1515 3054 1540 3084 a
1575 3039 1703 3084 nullo
1731 3040 1825 3099 pati
1849 3039 2082 3097 potuisset.

40 3106 88 3170 :J
210 3111 252 3145 2.
274 3100 572 3149 PRAETEREA.
600 3102 724 3149 Tull.
753 3105 799 3148 in
825 3104 900 3149 lib.
942 3120 977 3164 3.
1012 3107 1067 3150 de
1102 3106 1376 3171 Tusculanis
1417 3107 1756 3166 quaestionibus
1798 3106 1918 3159 dicit,
1961 3105 2082 3164 quod

44 3166 352 3225 -'÷:²pnssiones
379 3169 558 3215 animae
584 3181 688 3216 sunt
712 3172 938 3231 quaedam
965 3174 1290 3232 aegritudines:
1319 3174 1398 3218 sed
1429 3174 1476 3218 in
1505 3175 1655 3218 anima
1683 3173 1856 3217 Christi
1881 3186 1974 3216 non
1999 3171 2084 3215 fuit

18 3264 20 3266 -
118 3231 273 3293 aliqua
298 3236 558 3294 aegritudo:
584 3252 692 3283 nam
716 3239 952 3298 aegritudo
972 3241 1151 3285 animae
1169 3242 1370 3300 sequitur
1386 3251 1641 3300 peccatum,
1661 3251 1709 3284 ut
1729 3250 1851 3299 patet
1877 3249 1953 3297 pet
1972 3238 2083 3283 illud

77 3297 241 3377 jaPsal.
265 3313 358 3356 4o.:
387 3303 501 3348 Sana
526 3306 712 3350 animam
741 3320 890 3361 meam,
917 3309 1015 3366 quia
1036 3310 1211 3367 peccavi
1237 3310 1312 3353 tibi
1322 3323 1339 3361 ;
1367 3322 1476 3367 ergo
1503 3309 1549 3352 in
1578 3307 1764 3352 Christo
1789 3320 1883 3350 non
1904 3305 2085 3350 fuerunt

123 3378 304 3412 ammae
328 3369 576 3428 passiones.

208 3447 254 3492 3.
279 3434 577 3482 PRAETEREA.
604 3437 847 3484 Passiones
874 3441 1055 3485 animae
1080 3441 1289 3486 videntur
1313 3442 1435 3486 idem
1464 3455 1560 3485 esse
1582 3455 1687 3485 cum
1711 3439 1870 3484 fomite
1892 3441 2083 3499 peccati,

82 3562 83 3565 Ἴ
124 3500 244 3550 unde
270 3510 316 3546 et
339 3501 501 3561 Apost.
528 3502 664 3548 Rom.
693 3516 732 3562 7.
758 3516 896 3551 vocat
920 3521 996 3551 eas
1017 3510 1224 3567 passiones
1257 3515 1529 3568 peccatorum
1547 3524 1562 3551 :
1588 3508 1667 3551 sed
1693 3507 1739 3550 in
1767 3507 1953 3552 Christo
1989 3521 2083 3552 non

27 3611 35 3626 ᾗ
48 3620 82 3639 ἱ
97 3577 108 3597 -έ
123 3562 218 3619 ἕιιὶτ,
232 3564 381 3612 fomes
407 3569 595 3628 peccati,
621 3580 670 3614 ut
695 3585 828 3630 supra
853 3572 1026 3617 dictum
1053 3584 1121 3618 est
1146 3575 1250 3632 (art.
1277 3589 1317 3619 2.
1344 3575 1430 3632 huj.
1459 3575 1537 3632 q.),·
1581 3587 1691 3632 ergo
1732 3574 1936 3628 videtur,·
1963 3575 2084 3633 quod

125 3643 222 3677 non
244 3630 410 3679 fuerint
432 3634 480 3678 in
512 3636 569 3680 eo
601 3636 782 3682 animae
813 3639 1070 3698 passiones;
1098 3650 1142 3685 et
1166 3641 1227 3684 ita
1255 3640 1407 3684 anima
1435 3634 1606 3684 Christi
1627 3639 1826 3697 nonfuit
1848 3641 2083 3699 passibilis.
