2352 3926
257 295 261 298 .
321 253 428 324 448
844 264 1120 311 QUAsss‘rlo
1159 264 1250 303 Lu.
1291 264 1616 303 ARTIcuLus‘
1638 265 1753 303 vm.

2222 335 2232 354 ἰ’

322 368 477 429 quales
503 382 624 411 nunc
652 376 768 420 sunt,
796 366 873 425 qui
899 366 945 410 in
970 365 1237 425 purgatorio
1265 366 1534 420 detinentur,
1560 380 1655 410 non
1687 367 1869 411 fuerunt
1895 381 1920 410 a
1945 363 2287 427 purgatorio‘li-

320 436 465 481 berati
481 450 560 493 per
579 435 848 478 descensum
867 433 1041 477 Christi
1064 433 1118 477 ad
1137 432 1331 477 inferos:
1351 433 1388 477 si
1406 434 1483 492 qui
1502 442 1655 477 autem
1673 433 1845 477 inventi
1862 444 1967 478 sunt
1981 434 2112 488 tales,
2129 433 2286 495 quales

322 504 461 548 etiam
487 516 607 545 nunc
633 501 796 544 virtute
824 499 1048 558 passionis
1077 498 1250 544 Christi
1268 514 1293 543 a
1310 500 1575 558 purgatorio
1603 499 1863 553 liberantur,
1880 499 1993 545 tales
2009 500 2124 545 nihil
2139 501 2288 560 prohi-

322 571 398 614 bet
422 583 502 628 per
529 568 800 612 descensum
835 566 1005 611 Christi
1034 566 1090 610 ad
1115 565 1285 610 inferos
1314 581 1339 609 a
1365 567 1632 625 purgatorio
1660 580 1759 611 esse
1786 565 2015 612 liberatos.

413 637 490 681 AD
508 648 696 680 PRIMUM
715 648 825 693 ergo
854 633 1113 688 dicendum,
1141 635 1264 693 quod
1288 648 1341 677 ex
1359 633 1434 677 illa
1455 634 1722 678 auctoritate
1750 634 1998 692 Augustini
2021 649 2116 679 non
2141 644 2292 694 potest

324 701 553 755 concludi,
579 701 703 760 quod
731 714 891 744 omnes
919 699 987 743 illi
1013 701 1089 758 qui
1121 700 1166 743 in
1196 700 1461 759 purgatorio
1497 710 1637 753 erant,
1663 699 1869 743 fuerinta
1895 700 2160 759 purgatorio
2185 700 2291 745 libe-

324 770 422 823 rati,
450 770 527 813 sed
554 769 677 828 quod
706 767 928 827 aliquibus
956 781 1117 811 eorum
1143 767 1278 812 fuerit
1309 768 1400 811 hoc
1427 767 1702 811 beneficium
1731 766 1965 821 collatum,
1996 767 2086 811 illis
2117 767 2294 812 scilicet

325 837 403 896 qui
437 839 533 895 Jam
569 828 845 879 sufficienter
881 835 1061 894 purgati
1096 844 1237 890 erant,
1264 833 1339 878 vel
1366 835 1505 878 etiam
1533 835 1610 892 qui
1643 834 1752 877 dum
1777 834 1926 878 adhuc
1951 835 2170 890 viverent,
2202 849 2294 879 rne-

326 913 513 947 ruerunt
538 916 616 962 per
642 902 795 956 fidem,
824 911 868 945 et
893 902 1187 946 devotionem
1213 902 1268 945 ad
1288 912 1485 946 mortem
1514 901 1701 956 Christi,
1724 912 1773 946 ut
1789 915 1845 946 eo
1869 901 2172 947 descendente
2188 901 2296 946 libe-

328 981 534 1015 rarentur
562 984 588 1013 a
613 969 858 1029 temporali
884 970 1134 1028 purgatorii
1160 983 1322 1028 poena.

416 1039 492 1082 AD
520 1050 782 1082 SECUNDUM
809 1036 1068 1090 dicendum,
1087 1036 1209 1095 quod
1226 1037 1368 1080 virtus
1387 1035 1561 1080 Christi
1584 1045 1797 1095 operatur
1823 1036 1870 1080 in
1896 1035 2197 1081 sacramentis
2213 1049 2294 1095 per

329 1105 522 1149 modum
540 1103 863 1148 satisfactionis
889 1103 966 1161 [al.
983 1104 1251 1160 sanationis],
1270 1114 1315 1147 et
1332 1105 1600 1162 expiationis
1621 1104 1882 1162 cujusdam:
1906 1104 2026 1149 unde
2042 1118 2297 1149 sacramen-

327 1183 426 1217 tum
452 1171 765 1215 Eucharistiae
792 1170 954 1215 liberat
984 1171 1224 1214 hominem
1252 1185 1276 1214 a
1303 1171 1584 1229 purgatorio,
1617 1171 1888 1229 inquantum
1921 1182 1989 1215 est
2020 1171 2295 1216 sacrificium

331 1239 563 1299 quoddam
591 1237 944 1282 satisfactorium
970 1253 1052 1296 pro
1072 1247 1276 1296 peccato.
1300 1238 1562 1281 Descensus
1580 1248 1732 1281 autem
1753 1237 1925 1281 Christi
1942 1238 1999 1282 ad
2015 1237 2185 1282 inferos
2200 1253 2296 1282 non

327 1306 411 1351 fuit
428 1305 780 1350 satisfactorius:
797 1306 1067 1363 operabatur
1084 1315 1239 1348 tamen
1256 1305 1303 1347 in
1315 1305 1479 1348 virtute
1497 1304 1737 1363 passioniS,
1752 1318 1868 1363 quae
1878 1304 1964 1350 fuit
1980 1296 2298 1360 satisfactoria,

330 1385 379 1418 ut
404 1388 538 1433 supra
564 1373 771 1416 habitum
800 1382 867 1416 est
895 1372 951 1430 (q.
979 1386 1051 1429 49.
1082 1378 1163 1416 art.
1191 1387 1225 1415 ι.
1245 1386 1283 1415 2.
1312 1378 1348 1416 et
1365 1373 1450 1430 3.),·
1478 1372 1556 1415 sed
1588 1382 1683 1415 erat
1708 1370 2010 1416 satisfactoria
2034 1370 2081 1416 in
2116 1386 2298 1432 genere,

332 1442 459 1500 cujus
484 1441 697 1484 virtutem
725 1439 966 1498 oportebat
999 1438 1216 1497 applicari
1245 1438 1300 1481 ad
1327 1452 1700 1498 unumquemque
1726 1452 1807 1496 per
1838 1438 2010 1498 aliquid
2042 1439 2300 1497 specialiter

332 1508 387 1552 ad
413 1509 563 1566 ipsum
601 1507 853 1565 pertinens:
889 1515 934 1550 et
969 1505 1072 1549 ideo
1110 1519 1205 1549 non
1243 1515 1436 1564 oportet,
1476 1505 1598 1564 quod
1624 1520 1705 1565 per
1740 1505 2016 1551 descensum
2045 1505 2217 1553 Christi
2243 1507 2298 1551 ad

330 1573 500 1619 inferos
529 1587 690 1617 omnes
717 1571 884 1616 fuerint
911 1586 935 1615 a
962 1572 1232 1631 purgatorio
1256 1571 1447 1616 liberati.

422 1642 497 1684 AD
517 1653 732 1684 TERTmM
751 1639 1011 1693 dicendum,
1030 1639 1152 1698 quod
1174 1638 1241 1682 illi
1259 1637 1475 1693 defectus,
1494 1654 1519 1683 a
1537 1639 1698 1698 quibus
1717 1639 1927 1684 Christus
1943 1639 1991 1684 in
2008 1640 2099 1685 hoc
2126 1641 2299 1686 mundo

332 1707 470 1753 simul
495 1707 709 1751 homines
730 1705 963 1760 liberabat,
991 1716 1119 1750 erant
1150 1705 1430 1764 personaleS‚
1463 1707 1643 1765 proprie
1678 1706 1733 1750 ad
1765 1721 2139 1768 unumquemque
2168 1709 2302 1768 perti-

332 1785 514 1820 nentes:
542 1775 621 1818 sed
649 1773 851 1818 exclusio
881 1788 905 1816 a
932 1772 1079 1832 gloria
1099 1773 1187 1817 Dei
1203 1784 1297 1817 erat
1315 1773 1500 1831 quidam
1529 1773 1730 1817 defectus
1752 1774 1978 1833 generalis
1999 1775 2228 1834 pertinens
2244 1776 2302 1821 ad

333 1853 480 1887 totam
506 1842 760 1885 humanam
786 1849 1021 1884 naturam:
1051 1849 1094 1884 et
1119 1840 1224 1884 ideo
1251 1840 1366 1883 nihil
1392 1841 1617 1899 prohibet,
1645 1855 1724 1884 eos
1751 1841 1829 1900 qui
1855 1851 1984 1886 erant
2014 1842 2060 1886 in
2091 1853 2304 1903 purgato-

335 1911 419 1964 rio,
445 1923 525 1969 per
548 1908 787 1953 Christum
815 1922 913 1952 esse
941 1908 1156 1951 liberatos
1180 1907 1232 1950 ab
1262 1907 1525 1962 exclusione
1554 1922 1579 1951 a
1611 1907 1772 1967 gloria,
1803 1922 1898 1952 non
1931 1919 2085 1954 autem
2117 1924 2142 1954 a
2174 1920 2301 1955 reatu

336 1990 512 2037 poenae
530 1975 795 2035 purgatorii,
815 1975 891 2034 qui
913 1976 1107 2034 pertinet
1125 1974 1178 2017 ad
1201 1975 1433 2033 proprium
1454 1974 1710 2019 defectum:
1729 1975 1846 2020 sicut
1863 1990 1887 2020 e
1905 1977 2135 2021 contrario
2157 1977 2304 2022 sanc‘ti

337 2045 494 2088 Patres
514 2052 617 2086 ante
646 2041 820 2086 Christi
842 2042 1089 2085 adventum
1116 2041 1293 2084 liberati
1319 2051 1423 2086 sunt
1450 2056 1475 2084 a
1500 2042 1695 2101 propriis
1728 2042 1990 2098 defectibus,
2021 2058 2117 2088 non
2148 2055 2302 2090 autem

339 2127 364 2156 a
391 2109 570 2155 defectu
599 2109 853 2163 communi,
876 2108 995 2153 sicut
1020 2122 1155 2168 supra
1182 2108 1355 2152 dictum
1382 2119 1450 2153 est
1475 2110 1536 2169 (q.
1560 2123 1632 2169 49.
1657 2116 1739 2155 art.
1761 2125 1799 2170 5.
1826 2109 1881 2155 ad
1905 2110 1980 2169 1.).

1003 2514 1452 2592 QUAESTIO
1504 2515 1656 2574 Lm.

343 2673 425 2713 DE
471 2669 969 2713 RESURRECTIONE
1007 2669 1260 2719 CHRISTI,
1297 2670 1363 2710 IN
1397 2669 1684 2721 QUATUOR
1718 2669 2303 2721 ARTICULOSDIVISA·

435 2842 785 2905 Consequenter
812 2844 1197 2890 considerandum
1225 2855 1291 2889 est
1319 2844 1373 2889 de
1401 2845 1471 2889 his
1500 2860 1615 2905 quae
1643 2846 1870 2905 pertinent
1902 2844 1958 2890 ad
1984 2845 2309 2892 exaltationem

347 2915 542 2960 Christi:
568 2923 612 2957 et
629 2914 770 2972 primo
810 2912 863 2955 de
902 2913 999 2970 ejus
1032 2913 1384 2957 resurrectione:
1420 2913 1608 2966 secundo,
1644 2914 1699 2957 de
1727 2914 1823 2971 ejus
1846 2914 2139 2959 ascensione:
2173 2914 2308 2969 tertio,

347 2983 401 3027 de
428 2983 523 3040 ejus
550 2979 754 3025 sessione
773 2979 827 3021 ad
847 2979 1079 3022 dexteram
1107 2979 1278 3024 Patris:
1307 2986 1473 3038 quarto,
1498 2981 1551 3024 de
1578 2980 1814 3038 judiciaria
1846 2989 2070 3040 potestate
2095 2980 2250 3042 ipsiuS.

437 3048 574 3093 Circa
614 3046 812 3105 primum
846 3046 1045 3088 occurrit
1087 3046 1345 3106 quadruplex
1389 3046 1719 3093 consideratio:
1753 3061 1946 3107 quarum
1975 3049 2123 3108 prima
2155 3056 2224 3093 est
2254 3047 2310 3093 de

345 3117 443 3176 ipsa
470 3114 643 3160 Christi
668 3112 1019 3157 resurrectione:
1046 3113 1239 3166 secunda,
1269 3113 1323 3157 de
1352 3113 1567 3173 qualitate
1595 3114 1894 3174 resurgentis:
1922 3116 2060 3170 tertia,
2089 3113 2145 3160 de
2171 3113 2313 3160 mani·

347 3183 587 3228 festatione
613 3179 978 3225 resurrectionis:
1006 3185 1173 3237 quarta,
1203 3180 1257 3224 de
1287 3182 1384 3239 ejus
1412 3181 1690 3226 causalitate.

910 3290 1039 3335 Circa
1060 3292 1253 3349 primum
1281 3299 1540 3350 quaeruntur
1564 3300 1758 3352 quatuor.

439 3383 607 3429 Primo,
636 3382 706 3425 De
732 3380 1002 3425 necessitate
1030 3380 1372 3424 resurrectionis
1399 3382 1508 3440 ejus.

441 3449 669 3495 Secundo.
697 3449 767 3492 De
791 3443 1012 3507 tempore.

442 3518 615 3562 Tertio.
643 3517 714 3560 De
743 3515 917 3559 ordine.

443 3585 637 3637 Quarto.
665 3583 737 3626 De
771 3595 921 3626 causa.
