2352 3926
674 217 952 264 QUAESTIO
993 217 1083 257 XX.
1123 217 1431 257 ARTICULUS
1471 216 1526 256 11.
1978 218 2076 272 197

846 405 1278 463 ARTICULUS
1322 406 1392 461 II.
1998 432 2075 476 125

457 541 654 591 UTRUM¹
694 541 958 580 CHRISTUS
1001 542 1086 579 SIT
1129 542 1428 595 SUBJECTUS
1468 542 1569 580 81131
1609 541 1727 580 IPSI.

210 650 288 695 An
321 662 581 696 SECUNDUM
613 649 678 693 sic
712 649 987 708 proceditur.
1020 648 1227 703 Videtur,
1261 650 1383 709 quod
1411 649 1622 695 Christus
1647 665 1740 694 non
1772 649 1829 695 sit
1855 649 2081 708 subiectus

120 717 206 764 sibi
245 717 344 777 ipsi:
379 716 487 761 dicit
518 716 639 760 enim
676 714 876 775 Cyrillus
908 718 954 760 in
987 715 1191 775 Epistola
1223 716 1458 776 synodica,
1491 731 1629 775 quam
1662 716 1835 761 scilicet
1868 716 2083 776 Synodus

42 797 45 802 “
119 782 349 845 Ephesina
372 783 534 842 (gener.
547 798 583 842 3.
606 789 721 843 part.
748 798 785 827 1.
809 791 898 842 cap.
916 782 1011 840 26.)
1029 784 1218 842 recepit:
1239 799 1259 824 «
1279 783 1441 842 Neque
1467 783 1562 841 ipse
1591 783 1799 827 Christus
1817 783 1902 827 sibi
1926 797 2082 828 servus

119 861 201 906 est,
233 864 381 910 neque
413 849 650 894 dominus:
684 849 860 893 fatuum
894 849 1017 893 enim
1051 860 1131 903 est,
1163 849 1310 908 magis
1345 859 1497 893 autem
1530 859 1574 893 et
1599 851 1791 909 impium
1822 850 1884 894 ita
1916 850 2083 904 dicere,

119 928 167 963 et
192 931 350 977 sapere
375 931 426 971 »;
452 926 498 961 et
526 916 618 960 hoc
657 915 795 960 etiam
822 916 980 960 asserit
1019 916 1234 960 Damasc.
1271 915 1318 959 in
1354 930 1392 973 3.
1419 916 1494 960 lib.
1533 917 1680 975 (Orth.
1714 917 1807 961 fid.
1841 926 1930 977 cap.
1961 931 2024 962 21.
2056 931 2084 961 a

118 984 246 1042 med.)
274 983 453 1029 dicens:
486 999 509 1024 <t
535 983 694 1027 Unum
721 983 844 1026 enim
872 996 951 1027 ens
970 981 1180 1027 Christus
1205 996 1299 1027 non
1317 993 1467 1042 potest
1492 997 1646 1028 servus
1665 997 1763 1027 esse
1781 984 1850 1027 sui
1866 983 2022 1043 ipsius,
2040 993 2085 1027 et

119 1050 334 1096 dominus
366 1066 416 1095 »:
449 1049 530 1094 sed
561 1050 787 1094 intantum
822 1049 1031 1094 Christus
1064 1050 1226 1094 dicitur
1262 1063 1417 1094 servus
1450 1050 1611 1104 Patris,
1643 1050 1913 1110 inquantum
1944 1060 2012 1095 est
2042 1051 2083 1095 ei

119 1118 373 1177 subjectus3
394 1130 506 1175 ergo
535 1116 744 1161 Christus
770 1130 865 1160 non
892 1126 959 1160 est
985 1116 1212 1174 subjectus
1238 1116 1323 1160 sibi
1347 1116 1447 1176 ipsi.

209 1197 250 1229 2.
277 1184 573 1229 PRAETEREA.
603 1183 771 1228 Servus
798 1182 987 1227 refertur
1013 1183 1068 1227 ad
1092 1184 1360 1229 dominum:
1385 1183 1465 1227 sed
1491 1182 1652 1228 relatio
1679 1198 1773 1228 non
1801 1194 1868 1228 est
1894 1183 2085 1243 alicujus

121 1251 177 1297 ad
203 1251 427 1311 seipsum:
455 1252 575 1295 unde
602 1261 645 1295 et
674 1250 815 1294 Hilar.
843 1250 952 1294 dicit
977 1251 1024 1294 in
1050 1249 1125 1294 lib.
1157 1265 1194 1310 3.
1222 1251 1277 1294 de
1306 1249 1469 1294 Trinit.
1496 1252 1672 1310 (parum
1697 1257 1792 1296 ante
1816 1251 1935 1310 fin),
1963 1250 2085 1310 quod

120 1317 236 1363 nihil
261 1327 329 1362 est
353 1318 438 1362 sibi
462 1317 626 1372 simile,
659 1327 736 1362 aut
769 1317 983 1376 aequale3
1011 1331 1121 1376 ergo
1157 1317 1367 1362 Christus
1398 1332 1494 1362 non
1526 1328 1677 1378 potest
1709 1318 1799 1362 dici
1830 1332 1986 1363 servus
2018 1318 2088 1362 sui

120 1385 274 1446 ipsius,
301 1394 345 1429 et
365 1399 446 1445 per
472 1398 756 1444 consequens
781 1398 866 1429 nec
894 1385 978 1429 sibi
1004 1398 1102 1429 esse
1129 1385 1371 1444 subjectus.

217 1466 255 1511 3.
282 1451 580 1497 PRAETEREA.
612 1467 635 1492 «
659 1451 789 1496 Sicut
814 1451 966 1495 anima
987 1451 1237 1506 rationalis,
1261 1462 1305 1496 et
1327 1465 1434 1495 caro
1452 1465 1568 1496 unus
1586 1462 1653 1496 est
1668 1452 1838 1508 homo3
1861 1452 1921 1496 ita
1944 1452 2087 1506 Deus,

123 1529 169 1565 et
190 1519 337 1564 homo
364 1533 480 1563 unus
506 1529 574 1563 est
601 1518 810 1563 Christus
829 1535 872 1572 >›,
899 1529 949 1562 ut
966 1518 1187 1562 Athanas.
1216 1518 1326 1563 dicit
1349 1520 1415 1576 (in
1439 1534 1511 1564 suo
1529 1519 1668 1578 Symb.
1685 1519 1829 1575 Fz'dQ:
1847 1519 1925 1564 sed
1941 1519 2087 1563 homo

122 1600 217 1632 non
243 1586 406 1631 dicitur
431 1586 660 1644 subiectus
685 1585 770 1630 sibi
795 1585 894 1644 ipsi,
920 1584 994 1629 vel
1020 1599 1175 1629 servus
1198 1586 1408 1643 suipsius,
1436 1595 1513 1629 aut
1537 1587 1686 1645 major
1711 1587 1879 1646 seipso,
1905 1597 2090 1646 propter

122 1654 230 1708 hoc,
256 1653 379 1712 quod
416 1666 581 1711 corpus
620 1653 715 1710 ejus
742 1652 998 1711 subjectum
1035 1662 1103 1696 est
1129 1653 1333 1707 animae3
1362 1667 1473 1711 ergo
1510 1667 1659 1712 neque
1689 1653 1898 1698 Christus
1927 1654 2091 1698 dicitur

123 1720 351 1779 subjectus
391 1718 476 1763 sibi
514 1719 599 1778 ipsi
625 1729 812 1778 propter
843 1718 934 1762 hoc
971 1719 1090 1778 quod
1127 1721 1222 1778 ejus
1248 1720 1509 1764 humanitas
1545 1720 1748 1779 subjecta
1774 1730 1843 1765 est
1867 1721 2090 1764 divinitati

126 1787 279 1847 ipsius.

214 1852 310 1898 SED
338 1864 534 1898 CONTRA
560 1862 641 1906 est,
669 1851 791 1911 quod
818 1852 1012 1911 August.
1041 1852 1151 1896 dicit
1175 1853 1221 1896 in
1253 1867 1288 1898 1.
1317 1853 1371 1898 de
1407 1852 1570 1897 Trinit.
1599 1855 1711 1914 (cap.
1746 1869 1782 1913 7.
1811 1861 1904 1899 ante
1929 1854 2055 1914 med.)
2072 1869 2086 1898 .·

130 1936 155 1962 «
177 1918 358 1965 Veritas
384 1919 582 1964 ostendit
613 1919 866 1963 secundum
897 1919 1034 1963 istum
1061 1920 1253 1964 modum
1279 1937 1322 1975 n,
1354 1934 1446 1980 quo
1479 1921 1654 1965 scilicet
1679 1922 1816 1966 Pater
1843 1922 1992 1980 major
2023 1932 2091 1967 est

129 1986 316 2032 Christo
339 1986 591 2031 secundum
617 1986 870 2030 humanam
894 1996 1120 2041 naturam,
1148 1986 1286 2030 etiarn
1317 2003 1340 2028 «
1366 1988 1517 2047 seipso
1544 1989 1772 2032 minorem
1798 1988 1966 2032 Filium
1989 2006 2029 2033 >›.

29 2095 54 2111 „⁷
217 2066 257 2098 2.
271 2053 526 2098 Praeterea.
556 2053 683 2097 Sicut
707 2053 804 2112 ipse
829 2064 1171 2112 argumentatur
1197 2054 1383 2108 ibidem,
1410 2055 1474 2098 sic
1503 2066 1690 2114 accepta
1716 2066 1784 2099 est
1809 2070 1834 2099 a
1860 2055 1975 2100 Filio
2001 2056 2091 2100 Dei

35 2127 56 2144 ‘²²
124 2120 276 2166 forma
300 2120 433 2174 servi,
458 2130 618 2164 utnon
642 2120 923 2164 amitteretur
943 2119 1094 2164 forma
1114 2121 1224 2164 Dei:
1244 2121 1322 2165 sed
1349 2122 1603 2166 secundum
1629 2121 1827 2166 formam
1854 2123 1955 2178 Dei,
1974 2137 2089 2182 quae

0 2187 1 2245 g
33 2174 55 2245 ss
89 2201 91 2206 ·
125 2197 196 2232 est
218 2186 479 2231 communis
505 2186 643 2240 Patri,
670 2196 714 2230 et
738 2186 870 2239 Filio,
898 2187 1031 2231 Pater
1057 2197 1125 2231 est
1150 2187 1265 2231 Filio
1289 2189 1438 2246 major
1462 2189 1712 2232 secundum
1739 2189 1991 2233 humanam
2017 2203 2093 2233 na-

34 2263 62 2318 J..
123 2266 300 2310 turam3
327 2268 438 2314 ergo
465 2255 604 2299 etiam
629 2254 768 2298 Filius
797 2264 864 2298 est
889 2256 1038 2313 major
1063 2255 1214 2314 seipso
1248 2255 1501 2300 secundum
1526 2256 1780 2300 humanam
1806 2269 2030 2315 naturam.

219 2337 256 2382 3.
274 2322 528 2366 Praeterea.
548 2321 757 2365 Christus
775 2321 1025 2365 secundum
1052 2321 1306 2365 humanam
1332 2332 1541 2367 naturam
1564 2332 1631 2366 est
1656 2337 1810 2367 servus
1830 2322 2092 2378 DeiPatris,

124 2388 379 2435 secundum
403 2387 516 2432 illud
535 2388 668 2446 Joan.
692 2400 786 2433 20.:
810 2388 995 2433 Ascendo
1023 2388 1077 2433 ad
1103 2389 1273 2433 Patrem
1294 2404 1448 2444 meum,
1475 2396 1511 2434 et
1536 2390 1703 2434 Patrem
1730 2396 1929 2444 vestrum,
1951 2392 2092 2435 Deum

96 2474 98 2477 ’
125 2470 276 2509 meum,
303 2461 343 2500 et
365 2455 506 2500 Deum
535 2461 743 2499 vestrum:
771 2454 850 2498 sed
882 2455 1159 2514 quicumque
1193 2466 1260 2499 est
1292 2470 1446 2500 servus
1480 2456 1639 2513 Patris,
1673 2467 1740 2501 est
1770 2471 1926 2501 servus
1966 2458 2090 2501 Filii:

36 2525 61 2584 fij
127 2521 330 2582 alioquin
354 2535 449 2565 non
476 2522 647 2575 omnia,
674 2536 790 2581 quae
812 2531 916 2566 sunt
941 2521 1102 2576 Patris,
1130 2533 1280 2566 essent
1306 2522 1433 2582 Filii;
1460 2538 1571 2582 ergo
1601 2523 1811 2568 Christus
1838 2535 1904 2569 est
1934 2539 2092 2568 servus

125 2590 198 2635 sui
221 2589 377 2649 ipsius,
403 2599 448 2633 et
468 2589 553 2632 sibi
579 2588 796 2633 subditus.

216 2656 507 2701 stpounno
535 2655 795 2710 dicendum,
823 2656 962 2714 quod,
989 2657 1105 2700 sicut
1131 2656 1303 2700 dictum
1326 2667 1395 2701 est
1415 2657 1520 2715 (art.
1539 2665 1684 2716 praec.
1711 2657 1764 2702 ad
1788 2658 1868 2716 2.),
1893 2672 1991 2703 esse
2018 2659 2094 2702 do-

129 2722 322 2776 minum,
358 2733 403 2767 et
438 2736 621 2766 servum
659 2722 913 2766 attribuitur
947 2736 1186 2781 personae,
1221 2723 1296 2767 vel
1330 2723 1566 2783 hypostasi
1602 2725 1854 2769 secundum
1892 2725 2090 2785 aliquam

128 2799 361 2835 naturam:
389 2803 495 2833 cum
519 2803 628 2848 ergo
656 2789 819 2833 dicitur
847 2789 1056 2833 Christus
1085 2804 1183 2834 esse
1210 2790 1439 2845 dominus,
1466 2790 1539 2834 vel
1561 2805 1716 2835 servus
1743 2792 1813 2835 sui
1838 2792 1992 2852 ipsius,
2019 2791 2094 2836 vel

129 2857 252 2916 quod
276 2856 478 2901 Verbum
516 2855 606 2900 Dei
631 2865 699 2900 est
734 2856 949 2900 dominus
984 2856 1187 2900 hominis
1225 2857 1411 2911 Christi,
1444 2857 1535 2901 hoc
1561 2868 1711 2918 potest
1737 2858 1929 2918 intelligi
1964 2859 2094 2919 dupli-

38 2924 63 2985 4ἰ
131 2924 257 2969 citer:
283 2938 364 2967 uno
389 2922 527 2977 modo,
553 2933 603 2967 ut
627 2921 905 2981 intelligatur
937 2922 1027 2966 hoc
1061 2937 1159 2967 esse
1193 2924 1364 2967 dictum
1397 2924 1573 2968 ratione
1606 2924 1788 2969 alterius
1821 2926 2092 2985 hypostasis,

133 2988 208 3035 vel
231 2990 467 3049 personae,
494 2989 622 3048 quasi
649 2989 738 3033 alia
754 2991 811 3033 sit
827 3003 1022 3048 persona
1037 2989 1177 3034 Verbi
1194 2990 1283 3035 Dei
1305 2991 1596 3045 dominantis,
1620 3002 1664 3036 et
1686 2991 1773 3036 alia
1789 2992 1990 3036 hominis
2008 3007 2094 3036 ser-

23 3091 63 3115 ἶ,
133 3055 310 3110 νὶεητίε,
337 3057 459 3115 quod
481 3057 679 3115 pertinet
705 3056 760 3100 ad
787 3056 1014 3100 haeresim
1040 3057 1264 3101 Nestorii:
1292 3059 1412 3102 unde
1430 3060 1474 3102 in
1493 3059 1876 3103 condemnatione
1895 3060 2093 3104 Nestorii

36 3124 57 3147 ³⁶
134 3121 296 3168 dicitur
320 3122 367 3166 in
387 3122 577 3182 Synodo
599 3122 827 3182 Ephesina
845 3123 978 3182 (part.
1001 3139 1037 3182 3.
1060 3133 1150 3183 cap.
1178 3140 1212 3169 1.
1246 3126 1536 3170 anathematis.
1570 3126 1636 3183 6.)
1654 3143 1671 3170 .·
1708 3142 1731 3167 c<
1765 3126 1813 3170 Si
1845 3127 1943 3184 quis
1971 3126 2093 3180 dicit,

133 3188 302 3243 Deum,
321 3188 396 3233 vel
420 3189 676 3233 Dominum
703 3203 800 3234 esse
816 3189 988 3234 Christi
1005 3204 1059 3234 ex
1075 3191 1177 3234 Deo
1205 3191 1338 3236 Patre
1364 3191 1582 3246 Verbum,
1610 3203 1655 3236 et
1679 3206 1772 3235 non
1800 3193 1945 3251 magis
1973 3207 2095 3236 eum-

135 3255 240 3300 dem
266 3256 413 3314 ipsum
440 3255 694 3310 confitetur,
720 3256 858 3300 simul
878 3257 1046 3311 Deum,
1071 3268 1114 3302 et
1136 3258 1390 3312 hominem,
1408 3269 1565 3318 utpote
1587 3258 1789 3302 Verbum
1809 3258 1980 3303 factum
2004 3274 2096 3303 car-

17 3326 20 3329 “
135 3334 255 3376 nem,
281 3321 533 3366 secundum
560 3322 828 3382 Scripturas,
855 3323 1098 3368 anathema
1125 3325 1184 3368 sit
1209 3341 1258 3369 »2
1287 3335 1332 3369 et
1356 3326 1446 3368 hoc
1475 3326 1616 3368 modo
1638 3336 1830 3382 negatur
1857 3340 1882 3368 a
1901 3325 2094 3385 Cyrillo,

21 3386 63 3422 ὲ
137 3387 411 3432 etDamasc.
429 3389 549 3446 (locis
566 3389 610 3432 in
626 3403 715 3447 arg.
734 3404 770 3434 ι.
788 3390 923 3448 citat.)
941 3405 953 3434 .·
974 3401 1017 3434 et
1034 3391 1115 3434 sub
1135 3391 1302 3435 eodem
1323 3405 1458 3435 sensu
1476 3392 1736 3449 negandum
1757 3402 1838 3445 est,
1858 3391 2093 3437 Christum

139 3466 236 3499 esse
261 3454 489 3498 minorem
515 3455 680 3513 seipso,
706 3454 780 3498 vel
813 3469 911 3500 esse
938 3456 1022 3499 sibi
1048 3457 1328 3514 subjectum3
1363 3458 1446 3501 alio
1479 3457 1598 3501 modo
1625 3466 1775 3516 potest
1805 3458 2000 3517 intelligi
2030 3474 2096 3504 se-

139 3519 338 3564 cundum
364 3520 670 3564 diversitatem
695 3530 960 3566 naturarum
976 3522 1023 3565 in
1049 3537 1139 3565 una
1166 3537 1375 3581 persona,
1401 3522 1475 3566 vel
1500 3524 1757 3582 hypostasi:
1785 3534 1830 3580 et
1852 3525 1916 3568 sic
1943 3525 2094 3570 dicere

137 3599 380 3646 possumus
405 3586 656 3631 secundum
688 3600 828 3631 unam
864 3601 1036 3643 earum,
1071 3588 1119 3632 in
1145 3603 1234 3648 qua
1268 3603 1373 3633 cum
1399 3589 1532 3633 Patre
1565 3590 1792 3644 convenit,
1825 3591 1963 3636 simul
1987 3606 2094 3637 eum
