2352 3926
285 226 386 282 154
812 224 1090 271 QUAESTIO
1129 222 1219 264 XV.
1260 226 1567 267 ARTICULUS
1606 228 1700 268 V11.

368 343 406 387 3.
440 327 737 373 PRAETEREA.
767 326 932 372 Timor
962 341 1057 372 non
1087 329 1266 374 videtur
1296 343 1394 376 esse
1424 330 1513 375 nisi
1544 331 1600 376 de
1630 331 1772 386 malo,
1803 331 1927 391 quod
1957 328 2060 377 noni
2084 342 2234 392 potest

273 395 422 439 horno
448 395 613 438 vitare:
642 393 720 438 sed
748 393 957 439 Christus
983 405 1162 454 poterat
1180 396 1328 442 vitare
1350 407 1395 442 et
1419 397 1595 442 malurn
1612 412 1804 458 poenae,
1826 399 1953 458 quod·
1969 410 2134 459 passus
2151 410 2233 457 est,

275 472 320 506 et
342 461 516 505 malum
546 460 721 519 culpae,
748 461 871 519 quod
899 461 997 506 aliis
1025 463 1212 518 accidit3
1240 478 1350 523 ergo
1376 464 1423 507 in
1451 464 1636 509 Christo
1663 480 1757 510 non
1782 464 1868 509 fuit
1893 465 2059 525 aliquis
2079 461 2232 516 timori.

365 529 458 573 SED
483 541 678 573 CONTRA
706 538 786 582 est,
814 529 935 587 quod
958 529 1122 574 dicitur
1147 531 1288 593 Marc.
1322 544 1412 586 14:
1444 533 1590 591 Coepit
1604 534 1717 589 Jesus
1734 540 1907 592 pavere,
1935 539 1976 578 et
2001 530 2172 580 taedlre.

361 596 650 640 RESPONDEO
677 595 936 651 dicendum,
963 597 1086 656 quod
1110 598 1228 642 sicut
1251 598 1429 643 tri-stitia
1448 609 1658 643 causatur
1675 613 1728 643 ex
1747 599 2107 658 apprehensione
2123 601 2235 647 maii

271 663 543 722 praesentis3
585 663 647 706 ita
687 663 828 707 timor
863 675 1072 709 causatur
1104 679 1158 710 ex
1199 666 1560 726 apprehensione
1591 666 1702 710 mali
1737 665 1897 711 futu-ri:
1931 667 2232 727 apprehensio

273 740 425 774 autem
469 729 579 773 mali
614 729 766 785 futuri,
793 731 831 775 si
857 732 1177 776 omnimodam
1212 733 1531 778 certitudinem
1562 733 1743 788 habeat,
1775 747 1870 778 non
1901 730 2075 779 inducit
2101 732 2236 780 timo-

270 811 391 853 rem3-
417 798 537 841 unde
563 797 735 842 Philos.
764 798 874 843 dicit
898 800 945 843 in
972 812 1012 843 2.
1042 799 1229 844 Rhetor.
1256 800 1368 860 (cap.
1397 801 1456 860 5.)
1483 801 1605 860 quod
1637 802 1776 846 timor
1806 815 1902 846 non
1928 811 2009 858 est,
2038 802 2127 848 nisi
2156 803 2232 847 ubi

272 873 340 907 est
371 863 520 923 aliqua
554 878 655 923 spes
689 865 934 911 evadendi:
968 880 1076 910 nam
1110 867 1293 926 quand-o
1327 866 1452 910 nulla
1483 881 1586 925 spes
1620 877 1687 912 est
1719 868 1954 923 evadendi,
1987 869 2234 928 apprehen-

271 930 390 974 ditur
415 931 591 975 malum
618 941 667 976 ut
692 947 931 990 praesens:
961 943 1004 978 et
1030 934 1094 978 sic
1122 935 1270 993 magis
1299 944 1456 979 causat
1470 935 1717 990 tristitiam,
1737 949 1876 994 quam
1901 936 2139 991 timorem3
2166 936 2230 981 sic

271 1012 382 1058 ergo
408 999 549 1043 timor
574 1009 723 1059 potest
760 1001 1039 1045 considerari
1066 1011 1285 1060 quantum
1318 1002 1373 1045 ad
1400 1001 1497 1046 duo:
1525 1017 1607 1046 uno
1643 1002 1763 1046 modo
1797 1012 2017 1061 quan-tum
2050 1003 2107 1049 ad
2138 1003 2228 1048 hoc

271 1066 394 1124 quod
420 1067 643 1126 appetitus
669 1068 911 1112 sensitivus
936 1068 1200 1113 naturaliter
1226 1068 1390 1128 refugit
1416 1070 1620 1127 corporis
1642 1069 1910 1125 laesionem,
1933 1081 1977 1115 et
2001 1085 2082 1129 per
2100 1071 2233 1121 tristi-

267 1134 395 1188 tiam,
422 1135 460 1178 si
482 1135 539 1178 sit
563 1149 792 1194 praesens,
820 1146 863 1179 et
889 1150 968 1194 per
994 1137 1224 1191 timorem,
1258 1137 1294 1180 si
1317 1137 1374 1180 sit
1404 1136 1576 1180 futura:
1606 1147 1649 1180 et
1680 1137 1771 1182 hoc
1805 1137 1951 1182 modo
1978 1138 2118 1182 timor
2147 1137 2232 1183 fuit

268 1201 315 1244 in
343 1201 544 1256 Christo,
571 1203 688 1246 sicut
715 1213 760 1247 et
784 1203 989 1248 tristitia:
1017 1205 1101 1248 alio
1133 1204 1253 1248 modo
1280 1214 1430 1263 potest
1462 1204 1741 1248 considerari
1768 1205 2020 1248 secundum
2054 1205 2232 1250 incerti-

200 1329 202 1331 ·
267 1269 474 1314 tudinem
500 1269 637 1314 futuri
663 1280 872 1314 eventus:
901 1272 1020 1315 sicut
1046 1272 1228 1330 quando
1251 1282 1387 1315 nocte
1410 1272 1626 1315 timemus
1654 1285 1706 1315 ex
1735 1271 1887 1331 aliquo
1909 1271 2075 1326 sonitu,
2101 1272 2231 1332 quasi

266 1337 532 1395 ignorantes
558 1338 664 1417 quid
696 1338 787 1382 hoc
822 1339 901 1383 sit·
937 1349 981 1383 et
1010 1349 1231 1398 quantum
1265 1339 1320 1383 ad
1345 1339 1437 1383 hoc
1465 1340 1605 1383 timor
1632 1353 1727 1383 non
1759 1337 1842 1383 fuit
1873 1339 1920 1383 in
1953 1338 2170 1395 Christo,
2181 1349 2230 1384 ut

266 1404 483 1449 Damasc.
511 1405 655 1449 dicit
643 1419 690 1449 1n
719 1419 757 1463 3.
784 1405 859 1449 lib.
890 1406 1035 1462 (Orth.
1069 1406 1158 1453 Fid.
1186 1415 1276 1466 cap.
1303 1408 1400 1466 23..)

356 1472 432 1517 AD
458 1486 648 1522 PRIMUM
675 1487 784 1532 ergo
809 1472 1068 1527 dicendum,
1095 1474 1218 1532 quod
1250 1475 1393 1532 justus
1421 1473 1583 1522 dicitur
1615 1483 1713 1517 esse
1746 1473 1921 1532 absque
1946 1479 2134 1530 terrore,
2165 1485 2232 1520 se*-

269 1539 468 1594 cundum
491 1540 613 1599 quod
639 1551 786 1585 terror
805 1541 1023 1600 importat
1049 1540 1299 1599 perfectam
1315 1541 1579 1599 passionem
1603 1550 1885 1585 avertentem
1909 1540 2151 1586 hominem
2172 1541 2226 1587 ab

266 1621 322 1651 eo
350 1607 472 1666 quod
499 1618 567 1652 est
591 1608 805 1662 rationis;
833 1618 876 1652 et
901 1607 965 1652 sic
991 1608 1132 1652 timor
1152 1622 1246 1652 non
1278 1607 1362 1652 fuit
1394 1609 1439 1652 in
1468 1608 1670 1662 ChristO,
1697 1607 1776 1653 sed
1798 1607 1951 1652 solum
1977 1608 2229 1654 secundum

266 1675 635 1734 propassionem3
650 1685 694 1719 et
713 1676 817 1720 ideo
834 1676 1009 1729 dicitur,
1028 1675 1271 1734 quodsesus
1288 1677 1420 1735 coepit
1436 1675 1610 1730 taedere,
1631 1682 1668 1720 et
1675 1683 1848 1735 pavere,
1867 1675 1996 1735 quasi
2010 1675 2230 1723 secundum

262 1744 592 1801 propassionem,
620 1753 669 1786 ut
695 1743 882 1786 Hieron.
912 1743 1095 1801 exponit
1122 1743 1230 1802 (sup.
1257 1743 1361 1787 illud
1388 1744 1537 1788 Matth.
1564 1743 1664 1788 26..·
1697 1744 1841 1803 Coepit
1870 1745 2146 1804 contristari).

357 1809 433 1853 AD
461 1823 721 1854 SECUNDUM
741 1810 1001 1864 dicendum,
1028 1811 1150 1869 quod
1175 1810 1373 1854 Hilarius
1397 1825 1451 1854 eo
1470 1811 1612 1854 modo
1631 1825 1657 1854 a
1677 1809 1863 1855 Christo
1882 1810 2079 1855 excludit
2097 1812 2231 1856 timo·—

268 1891 380 1931 rem,
407 1891 499 1936 quo
521 1877 718 1921 excludit
743 1878 987 1932 tristitiam,
1014 1877 1188 1922 scilicet
1214 1878 1365 1936 quoad
1391 1878 1712 1922 necessitatem
1728 1877 1945 1922 timendi:
1970 1879 2050 1922 sed
2069 1887 2225 1927 tamen

267 1944 323 1987 ad
341 1945 732 2003 comprobandam
751 1946 990 1990 veritatem
1008 1945 1238 1989 humanae
1255 1956 1458 1999 naturae,
1476 1945 1730 1989 voluntarie
1743 1946 1956 1990 timorem
1968 1946 2228 2005 assumpsit,

264 2012 380 2055 sicut
406 2012 542 2056 etiam
572 2022 616 2056 et
635 2013 877 2061 tristitiam.

353 2079 429 2123 AD
458 2092 675 2124 TERTIUM
701 2081 961 2135 dicendum,
989 2081 1111 2140 quod
1143 2080 1251 2125 licet
1283 2080 1493 2125 Christus
1520 2080 1718 2140 potuerit
1747 2079 1892 2124 vita-re
1917 2079 2041 2125 mala
2071 2079 2221 2125 fiitura

264 2146 516 2190 secundum
541 2148 756 2191 virtutem
783 2148 1052 2203 divinitati53
1078 2158 1206 2192 erant
1230 2156 1386 2193 tamen
1411 2147 1706 2202 inevitabilia,
1720 2146 1795 2192 vel
1819 2161 1913 2192 non
1939 2147 1996 2192 de
2020 2146 2146 2194 &cili
2163 2148 2228 2192 vi-

261 2212 417 2258 tabilia
442 2214 696 2265 secundum
722 2215 1034 2260 infirmitatem
1061 2216 1223 2260 carnis.

939 2395 1375 2454 ARTICULUS
1409 2395 1566 2452 VIII.
2165 2423 2222 2472 9⁷

522 2530 760 2570 UTRUM
806 2533 869 2571 m
922 2532 1228 2571 efflusi-o
1282 2533 1527 2572 FUERIT
1578 2530 1978 2570 ADMIRATIO-
2151 2492 2153 2496 Α

658 2641 776 2699 (Lib.
802 2655 844 2698 4.
873 2641 1020 2686 Contr.
1046 2657 1085 2701 g.
1114 2650 1201 2702 cap.
1225 2657 1280 2702 33.
1308 2648 1345 2686 et
1370 2642 1522 2687 Matth.
1551 2655 1588 2700 7.
1617 2656 1719 2686 com.
1744 2642 1816 2699 5.).

351 2752 427 2797 AD
461 2764 697 2796 ocTAvuM
723 2753 788 2796 sic
820 2753 1092 2810 proceditur.
1120 2753 1325 2807 Videtur,
1362 2752 1484 2812 quod
1512 2753 1557 2795 in
1586 2751 1772 2796 Christo
1798 2765 1894 2795 non
1924 2749 2060 2796 fuerit
2084 2750 2224 2796 admi-

260 2821 396 2866 ratio:
433 2820 540 2864 dicit
567 2822 689 2866 enim
715 2819 886 2864 Philos.
915 2821 961 2863 in
993 2834 1028 2864 1.
1055 2821 1256 2879 Metaph.
1286 2822 1398 2880 (cap.
1421 2822 1499 2878 2.)‚
1525 2819 1646 2878 quod
1674 2818 1914 2863 admiratio
1937 2829 2148 2863 causatur
2168 2833 2222 2864 ex

260 2887 367 2942 hoc,
395 2889 517 2948 quod
545 2888 703 2948 aliquis
729 2888 852 2931 videt
879 2886 1106 2941 effectum,
1126 2898 1169 2931 et
1191 2888 1372 2946 ignorat
1399 2901 1607 2930 causam:
1637 2896 1680 2929 et
1702 2886 1766 2930 sic
1796 2885 2008 2930 admirari
2034 2900 2128 2930 non
2156 2896 2225 2932 est

259 2957 348 3001 nisi
364 2957 638 3016 ignorantis:
657 2956 735 3000 sed
752 2956 799 2999 in
819 2955 1003 2999 Christo
1026 2969 1120 2998 non
1142 2955 1225 2999 fuit
1246 2955 1519 3014 ignorantia,
1537 2963 1584 2997 ut
1602 2953 1774 2997 dictum
1798 2961 1864 2997 est
1880 2954 1982 3011 (art.
1990 2969 2027 3014 3.
2041 2954 2128 3013 huj.
2141 2955 2220 3014 q.),·

262 3038 372 3084 ergo
406 3025 451 3068 in
480 3024 666 3068 Christo
693 3038 787 3067 non
812 3023 895 3066 {uit
922 3023 1178 3066 admiratio.

351 3105 390 3136 2.
418 3092 716 3136 PRAETEREA.
734 3090 950 3134 Damasc.
980 3089 1088 3133 dicit
1113 3090 1159 3132 in
1187 3102 1226 3132 2.
1254 3088 1328 3132 lib.
1357 3089 1502 3146 (Orth.
1531 3087 1623 3132 Fid.
1653 3095 1745 3147 cap.
1771 3088 1848 3146 15.)
1877 3087 2000 3146 quod
2029 3104 2053 3130 «
2081 3087 2221 3133 admi·

259 3159 375 3203 ratio
404 3169 471 3203 est
494 3158 634 3202 timor
658 3173 709 3202 ex
732 3171 900 3215 magna
927 3156 1254 3215 imaginatione
1282 3173 1332 3211 »3
1361 3165 1404 3200 et
1429 3156 1532 3199 ideo
1560 3154 1733 3198 Philos.
1761 3154 1871 3198 dicit
1892 3154 1938 3198 in
1965 3168 2001 3213 5.
2019 3154 2221 3202 Ethicor.

259 3229 367 3286 (cap.
390 3228 462 3286 3.),
493 3226 614 3285 quod
643 3225 964 3283 magnanimus
992 3238 1086 3267 non
1120 3233 1186 3267 est
1219 3223 1535 3267 admirativus:
1564 3222 1642 3266 sed
1671 3221 1881 3266 Christus
1912 3221 1996 3267 fuit
2020 3222 2222 3268 maxime

260 3294 603 3353 magnanimus;
632 3306 742 3351 ergo
770 3293 813 3335 in
842 3291 1027 3335 Christo
1054 3305 1146 3335 non
1174 3290 1256 3334 fuit
1283 3290 1536 3334 admiratio

353 3377 389 3420 3.
416 3362 715 3406 PRAETEREA.
730 3358 895 3403 Nullus
915 3358 1161 3402 admiratur
1180 3358 1234 3402 de
1259 3372 1330 3411 eo,
1349 3358 1502 3417 quod'
1492 3371 1588 3416 ipse
1614 3356 1763 3401 facere
1789 3366 1963 3416 potest.
1989 3356 2068 3402 sed
2091 3354 2223 3402 chri·

259 3441 352 3474 stus
379 3429 528 3474 facere
555 3438 731 3488 poterat
772 3426 989 3487 quidquid
1016 3440 1235 3485 magnum
1264 3436 1359 3470 erat
1390 3425 1434 3469 in
1469 3426 1625 3480 rebus;
1654 3439 1765 3483 ergo
1791 3424 1983 3480 videtur,
2007 3424 2131 3484 quod
2162 3423 2220 3470 de

258 3497 386 3542 nullo
415 3496 732 3542 admirabatur.

351 3565 446 3609 SED
473 3576 669 3609 CONTRA
692 3572 772 3617 est,
799 3561 920 3622 quod
938 3561 1101 3606 dicitur
1117 3560 1278 3606 Matth.
1305 3560 1371 3605 8.:
1398 3559 1584 3605 Audiens
1599 3560 1727 3616 Jesus,
1746 3558 1922 3604 scilicet
1944 3558 2086 3604 verba
2097 3556 2221 3604 Cen-

258 3631 466 3686 turionis,
492 3633 669 3676 miratus
694 3636 761 3675 est.

2348 3481 2352 3545 ἐ

2346 3547 2352 3558 .

2339 3602 2352 3662 ἐξ
