2352 3926
690 235 970 285 ouansrxo
1009 234 1120 275 mx.
1159 233 1469 275 anncums
1506 232 1560 274 v.
1803 205 1806 208 ⁴
1895 219 1901 224 “
1989 232 2097 287 497

228 343 305 389 An
330 351 547 388 TERTmM
574 339 834 393 dicendum,
860 337 983 398 quod
1008 336 1117 382 licet
1141 336 1414 396 praemium,
1430 333 1505 379 vel
1530 347 1680 393 poena
1706 332 1910 393 corporis
1938 332 2100 392 depen-

141 411 245 456 deat
269 425 324 455 ex
349 408 571 469 praemio,
597 408 671 453 vel
697 420 849 467 poena
871 406 1077 460 animae3
1098 414 1250 448 tamen
1273 403 1378 463 quia
1399 402 1553 447 anima
1569 415 1663 446 non
1681 411 1748 446 est
1765 400 1994 445 mutabilis
2013 400 2100 445 nisi

141 491 221 539 per
244 478 471 530 accidens,
498 485 683 534 propter
710 487 888 533 corpus,
915 474 1066 516 statim
1095 481 1303 530 separata
1325 485 1350 514 a
1367 483 1560 528 corpore
1581 469 1720 513 habet
1744 477 1912 513 statum
1933 467 2099 511 immu-

140 544 343 598 tabilem,
371 554 415 588 et
441 543 605 602 accipit
630 555 764 586 suum
790 539 1034 599 judicium:
1077 538 1156 582 sed
1185 538 1349 596 corpus
1383 546 1591 580 remanet
1623 535 1911 579 mutabilitati
1951 534 2100 593 subje-

143 621 269 656 ctum
294 624 437 670 usque
459 610 514 654 ad
540 610 680 653 finem
707 606 949 666 temporis:
987 616 1032 650 et
1064 605 1167 648 ideo
1208 614 1405 663 oportet,
1446 603 1568 662 quod
1602 613 1710 647 tunc
1746 602 1936 663 recipiat
1966 615 2100 648 suum

140 679 410 738 praemium,
435 676 510 722 vel
536 688 734 735 poenam
755 674 803 719 in
829 673 955 717 finali
979 672 1167 731 judicio.

826 827 1261 886 ARTICULUS
1315 827 1414 882 VI.
2017 851 2097 900 325

139 972 333 1011 UTRUM
358 970 671 1025 JUDICIARIA
704 969 985 1007 POTESTAS
1022 967 1242 1007 CHRISTI
1275 964 1336 1005 SE
1369 965 1670 1006 EXTENDAT
1702 965 1776 1004 AD
1821 964 2095 1006 ANGELOS.

228 1082 304 1126 AD
337 1092 528 1126 SEXTUM
554 1081 618 1124 sic
645 1079 919 1139 proceditur.
947 1077 1153 1133 Videtur,
1181 1078 1302 1136 quod
1329 1086 1530 1136 potestas
1555 1077 1726 1121 Christi
1751 1076 1986 1134 judiciaria
2007 1088 2103 1121 non

140 1163 188 1194 se
210 1149 423 1193 extendat
449 1147 503 1192 ad
533 1146 744 1206 angelos:
773 1145 924 1205 angeli
951 1147 1073 1190 enim
1114 1155 1210 1190 tam
1246 1145 1370 1198 boni,
1397 1159 1536 1203 quam
1570 1143 1680 1187 mali
1720 1143 1907 1202 judicati
1940 1153 2046 1188 sunt
2078 1158 2103 1187 a

140 1216 363 1278 principio
391 1215 562 1268 mundi,
590 1214 772 1274 quando
800 1213 1074 1272 quibusdam
1101 1213 1367 1256 cadentibus
1402 1226 1484 1271 per
1514 1221 1772 1270 peccatum,
1810 1210 1886 1254 alii
1922 1220 2026 1254 sunt
2057 1210 2103 1255 in

139 1283 416 1329 beatitudine
445 1280 726 1325 confirmati:
750 1280 830 1324 sed
857 1280 938 1333 illi,
966 1282 1041 1339 qui
1074 1279 1263 1339 judicati
1294 1289 1411 1332 sunt,
1437 1293 1531 1323 non
1564 1279 1775 1336 indigent
1804 1278 1970 1322 iterum
1994 1277 2106 1336 judi-

142 1352 260 1406 cari;
288 1364 399 1410 ergo
427 1359 628 1409 potestas
653 1347 890 1406 judiciaria
916 1346 1087 1391 Christi
1114 1361 1209 1390 non
1235 1361 1283 1390 se
1310 1347 1509 1391 extendit
1535 1346 1590 1390 ad
1618 1345 1821 1404 angelos,

230 1431 270 1463 2.
292 1417 590 1463 PRAETEREA.
618 1415 725 1460 Non
753 1425 820 1459 est
846 1414 1052 1472 ejusdem
1078 1414 1294 1472 judicare,
1321 1423 1366 1457 et
1390 1413 1604 1472 judicari:
1630 1413 1709 1457 sed
1738 1411 1890 1471 angeli
1921 1412 2107 1457 venient

143 1499 249 1531 cum
276 1484 463 1531 Christo
485 1483 741 1542 judicaturi,
775 1481 1028 1526 secundum
1056 1480 1167 1525 illud
1193 1481 1354 1525 Matth.
1384 1494 1469 1538 25.:
1499 1481 1607 1525 Cum
1632 1482 1794 1525 venerit
1818 1480 1952 1524 Filius
1977 1480 2107 1524 homi-

142 1555 209 1598 nis
232 1554 277 1597 in
301 1554 514 1611 masestate
544 1565 634 1605 sua,
658 1543 694 1595 et
720 1565 857 1594 omnes
874 1550 1010 1608 angeli
1027 1564 1121 1594 cum
1138 1564 1182 1594 eo
1193 1564 1210 1601 ,⁰
1235 1563 1346 1608 ergo
1364 1549 1556 1603 videtur,
1573 1542 1697 1608 quod
1721 1547 1874 1606 angeli
1899 1562 1994 1592 non
2013 1547 2105 1592 sint

142 1619 374 1680 judicandi
401 1633 427 1663 a
454 1618 655 1663 Christo.

235 1702 273 1746 3.
300 1687 598 1731 PRAETEREA.
626 1683 793 1743 Angeli
811 1693 916 1728 sunt
937 1683 1194 1743 superiores
1222 1682 1321 1727 aliis
1339 1683 1580 1738 creaturis;
1607 1684 1643 1727 si
1667 1697 1778 1740 ergo
1807 1682 2015 1727 Christus
2038 1692 2106 1728 est

141 1754 275 1814 iudex
314 1766 409 1798 non
446 1752 598 1796 solum
641 1751 899 1805 hominurn,
936 1751 1015 1794 sed
1048 1751 1187 1794 etiam
1221 1749 1506 1809 angelorum,
1532 1750 1630 1809 pari
1653 1750 1831 1794 ratione
1863 1750 1947 1794 erit
1971 1749 2105 1808 judex

142 1821 352 1866 omnium
379 1829 714 1863 creaturarum:
743 1818 864 1877 quod
883 1817 1062 1861 videtur
1079 1832 1178 1862 esse
1205 1817 1393 1870 falsum„
1415 1831 1521 1860 cum
1548 1818 1639 1861 hoc
1666 1818 1723 1861 sit
1748 1817 1984 1876 proprium
2001 1831 2105 1876 pro-

142 1886 371 1932 videntiae
397 1885 501 1940 Dei,
527 1884 648 1928 unde
675 1884 838 1928 dicitur
858 1884 942 1942 Job
975 1896 1056 1942 34:
1086 1885 1223 1940 Quem
1257 1886 1467 1929 constituit
1499 1885 1631 1928 alium
1669 1892 1791 1943 super
1824 1890 1997 1937 terram,
2031 1891 2106 1929 aut

142 1969 263 2014 quem
276 1955 419 2014 posuit
440 1960 566 2012 super
591 1953 746 2007 orbem,
775 1967 896 2010 quem
913 1952 1157 2011 fabricatus
1173 1952 1266 1996 est?
1291 1951 1399 1995 Non
1422 1965 1532 2010 ergo
1553 1951 1762 1995 Christus
1789 1960 1855 1995 est
1880 1951 2014 2010 judex
2032 1965 2106 1994 an-

142 2021 367 2081 gelorum.

231 2089 326 2133 SED
354 2099 548 2133 CONTRA
565 2096 646 2140 est,
669 2085 791 2145 quod
819 2086 980 2145 Apost.
1008 2085 1117 2130 dicit
1142 2099 1176 2130 1.
1207 2085 1315 2131 Cor.
1343 2083 1410 2132 6.:
1437 2086 1510 2130 An
1526 2087 1699 2139 nescitis,
1720 2087 1917 2144 quoniam
1936 2085 2101 2143 angelos

132 2156 448 2216 judicabimus?
475 2154 566 2199 Sed
598 2149 743 2198 sancti
763 2167 857 2197 non
888 2153 1166 2212 judicabunt,
1188 2153 1276 2196 nisi
1302 2154 1570 2198 auctoritate
1599 2153 1792 2207 Christi;
1820 2167 1930 2212 ergo
1958 2152 2104 2197 multo

140 2223 289 2282 magis
316 2222 526 2266 Christus
548 2221 688 2265 habet
711 2220 998 2280 Judiciariam
1020 2230 1295 2279 potestatem
1322 2235 1455 2279 super
1483 2220 1686 2279 angelos.

230 2290 520 2334 RESPONDEO
549 2288 809 2342 dicendum,
836 2287 959 2347 quod
987 2287 1140 2346 angeli
1169 2289 1360 2332 subsunt
1390 2289 1652 2346 judiciariae
1680 2288 1894 2347 potestati
1920 2287 2106 2342 Christi,

138 2370 234 2401 non
258 2356 411 2402 solum
436 2366 658 2415 quantum
684 2355 740 2399 ad
767 2356 969 2400 divinam
994 2366 1221 2410 naturam,
1254 2366 1388 2414 prout
1414 2366 1482 2400 est
1507 2356 1711 2400 Verbum
1729 2356 1832 2410 Dei,
1855 2355 1934 2399 sed
1967 2355 2106 2399 etiam

140 2425 315 2469 ratione
340 2424 571 2468 humanae
593 2433 802 2467 naturae:
831 2423 952 2482 quod
975 2433 1099 2482 patet
1136 2437 1190 2468 ex
1213 2425 1367 2468 tribus:
1387 2425 1532 2482 primo
1556 2423 1741 2482 quidem
1770 2437 1823 2466 ex
1844 2422 2106 2481 propinqui-

138 2501 230 2536 tate
255 2501 442 2535 naturae
474 2500 732 2550 assumptae
761 2489 815 2533 ad
842 2490 1018 2544 Deum3
1046 2490 1166 2549 quia,
1194 2500 1243 2534 ut
1268 2490 1431 2534 dicitur
1457 2490 1573 2535 Heb.
1602 2503 1665 2535 2.:
1695 2491 1915 2548 Nusquam
1941 2490 2104 2548 angelos

140 2556 422 2618 apprehendit,
459 2557 524 2602 sed
557 2572 692 2602 semen
719 2557 918 2602 Abrahae
943 2557 1223 2616 apprehendit,
1253 2567 1297 2601 et
1322 2558 1427 2601 ideo
1461 2558 1614 2601 anima
1658 2557 1830 2601 Christi
1856 2557 2004 2615 magis
2038 2566 2106 2600 est

141 2623 312 2684 repleta
327 2624 491 2668 virtute
508 2624 647 2668 Verbi
673 2624 775 2677 Dei,
793 2637 931 2682 quam
950 2624 1111 2683 aliquis
1138 2619 1433 2683 angelorum3
1452 2625 1571 2668 unde
1596 2635 1640 2668 et
1658 2625 1848 2683 angelos
1864 2624 2107 2678 illuminat,

141 2691 259 2735 sicut
283 2691 421 2735 Dion.
449 2691 557 2735 dicit
590 2702 629 2748 7.
657 2704 755 2750 cap.
792 2690 923 2736 Coel.
960 2691 1082 2735 Hier.
1119 2692 1168 2749 (a
1199 2691 1344 2748 med),
1372 2691 1492 2736 unde
1519 2692 1575 2735 de
1612 2692 1675 2735 eis
1708 2692 1847 2736 habet
1877 2691 2103 2750 judicare:

140 2757 327 2812 secundo,
353 2758 459 2817 quia
494 2772 574 2816 per
600 2757 907 2802 humilitatem
944 2760 1168 2816 passionis
1194 2758 1398 2802 humana
1434 2769 1596 2803 natura
1626 2759 1674 2802 in
1711 2758 1898 2803 Christo
1940 2758 2106 2802 meruit

143 2824 332 2878 exaltari
352 2836 486 2884 super
513 2824 725 2884 angelos;
758 2826 832 2880 ita,
861 2827 976 2870 sicut
1009 2826 1172 2870 dicitur
1210 2826 1376 2885 Philip.
1409 2840 1470 2870 2.:
1513 2827 1566 2870 Ut
1591 2828 1635 2870 in
1661 2828 1829 2871 nomine
1858 2827 1954 2883 Iesu
1985 2841 2104 2869 omne

139 2906 245 2950 genu
267 2892 476 2950 flectatur,
509 2892 752 2947 coelestium,
779 2895 1049 2948 terrestrium,
1075 2899 1111 2938 et
1135 2894 1416 2952 infernorum,
1443 2903 1487 2937 et
1512 2893 1616 2937 ideo
1646 2893 1855 2938 Christus
1880 2893 2017 2936 habet
2042 2889 2106 2950 ju-

142 2958 378 3003 diciariam
399 2967 672 3016 potestatem
695 2960 832 3004 etiam
850 2974 984 3019 super
1007 2973 1168 3004 omnes
1189 2960 1378 3019 angelos
1395 2971 1440 3005 et
1464 2961 1627 3014 bonos,
1653 2971 1699 3005 et
1714 2960 1888 3013 malos;
1910 2960 1956 3003 in
1974 2960 2105 3017 cujus

142 3027 324 3084 signum
358 3025 521 3070 dicitur
556 3026 701 3084 Apoc.
736 3039 776 3083 7.
804 3028 927 3086 quod
960 3042 1097 3072 omnes
1131 3029 1268 3087 angeli
1298 3030 1463 3073 stabant
1488 3030 1533 3072 in
1566 3030 1742 3073 circuitu
1780 3029 1945 3072 throni:
1986 3028 2104 3071 tertio

142 3092 317 3137 ratione
336 3106 512 3146 eorum,
530 3105 646 3151 quae
664 3093 784 3139 circa
810 3093 1022 3138 homines
1046 3105 1304 3154 operantur,
1332 3109 1527 3155 quorum
1553 3094 1763 3139 Christus
1786 3093 1974 3152 speciali
1997 3107 2105 3152 quo-

142 3160 249 3204 dam
272 3159 415 3205 modo
443 3168 508 3203 est
530 3169 687 3218 caput;
709 3158 828 3205 unde
854 3159 1019 3205 dicitur
1045 3162 1160 3208 Heb.
1189 3177 1250 3207 1.:
1281 3163 1435 3208 Omnes
1448 3169 1542 3207 sunt
1563 3162 1914 3206 administratorii
1933 3163 2105 3220 spiritus

144 3228 189 3270 in
215 3228 494 3271 ministerium
519 3228 634 3271 missi
652 3233 825 3286 propter
841 3239 919 3282 eos,
943 3231 1015 3287 qui
1040 3229 1335 3275 haereditatem
1361 3231 1535 3289 capiunt
1558 3230 1714 3274 salutis.
1735 3228 1934 3272 Subsunt
1952 3239 2106 3272 autern

147 3292 318 3351 judicio
345 3291 540 3338 Christi:
568 3306 650 3337 uno
678 3292 864 3351 quidem
891 3295 1028 3349 modo,
1058 3306 1277 3355 quantum
1305 3297 1360 3340 ad
1380 3296 1764 3355 dispensationem
1789 3309 1964 3350 eorum,
1990 3310 2106 3354 quae

144 3374 225 3419 per
239 3359 363 3419 ipsos
380 3370 595 3419 aguntur:
625 3373 741 3419 quae
763 3360 948 3419 quidem
975 3362 1251 3420 dispensatio
1269 3363 1318 3407 fit
1336 3364 1474 3407 etiarn
1498 3377 1577 3422 per
1594 3363 1834 3406 hominem
1853 3362 2105 3418 Christum,

145 3426 219 3469 cui
245 3425 396 3484 angeli
423 3427 751 3480 ministrabant,
779 3436 827 3470 ut
849 3427 1011 3472 dicitur
1035 3428 1196 3476 Matth.
1223 3443 1280 3484 4.,
1299 3440 1343 3474 et
1361 3444 1385 3473 a
1412 3444 1502 3489 quo
1531 3429 1780 3474 daemones
1807 3430 2033 3489 petebant,
2055 3441 2105 3474 ut

55 3498 67 3505 “
144 3493 191 3536 in
217 3504 383 3551 porcos
399 3494 696 3548 mitterentur,
714 3503 762 3537 ut
788 3494 950 3539 dicitur
971 3495 1132 3541 Matth.
1160 3498 1224 3541 8.:
1253 3497 1428 3542 secundo
1452 3507 1673 3556 quantum
1702 3498 1757 3541 ad
1784 3497 1873 3542 alia
1900 3498 2104 3542 acciden-

144 3558 252 3603 talia
277 3560 478 3618 praemia
503 3561 731 3605 bonorum
760 3561 1044 3619 angelorum,
1071 3576 1188 3622 quae
1205 3574 1309 3608 sunt
1331 3564 1510 3622 gaudia,
1538 3578 1654 3622 quae
1676 3564 1844 3609 habent
1870 3565 1924 3609 de
1957 3565 2103 3610 salute

144 3624 403 3680 hominurn,
429 3627 681 3671 secundum
708 3625 819 3671 illud
837 3624 946 3672 Luc.
969 3641 1060 3686 15.:
1091 3629 1306 3675 Gaudium
1323 3633 1402 3675 erit
1422 3644 1566 3675 coram
1597 3632 1751 3690 angelis
1766 3632 1851 3677 Dei
1867 3641 1990 3692 super
2020 3647 2103 3678 uno

324 3727 361 3763 S.
386 3728 540 3764 Tuom:
565 3730 695 3764 Summa
717 3730 918 3776 Theologica.
943 3731 1026 3769 Vol.
1053 3731 1114 3768 IV.
1885 3747 1925 3778 32
