<?xml version="1.0" encoding="UTF-8"?>
<!DOCTYPE html PUBLIC "-//W3C//DTD XHTML 1.0 Transitional//EN"
    "http://www.w3.org/TR/xhtml1/DTD/xhtml1-transitional.dtd">
<html xmlns="http://www.w3.org/1999/xhtml" xml:lang="en" lang="en">
 <head>
  <title>
</title>
<meta http-equiv="Content-Type" content="text/html;charset=utf-8" />
  <meta name='ocr-system' content='tesseract 3.04.00' />
  <meta name='ocr-capabilities' content='ocr_page ocr_carea ocr_par ocr_line ocrx_word'/>
</head>
<body>
  <div class='ocr_page' id='page_1' title='image "./divithomaeaquina04thom_0338.png"; bbox 0 0 2352 3926; ppageno 0'>
   <div class='ocr_carea' id='block_1_1' title="bbox 336 221 1786 294">
    <p class='ocr_par' dir='ltr' id='par_1_1' title="bbox 336 221 1786 294">
     <span class='ocr_line' id='line_1_1' title="bbox 336 221 1786 294; baseline 0 -19"><span class='ocrx_word' id='word_1_1' title='bbox 336 240 445 294; x_wconf 86' lang='lat'><em>334</em></span> <span class='ocrx_word' id='word_1_2' title='bbox 835 235 1114 282; x_wconf 70' lang='lat' dir='ltr'>QuAsssno</span> <span class='ocrx_word' id='word_1_3' title='bbox 1156 235 1344 274; x_wconf 80' lang='lat' dir='ltr'>xxxtx.</span> <span class='ocrx_word' id='word_1_4' title='bbox 1386 221 1694 275; x_wconf 56' lang='lat' dir='ltr'>,inuentus</span> <span class='ocrx_word' id='word_1_5' title='bbox 1733 237 1786 276; x_wconf 89' lang='lat' dir='ltr'>v.</span> 
     </span>
    </p>
   </div>
   <div class='ocr_carea' id='block_1_2' title="bbox 322 337 2352 2738">
    <p class='ocr_par' dir='ltr' id='par_1_2' title="bbox 331 337 2296 664">
     <span class='ocr_line' id='line_1_2' title="bbox 423 337 2293 397; baseline 0 -13"><span class='ocrx_word' id='word_1_6' title='bbox 423 340 500 384; x_wconf 84' lang='lat' dir='ltr'>An</span> <span class='ocrx_word' id='word_1_7' title='bbox 540 352 728 384; x_wconf 78' lang='lat' dir='ltr'><strong>PRIMUM</strong></span> <span class='ocrx_word' id='word_1_8' title='bbox 771 353 882 395; x_wconf 86' lang='lat' dir='ltr'>ergo</span> <span class='ocrx_word' id='word_1_9' title='bbox 925 337 1185 391; x_wconf 91' lang='lat' dir='ltr'>dicendum,</span> <span class='ocrx_word' id='word_1_10' title='bbox 1218 338 1355 396; x_wconf 93' lang='lat' dir='ltr'>quod,</span> <span class='ocrx_word' id='word_1_11' title='bbox 1388 337 1505 382; x_wconf 93' lang='lat' dir='ltr'>sicut</span> <span class='ocrx_word' id='word_1_12' title='bbox 1537 337 1775 397; x_wconf 89' lang='lat' dir='ltr'>Chrysost.</span> <span class='ocrx_word' id='word_1_13' title='bbox 1816 337 1925 382; x_wconf 86' lang='lat' dir='ltr'>dicit</span> <span class='ocrx_word' id='word_1_14' title='bbox 1963 352 2098 397; x_wconf 89' lang='lat' dir='ltr'>super</span> <span class='ocrx_word' id='word_1_15' title='bbox 2131 338 2293 384; x_wconf 83' lang='lat' dir='ltr'>Matth.</span> 
     </span>
     <span class='ocr_line' id='line_1_3' title="bbox 333 403 2293 464; baseline 0 -14"><span class='ocrx_word' id='word_1_16' title='bbox 333 407 544 464; x_wconf 72' lang='lat' dir='ltr'>(ibidem),</span> <span class='ocrx_word' id='word_1_17' title='bbox 577 422 600 446; x_wconf 73' lang='lat' dir='ltr'>&lt;c</span> <span class='ocrx_word' id='word_1_18' title='bbox 623 405 740 449; x_wconf 91' lang='lat' dir='ltr'>sicut</span> <span class='ocrx_word' id='word_1_19' title='bbox 767 404 976 448; x_wconf 89' lang='lat' dir='ltr'>Christus</span> <span class='ocrx_word' id='word_1_20' title='bbox 995 403 1258 448; x_wconf 90' lang='lat' dir='ltr'>secundum</span> <span class='ocrx_word' id='word_1_21' title='bbox 1265 404 1651 463; x_wconf 83' lang='lat' dir='ltr'><strong>dispensationem</strong></span> <span class='ocrx_word' id='word_1_22' title='bbox 1672 405 1922 448; x_wconf 88' lang='lat' dir='ltr'>humanam</span> <span class='ocrx_word' id='word_1_23' title='bbox 1938 404 2190 464; x_wconf 89' lang='lat' dir='ltr'>baptizatus</span> <span class='ocrx_word' id='word_1_24' title='bbox 2212 414 2293 460; x_wconf 90' lang='lat' dir='ltr'>est,</span> 
     </span>
     <span class='ocr_line' id='line_1_4' title="bbox 333 471 2298 546; baseline 0.001 -30"><span class='ocrx_word' id='word_1_25' title='bbox 333 473 540 532; x_wconf 87' lang='lat' dir='ltr'>quamvis</span> <span class='ocrx_word' id='word_1_26' title='bbox 567 473 662 531; x_wconf 87' lang='lat' dir='ltr'>ipse</span> <span class='ocrx_word' id='word_1_27' title='bbox 689 482 873 530; x_wconf 86' lang='lat' dir='ltr'>propter</span> <span class='ocrx_word' id='word_1_28' title='bbox 899 486 947 515; x_wconf 91' lang='lat' dir='ltr'>se</span> <span class='ocrx_word' id='word_1_29' title='bbox 974 471 1199 530; x_wconf 89' lang='lat' dir='ltr'>baptismo</span> <span class='ocrx_word' id='word_1_30' title='bbox 1225 485 1318 515; x_wconf 89' lang='lat' dir='ltr'>non</span> <span class='ocrx_word' id='word_1_31' title='bbox 1345 471 1592 530; x_wconf 82' lang='lat' dir='ltr'>indigeret3</span> <span class='ocrx_word' id='word_1_32' title='bbox 1620 471 1684 515; x_wconf 93' lang='lat' dir='ltr'>sic</span> <span class='ocrx_word' id='word_1_33' title='bbox 1709 471 1848 514; x_wconf 90' lang='lat' dir='ltr'>etiam</span> <span class='ocrx_word' id='word_1_34' title='bbox 1870 472 2121 517; x_wconf 90' lang='lat' dir='ltr'>secundum</span> <span class='ocrx_word' id='word_1_35' title='bbox 2135 471 2298 546; x_wconf 80' lang='lat' dir='ltr'>huma·</span> 
     </span>
     <span class='ocr_line' id='line_1_5' title="bbox 331 522 2296 617; baseline 0 -34"><span class='ocrx_word' id='word_1_36' title='bbox 331 555 437 583; x_wconf 87' lang='lat' dir='ltr'>nam</span> <span class='ocrx_word' id='word_1_37' title='bbox 467 540 853 614; x_wconf 77' lang='lat' dir='ltr'>dispensationem</span> <span class='ocrx_word' id='word_1_38' title='bbox 882 538 1023 596; x_wconf 88' lang='lat' dir='ltr'>aperti</span> <span class='ocrx_word' id='word_1_39' title='bbox 1051 547 1155 581; x_wconf 90' lang='lat' dir='ltr'>sunt</span> <span class='ocrx_word' id='word_1_40' title='bbox 1176 538 1219 581; x_wconf 93' lang='lat' dir='ltr'>ei</span> <span class='ocrx_word' id='word_1_41' title='bbox 1242 537 1382 581; x_wconf 87' lang='lat' dir='ltr'>coeli:</span> <span class='ocrx_word' id='word_1_42' title='bbox 1410 538 1663 582; x_wconf 87' lang='lat' dir='ltr'>secundum</span> <span class='ocrx_word' id='word_1_43' title='bbox 1697 547 1851 582; x_wconf 90' lang='lat' dir='ltr'>autem</span> <span class='ocrx_word' id='word_1_44' title='bbox 1866 529 2078 582; x_wconf 80' lang='lat' dir='ltr'>naturam</span> <span class='ocrx_word' id='word_1_45' title='bbox 2094 522 2296 617; x_wconf 60' lang='lat' dir='ltr'>divinam</span> 
     </span>
     <span class='ocr_line' id='line_1_6' title="bbox 332 603 936 664; baseline -0.007 -14"><span class='ocrx_word' id='word_1_46' title='bbox 332 620 511 664; x_wconf 86' lang='lat' dir='ltr'>semper</span> <span class='ocrx_word' id='word_1_47' title='bbox 538 615 632 648; x_wconf 93' lang='lat' dir='ltr'>erat</span> <span class='ocrx_word' id='word_1_48' title='bbox 657 605 703 647; x_wconf 90' lang='lat' dir='ltr'>in</span> <span class='ocrx_word' id='word_1_49' title='bbox 731 603 873 648; x_wconf 91' lang='lat' dir='ltr'>coelis</span> <span class='ocrx_word' id='word_1_50' title='bbox 895 621 936 647; x_wconf 85' lang='lat'>&gt;›.</span> 
     </span>
    </p>

    <p class='ocr_par' dir='ltr' id='par_1_3' title="bbox 325 631 2293 1786">
     <span class='ocr_line' id='line_1_7' title="bbox 419 631 2290 732; baseline 0.001 -17"><span class='ocrx_word' id='word_1_51' title='bbox 419 673 495 716; x_wconf 87' lang='lat' dir='ltr'>AD</span> <span class='ocrx_word' id='word_1_52' title='bbox 529 685 790 715; x_wconf 78' lang='lat' dir='ltr'>SECUNDUM</span> <span class='ocrx_word' id='word_1_53' title='bbox 817 671 1076 725; x_wconf 89' lang='lat' dir='ltr'>dicendum,</span> <span class='ocrx_word' id='word_1_54' title='bbox 1103 671 1240 730; x_wconf 87' lang='lat' dir='ltr'>quod,</span> <span class='ocrx_word' id='word_1_55' title='bbox 1268 672 1385 716; x_wconf 89' lang='lat' dir='ltr'>sicut</span> <span class='ocrx_word' id='word_1_56' title='bbox 1410 671 1598 715; x_wconf 90' lang='lat' dir='ltr'>Hieron.</span> <span class='ocrx_word' id='word_1_57' title='bbox 1627 670 1736 714; x_wconf 90' lang='lat' dir='ltr'>dicit</span> <span class='ocrx_word' id='word_1_58' title='bbox 1766 684 1900 730; x_wconf 89' lang='lat' dir='ltr'>super</span> <span class='ocrx_word' id='word_1_59' title='bbox 1931 631 2093 716; x_wconf 79' lang='lat' dir='ltr'>Matth.</span> <span class='ocrx_word' id='word_1_60' title='bbox 2119 671 2230 731; x_wconf 85' lang='lat' dir='ltr'>(cap.</span> <span class='ocrx_word' id='word_1_61' title='bbox 2253 687 2290 732; x_wconf 85' lang='lat'>3.</span> 
     </span>
     <span class='ocr_line' id='line_1_8' title="bbox 328 737 2294 797; baseline 0 -15"><span class='ocrx_word' id='word_1_62' title='bbox 328 741 373 782; x_wconf 88' lang='lat' dir='ltr'>in</span> <span class='ocrx_word' id='word_1_63' title='bbox 399 739 504 783; x_wconf 79' lang='lat' dir='ltr'>hunc</span> <span class='ocrx_word' id='word_1_64' title='bbox 530 739 594 782; x_wconf 82' lang='lat' dir='ltr'>loc</span> <span class='ocrx_word' id='word_1_65' title='bbox 600 740 646 796; x_wconf 89' lang='lat'>.,)</span> <span class='ocrx_word' id='word_1_66' title='bbox 679 754 701 778; x_wconf 76' lang='lat' dir='ltr'>&lt;c</span> <span class='ocrx_word' id='word_1_67' title='bbox 726 737 845 781; x_wconf 92' lang='lat' dir='ltr'>coeli</span> <span class='ocrx_word' id='word_1_68' title='bbox 871 738 1014 796; x_wconf 87' lang='lat' dir='ltr'>aperti</span> <span class='ocrx_word' id='word_1_69' title='bbox 1038 748 1155 792; x_wconf 90' lang='lat' dir='ltr'>sunt,</span> <span class='ocrx_word' id='word_1_70' title='bbox 1185 738 1371 782; x_wconf 92' lang='lat' dir='ltr'>Christo</span> <span class='ocrx_word' id='word_1_71' title='bbox 1398 739 1640 797; x_wconf 85' lang='lat' dir='ltr'>baptizato,</span> <span class='ocrx_word' id='word_1_72' title='bbox 1667 752 1762 781; x_wconf 90' lang='lat' dir='ltr'>non</span> <span class='ocrx_word' id='word_1_73' title='bbox 1788 738 2064 782; x_wconf 85' lang='lat' dir='ltr'>reseratione</span> <span class='ocrx_word' id='word_1_74' title='bbox 2097 737 2294 790; x_wconf 86' lang='lat' dir='ltr'>elemen-</span> 
     </span>
     <span class='ocr_line' id='line_1_9' title="bbox 327 797 2293 863; baseline 0 -14"><span class='ocrx_word' id='word_1_75' title='bbox 327 815 495 858; x_wconf 89' lang='lat' dir='ltr'>torum,</span> <span class='ocrx_word' id='word_1_76' title='bbox 522 804 599 848; x_wconf 90' lang='lat' dir='ltr'>sed</span> <span class='ocrx_word' id='word_1_77' title='bbox 627 804 931 863; x_wconf 81' lang='lat' dir='ltr'>spiritualibus</span> <span class='ocrx_word' id='word_1_78' title='bbox 958 803 1131 849; x_wconf 90' lang='lat' dir='ltr'>oculis:</span> <span class='ocrx_word' id='word_1_79' title='bbox 1159 805 1276 849; x_wconf 90' lang='lat' dir='ltr'>sicut</span> <span class='ocrx_word' id='word_1_80' title='bbox 1302 815 1346 848; x_wconf 90' lang='lat' dir='ltr'>et</span> <span class='ocrx_word' id='word_1_81' title='bbox 1371 804 1586 848; x_wconf 88' lang='lat' dir='ltr'>Ezechiel</span> <span class='ocrx_word' id='word_1_82' title='bbox 1618 804 1664 848; x_wconf 92' lang='lat' dir='ltr'>in</span> <span class='ocrx_word' id='word_1_83' title='bbox 1696 804 1920 863; x_wconf 88' lang='lat' dir='ltr'>principio</span> <span class='ocrx_word' id='word_1_84' title='bbox 1946 797 2197 849; x_wconf 86' lang='lat' dir='ltr'>voluminis</span> <span class='ocrx_word' id='word_1_85' title='bbox 2223 805 2293 849; x_wconf 91' lang='lat' dir='ltr'>sui</span> 
     </span>
     <span class='ocr_line' id='line_1_10' title="bbox 331 870 2293 931; baseline 0.001 -16"><span class='ocrx_word' id='word_1_86' title='bbox 331 871 486 915; x_wconf 92' lang='lat' dir='ltr'>coelos</span> <span class='ocrx_word' id='word_1_87' title='bbox 519 881 698 931; x_wconf 89' lang='lat' dir='ltr'>apertos</span> <span class='ocrx_word' id='word_1_88' title='bbox 732 885 830 915; x_wconf 89' lang='lat' dir='ltr'>esse</span> <span class='ocrx_word' id='word_1_89' title='bbox 865 881 1202 915; x_wconf 87' lang='lat' dir='ltr'>commemorat</span> <span class='ocrx_word' id='word_1_90' title='bbox 1226 886 1276 914; x_wconf 87' lang='lat'>»:</span> <span class='ocrx_word' id='word_1_91' title='bbox 1305 881 1349 915; x_wconf 92' lang='lat' dir='ltr'>et</span> <span class='ocrx_word' id='word_1_92' title='bbox 1374 871 1464 915; x_wconf 94' lang='lat' dir='ltr'>hoc</span> <span class='ocrx_word' id='word_1_93' title='bbox 1497 871 1658 930; x_wconf 89' lang='lat' dir='ltr'>probat</span> <span class='ocrx_word' id='word_1_94' title='bbox 1692 871 1931 930; x_wconf 90' lang='lat' dir='ltr'>Chrysost.</span> <span class='ocrx_word' id='word_1_95' title='bbox 1963 882 2103 930; x_wconf 84' lang='lat' dir='ltr'>super</span> <span class='ocrx_word' id='word_1_96' title='bbox 2131 870 2293 917; x_wconf 82' lang='lat' dir='ltr'>Matth.</span> 
     </span>
     <span class='ocr_line' id='line_1_11' title="bbox 331 936 2293 998; baseline 0 -16"><span class='ocrx_word' id='word_1_97' title='bbox 331 938 426 994; x_wconf 74' lang='lat' dir='ltr'>(loc.</span> <span class='ocrx_word' id='word_1_98' title='bbox 459 946 547 998; x_wconf 79' lang='lat' dir='ltr'>sup.</span> <span class='ocrx_word' id='word_1_99' title='bbox 581 939 670 995; x_wconf 81' lang='lat' dir='ltr'>cit.)</span> <span class='ocrx_word' id='word_1_100' title='bbox 706 938 874 991; x_wconf 84' lang='lat' dir='ltr'>dicens,</span> <span class='ocrx_word' id='word_1_101' title='bbox 904 955 927 979; x_wconf 77' lang='lat' dir='ltr'>c&lt;</span> <span class='ocrx_word' id='word_1_102' title='bbox 951 938 1072 996; x_wconf 94' lang='lat' dir='ltr'>quod</span> <span class='ocrx_word' id='word_1_103' title='bbox 1114 939 1152 982; x_wconf 91' lang='lat' dir='ltr'>si</span> <span class='ocrx_word' id='word_1_104' title='bbox 1191 939 1290 996; x_wconf 90' lang='lat' dir='ltr'>ipsa</span> <span class='ocrx_word' id='word_1_105' title='bbox 1323 948 1529 981; x_wconf 88' lang='lat' dir='ltr'>creatura</span> <span class='ocrx_word' id='word_1_106' title='bbox 1551 955 1592 991; x_wconf 85' lang='lat'>»,</span> <span class='ocrx_word' id='word_1_107' title='bbox 1620 937 1794 982; x_wconf 87' lang='lat' dir='ltr'>scilicet</span> <span class='ocrx_word' id='word_1_108' title='bbox 1826 936 2080 992; x_wconf 87' lang='lat' dir='ltr'>coelorum,</span> <span class='ocrx_word' id='word_1_109' title='bbox 2116 939 2293 998; x_wconf 44' lang='lat' dir='ltr'>«rupta</span> 
     </span>
     <span class='ocr_line' id='line_1_12' title="bbox 328 1003 2292 1063; baseline 0.001 -15"><span class='ocrx_word' id='word_1_110' title='bbox 328 1005 498 1058; x_wconf 86' lang='lat' dir='ltr'>fuisset,</span> <span class='ocrx_word' id='word_1_111' title='bbox 515 1019 609 1048; x_wconf 93' lang='lat' dir='ltr'>non</span> <span class='ocrx_word' id='word_1_112' title='bbox 632 1005 837 1049; x_wconf 82' lang='lat' dir='ltr'>dixisset:</span> <span class='ocrx_word' id='word_1_113' title='bbox 864 1005 1024 1063; x_wconf 88' lang='lat' dir='ltr'>Aperti</span> <span class='ocrx_word' id='word_1_114' title='bbox 1045 1014 1149 1048; x_wconf 91' lang='lat' dir='ltr'>sunt</span> <span class='ocrx_word' id='word_1_115' title='bbox 1170 1005 1234 1048; x_wconf 90' lang='lat' dir='ltr'>ei:</span> <span class='ocrx_word' id='word_1_116' title='bbox 1259 1005 1363 1063; x_wconf 91' lang='lat' dir='ltr'>quia</span> <span class='ocrx_word' id='word_1_117' title='bbox 1387 1005 1508 1063; x_wconf 93' lang='lat' dir='ltr'>quod</span> <span class='ocrx_word' id='word_1_118' title='bbox 1532 1004 1828 1063; x_wconf 87' lang='lat' dir='ltr'>corporaliter</span> <span class='ocrx_word' id='word_1_119' title='bbox 1850 1004 2061 1063; x_wconf 89' lang='lat' dir='ltr'>aperitur,</span> <span class='ocrx_word' id='word_1_120' title='bbox 2080 1003 2292 1049; x_wconf 87' lang='lat' dir='ltr'>omnibus</span> 
     </span>
     <span class='ocr_line' id='line_1_13' title="bbox 331 1071 2293 1132; baseline 0 -16"><span class='ocrx_word' id='word_1_121' title='bbox 331 1082 398 1116; x_wconf 91' lang='lat' dir='ltr'>est</span> <span class='ocrx_word' id='word_1_122' title='bbox 425 1082 630 1132; x_wconf 90' lang='lat' dir='ltr'>apertum</span> <span class='ocrx_word' id='word_1_123' title='bbox 653 1087 704 1125; x_wconf 79' lang='lat'>»3</span> <span class='ocrx_word' id='word_1_124' title='bbox 731 1071 851 1115; x_wconf 90' lang='lat' dir='ltr'>unde</span> <span class='ocrx_word' id='word_1_125' title='bbox 878 1072 1016 1115; x_wconf 90' lang='lat' dir='ltr'>etiam</span> <span class='ocrx_word' id='word_1_126' title='bbox 1043 1072 1187 1114; x_wconf 87' lang='lat' dir='ltr'>Marci</span> <span class='ocrx_word' id='word_1_127' title='bbox 1218 1085 1253 1115; x_wconf 90' lang='lat'>1.</span> <span class='ocrx_word' id='word_1_128' title='bbox 1282 1085 1489 1129; x_wconf 85' lang='lat' dir='ltr'>expresse</span> <span class='ocrx_word' id='word_1_129' title='bbox 1517 1071 1692 1124; x_wconf 88' lang='lat' dir='ltr'>dicitur,</span> <span class='ocrx_word' id='word_1_130' title='bbox 1717 1071 1839 1130; x_wconf 93' lang='lat' dir='ltr'>quod</span> <span class='ocrx_word' id='word_1_131' title='bbox 1859 1071 1974 1127; x_wconf 81' lang='lat' dir='ltr'>Jesus</span> <span class='ocrx_word' id='word_1_132' title='bbox 1993 1073 2135 1116; x_wconf 80' lang='lat' dir='ltr'>statim</span> <span class='ocrx_word' id='word_1_133' title='bbox 2157 1084 2293 1116; x_wconf 80' lang='lat' dir='ltr'>ascen·</span> 
     </span>
     <span class='ocr_line' id='line_1_14' title="bbox 329 1137 2291 1198; baseline -0.001 -14"><span class='ocrx_word' id='word_1_134' title='bbox 329 1139 424 1184; x_wconf 80' lang='lat' dir='ltr'>dens</span> <span class='ocrx_word' id='word_1_135' title='bbox 454 1139 500 1183; x_wconf 84' lang='lat' dir='ltr'>de</span> <span class='ocrx_word' id='word_1_136' title='bbox 531 1153 645 1197; x_wconf 86' lang='lat' dir='ltr'>aqua</span> <span class='ocrx_word' id='word_1_137' title='bbox 675 1138 785 1183; x_wconf 76' lang='lat' dir='ltr'>vidit</span> <span class='ocrx_word' id='word_1_138' title='bbox 816 1145 979 1198; x_wconf 77' lang='lat' dir='ltr'>apertos</span> <span class='ocrx_word' id='word_1_139' title='bbox 1011 1139 1150 1191; x_wconf 79' lang='lat' dir='ltr'>coelos,</span> <span class='ocrx_word' id='word_1_140' title='bbox 1186 1138 1314 1196; x_wconf 90' lang='lat' dir='ltr'>quasi</span> <span class='ocrx_word' id='word_1_141' title='bbox 1345 1138 1443 1195; x_wconf 90' lang='lat' dir='ltr'>ipsa</span> <span class='ocrx_word' id='word_1_142' title='bbox 1477 1138 1648 1196; x_wconf 90' lang='lat' dir='ltr'>apertio</span> <span class='ocrx_word' id='word_1_143' title='bbox 1692 1138 1950 1181; x_wconf 75' lang='lat' dir='ltr'>coelorum&#39;</span> <span class='ocrx_word' id='word_1_144' title='bbox 1971 1138 2027 1182; x_wconf 89' lang='lat' dir='ltr'>ad</span> <span class='ocrx_word' id='word_1_145' title='bbox 2062 1137 2291 1188; x_wconf 84' lang='lat' dir='ltr'>visionem</span> 
     </span>
     <span class='ocr_line' id='line_1_15' title="bbox 330 1203 2293 1264; baseline 0 -14"><span class='ocrx_word' id='word_1_146' title='bbox 330 1206 503 1250; x_wconf 85' lang='lat' dir='ltr'>Christi</span> <span class='ocrx_word' id='word_1_147' title='bbox 528 1204 767 1250; x_wconf 87' lang='lat' dir='ltr'>referatur:</span> <span class='ocrx_word' id='word_1_148' title='bbox 796 1205 917 1263; x_wconf 92' lang='lat' dir='ltr'>quod</span> <span class='ocrx_word' id='word_1_149' title='bbox 945 1203 1130 1263; x_wconf 89' lang='lat' dir='ltr'>quidem</span> <span class='ocrx_word' id='word_1_150' title='bbox 1158 1204 1296 1263; x_wconf 88' lang='lat' dir='ltr'>aliqui</span> <span class='ocrx_word' id='word_1_151' title='bbox 1328 1203 1529 1248; x_wconf 88' lang='lat' dir='ltr'>referunt</span> <span class='ocrx_word' id='word_1_152' title='bbox 1561 1204 1615 1247; x_wconf 91' lang='lat' dir='ltr'>ad</span> <span class='ocrx_word' id='word_1_153' title='bbox 1643 1205 1869 1248; x_wconf 86' lang='lat' dir='ltr'>visionem</span> <span class='ocrx_word' id='word_1_154' title='bbox 1901 1204 2205 1264; x_wconf 87' lang='lat' dir='ltr'>corporalem,</span> <span class='ocrx_word' id='word_1_155' title='bbox 2231 1205 2293 1250; x_wconf 81' lang='lat' dir='ltr'>di-</span> 
     </span>
     <span class='ocr_line' id='line_1_16' title="bbox 329 1269 2292 1331; baseline -0.001 -14"><span class='ocrx_word' id='word_1_156' title='bbox 329 1283 483 1317; x_wconf 89' lang='lat' dir='ltr'>centes</span> <span class='ocrx_word' id='word_1_157' title='bbox 509 1272 631 1331; x_wconf 90' lang='lat' dir='ltr'>quod</span> <span class='ocrx_word' id='word_1_158' title='bbox 665 1273 785 1315; x_wconf 86' lang='lat' dir='ltr'>circa</span> <span class='ocrx_word' id='word_1_159' title='bbox 813 1271 1050 1315; x_wconf 88' lang='lat' dir='ltr'>Christum</span> <span class='ocrx_word' id='word_1_160' title='bbox 1081 1272 1357 1330; x_wconf 87' lang='lat' dir='ltr'>baptizatum</span> <span class='ocrx_word' id='word_1_161' title='bbox 1389 1281 1538 1314; x_wconf 88' lang='lat' dir='ltr'>tantus</span> <span class='ocrx_word' id='word_1_162' title='bbox 1571 1269 1786 1329; x_wconf 88' lang='lat' dir='ltr'>splendor</span> <span class='ocrx_word' id='word_1_163' title='bbox 1816 1269 2017 1324; x_wconf 74' lang='lat' dir='ltr'>fulsitin</span> <span class='ocrx_word' id='word_1_164' title='bbox 2049 1271 2292 1330; x_wconf 86' lang='lat' dir='ltr'>baptismo,</span> 
     </span>
     <span class='ocr_line' id='line_1_17' title="bbox 328 1337 2288 1396; baseline 0 -13"><span class='ocrx_word' id='word_1_165' title='bbox 328 1350 377 1384; x_wconf 92' lang='lat' dir='ltr'>ut</span> <span class='ocrx_word' id='word_1_166' title='bbox 407 1340 665 1383; x_wconf 86' lang='lat' dir='ltr'>viderentur</span> <span class='ocrx_word' id='word_1_167' title='bbox 697 1338 816 1382; x_wconf 88' lang='lat' dir='ltr'>coeli</span> <span class='ocrx_word' id='word_1_168' title='bbox 848 1338 1018 1396; x_wconf 89' lang='lat' dir='ltr'>aperti:</span> <span class='ocrx_word' id='word_1_169' title='bbox 1045 1348 1200 1395; x_wconf 78' lang='lat' dir='ltr'>-potest</span> <span class='ocrx_word' id='word_1_170' title='bbox 1234 1339 1372 1381; x_wconf 91' lang='lat' dir='ltr'>etiam</span> <span class='ocrx_word' id='word_1_171' title='bbox 1405 1337 1559 1380; x_wconf 89' lang='lat' dir='ltr'>referri</span> <span class='ocrx_word' id='word_1_172' title='bbox 1592 1337 1648 1381; x_wconf 91' lang='lat' dir='ltr'>ad</span> <span class='ocrx_word' id='word_1_173' title='bbox 1681 1337 2001 1396; x_wconf 84' lang='lat' dir='ltr'>imaginariam</span> <span class='ocrx_word' id='word_1_174' title='bbox 2028 1337 2288 1393; x_wconf 73' lang='lat' dir='ltr'>visionem:</span> 
     </span>
     <span class='ocr_line' id='line_1_18' title="bbox 327 1400 2291 1466; baseline 0 -16"><span class='ocrx_word' id='word_1_175' title='bbox 327 1421 408 1466; x_wconf 89' lang='lat' dir='ltr'>per</span> <span class='ocrx_word' id='word_1_176' title='bbox 433 1421 570 1466; x_wconf 89' lang='lat' dir='ltr'>quem</span> <span class='ocrx_word' id='word_1_177' title='bbox 597 1405 790 1449; x_wconf 90' lang='lat' dir='ltr'>modum</span> <span class='ocrx_word' id='word_1_178' title='bbox 815 1404 1029 1448; x_wconf 86' lang='lat' dir='ltr'>Ezechiel</span> <span class='ocrx_word' id='word_1_179' title='bbox 1049 1404 1160 1447; x_wconf 92' lang='lat' dir='ltr'>vidit</span> <span class='ocrx_word' id='word_1_180' title='bbox 1187 1403 1342 1448; x_wconf 90' lang='lat' dir='ltr'>coelos</span> <span class='ocrx_word' id='word_1_181' title='bbox 1371 1414 1574 1463; x_wconf 88' lang='lat' dir='ltr'>apertos:</span> <span class='ocrx_word' id='word_1_182' title='bbox 1603 1404 1885 1448; x_wconf 88' lang='lat' dir='ltr'>formabatur</span> <span class='ocrx_word' id='word_1_183' title='bbox 1906 1400 2108 1449; x_wconf 72' lang='lat' dir='ltr'>enim&#39;ex</span> <span class='ocrx_word' id='word_1_184' title='bbox 2127 1405 2291 1450; x_wconf 88' lang='lat' dir='ltr'>virtute</span> 
     </span>
     <span class='ocr_line' id='line_1_19' title="bbox 327 1469 2291 1533; baseline -0.001 -16"><span class='ocrx_word' id='word_1_185' title='bbox 327 1474 492 1527; x_wconf 86' lang='lat' dir='ltr'>divina,</span> <span class='ocrx_word' id='word_1_186' title='bbox 521 1484 564 1517; x_wconf 90' lang='lat' dir='ltr'>et</span> <span class='ocrx_word' id='word_1_187' title='bbox 588 1473 823 1516; x_wconf 89' lang='lat' dir='ltr'>voluntate</span> <span class='ocrx_word' id='word_1_188' title='bbox 850 1471 1036 1515; x_wconf 87' lang='lat' dir='ltr'>rationis</span> <span class='ocrx_word' id='word_1_189' title='bbox 1062 1470 1164 1514; x_wconf 90' lang='lat' dir='ltr'>talis</span> <span class='ocrx_word' id='word_1_190' title='bbox 1192 1471 1307 1514; x_wconf 91' lang='lat' dir='ltr'>visio</span> <span class='ocrx_word' id='word_1_191' title='bbox 1334 1470 1381 1513; x_wconf 92' lang='lat' dir='ltr'>in</span> <span class='ocrx_word' id='word_1_192' title='bbox 1407 1470 1737 1528; x_wconf 86' lang='lat' dir='ltr'>imaginatione</span> <span class='ocrx_word' id='word_1_193' title='bbox 1774 1469 1947 1515; x_wconf 81' lang='lat' dir='ltr'>Christi</span> <span class='ocrx_word' id='word_1_194' title='bbox 1972 1471 2028 1515; x_wconf 88' lang='lat' dir='ltr'>ad</span> <span class='ocrx_word' id='word_1_195' title='bbox 2046 1469 2291 1533; x_wconf 77' lang='lat' dir='ltr'>&#39;designan-</span> 
     </span>
     <span class='ocr_line' id='line_1_20' title="bbox 327 1534 2292 1598; baseline 0 -15"><span class='ocrx_word' id='word_1_196' title='bbox 327 1541 450 1594; x_wconf 89' lang='lat' dir='ltr'>dum,</span> <span class='ocrx_word' id='word_1_197' title='bbox 478 1540 599 1598; x_wconf 92' lang='lat' dir='ltr'>quod</span> <span class='ocrx_word' id='word_1_198' title='bbox 622 1553 701 1598; x_wconf 87' lang='lat' dir='ltr'>per</span> <span class='ocrx_word' id='word_1_199' title='bbox 728 1538 1005 1597; x_wconf 73' lang='lat' dir='ltr'>baptismum</span> <span class='ocrx_word' id='word_1_200' title='bbox 1033 1536 1151 1580; x_wconf 89' lang='lat' dir='ltr'>coeli</span> <span class='ocrx_word' id='word_1_201' title='bbox 1178 1537 1324 1580; x_wconf 87' lang='lat' dir='ltr'>aditus</span> <span class='ocrx_word' id='word_1_202' title='bbox 1350 1537 1613 1580; x_wconf 88' lang='lat' dir='ltr'>hominibus</span> <span class='ocrx_word' id='word_1_203' title='bbox 1641 1537 1862 1596; x_wconf 86' lang='lat' dir='ltr'>aperitur:</span> <span class='ocrx_word' id='word_1_204' title='bbox 1889 1547 2037 1596; x_wconf 84' lang='lat' dir='ltr'>potest</span> <span class='ocrx_word' id='word_1_205' title='bbox 2063 1534 2292 1583; x_wconf 59' lang='lat' dir='ltr'>etiatffad</span> 
     </span>
     <span class='ocr_line' id='line_1_21' title="bbox 325 1601 2291 1664; baseline 0 -14"><span class='ocrx_word' id='word_1_206' title='bbox 325 1607 551 1651; x_wconf 88' lang='lat' dir='ltr'>visionem</span> <span class='ocrx_word' id='word_1_207' title='bbox 594 1603 949 1649; x_wconf 88' lang='lat' dir='ltr'>intellectualem</span> <span class='ocrx_word' id='word_1_208' title='bbox 982 1603 1150 1657; x_wconf 89' lang='lat' dir='ltr'>referri,</span> <span class='ocrx_word' id='word_1_209' title='bbox 1184 1613 1318 1662; x_wconf 89' lang='lat' dir='ltr'>prout</span> <span class='ocrx_word' id='word_1_210' title='bbox 1349 1602 1522 1647; x_wconf 89' lang='lat' dir='ltr'>scilicet</span> <span class='ocrx_word' id='word_1_211' title='bbox 1549 1603 1758 1648; x_wconf 88' lang='lat' dir='ltr'>Christus</span> <span class='ocrx_word' id='word_1_212' title='bbox 1781 1604 1908 1657; x_wconf 91' lang='lat' dir='ltr'>vidit,</span> <span class='ocrx_word' id='word_1_213' title='bbox 1939 1604 2032 1662; x_wconf 86' lang='lat' dir='ltr'>jam</span> <span class='ocrx_word' id='word_1_214' title='bbox 2062 1601 2291 1664; x_wconf 83' lang='lat' dir='ltr'>baptismo</span> 
     </span>
     <span class='ocr_line' id='line_1_22' title="bbox 327 1669 2293 1730; baseline 0 -13"><span class='ocrx_word' id='word_1_215' title='bbox 327 1673 625 1727; x_wconf 87' lang='lat' dir='ltr'>sanctificato,</span> <span class='ocrx_word' id='word_1_216' title='bbox 650 1682 854 1730; x_wconf 88' lang='lat' dir='ltr'>apertum</span> <span class='ocrx_word' id='word_1_217' title='bbox 879 1685 976 1715; x_wconf 92' lang='lat' dir='ltr'>esse</span> <span class='ocrx_word' id='word_1_218' title='bbox 1000 1669 1184 1714; x_wconf 93' lang='lat' dir='ltr'>coelum</span> <span class='ocrx_word' id='word_1_219' title='bbox 1207 1670 1485 1724; x_wconf 89' lang='lat' dir='ltr'>hominibus,</span> <span class='ocrx_word' id='word_1_220' title='bbox 1509 1670 1630 1729; x_wconf 93' lang='lat' dir='ltr'>quod</span> <span class='ocrx_word' id='word_1_221' title='bbox 1652 1680 1808 1715; x_wconf 91' lang='lat' dir='ltr'>tamen</span> <span class='ocrx_word' id='word_1_222' title='bbox 1830 1670 1969 1714; x_wconf 90' lang='lat' dir='ltr'>etiam</span> <span class='ocrx_word' id='word_1_223' title='bbox 1992 1680 2095 1715; x_wconf 87' lang='lat' dir='ltr'>ante</span> <span class='ocrx_word' id='word_1_224' title='bbox 2115 1671 2293 1717; x_wconf 81' lang='lat' dir='ltr'>viderat</span> 
     </span>
     <span class='ocr_line' id='line_1_23' title="bbox 332 1741 673 1786; baseline -0.012 0"><span class='ocrx_word' id='word_1_225' title='bbox 332 1755 431 1786; x_wconf 90' lang='lat' dir='ltr'>esse</span> <span class='ocrx_word' id='word_1_226' title='bbox 457 1741 673 1785; x_wconf 90' lang='lat' dir='ltr'>fiendum.</span> 
     </span>
    </p>

    <p class='ocr_par' dir='ltr' id='par_1_4' title="bbox 322 1804 2352 2738">
     <span class='ocr_line' id='line_1_24' title="bbox 416 1804 2291 1864; baseline 0 -12"><span class='ocrx_word' id='word_1_227' title='bbox 416 1808 492 1852; x_wconf 86' lang='lat' dir='ltr'>AD</span> <span class='ocrx_word' id='word_1_228' title='bbox 535 1819 752 1851; x_wconf 74' lang='lat' dir='ltr'>TER‘rmM</span> <span class='ocrx_word' id='word_1_229' title='bbox 795 1805 1053 1859; x_wconf 89' lang='lat' dir='ltr'>dicendum,</span> <span class='ocrx_word' id='word_1_230' title='bbox 1088 1805 1208 1864; x_wconf 94' lang='lat' dir='ltr'>quod</span> <span class='ocrx_word' id='word_1_231' title='bbox 1250 1819 1331 1864; x_wconf 91' lang='lat' dir='ltr'>per</span> <span class='ocrx_word' id='word_1_232' title='bbox 1370 1805 1631 1864; x_wconf 88' lang='lat' dir='ltr'>passionem</span> <span class='ocrx_word' id='word_1_233' title='bbox 1665 1804 1838 1850; x_wconf 88' lang='lat' dir='ltr'>Christi</span> <span class='ocrx_word' id='word_1_234' title='bbox 1869 1805 2074 1864; x_wconf 78' lang='lat' dir='ltr'>aperitur</span> <span class='ocrx_word' id='word_1_235' title='bbox 2106 1805 2291 1852; x_wconf 88' lang='lat' dir='ltr'>coelum</span> 
     </span>
     <span class='ocr_line' id='line_1_25' title="bbox 327 1871 2288 1932; baseline 0 -14"><span class='ocrx_word' id='word_1_236' title='bbox 327 1875 540 1919; x_wconf 90' lang='lat' dir='ltr'>omnibus</span> <span class='ocrx_word' id='word_1_237' title='bbox 567 1873 647 1932; x_wconf 81' lang='lat' dir='ltr'>[al.</span> <span class='ocrx_word' id='word_1_238' title='bbox 674 1873 946 1930; x_wconf 82' lang='lat' dir='ltr'>hominibus],</span> <span class='ocrx_word' id='word_1_239' title='bbox 973 1873 1090 1916; x_wconf 90' lang='lat' dir='ltr'>sicut</span> <span class='ocrx_word' id='word_1_240' title='bbox 1115 1886 1193 1930; x_wconf 89' lang='lat' dir='ltr'>per</span> <span class='ocrx_word' id='word_1_241' title='bbox 1220 1886 1407 1915; x_wconf 88' lang='lat' dir='ltr'>causam</span> <span class='ocrx_word' id='word_1_242' title='bbox 1435 1885 1734 1916; x_wconf 90' lang='lat' dir='ltr'>communem</span> <span class='ocrx_word' id='word_1_243' title='bbox 1757 1872 2003 1930; x_wconf 81' lang='lat' dir='ltr'>apertionis</span> <span class='ocrx_word' id='word_1_244' title='bbox 2024 1871 2288 1918; x_wconf 87' lang='lat' dir='ltr'>coelorum:</span> 
     </span>
     <span class='ocr_line' id='line_1_26' title="bbox 328 1938 2352 2001; baseline 0 -15"><span class='ocrx_word' id='word_1_245' title='bbox 328 1951 509 2001; x_wconf 90' lang='lat' dir='ltr'>oportet</span> <span class='ocrx_word' id='word_1_246' title='bbox 532 1950 702 1994; x_wconf 89' lang='lat' dir='ltr'>tamen,</span> <span class='ocrx_word' id='word_1_247' title='bbox 728 1939 848 1983; x_wconf 88' lang='lat' dir='ltr'>hanc</span> <span class='ocrx_word' id='word_1_248' title='bbox 876 1953 1062 1983; x_wconf 90' lang='lat' dir='ltr'>causam</span> <span class='ocrx_word' id='word_1_249' title='bbox 1086 1953 1384 1982; x_wconf 89' lang='lat' dir='ltr'>communem</span> <span class='ocrx_word' id='word_1_250' title='bbox 1413 1939 1658 1996; x_wconf 88' lang='lat' dir='ltr'>apertionis</span> <span class='ocrx_word' id='word_1_251' title='bbox 1686 1939 1935 1983; x_wconf 89' lang='lat' dir='ltr'>coelorum</span> <span class='ocrx_word' id='word_1_252' title='bbox 1946 1938 2145 1998; x_wconf 89' lang='lat' dir='ltr'>singulis</span> <span class='ocrx_word' id='word_1_253' title='bbox 2154 1939 2291 2000; x_wconf 84' lang='lat' dir='ltr'>appli—</span> <span class='ocrx_word' id='word_1_254' title='bbox 2351 1983 2352 1986; x_wconf 75' lang='grc'><em>,</em></span> 
     </span>
     <span class='ocr_line' id='line_1_27' title="bbox 326 2005 2352 2066; baseline -0 -14"><span class='ocrx_word' id='word_1_255' title='bbox 326 2011 432 2062; x_wconf 87' lang='lat' dir='ltr'>cari,</span> <span class='ocrx_word' id='word_1_256' title='bbox 461 2009 515 2051; x_wconf 92' lang='lat' dir='ltr'>ad</span> <span class='ocrx_word' id='word_1_257' title='bbox 541 2008 632 2052; x_wconf 94' lang='lat' dir='ltr'>hoc</span> <span class='ocrx_word' id='word_1_258' title='bbox 660 2007 781 2066; x_wconf 93' lang='lat' dir='ltr'>quod</span> <span class='ocrx_word' id='word_1_259' title='bbox 810 2005 994 2050; x_wconf 91' lang='lat' dir='ltr'>coelum</span> <span class='ocrx_word' id='word_1_260' title='bbox 1019 2007 1268 2049; x_wconf 89' lang='lat' dir='ltr'>introeant:</span> <span class='ocrx_word' id='word_1_261' title='bbox 1297 2005 1420 2064; x_wconf 89' lang='lat' dir='ltr'>quod</span> <span class='ocrx_word' id='word_1_262' title='bbox 1444 2006 1627 2064; x_wconf 90' lang='lat' dir='ltr'>quidem</span> <span class='ocrx_word' id='word_1_263' title='bbox 1649 2005 1698 2049; x_wconf 92' lang='lat' dir='ltr'>fit</span> <span class='ocrx_word' id='word_1_264' title='bbox 1719 2020 1799 2064; x_wconf 91' lang='lat' dir='ltr'>per</span> <span class='ocrx_word' id='word_1_265' title='bbox 1818 2005 2110 2066; x_wconf 85' lang='lat' dir='ltr'>baptismum,</span> <span class='ocrx_word' id='word_1_266' title='bbox 2131 2020 2288 2063; x_wconf 83' lang='lat' dir='ltr'>secun·</span> <span class='ocrx_word' id='word_1_267' title='bbox 2337 2057 2352 2060; x_wconf 41' lang='grc'>,-</span> 
     </span>
     <span class='ocr_line' id='line_1_28' title="bbox 328 2070 2352 2133; baseline -0 -15"><span class='ocrx_word' id='word_1_268' title='bbox 328 2076 437 2118; x_wconf 93' lang='lat' dir='ltr'>dum</span> <span class='ocrx_word' id='word_1_269' title='bbox 463 2074 575 2118; x_wconf 91' lang='lat' dir='ltr'>illud</span> <span class='ocrx_word' id='word_1_270' title='bbox 601 2074 737 2118; x_wconf 90' lang='lat' dir='ltr'>Rom.</span> <span class='ocrx_word' id='word_1_271' title='bbox 766 2072 831 2117; x_wconf 87' lang='lat'>6.:</span> <span class='ocrx_word' id='word_1_272' title='bbox 862 2074 1125 2131; x_wconf 77' lang='lat' dir='ltr'>Quicumque</span> <span class='ocrx_word' id='word_1_273' title='bbox 1158 2074 1357 2131; x_wconf 58' lang='lat' dir='ltr'>baptizati</span> <span class='ocrx_word' id='word_1_274' title='bbox 1381 2087 1519 2117; x_wconf 85' lang='lat' dir='ltr'>sumus</span> <span class='ocrx_word' id='word_1_275' title='bbox 1543 2074 1589 2116; x_wconf 86' lang='lat' dir='ltr'>in</span> <span class='ocrx_word' id='word_1_276' title='bbox 1615 2072 1781 2118; x_wconf 82' lang='lat' dir='ltr'>Christo</span> <span class='ocrx_word' id='word_1_277' title='bbox 1801 2073 1912 2129; x_wconf 80' lang='lat' dir='ltr'>Jesu,</span> <span class='ocrx_word' id='word_1_278' title='bbox 1939 2072 1985 2117; x_wconf 86' lang='lat' dir='ltr'>in</span> <span class='ocrx_word' id='word_1_279' title='bbox 2009 2079 2141 2118; x_wconf 76' lang='lat' dir='ltr'>morte</span> <span class='ocrx_word' id='word_1_280' title='bbox 2161 2073 2288 2133; x_wconf 72' lang='lat' dir='ltr'>ipsius</span> <span class='ocrx_word' id='word_1_281' title='bbox 2338 2070 2352 2117; x_wconf 63' lang='lat' dir='ltr'>a}</span> 
     </span>
     <span class='ocr_line' id='line_1_29' title="bbox 326 2138 2289 2201; baseline -0.001 -14"><span class='ocrx_word' id='word_1_282' title='bbox 326 2143 524 2201; x_wconf 66' lang='lat' dir='ltr'>baptizati</span> <span class='ocrx_word' id='word_1_283' title='bbox 549 2156 712 2186; x_wconf 84' lang='lat' dir='ltr'>sumus:</span> <span class='ocrx_word' id='word_1_284' title='bbox 747 2150 791 2184; x_wconf 92' lang='lat' dir='ltr'>et</span> <span class='ocrx_word' id='word_1_285' title='bbox 816 2140 918 2184; x_wconf 91' lang='lat' dir='ltr'>ideo</span> <span class='ocrx_word' id='word_1_286' title='bbox 946 2140 1095 2199; x_wconf 91' lang='lat' dir='ltr'>potius</span> <span class='ocrx_word' id='word_1_287' title='bbox 1122 2139 1172 2183; x_wconf 91' lang='lat' dir='ltr'>fit</span> <span class='ocrx_word' id='word_1_288' title='bbox 1198 2139 1370 2183; x_wconf 89' lang='lat' dir='ltr'>mentio</span> <span class='ocrx_word' id='word_1_289' title='bbox 1394 2139 1449 2183; x_wconf 90' lang='lat' dir='ltr'>de</span> <span class='ocrx_word' id='word_1_290' title='bbox 1472 2140 1704 2198; x_wconf 89' lang='lat' dir='ltr'>apertione</span> <span class='ocrx_word' id='word_1_291' title='bbox 1728 2138 1993 2184; x_wconf 86' lang='lat' dir='ltr'>coelorum</span> <span class='ocrx_word' id='word_1_292' title='bbox 1982 2151 2030 2183; x_wconf 88' lang='lat' dir='ltr'>m</span> <span class='ocrx_word' id='word_1_293' title='bbox 2043 2138 2289 2199; x_wconf 80' lang='lat' dir='ltr'>baptismo,</span> 
     </span>
     <span class='ocr_line' id='line_1_30' title="bbox 325 2204 2352 2287; baseline 0 -34"><span class='ocrx_word' id='word_1_294' title='bbox 325 2224 463 2287; x_wconf 82' lang='lat' dir='ltr'>quam</span> <span class='ocrx_word' id='word_1_295' title='bbox 489 2210 535 2253; x_wconf 91' lang='lat' dir='ltr'>in</span> <span class='ocrx_word' id='word_1_296' title='bbox 563 2209 774 2268; x_wconf 89' lang='lat' dir='ltr'>passione</span> <span class='ocrx_word' id='word_1_297' title='bbox 798 2208 982 2252; x_wconf 89' lang='lat' dir='ltr'>Christi.</span> <span class='ocrx_word' id='word_1_298' title='bbox 1001 2206 1102 2260; x_wconf 92' lang='lat' dir='ltr'>Vel,</span> <span class='ocrx_word' id='word_1_299' title='bbox 1121 2207 1238 2251; x_wconf 87' lang='lat' dir='ltr'>sicut</span> <span class='ocrx_word' id='word_1_300' title='bbox 1255 2207 1617 2266; x_wconf 88' lang='lat' dir='ltr'>Chrysostomus</span> <span class='ocrx_word' id='word_1_301' title='bbox 1636 2206 1744 2250; x_wconf 87' lang='lat' dir='ltr'>dicit</span> <span class='ocrx_word' id='word_1_302' title='bbox 1764 2221 1899 2266; x_wconf 84' lang='lat' dir='ltr'>super</span> <span class='ocrx_word' id='word_1_303' title='bbox 1912 2204 2076 2251; x_wconf 85' lang='lat' dir='ltr'>Matth.</span> <span class='ocrx_word' id='word_1_304' title='bbox 2093 2206 2226 2266; x_wconf 86' lang='lat' dir='ltr'>(bom.</span> <span class='ocrx_word' id='word_1_305' title='bbox 2243 2221 2288 2270; x_wconf 90' lang='lat'>4.</span> <span class='ocrx_word' id='word_1_306' title='bbox 2348 2251 2352 2265; x_wconf 27' lang='grc'>.-</span> 
     </span>
     <span class='ocr_line' id='line_1_31' title="bbox 323 2273 2287 2350; baseline -0.001 -29"><span class='ocrx_word' id='word_1_307' title='bbox 323 2279 368 2321; x_wconf 86' lang='lat' dir='ltr'>in</span> <span class='ocrx_word' id='word_1_308' title='bbox 395 2285 458 2335; x_wconf 81' lang='lat' dir='ltr'>op.</span> <span class='ocrx_word' id='word_1_309' title='bbox 485 2277 650 2336; x_wconf 80' lang='lat' dir='ltr'>imperf</span> <span class='ocrx_word' id='word_1_310' title='bbox 669 2291 694 2319; x_wconf 88' lang='grc' dir='ltr'><em>α</em></span> <span class='ocrx_word' id='word_1_311' title='bbox 712 2275 802 2319; x_wconf 82' lang='lat' dir='ltr'>med</span> <span class='ocrx_word' id='word_1_312' title='bbox 804 2275 854 2332; x_wconf 90' lang='lat'>.),</span> <span class='ocrx_word' id='word_1_313' title='bbox 887 2291 909 2315; x_wconf 88' lang='lat'>«</span> <span class='ocrx_word' id='word_1_314' title='bbox 926 2274 1155 2333; x_wconf 87' lang='lat' dir='ltr'>baptizato</span> <span class='ocrx_word' id='word_1_315' title='bbox 1177 2274 1378 2327; x_wconf 86' lang='lat' dir='ltr'>Christo,</span> <span class='ocrx_word' id='word_1_316' title='bbox 1397 2273 1516 2317; x_wconf 90' lang='lat' dir='ltr'>coeli</span> <span class='ocrx_word' id='word_1_317' title='bbox 1530 2283 1709 2317; x_wconf 89' lang='lat' dir='ltr'>tantum</span> <span class='ocrx_word' id='word_1_318' title='bbox 1726 2283 1830 2318; x_wconf 89' lang='lat' dir='ltr'>sunt</span> <span class='ocrx_word' id='word_1_319' title='bbox 1846 2273 2016 2350; x_wconf 80' lang='lat' dir='ltr'>aperti:</span> <span class='ocrx_word' id='word_1_320' title='bbox 2042 2280 2287 2333; x_wconf 81' lang='lat' dir='ltr'>postquam</span> 
     </span>
     <span class='ocr_line' id='line_1_32' title="bbox 322 2339 2352 2402; baseline -0.001 -14"><span class='ocrx_word' id='word_1_321' title='bbox 322 2358 433 2388; x_wconf 89' lang='lat' dir='ltr'>vero</span> <span class='ocrx_word' id='word_1_322' title='bbox 466 2354 710 2402; x_wconf 91' lang='lat' dir='ltr'>tyrannum</span> <span class='ocrx_word' id='word_1_323' title='bbox 741 2341 850 2385; x_wconf 89' lang='lat' dir='ltr'>vicit</span> <span class='ocrx_word' id='word_1_324' title='bbox 881 2355 960 2399; x_wconf 92' lang='lat' dir='ltr'>per</span> <span class='ocrx_word' id='word_1_325' title='bbox 994 2355 1192 2395; x_wconf 90' lang='lat' dir='ltr'>crucem,</span> <span class='ocrx_word' id='word_1_326' title='bbox 1228 2341 1333 2399; x_wconf 90' lang='lat' dir='ltr'>quia</span> <span class='ocrx_word' id='word_1_327' title='bbox 1363 2355 1458 2384; x_wconf 88' lang='lat' dir='ltr'>non</span> <span class='ocrx_word' id='word_1_328' title='bbox 1491 2351 1617 2384; x_wconf 92' lang='lat' dir='ltr'>erant</span> <span class='ocrx_word' id='word_1_329' title='bbox 1647 2340 1932 2385; x_wconf 82' lang='lat' dir='ltr'>necessariae</span> <span class='ocrx_word' id='word_1_330' title='bbox 1963 2351 2122 2400; x_wconf 85' lang='lat' dir='ltr'>portae</span> <span class='ocrx_word' id='word_1_331' title='bbox 2153 2339 2288 2387; x_wconf 88' lang='lat' dir='ltr'>coelo</span> <span class='ocrx_word' id='word_1_332' title='bbox 2349 2392 2352 2393; x_wconf 13' lang='lat'><em>⁷</em></span> 
     </span>
     <span class='ocr_line' id='line_1_33' title="bbox 322 2407 2352 2470; baseline -0.001 -15"><span class='ocrx_word' id='word_1_333' title='bbox 322 2424 558 2470; x_wconf 88' lang='lat' dir='ltr'>nunquam</span> <span class='ocrx_word' id='word_1_334' title='bbox 592 2408 862 2462; x_wconf 87' lang='lat' dir='ltr'>claudendo,</span> <span class='ocrx_word' id='word_1_335' title='bbox 894 2422 987 2452; x_wconf 91' lang='lat' dir='ltr'>non</span> <span class='ocrx_word' id='word_1_336' title='bbox 1022 2408 1178 2451; x_wconf 92' lang='lat' dir='ltr'>dicunt</span> <span class='ocrx_word' id='word_1_337' title='bbox 1210 2407 1401 2466; x_wconf 87' lang='lat' dir='ltr'>Angeli.</span> <span class='ocrx_word' id='word_1_338' title='bbox 1440 2408 1626 2466; x_wconf 88' lang='lat' dir='ltr'>Aperite</span> <span class='ocrx_word' id='word_1_339' title='bbox 1659 2417 1836 2466; x_wconf 89' lang='lat' dir='ltr'>portas:</span> <span class='ocrx_word' id='word_1_340' title='bbox 1876 2409 1971 2466; x_wconf 69' lang='lat' dir='ltr'>Jam</span> <span class='ocrx_word' id='word_1_341' title='bbox 2004 2407 2127 2452; x_wconf 87' lang='lat' dir='ltr'>enim</span> <span class='ocrx_word' id='word_1_342' title='bbox 2159 2417 2289 2453; x_wconf 87' lang='lat' dir='ltr'>erant</span> <span class='ocrx_word' id='word_1_343' title='bbox 2344 2421 2352 2470; x_wconf 70' lang='lat' dir='ltr'><strong>j</strong></span> 
     </span>
     <span class='ocr_line' id='line_1_34' title="bbox 324 2473 2352 2552; baseline -0.003 -29"><span class='ocrx_word' id='word_1_344' title='bbox 324 2488 532 2538; x_wconf 83' lang='lat' dir='ltr'>apertae3</span> <span class='ocrx_word' id='word_1_345' title='bbox 559 2477 660 2521; x_wconf 89' lang='lat' dir='ltr'>sed:</span> <span class='ocrx_word' id='word_1_346' title='bbox 691 2475 863 2520; x_wconf 91' lang='lat' dir='ltr'>Tollite</span> <span class='ocrx_word' id='word_1_347' title='bbox 881 2486 1034 2535; x_wconf 91' lang='lat' dir='ltr'>portas</span> <span class='ocrx_word' id='word_1_348' title='bbox 1057 2491 1107 2517; x_wconf 90' lang='lat'>»·</span> <span class='ocrx_word' id='word_1_349' title='bbox 1098 2489 1216 2534; x_wconf 89' lang='lat' dir='ltr'>‚per</span> <span class='ocrx_word' id='word_1_350' title='bbox 1239 2475 1360 2534; x_wconf 94' lang='lat' dir='ltr'>quod</span> <span class='ocrx_word' id='word_1_351' title='bbox 1379 2475 1455 2519; x_wconf 91' lang='lat' dir='ltr'>dat</span> <span class='ocrx_word' id='word_1_352' title='bbox 1470 2475 1724 2534; x_wconf 87' lang='lat' dir='ltr'>intelligere</span> <span class='ocrx_word' id='word_1_353' title='bbox 1744 2474 1983 2552; x_wconf 79' lang='lat' dir='ltr'>Chrysost.</span> <span class='ocrx_word' id='word_1_354' title='bbox 2001 2473 2141 2545; x_wconf 78' lang='lat' dir='ltr'>quod</span> <span class='ocrx_word' id='word_1_355' title='bbox 2143 2474 2290 2520; x_wconf 84' lang='lat' dir='ltr'>obsta·</span> <span class='ocrx_word' id='word_1_356' title='bbox 2350 2514 2352 2516; x_wconf 82' lang='grc'><em>.</em></span> 
     </span>
     <span class='ocr_line' id='line_1_35' title="bbox 325 2541 2352 2604; baseline -0.001 -14"><span class='ocrx_word' id='word_1_357' title='bbox 325 2545 442 2599; x_wconf 88' lang='lat' dir='ltr'>cula,</span> <span class='ocrx_word' id='word_1_358' title='bbox 469 2545 629 2604; x_wconf 91' lang='lat' dir='ltr'>quibus</span> <span class='ocrx_word' id='word_1_359' title='bbox 654 2544 775 2603; x_wconf 92' lang='lat' dir='ltr'>prius</span> <span class='ocrx_word' id='word_1_360' title='bbox 804 2542 1138 2595; x_wconf 89' lang='lat' dir='ltr'>obsistentibus,</span> <span class='ocrx_word' id='word_1_361' title='bbox 1172 2542 1351 2585; x_wconf 88' lang='lat' dir='ltr'>animae</span> <span class='ocrx_word' id='word_1_362' title='bbox 1384 2541 1703 2586; x_wconf 90' lang='lat' dir='ltr'>defunctorum</span> <span class='ocrx_word' id='word_1_363' title='bbox 1736 2542 1922 2586; x_wconf 76' lang='lat' dir='ltr'>introite</span> <span class='ocrx_word' id='word_1_364' title='bbox 1950 2554 2060 2586; x_wconf 87' lang='lat' dir='ltr'>non</span> <span class='ocrx_word' id='word_1_365' title='bbox 2078 2550 2290 2601; x_wconf 77' lang='lat' dir='ltr'>poterant</span> <span class='ocrx_word' id='word_1_366' title='bbox 2350 2544 2352 2546; x_wconf 77' lang='grc'><strong>’</strong></span> 
     </span>
     <span class='ocr_line' id='line_1_36' title="bbox 326 2602 2342 2686; baseline -0.002 -29"><span class='ocrx_word' id='word_1_367' title='bbox 326 2612 497 2666; x_wconf 77' lang='lat' dir='ltr'>c0e105‚</span> <span class='ocrx_word' id='word_1_368' title='bbox 523 2620 627 2655; x_wconf 88' lang='lat' dir='ltr'>sunt</span> <span class='ocrx_word' id='word_1_369' title='bbox 651 2610 852 2654; x_wconf 89' lang='lat' dir='ltr'>totaliter</span> <span class='ocrx_word' id='word_1_370' title='bbox 877 2623 957 2669; x_wconf 89' lang='lat' dir='ltr'>per</span> <span class='ocrx_word' id='word_1_371' title='bbox 983 2610 1244 2686; x_wconf 89' lang='lat' dir='ltr'>passionem</span> <span class='ocrx_word' id='word_1_372' title='bbox 1273 2609 1443 2653; x_wconf 91' lang='lat' dir='ltr'>Christi</span> <span class='ocrx_word' id='word_1_373' title='bbox 1470 2608 1641 2654; x_wconf 89' lang='lat' dir='ltr'>ablata:</span> <span class='ocrx_word' id='word_1_374' title='bbox 1669 2609 1749 2653; x_wconf 91' lang='lat' dir='ltr'>sed</span> <span class='ocrx_word' id='word_1_375' title='bbox 1780 2609 1827 2652; x_wconf 88' lang='lat' dir='ltr'>in</span> <span class='ocrx_word' id='word_1_376' title='bbox 1857 2608 2087 2669; x_wconf 86' lang='lat' dir='ltr'>baptismo</span> <span class='ocrx_word' id='word_1_377' title='bbox 2115 2602 2342 2655; x_wconf 75' lang='lat' dir='ltr'>Christi</span> 
     </span>
     <span class='ocr_line' id='line_1_37' title="bbox 324 2661 2352 2738; baseline -0.001 -15"><span class='ocrx_word' id='word_1_378' title='bbox 324 2689 428 2724; x_wconf 90' lang='lat' dir='ltr'>sunt</span> <span class='ocrx_word' id='word_1_379' title='bbox 454 2688 622 2738; x_wconf 90' lang='lat' dir='ltr'>aperta,</span> <span class='ocrx_word' id='word_1_380' title='bbox 649 2677 777 2736; x_wconf 86' lang='lat' dir='ltr'>quasi</span> <span class='ocrx_word' id='word_1_381' title='bbox 802 2675 1090 2720; x_wconf 87' lang='lat' dir='ltr'>manifestata</span> <span class='ocrx_word' id='word_1_382' title='bbox 1116 2677 1210 2734; x_wconf 85' lang='lat' dir='ltr'>jam</span> <span class='ocrx_word' id='word_1_383' title='bbox 1236 2675 1324 2727; x_wconf 89' lang='lat' dir='ltr'>via,</span> <span class='ocrx_word' id='word_1_384' title='bbox 1347 2689 1427 2734; x_wconf 90' lang='lat' dir='ltr'>per</span> <span class='ocrx_word' id='word_1_385' title='bbox 1453 2689 1591 2735; x_wconf 92' lang='lat' dir='ltr'>quam</span> <span class='ocrx_word' id='word_1_386' title='bbox 1617 2675 1829 2720; x_wconf 90' lang='lat' dir='ltr'>homines</span> <span class='ocrx_word' id='word_1_387' title='bbox 1863 2683 1989 2720; x_wconf 86' lang='lat' dir='ltr'>erant</span> <span class='ocrx_word' id='word_1_388' title='bbox 2017 2675 2065 2720; x_wconf 82' lang='lat' dir='ltr'>in</span> <span class='ocrx_word' id='word_1_389' title='bbox 2097 2672 2298 2721; x_wconf 72' lang='lat' dir='ltr'>coelun&#39;i</span> <span class='ocrx_word' id='word_1_390' title='bbox 2336 2661 2352 2687; x_wconf 38' lang='grc' dir='ltr'><strong>ἓ</strong></span> 
     </span>
    </p>
   </div>
   <div class='ocr_carea' id='block_1_3' title="bbox 323 2746 2352 2872">
    <p class='ocr_par' dir='ltr' id='par_1_5' title="bbox 323 2746 2352 2872">
     <span class='ocr_line' id='line_1_38' title="bbox 323 2746 545 2791; baseline -0.01 0"><span class='ocrx_word' id='word_1_391' title='bbox 323 2746 545 2791; x_wconf 86' lang='lat' dir='ltr'>intraturi.</span> 
     </span>
     <span class='ocr_line' id='line_1_39' title="bbox 2294 2809 2352 2830; baseline 0.017 -1"><span class='ocrx_word' id='word_1_392' title='bbox 2294 2818 2298 2829; x_wconf 59' lang='grc' dir='ltr'>ε</span> <span class='ocrx_word' id='word_1_393' title='bbox 2338 2809 2352 2830; x_wconf 56' lang='lat'>25,</span> 
     </span>
     <span class='ocr_line' id='line_1_40' title="bbox 2329 2831 2352 2872; baseline 0.087 -2"><span class='ocrx_word' id='word_1_394' title='bbox 2329 2831 2352 2872; x_wconf 61' lang='grc' dir='ltr'>’ἐ</span> 
     </span>
    </p>
   </div>
   <div class='ocr_carea' id='block_1_4' title="bbox 1043 2867 2352 2960">
    <p class='ocr_par' dir='ltr' id='par_1_6' title="bbox 1043 2867 2352 2960">
     <span class='ocr_line' id='line_1_41' title="bbox 1043 2867 2352 2960; baseline 0.001 -38"><span class='ocrx_word' id='word_1_395' title='bbox 1043 2867 1475 2925; x_wconf 77' lang='lat' dir='ltr'>ARTICULus</span> <span class='ocrx_word' id='word_1_396' title='bbox 1516 2868 2047 2947; x_wconf 12' lang='lat' dir='ltr'>V1.s</span> <span class='ocrx_word' id='word_1_397' title='bbox 2194 2872 2300 2960; x_wconf 39' lang='lat'>‘2192</span> <span class='ocrx_word' id='word_1_398' title='bbox 2318 2885 2352 2958; x_wconf 32' lang='grc' dir='ltr'>βξ</span> 
     </span>
    </p>
   </div>
   <div class='ocr_carea' id='block_1_5' title="bbox 352 2995 2326 3153">
    <p class='ocr_par' dir='ltr' id='par_1_7' title="bbox 352 2995 2352 3128">
     <span class='ocr_line' id='line_1_42' title="bbox 706 2995 1917 3035; baseline 0.001 -1"><span class='ocrx_word' id='word_1_399' title='bbox 706 2996 900 3034; x_wconf 88' lang='lat' dir='ltr'><strong>UTRUM</strong></span> <span class='ocrx_word' id='word_1_400' title='bbox 935 2995 1361 3033; x_wconf 88' lang='lat' dir='ltr'>CONVENIENTER</span> <span class='ocrx_word' id='word_1_401' title='bbox 1395 2996 1635 3033; x_wconf 88' lang='lat' dir='ltr'>SPIRITUS</span> <span class='ocrx_word' id='word_1_402' title='bbox 1669 2995 1917 3035; x_wconf 85' lang='lat' dir='ltr'>SANCTUS</span> 
     </span>
     <span class='ocr_line' id='line_1_43' title="bbox 352 3069 2326 3153; baseline 0 -42"><span class='ocrx_word' id='word_1_403' title='bbox 352 3073 521 3111; x_wconf 89' lang='lat' dir='ltr'>SUPER</span> <span class='ocrx_word' id='word_1_404' title='bbox 551 3070 832 3111; x_wconf 85' lang='lat' dir='ltr'>CHRISTUM</span> <span class='ocrx_word' id='word_1_405' title='bbox 860 3069 1210 3108; x_wconf 85' lang='lat' dir='ltr'><strong>BAPTIZATUM</strong></span> <span class='ocrx_word' id='word_1_406' title='bbox 1238 3069 1619 3108; x_wconf 85' lang='lat' dir='ltr'>DESCENDERIT</span> <span class='ocrx_word' id='word_1_407' title='bbox 1646 3071 1703 3109; x_wconf 87' lang='lat' dir='ltr'>IN</span> <span class='ocrx_word' id='word_1_408' title='bbox 1728 3069 1915 3110; x_wconf 83' lang='lat' dir='ltr'>SPECIE</span> <span class='ocrx_word' id='word_1_409' title='bbox 1941 3069 2280 3153; x_wconf 62' lang='lat' dir='ltr'>counimus</span> <span class='ocrx_word' id='word_1_410' title='bbox 2320 3114 2326 3128; x_wconf 61' lang='lat'>=‚</span> 
     </span>
    </p>
   </div>
   <div class='ocr_carea' id='block_1_6' title="bbox 717 3172 1891 3234">
    <p class='ocr_par' dir='ltr' id='par_1_8' title="bbox 717 3172 1891 3234">
     <span class='ocr_line' id='line_1_44' title="bbox 717 3172 1891 3234; baseline 0.005 -19"><span class='ocrx_word' id='word_1_411' title='bbox 717 3173 846 3231; x_wconf 77' lang='lat' dir='ltr'>(Infr.</span> <span class='ocrx_word' id='word_1_412' title='bbox 874 3187 912 3231; x_wconf 86' lang='lat' dir='ltr'>q.</span> <span class='ocrx_word' id='word_1_413' title='bbox 939 3172 1012 3229; x_wconf 89' lang='lat'>46.</span> <span class='ocrx_word' id='word_1_414' title='bbox 1040 3178 1122 3217; x_wconf 84' lang='lat' dir='ltr'>art.</span> <span class='ocrx_word' id='word_1_415' title='bbox 1149 3186 1191 3228; x_wconf 91' lang='lat'><em>4.</em></span> <span class='ocrx_word' id='word_1_416' title='bbox 1220 3172 1273 3216; x_wconf 84' lang='lat' dir='ltr'>ad</span> <span class='ocrx_word' id='word_1_417' title='bbox 1298 3187 1337 3217; x_wconf 87' lang='lat'>2.</span> <span class='ocrx_word' id='word_1_418' title='bbox 1364 3179 1403 3217; x_wconf 82' lang='lat' dir='ltr'>et</span> <span class='ocrx_word' id='word_1_419' title='bbox 1428 3181 1563 3231; x_wconf 81' lang='lat' dir='ltr'>opusc.</span> <span class='ocrx_word' id='word_1_420' title='bbox 1596 3174 1666 3219; x_wconf 89' lang='lat'>60.</span> <span class='ocrx_word' id='word_1_421' title='bbox 1694 3181 1788 3234; x_wconf 84' lang='lat' dir='ltr'>cap.</span> <span class='ocrx_word' id='word_1_422' title='bbox 1813 3174 1891 3234; x_wconf 83' lang='grc'><em>9.).</em></span> 
     </span>
    </p>
   </div>
   <div class='ocr_carea' id='block_1_7' title="bbox 2289 2975 2352 3926">
    <p class='ocr_par' dir='ltr' id='par_1_9' title="bbox 2289 2975 2352 3926">
     <span class='ocr_line' id='line_1_45' title="bbox 2289 2975 2352 3581; baseline 0 -104"><span class='ocrx_word' id='word_1_423' title='bbox 2289 2975 2352 3581; x_wconf 95' lang='lat' dir='ltr'>      </span> 
     </span>
     <span class='ocr_line' id='line_1_46' title="bbox 2311 3581 2352 3926; baseline 0 0"><span class='ocrx_word' id='word_1_424' title='bbox 2311 3581 2352 3926; x_wconf 95' lang='lat' dir='ltr'> </span> 
     </span>
    </p>
   </div>
   <div class='ocr_carea' id='block_1_8' title="bbox 323 3256 2352 3673">
    <p class='ocr_par' dir='ltr' id='par_1_10' title="bbox 323 3256 2352 3673">
     <span class='ocr_line' id='line_1_47' title="bbox 412 3256 2342 3364; baseline -0.001 -38"><span class='ocrx_word' id='word_1_425' title='bbox 412 3281 489 3326; x_wconf 79' lang='lat' dir='ltr'>An</span> <span class='ocrx_word' id='word_1_426' title='bbox 517 3292 709 3325; x_wconf 66' lang='lat' dir='ltr'>sexrum</span> <span class='ocrx_word' id='word_1_427' title='bbox 737 3280 799 3322; x_wconf 90' lang='lat' dir='ltr'>sic</span> <span class='ocrx_word' id='word_1_428' title='bbox 828 3276 1100 3338; x_wconf 87' lang='lat' dir='ltr'>proceditur</span> <span class='ocrx_word' id='word_1_429' title='bbox 1124 3276 1328 3331; x_wconf 86' lang='lat' dir='ltr'>Videtur,</span> <span class='ocrx_word' id='word_1_430' title='bbox 1347 3276 1467 3336; x_wconf 92' lang='lat' dir='ltr'>quod</span> <span class='ocrx_word' id='word_1_431' title='bbox 1491 3278 1865 3323; x_wconf 89' lang='lat' dir='ltr'>inconvenienter</span> <span class='ocrx_word' id='word_1_432' title='bbox 1882 3256 2073 3342; x_wconf 78' lang='lat' dir='ltr'>Spiritus</span> <span class='ocrx_word' id='word_1_433' title='bbox 2090 3270 2305 3364; x_wconf 51' lang='lat' dir='ltr'>Sancta}</span> <span class='ocrx_word' id='word_1_434' title='bbox 2341 3271 2342 3274; x_wconf 27' lang='lat'>¹</span> 
     </span>
     <span class='ocr_line' id='line_1_48' title="bbox 323 3335 2352 3425; baseline -0.001 -32"><span class='ocrx_word' id='word_1_435' title='bbox 323 3363 459 3425; x_wconf 89' lang='lat' dir='ltr'>super</span> <span class='ocrx_word' id='word_1_436' title='bbox 487 3347 721 3392; x_wconf 89' lang='lat' dir='ltr'>Christum</span> <span class='ocrx_word' id='word_1_437' title='bbox 755 3345 1030 3403; x_wconf 86' lang='lat' dir='ltr'>baptizatum</span> <span class='ocrx_word' id='word_1_438' title='bbox 1049 3343 1224 3388; x_wconf 87' lang='lat' dir='ltr'>dicatur</span> <span class='ocrx_word' id='word_1_439' title='bbox 1241 3344 1565 3389; x_wconf 88' lang='lat' dir='ltr'>descendisse&#39;</span> <span class='ocrx_word' id='word_1_440' title='bbox 1556 3360 1599 3388; x_wconf 86' lang='lat' dir='ltr'>m</span> <span class='ocrx_word' id='word_1_441' title='bbox 1628 3345 1779 3405; x_wconf 87' lang='lat' dir='ltr'>specie</span> <span class='ocrx_word' id='word_1_442' title='bbox 1796 3339 2063 3401; x_wconf 77' lang='lat' dir='ltr'>columbae;</span> <span class='ocrx_word' id='word_1_443' title='bbox 2091 3345 2122 3391; x_wconf 92' lang='lat' dir='ltr'>S</span> <span class='ocrx_word' id='word_1_444' title='bbox 2126 3335 2352 3407; x_wconf 54' lang='lat' dir='ltr'>pirituff&#39;-“&#39;&#39;</span> 
     </span>
     <span class='ocr_line' id='line_1_49' title="bbox 324 3404 2338 3475; baseline 0 -16"><span class='ocrx_word' id='word_1_445' title='bbox 324 3416 447 3460; x_wconf 90' lang='lat' dir='ltr'>enim</span> <span class='ocrx_word' id='word_1_446' title='bbox 476 3415 669 3458; x_wconf 83' lang='lat' dir='ltr'>Sanctus</span> <span class='ocrx_word' id='word_1_447' title='bbox 692 3411 896 3457; x_wconf 88' lang='lat' dir='ltr'>habitat</span> <span class='ocrx_word' id='word_1_448' title='bbox 886 3426 931 3455; x_wconf 91' lang='lat' dir='ltr'>1n</span> <span class='ocrx_word' id='word_1_449' title='bbox 957 3410 1146 3454; x_wconf 87' lang='lat' dir='ltr'>homine</span> <span class='ocrx_word' id='word_1_450' title='bbox 1170 3425 1249 3468; x_wconf 89' lang='lat' dir='ltr'>per</span> <span class='ocrx_word' id='word_1_451' title='bbox 1273 3412 1486 3469; x_wconf 83' lang='lat' dir='ltr'>gratiam:</span> <span class='ocrx_word' id='word_1_452' title='bbox 1510 3412 1615 3455; x_wconf 90' lang='lat' dir='ltr'>sed</span> <span class='ocrx_word' id='word_1_453' title='bbox 1606 3427 1650 3455; x_wconf 91' lang='lat' dir='ltr'>1n</span> <span class='ocrx_word' id='word_1_454' title='bbox 1669 3412 1857 3456; x_wconf 86' lang='lat' dir='ltr'>homine</span> <span class='ocrx_word' id='word_1_455' title='bbox 1877 3407 2062 3458; x_wconf 79' lang='lat' dir='ltr'>Christo</span> <span class='ocrx_word' id='word_1_456' title='bbox 2083 3410 2168 3458; x_wconf 82' lang='lat' dir='ltr'>fuit</span> <span class='ocrx_word' id='word_1_457' title='bbox 2191 3404 2338 3475; x_wconf 50' lang='lat' dir='ltr'>ple-⁷³52?⁴</span> 
     </span>
     <span class='ocr_line' id='line_1_50' title="bbox 323 3457 2319 3540; baseline -0.001 -14"><span class='ocrx_word' id='word_1_458' title='bbox 323 3481 482 3526; x_wconf 89' lang='lat' dir='ltr'>nitudo</span> <span class='ocrx_word' id='word_1_459' title='bbox 511 3481 682 3540; x_wconf 87' lang='lat' dir='ltr'>gratiae</span> <span class='ocrx_word' id='word_1_460' title='bbox 711 3494 735 3523; x_wconf 88' lang='lat' dir='ltr'>a</span> <span class='ocrx_word' id='word_1_461' title='bbox 759 3477 982 3539; x_wconf 88' lang='lat' dir='ltr'>principio</span> <span class='ocrx_word' id='word_1_462' title='bbox 1009 3490 1117 3522; x_wconf 87' lang='lat' dir='ltr'>suae</span> <span class='ocrx_word' id='word_1_463' title='bbox 1146 3478 1483 3536; x_wconf 88' lang='lat' dir='ltr'>conceptionis:</span> <span class='ocrx_word' id='word_1_464' title='bbox 1513 3479 1616 3537; x_wconf 89' lang='lat' dir='ltr'>quia</span> <span class='ocrx_word' id='word_1_465' title='bbox 1634 3479 1724 3537; x_wconf 78' lang='lat' dir='ltr'>fuit</span> <span class='ocrx_word' id='word_1_466' title='bbox 1748 3480 1983 3538; x_wconf 76' lang='lat' dir='ltr'>unigenitus</span> <span class='ocrx_word' id='word_1_467' title='bbox 2012 3492 2040 3524; x_wconf 86' lang='lat' dir='ltr'>a</span> <span class='ocrx_word' id='word_1_468' title='bbox 2065 3480 2205 3534; x_wconf 75' lang='lat' dir='ltr'>Patre,</span> <span class='ocrx_word' id='word_1_469' title='bbox 2231 3457 2319 3525; x_wconf 52' lang='lat' dir='ltr'>iffi</span> 
     </span>
     <span class='ocr_line' id='line_1_51' title="bbox 325 3533 2306 3624; baseline 0 -32"><span class='ocrx_word' id='word_1_470' title='bbox 325 3563 378 3592; x_wconf 87' lang='lat' dir='ltr'>ex</span> <span class='ocrx_word' id='word_1_471' title='bbox 405 3547 671 3624; x_wconf 82' lang='lat' dir='ltr'>supradictis</span> <span class='ocrx_word' id='word_1_472' title='bbox 699 3556 819 3605; x_wconf 81' lang='lat' dir='ltr'>patet</span> <span class='ocrx_word' id='word_1_473' title='bbox 848 3545 905 3604; x_wconf 89' lang='lat' dir='ltr'>(q.</span> <span class='ocrx_word' id='word_1_474' title='bbox 928 3558 992 3604; x_wconf 89' lang='grc'>34.</span> <span class='ocrx_word' id='word_1_475' title='bbox 1011 3550 1092 3589; x_wconf 84' lang='lat' dir='ltr'>art.</span> <span class='ocrx_word' id='word_1_476' title='bbox 1110 3558 1137 3602; x_wconf 91' lang='lat'><em>4</em></span> <span class='ocrx_word' id='word_1_477' title='bbox 1142 3544 1203 3601; x_wconf 88' lang='lat'>.;)</span> <span class='ocrx_word' id='word_1_478' title='bbox 1231 3557 1325 3589; x_wconf 91' lang='lat' dir='ltr'>non</span> <span class='ocrx_word' id='word_1_479' title='bbox 1351 3559 1460 3606; x_wconf 88' lang='lat' dir='ltr'>ergo</span> <span class='ocrx_word' id='word_1_480' title='bbox 1494 3545 1646 3591; x_wconf 86' lang='lat' dir='ltr'>debuit</span> <span class='ocrx_word' id='word_1_481' title='bbox 1673 3545 1864 3607; x_wconf 89' lang='lat' dir='ltr'>Spiritus</span> <span class='ocrx_word' id='word_1_482' title='bbox 1891 3543 2084 3592; x_wconf 84' lang='lat' dir='ltr'>Sanctus</span> <span class='ocrx_word' id='word_1_483' title='bbox 2101 3546 2158 3591; x_wconf 81' lang='lat' dir='ltr'>ad</span> <span class='ocrx_word' id='word_1_484' title='bbox 2175 3533 2306 3593; x_wconf 64' lang='lat' dir='ltr'>euffll</span> 
     </span>
     <span class='ocr_line' id='line_1_52' title="bbox 325 3613 783 3673; baseline -0.002 -15"><span class='ocrx_word' id='word_1_485' title='bbox 325 3615 441 3659; x_wconf 88' lang='lat' dir='ltr'>mitti</span> <span class='ocrx_word' id='word_1_486' title='bbox 469 3614 515 3658; x_wconf 91' lang='lat' dir='ltr'>in</span> <span class='ocrx_word' id='word_1_487' title='bbox 541 3613 783 3673; x_wconf 88' lang='lat' dir='ltr'>baptismo.</span> 
     </span>
    </p>
   </div>
  </div>
 </body>
</html>
