2352 3926
642 208 921 255 omasi-10
967 208 1015 246 v.
1055 207 1363 248 ARTICULUS
1402 207 1475 247 1v.
1985 205 2052 261 73

32 310 49 347 ’Ἃ
97 323 224 356 mam
253 309 623 363 intellectualem,
656 319 701 354 et
732 308 1007 354 rationalem
1024 325 1078 363 »3
1106 318 1149 353 et
1173 319 1331 369 postea
1354 308 1531 354 subdit:
1570 307 1760 352 «Totus
1792 306 1876 352 toti
1907 307 2058 351 unitus

98 386 181 431 est,
206 386 254 421 ut
278 377 362 421 toti
388 377 502 420 mihi
528 376 723 421 salutem
749 375 1017 434 largiretur:
1047 376 1169 434 quod
1203 377 1327 420 enim
1348 377 1681 434 inassumptum
1705 385 1785 429 est,
1807 373 2057 418 incurabile

26 447 36 489 *.
98 454 230 491 estu:
258 446 376 489 tertio
404 444 493 488 hoc
527 454 751 502 repugnat
783 443 963 487 veritati
994 443 1349 488 incarnationis:
1385 458 1488 487 cum
1524 444 1646 487 enim
1679 455 1844 502 corpus
1871 455 2061 500 propor-

22 512 43 567 2
96 510 296 556 tionatur
322 511 518 565 animae,
545 511 663 555 sicut
688 511 877 554 materia
904 510 1114 569 propriae
1140 509 1333 563 formae,
1360 525 1453 554 non
1482 521 1548 554 est
1573 525 1679 554 vere
1707 523 1815 554 caro
1842 509 2060 561 humana,

97 591 214 638 quae
236 590 332 622 non
358 587 426 622 est
450 577 652 638 perfecta
680 578 833 621 anima
858 576 1076 630 humana,
1104 576 1278 626 scilicet
1304 576 1543 631 rationali3
1580 588 1624 622 et
1656 577 1759 622 ideo
1786 577 1823 621 si
1851 575 2060 621 Christus

28 642 72 693 ³5ss
99 644 301 691 animam
327 645 423 690 sine
452 655 604 689 mente
629 644 875 699 habuisset,
901 658 996 688 non
1022 644 1255 688 habuisset
1278 658 1436 687 veram
1464 658 1650 688 carnem
1681 644 1950 698 humanam,
1981 643 2062 687 sed

22 739 33 749 .
95 711 364 759 bestialem:
391 712 495 772 quia
521 725 601 772 per
633 711 782 756 solam
815 722 1018 756 mentem
1051 710 1204 755 anima
1235 720 1391 755 nostra
1423 709 1571 755 differt
1602 712 1655 754 ab
1685 712 1838 756 anima
1862 710 2062 765 bestiali;

97 779 216 825 unde
242 778 352 824 dicit
374 779 655 838 Augustinus
676 778 723 822 in
749 777 823 822 lib.
851 778 921 838 83.
952 777 1065 831 QQ.
1092 777 1150 837 (q.
1178 778 1288 836 80.),
1308 777 1431 836 quod
1449 778 1699 822 secundum
1718 779 1840 823 hunc
1859 791 2062 823 errorem

2 848 39 891 ζ,
98 856 374 907 sequeretur,
400 846 523 906 quod
548 845 687 890 Filius
713 845 803 890 Dei
829 846 1007 890 belluam
1033 845 1259 904 quamdam
1285 860 1379 890 cum
1407 845 1546 903 figura
1578 845 1754 890 humani
1786 846 1975 905 corporis
1998 859 2063 889 su-

96 914 303 973 supissm
332 913 453 973 quod
477 913 644 958 iterum
670 923 893 972 repugnat
915 913 1095 958 veritati
1120 912 1315 967 divinae,
1344 926 1460 971 quae
1481 911 1657 956 nullam
1682 913 1847 972 patitur
1868 912 2064 957 fictionis

3 977 50 1026 ι
95 978 374 1048 falsitatem.

96 1067 163 1115 ζῶ
186 1047 265 1094 AD
289 1061 475 1094 PRmUM
500 1062 618 1126 ergo
649 1047 907 1105 dicendum,
941 1046 1064 1106 quod
1096 1046 1173 1091 ubi
1199 1057 1266 1092 est
1298 1047 1395 1105 ipsa
1427 1060 1498 1091 res
1530 1061 1611 1106 per
1643 1047 1713 1091 sui
1744 1046 2063 1105 praesentiam,

98 1090 194 1165 iton
219 1114 456 1175 requiritur
472 1116 567 1174 ejus
583 1116 753 1175 imago,
781 1115 836 1158 ad
861 1115 952 1159 hoc
979 1114 1103 1191 quod
1129 1114 1336 1191 suppleat
1358 1114 1514 1158 locum
1541 1115 1626 1158 rei:
1645 1114 1763 1158 sicut
1788 1114 1865 1157 ubi
1890 1124 1957 1158 est
1984 1114 2065 1157 im-

98 1191 295 1247 perator,
326 1181 493 1228 milites
523 1196 618 1227 non
651 1191 924 1226 venerantur
960 1183 1056 1240 ejus
1088 1182 1363 1240 imaginem:
1390 1181 1470 1225 sed
1495 1191 1651 1225 tamen
1684 1181 1924 1240 requiritur
1957 1194 2063 1224 cum

94 1249 354 1328 mentia
377 1249 443 1293 rei
466 1249 622 1308 imago
648 1249 802 1309 ipsius,
828 1258 876 1293 ut
897 1248 1154 1308 perficiatur
1175 1263 1228 1292 ex
1253 1249 1352 1325 ipsa
1378 1248 1444 1292 rei
1464 1249 1742 1307 praesentia:
1766 1250 1883 1292 sicut
1909 1249 2064 1306 imago

96 1314 164 1363 in
174 1330 280 1362 cera
303 1315 530 1376 perficitur
554 1331 634 1375 per
657 1316 1007 1376 impressionem
1025 1315 1178 1374 sigilli,
1205 1325 1248 1360 et
1274 1316 1430 1374 imago
1458 1316 1658 1359 hominis
1684 1315 1908 1360 resultat
1898 1329 1945 1358 in
1970 1328 2068 1374 spe-

103 1381 209 1433 aulo
234 1397 313 1443 per
338 1383 434 1442 ejus
465 1383 792 1442 praesentiam;
818 1383 936 1427 unde
964 1383 1020 1427 ad
1045 1382 1369 1442 perficiendam
1402 1392 1606 1427 mentem
1630 1382 1887 1426 humanam
1913 1395 2068 1426 neces-

102 1449 272 1497 sarium
296 1449 395 1503 fuit,
425 1450 548 1509 quod
570 1464 673 1494 eam
698 1450 783 1494 sibi
807 1450 1012 1494 Verbum
1042 1451 1132 1494 Dei
1156 1450 1363 1495 univerit.

193 1516 271 1564 AD
295 1529 555 1562 SECUNDUM
572 1517 828 1572 dicendum,
846 1517 968 1576 quod
985 1516 1061 1561 lux
1082 1518 1231 1576 major
1257 1527 1449 1562 evacuat
1464 1517 1618 1562 lucem
1635 1517 1865 1562 minorem
1883 1517 2066 1562 alterius

43 1629 47 1634 ,
107 1586 311 1645 corporis
335 1583 651 1629 illuminantis:
679 1598 775 1629 non
799 1594 955 1629 tamen
981 1595 1186 1639 evacuat,
1203 1586 1283 1629 sed
1305 1585 1480 1644 perficit
1505 1585 1658 1629 lucem
1681 1585 1886 1645 corporis
1904 1584 2069 1628 illumi-

105 1652 215 1708 nati,
240 1651 297 1696 ad
327 1652 631 1711 praesentiam
657 1651 780 1696 enim
805 1650 916 1696 solis
941 1651 1175 1696 stellarum
1205 1651 1283 1696 lux
1315 1652 1596 1707 obscuratur,
1636 1653 1716 1698 sed
1757 1652 1872 1697 aeris
1907 1651 2065 1696 lumen

26 1749 29 1752 ‹
105 1717 354 1780 perficitur:
390 1718 645 1763 intellectus
677 1728 846 1773 autem,
882 1733 961 1763 seu
998 1733 1128 1763 mens
1154 1719 1357 1764 hominis
1390 1730 1459 1764 est
1490 1722 1619 1779 quasi
1652 1720 1730 1764 lux
1756 1719 2012 1764 illuminata
2039 1733 2066 1764 a

104 1785 208 1832 luce
231 1785 374 1830 divini
396 1784 561 1840 Verbi;
589 1795 634 1830 et
657 1786 762 1830 ideo
788 1800 868 1844 per
893 1786 1198 1845 praesentiam
1221 1787 1361 1832 Verbi
1380 1801 1476 1831 non
1494 1796 1740 1831 evacuatur
1764 1800 1896 1832 mens
1921 1786 2069 1830 homi-

104 1852 189 1907 nis,
213 1851 293 1897 sed
318 1853 464 1911 magis
489 1851 730 1912 perficitur.

193 1919 269 1964 An
306 1932 522 1965 TERTIUM
557 1919 816 1974 dicendum,
849 1920 970 1979 quod
1003 1919 1110 1965 licet
1141 1921 1344 1980 potentia
1369 1920 1646 1965 intellectiva
1670 1935 1765 1965 non
1796 1921 1852 1966 sit
1879 1920 2068 1979 alicujus

8 1998 53 2037 <-
106 1986 309 2046 corporis
335 1997 482 2042 actus3
509 1987 605 2047 ipsa
629 1997 784 2032 tamen
818 1987 1013 2032 essentia
1045 1987 1224 2031 animae
1250 1988 1496 2042 humanae,
1533 2002 1648 2047 quae
1686 1998 1754 2032 est
1785 1987 1936 2032 forma
1974 2001 2070 2031 cor-

106 2055 244 2115 poris,
267 2054 506 2113 requiritur
524 2054 647 2114 quod
673 2055 729 2098 sit
753 2053 964 2112 nobilior,
983 2053 1038 2098 ad
1059 2054 1151 2099 hoc
1179 2055 1302 2114 quod
1319 2055 1484 2100 habeat
1495 2055 1754 2113 ‘potentiam
1771 2054 2068 2114 intelligendi,

6 2087 54 2202 ᾗ
106 2130 154 2168 et
174 2121 280 2168 ideo
305 2135 491 2167 necesse
517 2131 600 2178 est,
625 2131 676 2166 ut
700 2135 864 2181 corpus
891 2121 1055 2166 melius
1081 2121 1352 2182 dispositum
1378 2122 1420 2167 ei
1445 2123 1732 2181 respondeat.

753 2507 1228 2603 QUAESTIO
1293 2509 1398 2570 VI.

286 2661 368 2703 DE
413 2661 588 2704 MODO
634 2662 1065 2705 ASSUMPTIONIS
1113 2664 1412 2716 QUANTUM
1459 2665 1542 2705 AD
1591 2665 1886 2716 ORDINEM,

659 2752 724 2792 IN
771 2752 880 2793 SEX
926 2753 1257 2795 ARTICULOS
1303 2754 1524 2796 DIVISA.

66 2942 68 2947 ⁸
143 2950 151 2960 ψ
197 2925 378 2973 Deinde
410 2926 793 2973 considerandum
819 2938 887 2973 est
918 2929 973 2972 de
1000 2929 1159 2974 ordine
1189 2930 1515 2990 assumptionis
1546 2930 1818 2988 praedictae.

767 3040 895 3085 Circa
920 3040 1027 3099 quod
1052 3048 1310 3100 quaeruntur
1332 3057 1415 3086 sex.

196 3128 367 3174 Primo.
394 3128 561 3174 Utrum
586 3129 726 3175 Filius
750 3130 839 3174 Dei
867 3132 1159 3189 assumpserit
1185 3146 1369 3176 carnem
1396 3132 1627 3177 mediante
1653 3132 1820 3176 anima.

203 3195 431 3243 Secundo.
458 3196 625 3241 Utrum
651 3198 945 3257 assumpserit
971 3199 1174 3242 animam
1200 3200 1429 3244 mediante
1454 3200 1626 3258 spiritu,
1653 3200 1747 3243 sive
1773 3207 1940 3242 mente.

204 3261 379 3308 Tertio.
406 3263 572 3308 Utrum
598 3259 751 3309 anima
776 3264 909 3310 fuerit
940 3266 1061 3324 prius
1089 3275 1322 3325 assumpta
1349 3281 1374 3310 a
1399 3266 1568 3321 Verbo,
1598 3280 1736 3324 quam
1764 3278 1884 3308 caro.

34 3383 56 3402 a,
206 3329 400 3382 Quarto.
427 3330 594 3377 Utrum
615 3346 722 3376 caro
750 3331 924 3377 Christi
939 3331 1074 3377 fuerit
1091 3333 1212 3393 prius
1237 3348 1261 3378 a
1284 3333 1438 3378 Verbo
1466 3343 1712 3392 assumpta,
1734 3346 1871 3391 quam
1893 3331 2074 3376 animae

118 3396 255 3442 unita.

208 3463 398 3516 Quinto.
426 3464 589 3509 Utrum
614 3474 712 3510 tota
737 3465 939 3510 humana
963 3476 1123 3511 natura
1148 3467 1206 3511 sit
1231 3476 1461 3526 assumpta
1488 3466 1788 3510 mediantibus
1814 3465 2026 3523 partibus.

207 3531 361 3576 Sexto.
388 3531 555 3576 Utrum
565 3532 637 3581 ,sit
662 3542 895 3593 assumpta
919 3533 1149 3578 mediante
1175 3534 1333 3592 gratia.
