2352 3926
296 205 401 260 432
859 206 1137 251 QUAESTIO
1180 207 1249 244 LI.
1293 201 1602 248 ARTICULUS
1643 209 1678 249 1.

977 510 1423 588 QUAESTIO
1474 513 1571 572 LI.

383 663 462 703 DE
494 656 841 705 SEPULTURA
873 664 1126 715 CHRISTI,
1160 623 1230 706 'IN
1262 666 1550 718 QUATUOR
1581 666 1912 710 ARTICULOS
1941 668 2164 711 DlVISA.
2198 681 2205 695 ³

382 840 559 885 Deinde
587 842 969 887 considerandum
994 852 1062 887 est
1088 842 1143 887 de
1170 842 1401 902 sepultura
1429 843 1615 888 Christi.

872 955 928 999 Et
953 955 1066 999 circa
1092 955 1166 999 lioc
1192 961 1454 1014 quaeruntur
1479 962 1672 1013 quatuor.

382 1040 553 1087 Primo.
582 1043 746 1087 Utrum
776 1045 1053 1088 conveniens
1079 1043 1212 1088 fuerit
1239 1044 1475 1088 Christum
1502 1044 1696 1103 sepeliri.

383 1110 611 1154 Secundo.
638 1111 710 1155 De
737 1112 878 1155 modo
912 1111 1142 1170 sepultura
1174 1113 1285 1170 ejus.

385 1175 560 1222 Tertio.
588 1178 756 1222 Utrum
784 1192 949 1237 corpus
969 1180 1072 1236 ‚ejus
1097 1178 1232 1222 fuerit
1256 1178 1303 1221 in
1330 1177 1572 1236 sepulchro
1599 1178 1866 1224 resolutum.

384 1244 578 1297 Quarto.
610 1246 682 1290 De
707 1255 932 1304 ternpore,
960 1260 1050 1305 quo
1076 1245 1217 1304 jacuit
1240 1246 1288 1288 in
1314 1244 1571 1304 sepulchro.

1013 1394 1450 1451 ARTICULUS
1484 1395 1525 1450 I.
1664 1411 1667 1415 ·
2169 1395 2255 1455 §82

562 1484 755 1554 UTRUM
793 1516 991 1554 FUERIT
1027 1517 1371 1556 CONVENIENS
1416 1516 1695 1554 CHRISTUM
1736 1494 2225 1556 SEPEL1R1.'

331 1610 460 1669 (Infr.
488 1625 525 1668 q.
549 1625 612 1669 52.
646 1617 728 1655 art.
756 1624 797 1668 4.
825 1617 860 1655 et
887 1619 1019 1670 opusc:
1047 1626 1086 1655 2.
1115 1619 1207 1670 cap.
1235 1626 1328 1668 241.
1356 1617 1392 1655 et
1416 1625 1514 1668 242.
1542 1619 1580 1656 et
1605 1619 1743 1670 opusc.
1771 1611 1842 1656 60.
1869 1619 1960 1671 cap.
1985 1612 2057 1657 26.
2074 1611 2217 1671 princa

928 1685 1025 1723 etr.
1057 1677 1156 1722 Cor.
1184 1692 1239 1736 15.
1268 1679 1354 1722 lect.
1382 1694 1416 1723 ι.
1445 1687 1535 1737 cap.
1562 1680 1633 1738 3.).

382 1785 457 1828 AD
484 1797 672 1829 PRIMUM
698 1784 763 1828 sic
807 1784 1078 1842 proceditur.
1105 1784 1311 1838 Videtur,
1349 1784 1472 1842 quod
1513 1798 1606 1827 non
1649 1782 1785 1828 fuerit
1817 1763 2095 1828 conveniens
2087 1743 2258 1834 C‘hri·

292 1861 412 1895 stum
438 1851 640 1910 sepeliri:
669 1851 724 1895 de
752 1851 936 1895 Christo
964 1852 1087 1895 enim
1114 1852 1275 1895 dicitur
1301 1852 1346 1894 in
1372 1851 1489 1894 Psal.
1519 1851 1612 1908 87.:
1641 1851 1796 1895 Factus
1816 1856 1884 1904 est,
1900 1852 2007 1900 sicut
2030 1851 2152 1898 homo
2171 1851 2258 1896 sine
2335 1906 2340 1910 Δ

292 1919 517 1977 adjutorio,
543 1921 653 1964 inter
677 1926 862 1964 mortuos
883 1920 1015 1964 liber:
1042 1919 1121 1963 sed
1147 1920 1193 1963 in
1220 1919 1463 1977 sepulchro
1490 1918 1783 1962 includuntur
1820 1931 2014 1978 corpora
2055 1927 2258 1968 mortuo-

291 2001 418 2040 rum3
444 1987 567 2045 quod
588 1987 764 2030 videtur
790 2001 887 2030 esse
915 1987 1195 2030 contrarium
1222 1986 1438 2042 libertati3
1466 2000 1577 2044 ergo
1605 2000 1699 2030 non
1720 1986 1898 2031 videtur
1921 1985 2063 2031 fuisse
2087 1999 2256 2031 conve-

292 2053 436 2106 niens,
463 2053 586 2111 quod
614 2067 779 2112 corpus
806 2053 979 2098 Christi
1004 2053 1281 2112 sepeliretur.

383 2134 422 2164 2.
456 2121 753 2165 PRAETEREA.
780 2120 908 2165 Nihil
941 2122 1059 2164 circa
1096 2121 1333 2165 Christum
1365 2120 1458 2164 fieri
1495 2120 1660 2174 debuit,
1693 2120 1816 2179 quod
1847 2134 1942 2165 non
1982 2092 2100 2171 esset
2142 2118 2259 2166 salu·

291 2186 473 2231 tiferum
491 2188 649 2242 nobis;
666 2189 744 2232 sed
772 2189 815 2231 in
835 2188 962 2232 nullo
981 2189 1158 2232 videtur
1181 2189 1235 2231 ad
1255 2188 1450 2232 salutern
1467 2188 1711 2232 hominum
1729 2188 1968 2245 pertinere,
1985 2186 2111 2253 quod.
2122 2186 2260 2238 Chri·

290 2265 384 2300 stus
408 2254 492 2298 fuit
517 2255 748 2313 sepultus3
773 2270 883 2314 ergo
910 2270 1004 2299 non
1031 2255 1114 2299 fuit
1137 2255 1415 2299 conveniens
1443 2255 1680 2299 Christum
1707 2254 1900 2313 sepeliri.
2042 2298 2053 2302 s
2085 2300 2087 2302 .

384 2337 422 2382 3.
449 2323 748 2370 PRAETEREA.
777 2323 1109 2368 Inconveniens
1137 2337 1236 2367 esse
1255 2323 1445 2377 videtur,
1463 2322 1584 2381 quod
1603 2323 1744 2377 Deus,
1762 2336 1840 2381 qut
1850 2329 1925 2367 est
1939 2334 2076 2382 super
2097 2319 2255 2369 coelos

292 2390 546 2444 excelsus,
535 2405 582 2432 1n
607 2400 726 2434 terra
752 2389 1042 2448 sepeliretur:
1071 2390 1149 2434 sed
1176 2389 1288 2433 illud
1315 2389 1438 2448 quod
1468 2389 1684 2433 convenit
1716 2389 1899 2448 corpori
1930 2388 2106 2439 Christi
2136 2402 2256 2434 mor-

289 2467 385 2511 tuo,
419 2457 672 2501 attribuitur
713 2458 815 2502 Deo
848 2458 1023 2502 ratione
1055 2458 1260 2511 unionis;
1297 2471 1407 2516 ergo
1440 2457 1768 2501 inconveniens
1801 2456 1986 2502 videtur
2011 2454 2250 2506 Christum

291 2523 429 2569 fuisse
456 2524 702 2583 sepultum.
2167 2560 2173 2564 s

382 2592 476 2636 SED
500 2605 695 2636 CONTRA
722 2602 802 2646 est,
829 2593 951 2650 quod
977 2592 1206 2636 Dominus
1249 2592 1358 2636 dicit
1391 2592 1552 2637 Matth.
1581 2590 1652 2636 26.
1681 2591 1735 2635 de
1762 2590 1968 2646 muliere,
1994 2604 2133 2651 quae
2145 2568 2252 2637 eum

289 2659 551 2704 inunxerat:
583 2660 699 2718 Opus
732 2661 884 2703 bonum
911 2668 1007 2718 oper
1009 2666 1080 2703 ata
1105 2666 1158 2704 est
1185 2662 1228 2703 in
1260 2675 1337 2713 me,
1368 2669 1408 2703 et
1436 2669 1594 2718 postea
1634 2658 1806 2703 subdit.
1835 2660 2007 2708 Mittens
2037 2674 2155 2705 emm
2179 2658 2254 2704 hoe

291 2733 546 2786 unguentum
577 2728 623 2770 in
645 2733 791 2785 corpus
816 2742 967 2779 meum,
993 2727 1046 2770 ad
1062 2727 1337 2786 sepeliendum
1360 2743 1422 2771 me
1447 2727 1566 2786 fecit.

380 2794 669 2839 RESPONDEo
698 2794 956 2847 dicendum,
1001 2794 1123 2852 quod
1162 2795 1440 2838 conveniens
1481 2794 1564 2838 fuit
1598 2794 1835 2839 Christum
1864 2792 2073 2854 sepeliri:
2104 2793 2250 2855 primo

292 2834 476 2920 quidem
504 2861 559 2905 ad
594 2861 986 2918 comprobandum
1009 2861 1248 2905 veritatem
1275 2862 1459 2916 mortis;
1493 2875 1586 2904 non
1606 2861 1727 2904 enim
1755 2861 1801 2905 in
1826 2858 2071 2920 sepulchro
2088 2859 2252 2920 aliquis

291 2928 487 2988 ponitur,
514 2928 601 2972 nisi
627 2927 809 2986 quando
842 2929 934 2985 jam
968 2927 1023 2972 de
1056 2929 1245 2972 veritate
1272 2929 1432 2972 mortis
1467 2938 1673 2973 constat:
1708 2928 1827 2973 unde
1859 2938 1906 2974 et
1935 2927 2078 2978 Marc.
2101 2925 2252 2986 {gde-

293 2996 425 3055 gitur,
453 2996 574 3054 quod
607 2994 793 3047 Pilatus,
823 3005 1066 3053 antequam
1095 2996 1367 3039 concederet
1402 2996 1637 3040 Christum
1664 2994 1858 3055 sepeliri,
1883 2994 2085 3054 diligenti
2112 2993 2256 3054 inqui-

292 3064 456 3107 sitione
490 3062 707 3121 cognovit
746 3076 851 3105 eum
880 3072 1112 3105 mortuum
1136 3076 1255 3106 esse:
1297 3063 1486 3117 seczmdo,
1516 3063 1621 3121 quia
1653 3077 1734 3121 per
1764 3062 1856 3106 hoc
1889 3062 2010 3121 quod
2037 3058 2250 3107 Christus

293 3129 348 3174 de
377 3129 620 3188 sepulchro
654 3131 907 3182 resurrexit,
942 3129 1071 3171 datur
1098 3144 1199 3187 spes
1232 3130 1498 3188 resurgendi
1530 3144 1608 3189 per
1640 3130 1805 3189 ipsum,
1846 3129 1918 3174 his
1955 3128 2032 3189 qui
2063 3137 2168 3174 sunt
2206 3129 2252 3174 in
2330 3183 2332 3185 ‚

292 3197 549 3256 sepulchro,
584 3196 835 3241 secundum
868 3194 977 3238 illud
1007 3196 1136 3253 Joan.
1176 3210 1234 3253 5.:
1268 3198 1432 3250 Omnes,
1462 3199 1533 3255 qui
1565 3199 1611 3241 in
1644 3198 1916 3244 monumentis
1945 3203 2055 3250 sunt,
2083 3194 2254 3241 audient

290 3279 433 3308 vocem
473 3265 570 3309 Filii
602 3264 686 3308 Dei
693 3278 708 3315 ;
744 3264 872 3321 etqui
895 3262 1118 3316 audierint,
1147 3265 1318 3307 vivent:
1348 3266 1467 3308 tertio
1496 3265 1551 3307 ad
1580 3263 1841 3323 exemplum
1867 3277 2043 3319 eorum,
2075 3262 2153 3322 qui
2173 3275 2253 3323 per
2329 3256 2338 3263 ”

294 3342 490 3375 mortem
520 3330 691 3375 Christi
718 3329 1007 3388 spiritualiter
1035 3330 1291 3373 moriuntur
1319 3332 1531 3388 peccatis,
1550 3331 1626 3390 qui
1659 3330 1832 3376 scilicet
1863 3329 2202 3377 absconduntur
2227 3342 2252 3374 a
2325 3346 2328 3349 ·

294 3398 640 3442 conturbatione
673 3397 945 3441 hominum:
976 3397 1093 3440 unde
1117 3396 1280 3439 dicitur
1309 3397 1491 3441 Coloss.
1514 3412 1575 3455 3.:
1606 3399 1767 3442 Mortui
1798 3399 1902 3454 estis,
1927 3403 1964 3443 et
1992 3397 2084 3442 vita
2113 3401 2252 3443 vestra
2292 3449 2295 3451 J

294 3465 534 3510 abscondita
556 3470 610 3509 est
632 3479 724 3508 cum
761 3464 924 3508 Christo
956 3465 1000 3506 in
1035 3464 1123 3507 Deo
1141 3479 1151 3507 :
1188 3464 1306 3507 unde
1335 3474 1376 3507 et
1399 3464 1625 3522 baptizati,
1653 3465 1729 3523 qui
1756 3479 1835 3523 per
1856 3474 2054 3509 mortem
2080 3462 2252 3509 Christi

295 3535 548 3576 moriuntur
565 3531 778 3591 peccatis,
796 3531 924 3590 quasi
941 3529 1306 3589 consepeliuntur
1326 3531 1513 3575 Christo
1532 3546 1608 3590 per
1625 3530 1986 3586 immersionem,
1998 3529 2249 3576 secuudum

293 3598 402 3643 illud
430 3600 564 3643 Rom.
592 3598 656 3644 6.:
685 3597 924 3657 Consepulti
943 3612 1081 3643 sumus
1103 3612 1195 3643 cum
1223 3597 1387 3642 Christo
1413 3606 1490 3657 per
1518 3599 1767 3658 baptismum
1792 3599 1837 3643 in
1858 3603 2046 3664 mortun.

2338 3005 2352 3129 {jamnae-:⁴
2343 2975 2352 2992 ..ι
2341 2925 2352 2959 :u-
