2352 3926
618 247 897 296 QUABSTIO
938 246 1083 288 var.
1123 247 1431 290 annotinis
1470 246 1584 287 v111.
2000 235 2102 304 563

170 368 175 381 ·’
235 366 276 399 2.
302 354 599 400 Puni-num.
637 352 935 398 Sacramenta
971 366 1024 397 ex
1060 351 1278 396 mandato
1305 350 1478 396 Christi
1515 349 1770 396 efficaciam
1800 349 1992 395 habent:
2025 350 2104 395 sed

143 422 261 469 trina
273 421 508 467 immersio
531 431 598 466 est
619 434 673 465 ex
694 420 911 465 mandato
930 418 1292 465 Christitscribit
1317 419 1439 464 enim
1465 417 1679 478 Pelagius
1696 430 1813 479 papa
1840 417 2102 463 Gaudentio

145 489 365 550 episcopo
396 490 456 547 (et
486 489 580 533 hab.
615 495 736 547 cap..·
768 487 896 532 Multi
926 492 1033 541 sunt,
1069 487 1134 532 De
1168 486 1404 531 Consecrat.
1441 486 1552 531 Dist.
1586 486 1679 544 4.).·
1726 501 1750 528 α
1775 484 2106 545 Evangelicum

144 566 453 616 praeceptum,
480 555 579 615 ipso
605 554 810 598 Domino
842 554 960 607 Deo,
993 563 1038 598 et
1069 552 1307 597 Salvatore
1339 562 1497 597 nostro
1524 552 1631 610 Jesu
1665 551 1853 598 Christo
1885 552 2104 607 tradente,

149 637 235 669 nos
267 623 497 678 admonet,
534 624 580 667 in
614 623 803 666 nomine
831 619 1066 665 Trinitatis
1102 620 1218 664 trina
1255 619 1550 664 immersione
1586 629 1795 664 sanctum
1833 619 2110 679 baptismum

147 691 390 751 unicuique
414 690 608 735 tribuere
633 704 687 743 >›;
713 701 824 747 ergo
850 687 967 732 sicut
990 687 1216 746 baptizare
1239 688 1284 730 in
1310 687 1498 731 nomine
1528 685 1762 731 Trinitatis
1785 696 1852 732 est
1872 687 1928 732 de
1950 701 2106 733 neces-

146 758 278 803 sitate
301 756 529 817 baptismi,
571 756 634 800 ita
662 755 800 799 etiam
820 753 1047 812 baptizare
1072 753 1188 798 trina
1214 754 1512 798 immersione
1537 753 1715 799 videtur
1741 768 1840 800 esse
1866 753 1923 799 de
1954 768 2108 800 neces·

147 826 278 870 sitate
302 823 529 883 baptismi.
914 872 917 875 Δ

237 905 275 951 3.
301 891 597 937 PRAETEREA.
622 888 672 933 Si
694 888 812 933 trina
837 888 1072 932 immersio
1094 901 1188 932 non
1210 887 1266 931 sit
1287 886 1342 931 de
1369 887 1637 932 necessitate
1663 887 1889 947 baptismi,
1912 902 2023 948 ergo
2047 888 2104 934 ad

146 959 343 1020 primam
374 956 718 1002 immersionem
751 954 911 1013 aliquis
948 953 1162 1014 baptismi
1198 954 1490 1013 consequitur
1525 965 1888 1010 sacramentum3
1921 956 1960 1000 si
1991 970 2102 1016 ergo

148 1026 338 1072 addatur
361 1023 574 1077 secunda,
599 1022 673 1066 vel
697 1022 843 1076 tertia,
868 1022 1046 1066 videtur
1067 1021 1190 1080 quod
1213 1021 1431 1075 secundO,
1447 1019 1522 1064 vel
1538 1021 1671 1066 tertio
1688 1021 1960 1080 baptizetur:
1984 1024 2105 1083 quod

147 1102 217 1138 est
240 1091 586 1144 inconveniens3
613 1103 706 1133 non
734 1102 843 1147 ergo
870 1102 960 1132 una
985 1087 1221 1133 immersio
1244 1086 1409 1132 sufficit
1437 1087 1493 1131 ad
1519 1098 1857 1133 sacramentum
1879 1090 2107 1149 baptismi,

147 1159 228 1205 sed
252 1159 369 1204 trina
393 1156 629 1202 immersio
650 1155 827 1200 videtur
853 1169 951 1200 esse
978 1155 1032 1200 de
1058 1155 1329 1199 necessitate
1355 1154 1510 1214 ipsius.

158 1223 164 1227 “
240 1225 335 1271 SED
369 1236 564 1270 CONTRA
591 1233 672 1277 est,
699 1222 822 1283 quod
851 1222 989 1281 Greg.
1017 1222 1125 1267 dicit
1156 1222 1355 1266 scribens
1381 1221 1593 1266 Leandro
1620 1222 1835 1282 episcopo
1862 1223 1930 1282 (in
1958 1225 2111 1282 Regist.

147 1294 218 1339 lib.
245 1308 281 1340 1.
305 1293 419 1353 epist.
444 1305 509 1350 41.
536 1306 563 1336 a
587 1291 734 1349 med.).·
771 1306 795 1332 «
816 1289 1188 1349 Reprehensibile
1215 1303 1313 1335 esse
1338 1289 1596 1334 nullatenus
1622 1300 1786 1350 potest,
1812 1290 2035 1336 infantem
2060 1292 2107 1335 in

146 1360 417 1420 baptismate
440 1357 516 1403 vel
540 1368 621 1412 ter,
638 1357 712 1402 vel
729 1356 873 1402 semel
889 1358 1189 1416 immergere:
1212 1356 1432 1416 quoniam
1451 1366 1497 1402 et
1511 1357 1558 1400 in
1575 1357 1715 1401 tribus
1737 1356 2108 1403 immersionibus

148 1440 445 1488 personarum
469 1424 683 1479 Trinitas,
706 1434 751 1469 et
775 1426 820 1469 in
847 1438 937 1468 una
963 1433 1112 1483 potest
1136 1424 1397 1468 Divinitatis
1423 1423 1710 1483 singularitas
1733 1424 1961 1484 designari
1985 1442 2027 1469 ».

237 1494 525 1539 RESPONDEO
548 1491 806 1546 dicendum,
833 1491 971 1550 quod,
997 1491 1112 1535 sicut
1138 1491 1260 1550 prius
1288 1491 1460 1535 dictum
1487 1500 1554 1535 est
1578 1488 1680 1549 (hrt.
1706 1498 1848 1551 praec.
1872 1492 1926 1537 ad
1949 1492 2026 1550 1.),
2050 1493 2108 1537 ad

146 1561 424 1621 baptismum
441 1574 521 1620 per
537 1574 585 1604 se
611 1559 851 1618 requiritur
868 1557 1037 1602 ablutio
1057 1572 1215 1617 aqua-e,
1233 1572 1348 1617 quae
1367 1567 1434 1602 est
1451 1557 1506 1602 de
1525 1559 1793 1603 necessitate
1811 1559 2109 1604 sacramenti:

148 1628 315 1673 modus
338 1637 491 1672 autem
515 1625 757 1670 ablutionis
774 1640 853 1685 per
871 1625 1082 1670 accidens
1100 1639 1148 1669 se
1166 1624 1304 1669 habet
1326 1624 1381 1669 ad
1399 1635 1764 1669 sacramentum:
1792 1636 1836 1670 et
1856 1626 1976 1681 ideo,
1994 1626 2112 1671 sicut

150 1710 206 1741 ex
231 1695 460 1756 praedicta
487 1694 754 1738 auctoritate
782 1692 994 1752 Gregorii
1020 1702 1155 1752 patet,
1179 1701 1399 1752 quantum
1422 1702 1490 1736 est
1511 1692 1566 1737 de
1589 1707 1651 1747 se,
1677 1709 1700 1734 «
1723 1703 1964 1752 utrumque
1986 1693 2110 1738 licite

145 1762 247 1812 fieri
272 1772 434 1822 potest,
461 1760 634 1806 scilicet
660 1770 703 1804 et
730 1759 886 1814 semel,
914 1770 958 1804 et
982 1769 1051 1804 ter
1076 1761 1349 1818 immergere
1371 1775 1425 1814 »3
1453 1760 1558 1818 quia
1585 1760 1719 1804 unica
1740 1761 2035 1805 immersione
2059 1761 2112 1805 si-

152 1829 391 1890 gnificatur
415 1828 563 1872 unitas
590 1827 750 1871 mortis
778 1826 962 1880 Christi,
990 1836 1034 1870 et
1052 1826 1199 1870 unitas
1216 1826 1409 1870 Deitatis
1430 1842 1440 1881 ;
1467 1841 1546 1886 per
1567 1828 1733 1871 trinam
1757 1836 1908 1872 autem
1929 1827 2114 1872 immer-

152 1897 330 1943 sionem
347 1895 627 1955 significatur
642 1894 840 1939 triduum
857 1892 1114 1953 sepulturae
1138 1893 1323 1947 Christi,
1342 1904 1386 1938 et
1402 1893 1541 1937 etiam
1565 1893 1765 1939 Trinitas
1796 1909 2108 1954 personarum.

152 1963 242 2010 Sed
269 1962 456 2008 diversis
474 1976 527 2006 ex
545 1963 690 2006 causis
709 1961 960 2005 secundum
983 1960 1319 2004 ordinationem
1341 1960 1575 2005 Ecclesiae
1594 1962 1866 2021 quandoque
1883 1963 2112 2007 institutus

151 2041 222 2077 est
242 2043 361 2075 unus
386 2029 566 2084 modus,
584 2028 856 2088 quandoque
884 2027 1022 2082 alius;
1046 2028 1150 2086 quia
1177 2027 1299 2072 enim
1324 2042 1348 2071 a
1374 2028 1596 2088 principio
1623 2030 1851 2074 nascentis
1878 2029 2112 2074 Ecclesiae

152 2097 338 2159 quidam
364 2097 420 2141 de
446 2095 670 2140 Trinitate
696 2095 817 2140 male
844 2095 1110 2148 sentiebant,
1138 2095 1375 2140 Christum
1401 2109 1565 2154 purum
1591 2096 1832 2140 hominem
1858 2111 1957 2142 esse
1984 2097 2112 2142 aesti-

153 2173 347 2219 mantes,
371 2177 457 2208 nec
483 2163 574 2207 dici
597 2162 764 2207 Filium
790 2162 892 2217 Dei,
919 2172 965 2206 et
990 2161 1142 2206 Deum
1167 2161 1253 2206 nisi
1279 2172 1462 2221 propter
1484 2164 1698 2207 meritum
1716 2165 1825 2222 eius,
1844 2164 1965 2223 quod
1987 2178 2111 2223 prae-

155 2232 287 2292 cipue
311 2230 395 2275 fuit
419 2230 466 2275 in
491 2240 655 2284 morte,
683 2229 786 2274 ideo
813 2243 907 2273 non
932 2228 1220 2288 baptizabant
1244 2228 1291 2272 in
1317 2229 1505 2274 nomine
1533 2228 1783 2285 TrinitatiS,
1811 2231 1890 2276 sed
1915 2232 1961 2275 in
1989 2245 2111 2275 com-

150 2298 485 2344 memoratione
517 2297 677 2341 mortis
710 2296 895 2350 Christi,
923 2306 968 2340 et
993 2309 1082 2339 una
1118 2295 1440 2352 immersione3
1468 2297 1590 2356 quod
1622 2298 1914 2356 reprobatum
1950 2298 2034 2343 fuit
2063 2298 2110 2342 in

149 2365 377 2428 primitiva
402 2363 631 2409 Ecclesia:
658 2364 778 2425 unde
803 2364 851 2408 in
886 2363 1150 2408 Canonibus
1174 2373 1316 2422 apost.
1347 2364 1459 2420 (can.
1481 2378 1553 2424 49.
1574 2364 1734 2411 Concil.
1758 2372 1795 2410 et
1816 2366 1910 2411 hab.
1929 2374 2019 2426 cap.
2038 2379 2106 2426 79.

149 2435 219 2480 De
245 2433 480 2480 Consecrat.
513 2433 625 2477 Dist.
648 2433 739 2491 4.).·
776 2447 799 2472 «
823 2431 874 2475 Si
898 2431 997 2490 quis
1030 2431 1304 2490 praesbyter,
1333 2441 1409 2476 aut
1440 2432 1681 2491 episcopus
1712 2446 1807 2477 non
1837 2433 2003 2478 trinam
2028 2433 2110 2477 im-

150 2500 428 2546 mersionem
455 2499 586 2544 unius
612 2498 817 2558 mysterii
849 2497 1059 2552 celebret,
1093 2498 1171 2542 sed
1204 2498 1347 2542 semel
1382 2508 1559 2562 mergat
1590 2499 1636 2543 in
1668 2499 1953 2559 baptismate,
1986 2502 2108 2560 quod

152 2566 248 2611 dari
271 2580 298 2611 a
322 2566 592 2626 quibusdam
618 2565 780 2610 dicitur
805 2565 852 2608 in
874 2574 1023 2609 morte
1048 2564 1255 2620 Domini,
1273 2565 1549 2624 deponatur;
1576 2581 1670 2611 non
1697 2567 1820 2611 enim
1845 2567 1977 2612 nobis
2000 2567 2111 2612 dixit

152 2633 408 2678 Dominus:
434 2633 487 2676 In
511 2642 660 2677 morte
687 2645 791 2676 mea
815 2631 1052 2691 baptizate,
1076 2632 1175 2676 sed:
1199 2632 1251 2675 In
1272 2634 1460 2690 nomine
1484 2634 1643 2688 Patris,
1661 2643 1706 2678 et
1721 2634 1836 2690 Filii,
1854 2644 1899 2679 et
1916 2635 2109 2695 Spiritus

80 2754 87 2764 s
155 2699 311 2745 Sancti
335 2715 376 2744 n.
402 2699 708 2744 Postmodum
731 2713 840 2743 vero
867 2699 1058 2744 inolevit
1083 2700 1387 2758 quorumdam
1411 2701 1825 2757 schismaticorum,
1847 2712 1892 2747 et
1922 2701 2112 2747 haereti-

154 2779 315 2812 corum
333 2779 459 2810 error
471 2766 684 2811 homines
705 2766 1106 2825 rebaptizantium3
1125 2768 1240 2812 sicut
1258 2767 1314 2812 de
1331 2768 1583 2812 Donatistis
1604 2769 1794 2828 August.
1811 2779 1964 2813 narrat
1975 2783 2109 2828 super

147 2834 278 2893 Joan.
304 2833 447 2892 (tract.
480 2849 537 2879 Π.
563 2847 590 2879 a
614 2833 716 2878 med.
743 2839 782 2879 et
802 2835 872 2878 lib.
899 2833 945 2878 de
965 2834 1182 2879 Haeresib.
1210 2834 1324 2879 haer.
1342 2835 1460 2894 69.);
1489 2845 1533 2880 et
1557 2835 1662 2880 ideo
1689 2836 1734 2879 in
1757 2836 2105 2880 detestationem

155 2901 318 2946 erroris
335 2913 493 2944 eorum
510 2898 592 2944 fuit
606 2910 824 2945 statutum
840 2901 886 2944 in
903 2901 1048 2945 Conc.
1063 2899 1213 2946 Tolet.
1231 2914 1273 2957 4.
1295 2911 1404 2958 (can.
1424 2903 1466 2947 6.
1484 2909 1522 2947 et
1538 2902 1630 2947 hab.
1650 2911 1738 2963 cap.
1758 2904 1819 2962 85.
1833 2905 1900 2948 De
1917 2904 2108 2948 Consecr.

154 2969 266 3013 Dist.
293 2968 373 3025 4.),
399 2966 522 3026 quod
546 2965 673 3011 fieret
697 2981 788 3011 una
808 2967 907 3012 sola
933 2969 1192 3013 immersio:
1216 2969 1293 3012 ubi
1314 2969 1378 3013 sic
1400 2969 1588 3028 legitur:
1620 2986 1642 3011 «
1665 2971 1856 3029 Propter
1872 2969 2108 3014 vitandum

154 3033 412 3080 schismatis
438 3032 718 3088 scandalum,
743 3033 818 3079 vel
849 3035 1066 3080 haeretici
1092 3036 1320 3094 dogmatis
1354 3050 1502 3090 usum,
1534 3037 1748 3096 simplam
1774 3046 2010 3081 teneamus
2035 3036 2109 3080 ba-

155 3101 309 3162 ptismi
341 3100 685 3145 immersionem
704 3115 755 3144 »:
782 3101 876 3155 sed,
902 3112 1106 3146 cessante
1138 3103 1216 3146 tali
1251 3117 1400 3157 causa,
1429 3105 1734 3147 communiter
1767 3103 2031 3147 observatur
2062 3103 2110 3147 in

154 3168 383 3228 baptismo
409 3167 526 3211 trina
555 3166 816 3213 immersio:
852 3178 897 3212 et
932 3168 1040 3213 ideo
1069 3170 1267 3227 graviter
1298 3181 1509 3229 peccaret
1542 3170 1669 3215 aliter
1703 3170 1951 3228 baptizans,
1983 3172 2111 3230 quasi

155 3236 304 3280 ritum.
317 3233 548 3279 Ecclesiae
570 3247 664 3277 non
690 3234 960 3289 observans;
986 3235 1285 3281 nihilominus
1313 3246 1471 3288 tamen
1500 3247 1616 3281 esset
1641 3237 1904 3295 baptismus.

244 3302 320 3346 AD
354 3313 542 3346 PRtMUM
573 3315 682 3358 ergo
714 3300 972 3355 dicendum,
1005 3303 1127 3361 quod
1156 3302 1356 3348 Trinitas
1383 3315 1449 3347 est
1476 3305 1592 3347 sicut
1618 3318 1757 3362 agens
1784 3303 2031 3362 principale
2059 3306 2103 3349 in

154 3369 405 3429 baptismo:
433 3367 681 3412 similitudo
709 3377 860 3412 autem
887 3370 1059 3427 agentis
1085 3370 1289 3428 pervenit
1312 3370 1366 3413 ad
1385 3369 1599 3414 effectum
1621 3371 1874 3414 secundum
1896 3370 2111 3426 formam,

157 3446 203 3482 et
221 3450 316 3480 non
342 3434 591 3479 secundum
619 3434 883 3479 materiam:
911 3444 955 3479 et
971 3435 1076 3480 ideo
1097 3436 1368 3495 significatio
1394 3435 1629 3480 Trinitatis
1662 3436 1710 3480 fit
1726 3437 1771 3479 in
1789 3437 2016 3496 baptismo
2034 3452 2114 3497 per

155 3503 294 3548 verba
326 3500 527 3547 formae:
559 3515 645 3546 nec
672 3510 740 3546 est
775 3500 830 3545 de
864 3501 1147 3560 necessitate,
1173 3503 1296 3562 quod
1324 3503 1600 3562 significetur
1640 3502 1842 3548 Trinitas
1868 3518 1949 3562 per
1981 3519 2114 3550 usum

158 3568 403 3623 materiae3
427 3569 508 3613 sed
528 3565 618 3612 hoc
636 3567 686 3612 fit
702 3566 757 3612 ad
784 3568 1008 3627 majorem
1026 3570 1378 3628 expressionem,
1404 3569 1623 3614 Similiter
1640 3570 1778 3615 etiam
1797 3585 1922 3616 mors
1942 3570 2116 3617 Christi

87 3659 99 3690 t
158 3636 380 3697 figuratur
402 3635 675 3681 sufficienter
698 3635 746 3680 in
769 3635 903 3680 unica
923 3635 1243 3682 immersione:
1267 3636 1467 3681 triduum
1485 3646 1637 3682 autem
1659 3637 1915 3698 sepulturae
1936 3653 2030 3684 non
2048 3649 2116 3685 est
