2352 3926
266 235 288 272 1
304 233 368 272 12
808 228 1087 275 QUAESTIO
1127 227 1202 268 IX*⁴
1242 226 1554 267 ARTICULUS
1589 226 1667 266 111.

259 333 595 395 perfectiorem,
622 341 667 376 et
693 330 831 374 aliam
857 330 1009 374 minus
1031 328 1310 389 perfectam,
1337 342 1447 388 ergo
1472 342 1621 388 neque
1647 328 1801 373 anima
1825 337 1976 387 potest
2005 327 2233 373 simulvre-

261 402 411 461 cipere
439 399 668 459 duplicem
691 397 948 451 scientiam,
970 411 1111 443 unam
1135 395 1469 457 perfectiorem,
1486 406 1532 440 et
1552 395 1691 440 aliam
1715 395 1866 439 minus
1891 393 2161 455 perfectam:
2184 403 2230 441 e't

262 469 327 513 sic
353 468 477 512 idem
505 465 627 525 quod
653 465 790 523 prius.

351 535 445 580 SED
465 545 661 578 CONTRA
684 541 764 586 est,
783 530 905 591 quod
923 531 1086 584 dicitur
1105 530 1289 576 Coloss.
1307 543 1363 589 22,
1382 530 1502 590 quod
1522 531 1567 574 in
1586 529 1773 575 Christo
1789 535 1885 575 sunt
1898 545 2035 576 omnes
2051 530 2232 577 thesauri

258 603 503 663 sapientiae,
528 606 566 644 et
588 601 781 644 scientiae
806 598 1049 645 absconditi.

349 669 638 714 RESPONDEO
666 666 924 721 dicendum,
949 665 1087 725 quod,
1113 666 1229 710 sicut
1255 665 1429 710 dictum
1455 674 1523 708 est
1551 663 1650 720 (art.
1676 679 1711 709 ι.
1734 664 1823 723 huj.
1851 664 1928 722 q),
1957 636 2162 719 decebat,
2183 669 2238 710 iit-

260 746 422 780 natura
447 735 651 778 humana
684 743 917 792 assumpta
950 748 975 777 a
1006 733 1161 778 Verbo
1187 733 1275 776 Dei
1304 731 1571 791 imperfecta
1601 745 1697 775 non
1730 740 1871 776 esset:
1906 744 2045 776 omne
2077 738 2233 777 autem

262 803 385 863 quod
417 812 485 847 est
509 802 557 846 in
583 801 801 860 potentia,
834 809 901 845 est
931 799 1265 860 imperfectum,
1297 800 1383 843 nisi
1415 798 1657 842 reducatur
1684 798 1739 842 ad
1766 808 1942 843 actum:
1974 797 2233 844 intellectus

263 881 417 915 autem
442 868 668 927 possibilis
700 869 929 912 humanus
957 878 1025 912 est
1055 869 1100 911 in
1135 867 1338 926 potentia
1373 866 1427 909 ad
1461 866 1617 909 omnia
1643 865 1971 924 intelligibilia:
2004 867 2234 911 reducitur

265 948 419 982 autem
444 937 491 980 in
517 947 672 981 actum
688 936 959 996 per—species
981 935 1303 994 intelligibiles,
1328 947 1443 992 quae
1466 943 1571 977 sunt
1596 933 1822 992 quaedam
1837 933 2014 980 formae
2036 933 2236 994 comple-

264 1006 383 1050 tivae
409 1004 578 1064 ipsius;
611 1013 659 1048 ut
691 1013 816 1063 patet
847 1017 901 1047 ex
922 1004 993 1047 his
1027 1017 1142 1062 quae
1176 1002 1386 1045 dicuntur
1411 1001 1458 1044 in
1489 1015 1525 1059 3.
1554 1000 1609 1044 de
1641 1000 1731 1044 An.
1759 1001 1862 1059 (tex.
1888 1016 1953 1060 32.
1985 1007 2024 1047 et
2049 1003 2166 1061 38⁶),-
2190 1010 2236 1046 et

264 1073 370 1117 ideo
393 1082 574 1131 oportet
604 1072 651 1114 in
685 1070 871 1115 Christo
899 1084 1072 1130 ponere
1099 1069 1338 1113 scientiam
1369 1068 1586 1122 inditam3
1617 1068 1887 1127 inquantum
1920 1069 2234 1130 peererbum

265 1140 357 1184 Dei
382 1139 562 1183 animae
596 1138 769 1183 Christi
793 1138 878 1182 sibi
903 1136 1201 1196 personaliter
1232 1136 1384 1179 unitae
1410 1135 1658 1194 impressae
1685 1146 1791 1180 sunt
1815 1137 1992 1195 species
2026 1135 2238 1195 intelligi-

265 1205 378 1250 biles
405 1206 461 1249 ad
488 1205 660 1259 omnia,
688 1205 743 1248 ad
770 1219 886 1263 quae
912 1203 1168 1247 intellectus
1186 1202 1412 1262 possibilis
1439 1212 1507 1246 est
1530 1203 1577 1246 in
1604 1205 1829 1262 potentia:
1853 1203 1971 1248 sicut
1995 1204 2137 1249 etiam,
2155 1216 2237 1262 per

265 1273 471 1318 Verbum
502 1273 592 1316 Dei
623 1273 871 1331 impressae
903 1281 1008 1315 sunt
1053 1271 1225 1329 species
1258 1269 1567 1328 intelligibiles
1601 1271 1744 1315 menti
1776 1271 2012 1330 angelicae
2042 1272 2089 1315 in
2119 1271 2238 1331 prin-

267 1341 387 1400 cipi—0
415 1339 657 1384 creationis
684 1354 851 1393 rerum,
879 1349 925 1383 ut
952 1348 1075 1397 patet
1106 1352 1185 1397 per
1211 1337 1332 1395 Aug.
1363 1350 1402 1380 2.
1431 1351 1565 1395 super
1594 1337 1710 1382 Gen.
1739 1337 1795 1382 ad
1826 1337 1891 1382 lit.
1924 1338 2038 1398 (capt
2070 1338 2136 1396 8.)
2147 1353 2165 1391 ,·
2193 1347 2238 1382 et

267 1409 373 1452 ideo
401 1408 518 1452 sicut
547 1407 595 1461 in
629 1406 802 1465 angelis
835 1406 1089 1449 secundum
1135 1405 1348 1449 eumdem
1392 1404 1585 1463 August.
1619 1405 1714 1462 (lib.
1745 1419 1787 1462 4.
1820 1414 1908 1465 sup.
1946 1406 2050 1451 Gen.
2086 1405 2142 1451 ad
2172 1405 2235 1450 lit.

271 1484 360 1535 cap.
383 1490 452 1520 22.
478 1488 548 1531 24.
575 1480 613 1519 et
639 1489 700 1533 30.
700 1474 742 1531 ),
769 1475 952 1531 ponitur
977 1472 1127 1532 duplex
1156 1472 1388 1530 cogniti0;
1414 1485 1500 1516 una
1526 1471 1701 1516 scilicet
1732 1472 1970 1527 matutina,
1994 1487 2074 1532 per
2098 1486 2238 1532 quam

275 1551 562 1601 cognoscunt
587 1555 658 1584 res
683 1541 729 1583 in
755 1540 918 1583 verbo:
947 1549 992 1583 et
1013 1540 1099 1583 alia
1122 1539 1394 1596 vespertina,
1421 1553 1501 1596 per
1523 1553 1662 1597 quam
1681 1549 1970 1598 cognoscunt
1989 1553 2061 1584 res
2077 1539 2124 1584 in
2139 1553 2241 1614 pro-

272 1611 369 1669 pria
387 1618 547 1652 natura
563 1622 642 1667 per
659 1607 833 1667 species
851 1607 936 1650 sibi
953 1606 1133 1660 inditas3
1151 1606 1212 1650 ita
1231 1616 1408 1665 praeter
1421 1606 1661 1650 scientiam
1678 1606 1895 1661 divinam,
1913 1616 1958 1652 et
1972 1606 2239 1660 increatam,

271 1686 338 1721 est
362 1677 409 1720 in
434 1675 621 1720 Christo
648 1675 902 1719 secundum
929 1675 1026 1732 ejus
1053 1674 1256 1717 animam
1283 1673 1472 1717 scientia
1499 1673 1645 1727 beata,
1662 1687 1752 1732 qua
1772 1674 2014 1732 cognoscit
2033 1674 2239 1727 verbum,

272 1753 319 1788 et
345 1757 415 1787 res
444 1743 490 1786 in
516 1742 672 1796 verbo,
700 1752 745 1786 et
769 1742 959 1786 scientia
985 1740 1147 1794 infusa,
1175 1741 1270 1785 sive
1295 1740 1452 1794 indita,
1474 1755 1553 1799 per
1570 1755 1709 1799 quam
1727 1741 1969 1800 cognoscit
1984 1741 2121 1787 resin
2139 1754 2242 1801 pro-

272 1811 372 1870 pria
396 1820 559 1854 natura
584 1823 664 1869 per
689 1809 862 1867 species
889 1808 1197 1867 intelligibiles
1223 1808 1452 1852 humanae
1479 1808 1623 1852 menti
1648 1808 2029 1867 proportionatas.

360 1877 436 1922 AD
469 1890 658 1922 PRIMUM
684 1890 795 1935 ergo
823 1876 1082 1929 dicendum,
1105 1875 1227 1934 quod
1252 1875 1368 1918 visio
1394 1873 1661 1933 imperfecta
1686 1874 1791 1921 fidei
1815 1875 1863 1920 in
1888 1875 1959 1920 sui
1978 1875 2161 1924 ,ratione
2177 1875 2240 1919 in-

279 1945 421 1989 cludit
445 1945 710 2004 oppositum
735 1943 1003 1987 manifestae
1029 1942 1240 1996 visionis3
1268 1956 1323 1986 eo
1352 1942 1474 2000 quod
1508 1942 1562 1985 de
1589 1942 1765 1986 ratione
1791 1941 1898 1986 fidei
1923 1952 2004 1997 est,
2030 1953 2080 1987 ut
2104 1942 2163 1987 sit
2183 1942 2239 1986 de

275 2027 370 2058 non
396 2013 518 2066 visis,
544 2022 595 2056 ut
618 2012 665 2055 in
692 2024 732 2057 2.
761 2012 931 2055 dictum
959 2020 1038 2072 est
1058 2010 1168 2068 (2-2.
1201 2025 1239 2069 q.
1272 2025 1307 2054 1.
1335 2015 1416 2054 art.
1444 2009 1538 2067 4.):
1566 2010 1643 2053 sed
1672 2009 1891 2068 cognitio,
1918 2023 2035 2069 quae
2062 2019 2132 2054 est
2160 2023 2241 2069 per

273 2081 446 2141 species
471 2080 651 2134 inditas,
673 2093 767 2123 non
789 2078 980 2122 includit
1003 2077 1171 2137 aliquid
1191 2077 1454 2136 oppositum
1473 2076 1727 2135 cognitioni
1747 2077 1930 2123 beatae:
1958 2087 2004 2122 et
2018 2077 2123 2122 ideo
2145 2091 2240 2122 non

275 2157 342 2193 est
369 2148 531 2192 eadem
556 2147 672 2191 ratio
705 2146 958 2205 utrobique.

365 2215 442 2260 An
470 2219 732 2259 SECUNDUM
759 2213 1018 2266 dicendum,
1042 2211 1163 2271 quod
1185 2211 1422 2271 dispositio
1440 2226 1488 2256 se
1514 2212 1654 2256 habet
1675 2211 1730 2256 ad
1757 2202 2088 2271 perfectionem
2112 2203 2244 2272 aupli-

275 2285 405 2328 citer:
433 2297 515 2326 uno
542 2281 676 2335 modo,
706 2281 822 2325 sicut
846 2280 921 2324 via
947 2279 1116 2323 ducens
1145 2280 1199 2323 ad
1226 2278 1577 2338 perfectionem:
1606 2280 1690 2324 alio
1707 2279 1844 2334 modo,
1867 2279 1986 2333 sicut
2006 2277 2194 2325 effectus
2216 2293 2242 2324 a

277 2349 557 2409 perfectione
574 2347 852 2408 procedens3
878 2361 957 2406 per
985 2346 1188 2390 calorem
1208 2347 1330 2390 enim
1353 2346 1607 2405 disponitur
1623 2346 1815 2392 materia
1832 2346 1888 2392 ad
1904 2347 2243 2406 suscipiendam

274 2417 476 2462 formam
502 2415 644 2475 ignis;
671 2429 760 2474 qua
782 2425 936 2458 tamen
965 2414 1249 2468 adveniente,
1277 2412 1403 2457 calor
1428 2426 1523 2457 non
1557 2424 1717 2469 cessat,
1750 2411 1830 2459 sed
1860 2424 2079 2468 remanet,
2113 2413 2243 2474 quasi

277 2484 463 2544 quidem
480 2481 668 2528 effectus
684 2481 787 2526 talis
812 2481 1013 2534 formae;
1042 2491 1086 2525 et
1112 2481 1320 2525 similiter
1339 2481 1496 2540 opinio
1520 2496 1574 2526 ex
1591 2480 1864 2541 syllogismo
1881 2480 2123 2526 dialectico
2136 2495 2244 2526 cau-

277 2561 375 2596 sata
397 2561 465 2595 est
489 2552 562 2594 via
590 2550 646 2594 ad
672 2549 926 2602 scientiam,
955 2563 1070 2607 quae
1098 2563 1178 2607 per
1204 2548 1646 2593 demonstrationem
1674 2549 1932 2608 acquiritur,
1964 2561 2054 2608 qua
2081 2558 2242 2593 tamen

278 2618 513 2678 acquisita,
539 2626 689 2676 potest
713 2630 950 2660 remanere
984 2616 1202 2674 cognitio,
1228 2629 1345 2674 quae
1377 2625 1445 2659 est
1476 2629 1556 2673 per
1587 2614 1909 2674 syllogismum
1934 2614 2242 2670 dialecticum,

278 2687 408 2746 quasi
434 2697 720 2743 consequens
746 2683 985 2728 scientiam
1012 2683 1434 2736 demonstrativam,
1461 2697 1576 2741 quae
1603 2693 1671 2727 est
1695 2697 1774 2742 per
1800 2697 2011 2728 causam:
2038 2683 2144 2742 quia
2163 2681 2242 2727 ille

279 2754 358 2813 qui
383 2752 623 2812 cognoscit
649 2765 850 2804 causam,
877 2764 931 2794 ex
956 2750 1047 2795 hoc
1081 2751 1220 2794 etiam
1253 2751 1399 2808 magis
1433 2759 1584 2808 potest
1615 2764 1897 2809 cognoscere
1922 2752 2054 2809 signa
2079 2749 2244 2809 proba-

277 2821 401 2875 bilia,
427 2834 479 2865 ex
507 2820 668 2879 quibus
691 2818 898 2877 procedit
920 2817 1182 2863 dialecticus
1201 2817 1522 2877 syllogismus;
1549 2827 1594 2862 et
1610 2817 1819 2862 similiter
1833 2818 1880 2862 in
1900 2816 2087 2863 Chri-«ito
2105 2816 2244 2862 simul

280 2903 387 2934 cum
405 2887 593 2932 scientia
609 2885 900 2931 beatitudinis
919 2895 1074 2928 manet
1101 2886 1289 2928 scientia
1307 2885 1463 2938 indita,
1479 2898 1573 2929 non
1592 2885 1721 2943 quasi
1736 2886 1810 2929 via
1829 2884 1886 2929 ad
1900 2884 2243 2940 beatitudinem,

279 2955 359 3002 sed
387 2955 515 3015 quasi
540 2968 620 3014 per
644 2952 972 2998 beatitudinem
1000 2951 1282 2997 confirmata.

369 3022 445 3067 An
478 3033 694 3067 TERTIUM
726 3019 984 3073 dicendum,
1018 3019 1141 3078 quod
1174 3019 1378 3078 cognitio
1410 3018 1543 3064 beata
1574 3033 1668 3063 non
1698 3018 1750 3064 fit
1780 3033 1860 3078 per
1884 3019 2102 3079 speciem,
2127 3033 2245 3080 quae

280 3091 338 3137 sit
362 3089 614 3137 similitudo
640 3089 820 3133 divinae
854 3087 1089 3143 essentiae,
1122 3086 1197 3131 vel
1228 3102 1404 3142 eorum,
1436 3101 1552 3146 quae
1587 3087 1634 3131 in
1671 3087 1823 3132 divina
1854 3088 2050 3134 essentia
2076 3101 2246 3150 cogno·-

281 3168 482 3212 scuntur,
509 3167 558 3201 ut
584 3166 707 3216 patet
732 3169 785 3199 ex
811 3155 882 3199 his
904 3168 1019 3213 quae
1041 3155 1088 3198 in
1111 3167 1147 3199 1.
1172 3155 1291 3199 dicta
1308 3164 1413 3199 sunt
1426 3155 1488 3213 (q.
1508 3169 1572 3200 12.
1590 3160 1670 3199 art.
1697 3156 1788 3214 2.).·
1814 3155 1893 3200 sed
1914 3155 2244 3216 taliscofflitio

285 3237 354 3272 est
369 3226 510 3284 ipsius
529 3224 710 3269 divinae
733 3222 955 3267 essentiae
971 3221 1251 3275 immediate,
1265 3236 1344 3282 per
1355 3222 1446 3266 hoc
1465 3221 1587 3280 quod
1603 3222 1701 3281 ipsa
1711 3222 1908 3268 essentia
1925 3223 2078 3268 divina
2093 3222 2247 3268 unitur

283 3294 428 3340 menti
452 3294 628 3346 beatae,
654 3293 771 3336 sicut
795 3288 1078 3348 intelligibile
1105 3289 1398 3347 intelligenti:
1426 3303 1543 3348 quae
1569 3289 1755 3346 quidem
1781 3290 2249 3344 essentiadivinnoet

282 3361 432 3406 forma
459 3359 683 3406 excedens
709 3357 1059 3417 proportionem
1082 3356 1320 3414 cujuslibet
1337 3364 1594 3411 creaturae3
1621 3357 1740 3402 unde
1761 3357 1879 3403 nihil
1892 3358 2121 3418 prohibet,
2135 3356 2247 3418 quin

285 3444 391 3473 cum
418 3429 504 3472 hac
531 3426 680 3471 forma
706 3424 1087 3485 superexcedente
1115 3423 1252 3467 simul
1277 3424 1415 3469 insint
1439 3424 1651 3469 rationali
1673 3425 1816 3470 menti
1839 3425 2015 3485 species
2038 3423 2247 3486 intelligi*

284 3495 395 3540 biles
424 3494 793 3555 proportionatae
819 3506 927 3543 suae
953 3500 1155 3536 naturae.

2333 3374 2352 3500 ἐ

2332 3501 2352 3558 3
