2352 3926
692 203 970 250 QUAESTIO
1011 203 1135 243 XLV.
1176 202 1487 243 ARTICULUS
1527 201 1603 240 111.
2022 201 2126 257 379

149 302 281 355 'tibus
311 307 475 368 ipsum,
501 305 677 352 scilicet
700 306 875 360 Petrus,
916 315 960 351 et
989 305 1202 364 Jacobus,
1228 314 1272 350 et
1292 304 1508 363 Joannes,
1534 313 1583 348 ut
1613 302 1661 347 in
1702 315 1783 347 ore
1814 301 2026 357 duorum,
2056 302 2132 347 vel

161 376 300 421 trium
330 374 515 420 testium
546 384 684 419 staret
715 373 805 418 hoc
837 373 1043 418 verbum.

252 443 329 487 An
361 455 551 488 PR1MUM
584 455 694 500 ergo
728 442 987 494 dicendum,
1020 441 1142 499 quod
1177 440 1386 484 Christus
1413 453 1491 499 per
1518 453 1648 483 suam
1680 436 2131 497 transfigurationem

162 508 470 557 manifestavit
500 508 732 568 discipulis
760 508 965 567 corporis
992 507 1203 566 gloriam,
1230 521 1347 566 quae
1375 508 1430 553 ad
1457 506 1582 551 solos
1608 506 1822 551 homines
1844 506 2061 565 pertinet:
2090 514 2134 548 et

161 576 268 622 ideo
301 577 626 621 convenienter
653 590 746 620 non
774 574 939 634 angeli,
966 575 1045 618 sed
1072 575 1285 618 homines
1314 575 1367 617 ad
1396 575 1484 617 hoc
1513 588 1595 632 pro
1622 574 1808 618 testibus
1841 573 2130 617 inducuntur.

251 644 327 688 An
358 656 620 688 SECUNDUM
652 642 912 695 dicendum,
939 641 1061 700 quod
1091 641 1258 686 Glossa
1290 641 1369 684 illa
1395 641 1558 684 dicitur
1585 655 1684 685 esse
1711 651 1892 700 sumpta
1915 654 1969 684 ex
2000 638 2132 694 libro,

163 710 241 771 qui
263 709 516 755 intitulatur
540 710 588 755 de
615 710 884 754 Mirabilibus
909 723 1052 753 sacrae
1075 709 1334 768 Scripturae,
1364 709 1440 767 qui
1466 723 1559 752 non
1588 718 1655 752 est
1685 707 1797 752 liber
1829 707 2133 760 authenticus,

162 778 242 823 sed
267 776 383 822 falso
418 777 681 822 adscribitur
706 777 991 835 Augustino;
1020 786 1065 820 et
1089 776 1192 819 ideo
1221 775 1285 819 illi
1314 774 1508 819 Glossae
1535 789 1629 818 non
1657 785 1724 818 est
1756 776 1991 819 standum:
2025 773 2134 818 dicit

163 859 371 904 expresse
388 844 575 888 Hieron.
596 858 730 903 super
748 843 909 887 Matth.
928 845 993 901 (in
1010 843 1115 887 illud
1132 851 1221 902 cap.
1241 857 1302 901 17.
1314 855 1329 885 .·
1347 844 1404 887 Et
1421 848 1704 902 apparuerunt
1720 843 1801 886 illis
1818 844 1993 902 Moyses,
2011 842 2104 900 etc.)
2118 856 2133 887 .·

166 927 191 954 α
218 911 615 957 Considerandum
642 921 723 964 est,
750 910 872 969 quod
900 910 1073 964 scribis,
1102 920 1146 954 et
1167 910 1416 969 pharisaeis
1443 910 1498 953 de
1527 908 1659 953 coelo
1683 909 1813 967 signa
1840 909 2134 968 poscentibus

162 977 270 1024 dare
295 978 464 1023 noluit:
492 978 567 1022 hic
594 992 722 1032 vero,
747 988 796 1022 ut
821 977 1153 1037 Apostolorum
1182 988 1348 1036 augeat
1379 976 1531 1030 fidem,
1564 976 1642 1020 dat
1672 976 1854 1034 signum
1890 976 1945 1020 de
1979 975 2131 1030 coelo,

162 1045 298 1090 Helia
322 1045 428 1090 inde
454 1045 771 1099 descendente,
798 1059 889 1104 quo
918 1044 1260 1098 conscenderat,
1291 1054 1334 1088 et
1360 1044 1522 1103 Moyse
1548 1043 1601 1086 ab
1628 1042 1782 1086 inferis
1809 1053 2072 1102 resurgente
2089 1059 2131 1086 n.

165 1111 307 1165 Quod
327 1127 422 1156 non
445 1122 512 1157 est
532 1113 596 1156 sic
618 1111 981 1171 intelligendum,
1009 1113 1160 1156 anima
1188 1112 1342 1171 Moysi
1368 1126 1504 1156 suurn
1530 1123 1695 1169 corpus
1722 1111 2028 1168 resumpserit,
2051 1109 2132 1154 sed

161 1179 286 1239 quod
313 1179 466 1223 anima
493 1181 590 1238 ejus
623 1180 830 1239 apparuit
855 1193 935 1238 per
962 1179 1147 1238 aliquod
1180 1193 1345 1238 corpus
1388 1187 1686 1236 assumptum,
1723 1177 1841 1221 sicut
1870 1176 2029 1236 ,angeli
2061 1191 2136 1236 ap-

161 1257 342 1306 parent;
370 1246 525 1290 Helias
553 1256 706 1290 autem
733 1247 940 1306 apparuit
964 1247 1011 1290 in
1038 1247 1222 1306 proprio
1251 1260 1458 1305 corpore,
1480 1259 1576 1289 non
1603 1244 1788 1304 quidem
1811 1244 1866 1288 de
1891 1244 2025 1289 coelo
2043 1259 2135 1289 em-

160 1328 304 1374 pyreo
329 1313 484 1368 allato,
510 1313 590 1359 sed
614 1314 671 1358 de
698 1314 851 1373 aliquo
879 1314 1102 1362 eminenti
1123 1313 1246 1367 loco,
1273 1328 1365 1373 quo
1392 1312 1540 1357 fuerat
1563 1313 1610 1356 in
1638 1326 1771 1356 curru
1797 1312 1934 1370 igneo
1961 1322 2132 1371 raptus.

251 1381 328 1426 AD
346 1393 563 1427 TERTIUM
581 1381 840 1436 dicendum,
859 1382 997 1440 quod,
1020 1381 1138 1425 sicut
1164 1381 1404 1440 Chrysost.
1433 1380 1541 1424 dicit
1566 1393 1701 1438 super
1725 1379 1888 1423 Matth.
1916 1379 2049 1437 (hom.
2067 1393 2130 1439 17.

156 1456 318 1509 parum
339 1463 366 1493 a
377 1450 559 1508 princ),
585 1448 786 1508 MoyseS,
809 1458 854 1493 et
875 1447 1031 1493 Helias
1054 1449 1100 1492 in
1123 1448 1328 1492 medium
1356 1448 1641 1491 adducuntur
1665 1456 1852 1506 propter
1878 1446 2044 1491 multas
2070 1461 2137 1490 ra-

162 1516 338 1562 tiones:
356 1517 504 1576 prima
531 1526 598 1560 est
622 1515 762 1560 haec:
792 1531 816 1558 «
845 1515 970 1568 Quia
995 1515 1119 1559 enim
1143 1516 1302 1559 turbae
1324 1515 1549 1568 dicebant,
1576 1528 1683 1558 eum
1709 1527 1807 1558 esse
1831 1513 2030 1568 Heliam,
2055 1512 2131 1558 vel

163 1583 462 1637 Hieremiam,
491 1593 568 1627 aut
602 1597 745 1627 unum
785 1597 838 1627 ex
880 1583 1126 1642 prophetis,
1169 1583 1316 1642 capita
1353 1582 1681 1641 prophetarum
1717 1595 1876 1626 secum
1913 1581 2052 1636 ducit,
2084 1591 2135 1625 ut

163 1650 327 1695 saltem
339 1650 447 1694 hinc
465 1661 681 1710 appareat
697 1649 951 1694 differentia
969 1664 1220 1704 servorum,
1233 1659 1277 1694 et
1293 1649 1486 1693 Domini
1497 1664 1538 1692 »ε
1551 1648 1727 1694 secunda
1739 1648 1856 1693 ratio
1883 1657 1964 1703 est,
1985 1665 2008 1691 (ε
2027 1648 2133 1708 quia

165 1717 350 1776 Moyses
376 1717 527 1776 legem
555 1717 691 1770 dedit,
719 1717 875 1761 Helias
901 1732 982 1776 pro
1007 1716 1154 1776 gloria
1175 1717 1367 1761 Domini
1385 1717 1639 1761 aemulator
1664 1715 1771 1761 fuit:
1796 1717 1915 1760 unde
1937 1730 2017 1774 per
2038 1716 2130 1760 hoc

163 1784 286 1844 quod
312 1784 449 1829 simul
475 1799 580 1829 cum
609 1785 794 1828 Christo
823 1795 1053 1844 apparent,
1081 1784 1332 1829 excluditur
1354 1784 1584 1828 calumnia
1611 1784 1891 1842 Judaeorum
1918 1797 2133 1828 accusan-

161 1851 277 1906 tium
305 1851 556 1905 Christum,
574 1862 794 1910 tanquam
820 1862 1207 1911 transgressorem
1234 1853 1362 1910 legis,
1391 1862 1435 1896 et
1460 1851 1796 1910 blasphemum,
1823 1851 1912 1895 Dei
1929 1851 2015 1895 sibi
2037 1850 2133 1910 glo-

161 1918 279 1963 riam
296 1929 588 1978 usurpantem
601 1935 642 1963 »z
663 1921 786 1963 tertia
811 1919 927 1962 ratio
955 1930 1022 1963 est
1034 1937 1075 1973 n,
1099 1930 1147 1963 ut
1174 1920 1383 1963 ostendat
1409 1934 1457 1963 se
1477 1919 1645 1962 habere
1659 1928 1931 1976 potestatem
1955 1919 2131 1973 mortis,

164 1995 207 2030 et
232 1985 366 2040 vitae,
393 1996 437 2030 et
462 2000 559 2030 esse
586 1986 785 2044 judicem
818 1997 1120 2042 mortuorum,
1139 1997 1184 2031 et
1199 1988 1425 2041 vivorum,
1453 2001 1531 2044 per
1557 1987 1647 2030 hoc
1672 1986 1793 2045 quod
1821 1987 2014 2045 Moysen
2032 1988 2125 2044 jam

163 2062 412 2107 mortuum,
439 2063 483 2097 et
508 2053 692 2097 Heliam
719 2053 866 2096 adhuc
893 2054 1125 2099 viventem
1152 2068 1310 2098 secum
1328 2054 1452 2097 ducit
1469 2068 1509 2097 »:
1534 2060 1686 2113 quarta
1713 2053 1828 2097 ratio
1857 2064 1937 2107 est,
1967 2070 1991 2095 <e
2010 2053 2130 2112 quia,

163 2121 281 2165 sicut
296 2119 444 2164 Lucas
471 2120 598 2164 dicit:
625 2121 924 2179 Loquebantur
950 2137 1044 2166 cum
1073 2137 1117 2165 eo
1145 2121 1191 2166 de
1217 2137 1389 2175 excessu,
1410 2137 1528 2179 quem
1556 2121 1828 2179 completurus
1855 2127 1945 2165 erat
1962 2123 2007 2164 in
2028 2121 2131 2164 Hie-

153 2186 357 2242 rusalem,
381 2187 499 2231 idest
524 2187 579 2232 de
605 2187 832 2246 passione,
860 2198 904 2232 et
930 2198 1078 2232 morte
1105 2203 1198 2234 sua.
1227 2189 1283 2233 Et
1307 2189 1428 2243 ideo,
1455 2198 1504 2232 ut
1530 2203 1663 2247 super
1687 2188 1777 2232 hoc
1804 2187 2131 2247 discipulorum

165 2253 345 2299 animos
372 2253 677 2309 confirmaret,
702 2254 878 2299 inducit
903 2269 982 2318 eos
1008 2256 1056 2299 in
1089 2256 1306 2310 medium,
1333 2257 1410 2315 qui
1447 2270 1495 2300 se
1531 2256 1670 2300 morti
1706 2266 2013 2314 exposuerunt
2043 2269 2127 2315 pro

163 2321 291 2367 Deo:
317 2336 426 2367 nam
451 2322 636 2382 Moyses
663 2337 769 2366 cum
796 2322 1000 2382 periculo
1027 2325 1185 2368 mortis
1212 2338 1260 2368 se
1282 2323 1444 2367 obtulit
1461 2323 1707 2378 Pharaoni,
1725 2322 1882 2367 Helias
1900 2337 2009 2367 vero
2028 2323 2126 2381 regi

165 2388 381 2445 Achab.»;
408 2391 556 2448 quinta
582 2390 697 2434 ratio
725 2399 805 2444 est,
837 2406 860 2432 α
879 2390 984 2449 quia
1015 2389 1199 2435 volebat
1215 2401 1263 2435 ut
1300 2389 1510 2450 discipuli
1533 2390 1601 2434 sui
1625 2390 1961 2435 aemularentur
1977 2390 2130 2449 Moysi

164 2457 578 2512 mansuetudinem,
596 2468 640 2502 et
654 2456 806 2502 zelum
825 2457 986 2502 Heliae
1015 2474 1056 2512 »ς
1081 2465 1240 2503 sextam
1262 2458 1488 2502 rationem
1507 2458 1630 2501 addit
1647 2457 1847 2502 Hilarius
1868 2458 1980 2513 (can.
2003 2471 2068 2516 17.
2085 2459 2129 2501 in

159 2523 315 2569 ,Matth.
347 2524 551 2584 aprino.)
581 2540 606 2566 «
622 2534 672 2569 ut
697 2525 958 2570 ostenderet
988 2525 1164 2570 scilicet
1195 2541 1243 2571 se
1261 2541 1341 2586 per
1366 2525 1534 2585 legem,
1568 2541 1706 2585 quarn
1725 2526 1848 2571 dedit
1865 2527 2067 2586 Moyses,
2085 2536 2131 2571 et

12 2619 16 2634 2
40 2582 91 2659 *sss
160 2605 241 2651 per
263 2591 523 2651 prophetas,
547 2592 664 2636 inter
689 2607 804 2651 quos
830 2592 914 2638 fuit
939 2593 1095 2638 Helias
1122 2595 1406 2653 praecipuus,
1434 2608 1532 2638 esse
1559 2594 1870 2653 praedicatum
1887 2610 1929 2638 n.

249 2659 326 2703 AD
351 2672 589 2710 QUARTUM
614 2659 874 2714 dicendum,
896 2661 1018 2719 quod
1037 2660 1127 2705 alta
1145 2664 1361 2720 mysteria
1382 2675 1477 2705 non
1495 2671 1599 2705 sunt
1616 2661 1829 2706 omnibus
1852 2661 2121 2721 exponenda

152 2723 440 2780 immediate,
466 2726 545 2771 sed
572 2740 652 2785 per
677 2729 878 2785 majores
904 2742 988 2772 suo
1015 2739 1222 2786 tempore
1249 2729 1305 2772 ad
1339 2728 1454 2773 alios
1482 2728 1647 2773 debent
1673 2729 1907 2783 devenire3
1935 2738 1979 2773 et
2005 2728 2124 2782 ideo,

19 2796 32 2842 ’,”
99 2813 102 2815 ·
162 2802 213 2838 ut
232 2792 593 2853 Chrysostomus
610 2795 720 2838 dicit
738 2795 836 2851 (loc.
859 2804 947 2855 sup.
970 2798 1079 2854 cit),
1097 2812 1120 2837 «
1140 2796 1383 2855 assumpsit
1408 2806 1498 2840 tres
1525 2806 1742 2855 tanquam
1766 2796 1995 2855 potiores:
2018 2810 2127 2839 nam

152 2859 323 2905 Petrus
348 2859 576 2906 excellens
601 2860 686 2905 fuit
705 2862 751 2905 in
779 2861 1083 2916 dilectione»,
1110 2877 1248 2922 quam
1274 2863 1433 2907 habuit
1460 2863 1516 2907 ad
1543 2862 1796 2917 Christum,
1823 2874 1867 2907 et
1891 2864 2056 2907 iterum
2079 2863 2126 2906 in

160 2935 385 2986 potestate
409 2928 495 2972 sibi
522 2929 794 2973 commissa:
822 2929 1059 2987 «Joannes
1085 2944 1194 2974 vero
1221 2932 1266 2973 in
1293 2930 1532 2988 privilegio
1560 2930 1744 2984 amoris,
1772 2944 1862 2989 quo
1891 2945 1915 2974 a
1939 2930 2125 2974 Christo

163 2991 433 3053 diligebatur
449 3005 632 3054 propter
644 3010 775 3040 suam
791 2997 1099 3055 virginitatem
1112 3014 1155 3051 >›,
1173 3007 1217 3041 et
1228 2997 1392 3041 iterum
1406 3007 1589 3056 propter
1601 2997 1967 3056 praerogativam
1985 2997 2128 3041 Evan-

151 3058 338 3117 gelicae
349 3061 605 3106 doctrinae:
627 3063 852 3121 «Jacobus
871 3075 1023 3108 autem
1037 3075 1220 3123 propter
1237 3065 1605 3123 praerogativam
1618 3065 1822 3123 martyrii
1846 3081 1887 3118 »,
1907 3074 1951 3107 et
1968 3074 2124 3108 tamen

163 3124 251 3169 hos
269 3125 391 3184 ipsos
416 3126 563 3172 noluit
578 3129 668 3172 hoc
687 3131 808 3188 quod
834 3131 1052 3187 viderant,
1071 3131 1170 3175 aliis
1189 3131 1456 3175 annuntiare
1475 3142 1579 3175 ante
1595 3131 1991 3184 resurrectionem,
2013 3145 2121 3186 «ne,

165 3201 216 3235 ut
242 3190 551 3251 Hieronymus
577 3195 685 3240 dicit
711 3197 852 3256 (super
878 3197 982 3242 illud
1008 3198 1160 3243 Matth.
1188 3212 1250 3257 17.
1272 3214 1284 3242 :
1328 3198 1501 3243 Nemini
1525 3199 1724 3251 dixeritis,
1758 3200 1869 3250 etc),
1914 3208 1956 3241 et
1981 3197 2125 3242 incre-

165 3258 303 3303 dibile
329 3269 447 3303 esset
471 3274 552 3318 pro
579 3261 646 3305 rei
669 3264 996 3321 magnitudine,
1024 3276 1068 3309 et
1094 3275 1198 3323 post
1221 3275 1395 3309 tantam
1423 3265 1618 3324 gloriam
1637 3266 1755 3322 apud
1783 3265 1915 3308 rudes
1943 3265 2122 3310 animos

165 3338 359 3383 sequens
387 3340 495 3370 crux
519 3327 785 3373 scandalum
811 3329 1038 3386 faceret»,
1064 3332 1138 3376 vel
1165 3335 1302 3376 etiam
1333 3350 1356 3373 ‹<
1373 3348 1430 3376 ne
1456 3332 1655 3376 totaliter
1680 3332 1975 3389 impediretur
2001 3347 2026 3376 a
2047 3347 2127 3391 po-

164 3391 274 3449 pulo
291 3408 315 3434 »
344 3392 440 3450 (hoc
467 3393 583 3437 babet
609 3396 815 3454 Remigius
841 3398 886 3441 in
921 3398 1079 3443 Calena
1112 3401 1170 3444 D.
1214 3401 1435 3457 Thomae),
1465 3410 1507 3444 ct
1538 3416 1559 3440 «
1584 3410 1632 3442 ut
1658 3413 1762 3442 cum
1782 3409 1932 3443 essent
1954 3399 2123 3458 Spiritu

168 3456 340 3502 Sancto
371 3458 544 3518 repleti,
579 3469 686 3505 tunc
729 3472 960 3521 gestorum
997 3466 1295 3525 spiritualium
1330 3477 1465 3511 testes
1499 3475 1648 3510 essent
1667 3482 1691 3507 »
1726 3465 1823 3523 (hoc
1855 3466 1976 3512 habet
1998 3467 2124 3511 Hila-

166 3525 255 3569 rius
285 3524 373 3571 loco
396 3533 525 3584 supra
549 3527 709 3586 citato).
