2352 3926
266 160 374 229 376
810 171 1092 217 QUAEsmo
1132 171 1259 210 XLV.
1299 170 1609 213 ARTICULUS
1634 170 1683 212 .1.

265 276 483 334 corporis,
508 272 764 318 secundum
789 271 902 316 illud
928 272 1040 318 Luc.
1065 271 1172 319 ult:
1196 272 1318 318 Haec
1344 273 1528 332 oportuit
1553 272 1767 319 Christum
1784 274 1896 332 pati,
1914 279 1960 322 ,et
1983 273 2047 327 ita
2073 274 2234 326 intrem
2290 279 2295 284 ’

264 344 311 386 in
334 342 517 401 gloriam
541 354 687 385 suam.-
706 339 762 383 ad
787 353 928 398 quam
949 339 1091 384 etiam
1120 339 1326 399 perducit
1350 353 1446 393 eos,
1474 339 1551 398 qui
1575 339 1768 398 vestigia
1793 339 2149 400 suat-&passionis
2166 354 2234 394 §e-

263 418 477 467 quuntur,
505 407 757 452 secundum
781 406 895 450 illud
921 406 1024 451 Act.
1057 419 1121 462 14.
1137 423 1156 452 :⁴
1181 408 1263 452 Per
1285 407 1436 451 multas
1469 406 1759 455 tribulationes
1774 413 1942 466 ,oportet
1970 409 2230 464 nos-intrare

264 478 309 520 in
330 490 505 534 regnum
532 475 755 519 coelorum.
783 474 839 518 Et
863 474 967 518 ideo
997 474 1274 518 conveniens
1299 472 1396 527 fuit,
1424 483 1473 517 ut
1505 473 1736 532 discipulis
1770 475 1861 517 suis
1892 472 2090 532 gloriam
2122 488 2231 519 suae

265 542 482 586 claritatis
509 541 792 595 ostenderet3
819 540 942 599 quod
970 551 1037 585 est
1061 541 1213 599 ipsum
1238 539 1563 599 transfigurari,
1588 540 1662 583 cui
1694 554 1802 583 suos
1826 539 2140 599 configurabit,
2161 555 2230 586 se-

267 609 467 653 cundum
494 608 606 651 illud
642 607 838 667 Philipp.
887 622 946 666 3.:
981 608 1241 667 Reformabit
1277 615 1424 666 corpus
1458 607 1707 652 humilitatis
1739 613 1902 652 nostrae
1932 607 2235 667 configuratum

265 678 435 735 corpori
460 676 664 720 claritatis
689 690 797 719 suae.
827 674 960 719 Unde
991 675 1117 719 Beda
1143 675 1251 719 dicit
1277 689 1411 732 super
1436 674 1577 717 Marc.
1606 674 1719 733 (cap.
1742 687 1806 733 37.
1828 674 2048 718 secundum
2064 677 2151 734 ejus
2167 689 2235 718 or-

264 743 423 798 dinem)
436 759 449 787 :
472 743 589 786 «Pia
602 742 863 801 provisione
884 741 1059 787 factum
1076 752 1157 796 est,
1174 752 1224 786 ut
1241 741 1630 800 contemplatione
1648 755 1828 801 semper
1840 741 2065 786 manentis
2082 741 2236 800 gaudii

267 811 323 854 ad
349 811 490 854 breve
518 821 698 868 tempus
726 808 936 863 delibata,
961 807 1122 854 fortius
1151 809 1340 853 adversa
1365 808 1671 853 tolerarent».

357 877 434 921 AD
460 890 650 921 PRIMUM
677 890 788 935 ergo
816 875 1077 930 dicendum,
1094 876 1232 936 quod,
1250 876 1366 921 sicut
1383 876 1570 920 Hieron.
1591 875 1700 919 dicit
1715 889 1850 934 super
1870 875 2031 919 Matth.
2048 875 2117 934 (in
2132 874 2236 919 illud

270 952 362 1004 cap.
389 958 478 1003 17.:
506 945 561 988 Et
587 944 903 1002 transfiguratus
930 945 1022 1000 est),
1051 959 1074 984 ι(
1091 956 1230 987 nemo
1258 953 1385 1001 putet
1412 942 1662 997 Christum,
1688 957 1769 1001 per
1792 943 1883 987 hoc
1911 942 2033 1002 quod
2065 941 2236 987 transfi-

273 1021 458 1071 guratus
486 1011 662 1064 dicitur,
689 1010 927 1070 pristinam
948 1008 1164 1064 formam,
1183 1020 1227 1054 et
1251 1009 1418 1054 faciem
1435 1010 1696 1069 perdidisse,
1714 1009 1787 1054 vel
1810 1010 2014 1054 amisisse
2031 1009 2235 1068 corporis

269 1079 524 1132 veritatem,
553 1089 596 1123 et
622 1078 920 1137 assumpsisse
947 1091 1112 1136 corpus
1139 1077 1384 1136 spirituale,
1407 1070 1715 1122 vel'aereum:
1743 1077 1821 1121 sed
1839 1077 2234 1136 quomoddtrans-

267 1146 492 1191 formatus
519 1146 588 1200 sit,
615 1144 907 1205 Evangelista
933 1145 1229 1198 demonstrat,
1256 1144 1432 1189 dicens:
1460 1145 1720 1203 Resplenduit
1735 1145 1869 1203 facies
1893 1146 1994 1203 ejus,
2019 1145 2125 1193 sicut
2146 1143 2206 1188 sol
2215 1158 2233 1202 ,-

272 1216 515 1259 vestimenta
539 1219 675 1257 autem
701 1215 788 1272 ejus
803 1213 927 1271 sacta
946 1219 1042 1256 sunt
1067 1212 1178 1266 alba,
1203 1213 1309 1256 sicul
1333 1213 1436 1266 nix,·
1465 1211 1541 1254 ubi
1568 1210 1783 1269 splendor
1808 1210 1942 1255 faciei
1967 1210 2232 1266 ostenditur,
2309 1253 2312 1257 .

271 1291 315 1326 et
352 1281 523 1325 candor
559 1280 824 1325 describitur
854 1281 1076 1334 vestium3
1114 1293 1209 1322 non
1240 1278 1490 1322 substantia
1516 1277 1705 1333 tollitur,
1743 1277 1822 1322 sed
1853 1277 2000 1337 gloria
2032 1291 2237 1322 commu-

268 1358 389 1393 tatur
410 1365 451 1392 ».

357 1416 434 1460 AD
462 1428 724 1460 SECUNDUM
750 1414 1011 1468 dicendum,
1032 1413 1160 1472 quod
1187 1411 1332 1471 figura
1360 1412 1480 1459 circa
1506 1406 1842 1459 extremitatem
1866 1412 2070 1471 compotis
2091 1412 2238 1458 oonsi-

267 1483 462 1538 deratur3
490 1493 558 1527 est
583 1483 706 1526 enim
734 1482 892 1540 figura,
920 1495 1037 1540 quae
1063 1480 1276 1533 termino,
1298 1479 1373 1523 vel
1393 1479 1599 1524 terminis
1623 1479 2046 1540 comprehenditur:
2069 1480 2234 1526 etideo

264 1551 421 1594 omnia
447 1549 539 1604 illa,
567 1563 684 1609 quae
711 1549 832 1592 circa
859 1548 1192 1592 extremitatem
1219 1547 1424 1606 corporis
1452 1547 1811 1601 considerantur,
1839 1547 2106 1607 adfiguram
2128 1561 2238 1607 quo·

264 1617 515 1661 dammodo
543 1616 766 1674 pertinere
792 1615 1026 1659 videntur:
1055 1617 1171 1659 sicut
1198 1623 1349 1658 autem
1378 1613 1522 1668 color,
1547 1615 1610 1658 ita
1637 1625 1682 1658 et
1707 1614 1886 1659 claritas
1919 1614 2125 1675 corporis
2141 1629 2236 1659 non

264 1684 589 1742 transparentis
615 1683 662 1726 in
689 1684 786 1742 ejus
813 1681 1049 1742 superficie
1069 1682 1339 1728 attenditur:
1366 1691 1409 1726 et
1431 1682 1535 1726 ideo
1556 1683 1807 1742 assumptio
1825 1682 2042 1728 claritatis
2066 1682 2238 1728 transfi-

270 1751 448 1811 guratio
476 1751 652 1794 dicitur.
922 1787 928 1794 .

357 1819 434 1863 AD
458 1831 675 1863 TERTtUM
708 1817 968 1871 dicendum,
995 1817 1118 1876 quod
1144 1817 1261 1861 inter
1287 1818 1541 1877 praedictas
1567 1828 1761 1878 quatuor
1788 1817 1916 1863 dotes
1938 1817 2037 1863 sola
2056 1817 2235 1864 claritas

271 1897 338 1931 est
363 1885 556 1946 qualitas
582 1886 722 1945 ipsius
749 1899 972 1944 personae
995 1887 1040 1928 in
1068 1884 1240 1943 seipsa;
1269 1884 1383 1929 aliae
1410 1899 1521 1929 vero
1544 1895 1634 1929 tres
1663 1886 1791 1930 dotes
1816 1899 1911 1929 non
1928 1885 2237 1945 percipiuntur

267 1954 354 1998 nisi
380 1955 426 1997 in
454 1953 608 2011 aliquo
637 1963 754 2006 actu,
781 1951 855 1996 vel
882 1962 1027 2006 motu,
1054 1967 1136 1996 seu
1163 1953 1398 2010 passione:
1428 1953 1626 1996 ostendit
1641 1953 1776 2011 igitur
1795 1953 2003 1997 Christus
2021 1953 2067 1996 in
2085 1953 2234 2013 seipso

267 2021 418 2080 aliqua
445 2020 627 2064 illarum
653 2020 792 2064 trium
820 2020 996 2063 dotium
1023 2019 1218 2073 indicia;
1245 2030 1352 2077 puta
1381 2019 1609 2079 agilitatis,
1637 2035 1742 2063 cum
1769 2035 1902 2078 supra
1929 2021 2072 2065 undas
2098 2021 2236 2066 maris

266 2087 540 2142 ambulavit;
574 2087 848 2140 subtilitatis,
882 2086 1066 2145 quando
1100 2087 1155 2130 de
1189 2087 1346 2131 clauso
1380 2098 1510 2131 utero
1541 2088 1728 2146 vir-ginis
1761 2089 1916 2132 exivit:
1948 2088 2237 2148 impassibili-

263 2156 383 2211 tatis,
411 2155 595 2215 quando
624 2155 679 2199 de
706 2154 917 2198 manibus
937 2154 1219 2212 Judaeorum
1245 2155 1318 2198 vel
1345 2155 1657 2213 praecipitare,
1689 2155 1763 2199 vel
1787 2155 1989 2215 lapidare
2018 2170 2236 2201 eumaru-

261 2223 457 2267 lentium
481 2222 667 2266 illaesus
695 2221 861 2266 evasit:
899 2235 984 2265 nec
1024 2231 1180 2266 tamen
1218 2232 1406 2281 propter
1436 2221 1538 2266 illas
1570 2222 1913 2281 transfiguratus
1938 2220 2124 2278 dicitur,
2147 2222 2237 2268 sed

264 2300 450 2350 propter
474 2289 626 2334 solam
651 2288 922 2344 claritatem,
950 2303 1066 2348 quae
1093 2289 1288 2348 pertinet
1315 2289 1370 2334 ad
1393 2299 1630 2349 aspectum
1655 2289 2057 2350 personaejps‘ms.

980 2442 1417 2535 ARTICULUS
1449 2477 1522 2533 11.
2115 2504 2232 2553 ,3,43

535 2626 729 2675 υΤΙωΜ
763 2627 1028 2667 CLAR1TAs
1064 2628 1283 2667 cHR1s⁷r1
1313 2629 1373 2668 m
1406 2627 1963 2671 TRANSFIGURATLQNE

844 2709 1042 2748 Fur-:mr
1078 2710 1345 2749 cLAR1TAs
1379 2709 1673 2749 GLORIOSA.
1964 2683 1966 2686 Α

951 2837 1006 2895 (3.
1029 2837 1142 2881 Dist.
1166 2836 1232 2882 16.
1256 2851 1294 2895 q.
1317 2851 1356 2882 2.
1380 2843 1462 2882 art.
1481 2837 1555 2894 L).

358 2964 434 3010 AD
468 2977 730 3010 SECUNDUM
763 2964 826 3007 sic
859 2965 1132 3022 proceditur.
1166 2965 1372 3019 Videtur,
1400 2966 1521 3024 quod
1549 2965 1627 3010 illa
1654 2965 1835 3010 claritas
1865 2979 1961 3018 non
1984 2965 2237 3012 fueritcla-

268 3032 376 3076 ritas
404 3031 629 3091 gloriosa:
665 3031 774 3075 dicit
799 3032 921 3075 enim
950 3033 1176 3091 quaedam
1205 3033 1372 3077 Glossa
1401 3034 1551 3078 Bedae
1578 3049 1712 3092 super
1737 3034 1850 3079 illud
1881 3034 2103 3080 Matthaei
2139 3048 2236 3094 17.:

277 3100 618 3158 Transfiguratus
642 3104 698 3143 est
723 3113 867 3143 coram
891 3101 976 3143 eis:
1014 3117 1037 3141 <c
1057 3100 1109 3143 In
1138 3114 1330 3158 corpore
1347 3118 1370 3143 »
1402 3101 1548 3159 inquit
1577 3101 1803 3146 «mortali
1829 3102 2030 3147 ostendit
2044 3116 2139 3147 non
2154 3102 2239 3148 im-

269 3166 614 3221 mortalitatem,
652 3165 729 3210 sed
767 3165 1021 3210 claritatem
1059 3167 1259 3211 similem
1295 3168 1471 3212 futurae
1508 3169 1908 3214 immortalitatin:
1946 3169 2024 3223 sed
2057 3169 2238 3224 claritas

271 3233 447 3291 gloriae
480 3243 548 3278 est
575 3233 754 3277 claritas
780 3233 1159 3278 immortalitatis:
1187 3248 1282 3278 non
1311 3249 1420 3293 ergo
1448 3235 1526 3279 illa
1554 3235 1748 3290 claritas,
1782 3250 1921 3296 quarn
1943 3236 2153 3283 Christus
2176 3236 2240 3282 di-

271 3300 455 3359 scipulis
483 3301 697 3354 ostendit,
723 3299 807 3344 fuit
834 3299 1014 3345 claritas
1042 3300 1229 3359 gloriae

362 3381 400 3412 2.
430 3368 728 3413 PRAETEREA.
759 3368 905 3427 Super
931 3368 1041 3412 illud
1077 3369 1227 3412 Lucae
1254 3383 1319 3428 9.:
1348 3370 1445 3413 Non
1473 3372 1692 3425 <vastabunt
1716 3377 1907 3425 mortem,
1926 3370 2054 3416 donec
2069 3370 2239 3416 videant

267 3450 441 3493 regnum
478 3437 577 3489 Dei,
613 3436 721 3479 dicit
755 3434 906 3480 Gloss.
944 3435 1119 3494 (internl)
1155 3436 1197 3479 id
1223 3446 1288 3479 est
1319 3419 1742 3513 «glorificationem
1770 3438 1996 3498 corporis
1992 3438 2075 3482 in
2069 3437 2239 3498 imagi-

268 3502 395 3545 naria
422 3502 840 3561 repraesentatione
867 3501 1043 3547 futurae
1066 3502 1355 3547 beatitudinis
1374 3519 1423 3548 »ε
1452 3505 1531 3548 sed
1558 3504 1715 3563 imago
1743 3504 1935 3564 alicujus
1958 3505 2023 3550 rei
2048 3519 2143 3551 non
2160 3514 2239 3550 ›est
2263 3529 2271 3537 ·

268 3569 367 3628 ipsa
394 3583 490 3624 res;
519 3583 630 3628 ergo
658 3570 840 3615 claritas
866 3569 945 3614 illa
970 3583 1065 3615 non
1090 3568 1176 3615 fuit
1202 3569 1382 3615 claritas
1408 3571 1711 3616 beatitudinis.
