2352 3926
530 167 808 227 QUA‘RSJTIO
822 182 833 189 '
849 178 1037 216 xxxix,
1078 177 1394 234 ARTICULUS*
1426 176 1504 215 111.
1737 223 1744 229 ⁴
1909 175 1936 231 3
1947 176 1973 230 3
1989 176 2010 213 Ι

10 276 215 337 *coepit
238 277 569 336 prophetizare,
596 287 645 322 ut
676 277 867 323 habetur
889 279 1052 323 Ezech.
1086 293 1145 333 1.;
1165 278 1354 332 secundo,
1370 278 1491 337 quia,-
1513 277 1629 321 sicut
1656 276 2017 335 Chrysostomus

26 357 27 361 ’
62 341 171 388 dicit
194 357 329 402 super
354 343 512 387 Matth.
534 346 664 399 (hom.
693 360 756 390 10.
767 353 924 404 parum
951 361 977 389 a
988 347 1126 404 princ.
1127 346 1166 401 ),
1186 344 1384 388 futurum
1413 354 1522 397 erat,
1545 354 1592 387 ut
1618 349 1721 402 post
1740 342 2017 400 baptismum

62 408 234 455 Christi
259 409 331 454 lex
359 424 534 454 cessare
553 411 791 471 inciperet;
819 421 863 455 et
888 411 992 455 ideo
1016 411 1100 454 hac
1121 422 1266 455 aetate
1285 412 1494 456 Christus
1513 411 1566 453 ad
1588 409 1861 467 baptismum
1878 409 2016 461 venit,

14 486 178 536 quae
203 486 350 535 potest
376 477 533 521 omnia
555 487 741 536 peccata
767 477 1009 536 suscipere,
1036 488 1085 521 ut
1110 477 1211 534 lege
1238 487 1415 521 servata
1440 476 1590 520 nullus
1610 476 1744 530 dicat,
1761 475 1883 534 quod
1910 474 2014 518 ideo

23 554 166 587 eam
196 541 347 597 solvit,
379 543 485 605 quia
516 543 706 602 implere
737 558 831 590 non
863 545 1036 602 potuit.
1065 545 1197 596 terlio,
1225 544 1330 603 quia
1358 557 1436 602 per
1462 543 1551 586 hoc
1580 542 1702 601 quod
1731 541 1938 586 Christus
1969 540 2017 584 in

10 636 26 662 1
59 616 206 654 aetate
245 608 445 667 perfecta
475 610 739 668 baptizatur,
771 610 902 654 datur
932 609 1140 667 intelligi,
1173 610 1294 668 quod
1336 609 1586 668 baptismus
1621 608 1737 667 parit
1767 608 1891 652 viros
1922 621 2018 667 per·

25 673 216 737 jssfectos,
247 676 500 720 secundum
524 675 632 719 illud
665 676 830 735 Ephes.
856 688 923 731 4..
951 678 1096 720 Donec
1129 690 1398 720 occurramus
1430 691 1565 719 omnes
1597 677 1641 718 in
1673 677 1874 719 unitatem
1896 674 2015 733 fidei,

11 759 21 770 ⁴·
56 746 97 787 et
134 743 358 800 agnitionis
390 743 494 787 Filii
535 744 633 795 Dei,
670 744 715 786 in
754 744 898 786 virum
930 743 1177 802 perfectum,
1211 744 1255 785 in
1295 756 1534 785 mensuram
1575 743 1719 786 aetatis
1744 740 2017 800 plenitudinis

19 816 34 827 ²
57 805 243 855 Christi.-
276 809 395 854 unde
423 819 468 853 et
492 809 589 868 ipsa
614 810 865 867 proprietas
895 809 1075 853 numeri
1102 809 1157 852 ad
1184 809 1274 852 hoc
1302 808 1524 865 pertinere
1550 808 1750 861 videtur;
1784 807 2017 866 consurgit

21 882 33 906 1
55 885 182 925 etum
227 875 497 935 trigenarius
533 889 751 920 numerus
791 889 844 919 ex
885 875 1022 920 ductu
1054 875 1237 919 ternarii
1269 875 1315 918 in
1356 874 1615 918 denarium:
1654 888 1734 933 per
1765 874 2015 918 ternarium

23 947 33 969 -’
56 933 209 1009 {sstem
233 940 499 1000 intelligitur
529 941 640 986 fides
681 939 936 986 Trinitatis:
970 956 1048 1001 per
1084 942 1321 986 denarium
1354 951 1507 984 autem
1539 940 1745 1016 impletio
1783 941 2016 986 mandato-

12 1008 157 1072 ’ξιιμ
177 1005 316 1073 legis·
343 1018 388 1052 et
411 1008 459 1051 in
481 1007 551 1052 his
578 1008 754 1052 duobus
780 1007 998 1067 perfectio
1026 1009 1144 1052 vitae
1173 1009 1444 1052 christianae
1471 1007 1691 1051 consistit.

40 1125 43 1127 ‚
143 1073 221 1118 AD
242 1086 428 1119 PRIMUM
447 1089 557 1133 ergo
578 1074 836 1128 dicendum,
850 1075 988 1134 quod,
1005 1077 1122 1120 sicut
1150 1075 1344 1134 Gregor.
1361 1074 1574 1118 Nazianz.
1594 1074 1702 1118 dicit
1728 1075 1795 1132 (in
1817 1080 1923 1119 orat.
1940 1087 2013 1149 40.

30 1183 36 1188 ,
109 1153 157 1184 ae
181 1146 239 1186 est
262 1139 309 1186 de
331 1142 561 1201 Baptismo,
589 1143 790 1200 alicluant.
809 1156 835 1186 a
853 1142 1215 1200 med),Christus
1241 1155 1335 1185 non
1362 1153 1428 1185 est
1453 1141 1717 1200 baptizatus,
1746 1158 1769 1182 «
1793 1141 1921 1199 quasi
1951 1141 2016 1184 in-

44 1210 80 1276 f
84 1201 232 1253 ’uret
257 1209 542 1269 purgatione,
575 1223 659 1254 nec
687 1209 808 1268 quod
847 1209 1031 1268 aliquod
1067 1209 1134 1254 illi
1175 1209 1435 1253 immineret
1467 1207 1719 1267 periculum
1762 1206 2012 1253 differendo

23 1254 352 1338 fvgaptismum;
383 1275 463 1319 sed
490 1276 630 1320 cuivis
646 1273 741 1319 alii
766 1290 861 1320 non
887 1278 932 1319 in
960 1290 1152 1334 parvum
1183 1276 1403 1320 redundat
1429 1273 1699 1334 periculum,
1727 1274 1766 1318 si
1797 1284 1929 1319 exeat
1960 1288 2014 1318 ex

22 1323 144 1386 ‚hac
170 1342 264 1386 vita
290 1357 384 1386 non
410 1343 592 1388 indutus
624 1354 748 1388 veste
785 1344 1184 1402 incorruptionis»
1215 1335 1388 1388 scilicet
1413 1343 1585 1402 gratia:
1613 1353 1659 1386 et
1692 1343 1802 1386 licet
1837 1342 2012 1386 bonum

19 1407 116 1463 &Sit
137 1419 244 1469 post
271 1409 546 1469 baptismum
579 1410 793 1469 baptismi
825 1411 1096 1455 munditiam
1129 1410 1370 1465 custodire,
1401 1425 1425 1451 «
1451 1409 1601 1468 potius
1633 1419 1788 1453 tamen
1815 1419 1883 1453 est
1907 1425 1932 1450 »
1967 1418 2017 1452 ut

22 1464 148 1540 >³ipse
173 1475 285 1521 dicit
311 1492 336 1517 «
357 1476 582 1521 interdum
610 1477 836 1538 paulisper
868 1477 1104 1530 maculari,
1131 1491 1267 1536 quam
1296 1478 1439 1535 gratia
1465 1476 1656 1520 omnino
1682 1490 1835 1520 carere
1852 1491 1893 1520 ».

21 1597 28 1605 ,.
53 1590 78 1604 ,Α
140 1541 219 1588 AD
244 1556 505 1588 SECUNDUM
531 1542 790 1597 dicendum,
826 1544 948 1603 quod
980 1544 1163 1597 utilitas,
1200 1557 1316 1602 quae
1343 1557 1370 1587 a
1403 1543 1588 1588 Christo
1625 1543 1835 1602 provenit
1865 1541 2014 1586 homi·

19 1606 201 1665 ⁵fnibus,
227 1609 468 1669 praecipue
496 1620 563 1655 est
588 1625 668 1669 per
699 1610 851 1664 fidem,
878 1621 922 1654 et
945 1611 1280 1655 humilitatem:
1305 1610 1360 1654 ad
1387 1624 1583 1668 quorum
1611 1620 1852 1668 utrumque
1877 1607 2013 1663 valet,

21 1674 28 1738 J
53 1676 179 1737 quod
211 1676 421 1721 Christus
453 1679 498 1721 in
525 1677 727 1736 pueritia,
759 1677 833 1721 vel
865 1677 1172 1722 adolescentia
1203 1692 1299 1721 non
1333 1677 1483 1753 coepi-t
1515 1677 1695 1729 docere,
1729 1676 1807 1720 sed
1839 1676 1886 1719 in
1918 1689 2014 1734 per-

17 1736 170 1802 {fecta
197 1752 366 1787 aetate·
395 1744 450 1787 ad
482 1743 618 1787 fidem
653 1744 851 1802 quidem,
878 1744 983 1803 quia
1016 1758 1094 1803 per
1125 1745 1215 1788 hoc
1250 1754 1435 1802 apparet
1459 1743 1505 1786 in
1533 1757 1588 1787 eo
1614 1757 1722 1786 vera
1747 1752 1909 1786 natura
1933 1742 2013 1785 hu-

10 1803 296 1881 ζῗξξῃψὶιαιίε,
317 1810 439 1864 quod
464 1824 544 1870 per
568 1819 828 1870 temporum
855 1811 1137 1855 incrementa
1163 1810 1460 1870 corporaliter
1485 1810 1696 1870 profecit:
1717 1819 1762 1854 et
1786 1824 1844 1854 ne
1862 1810 2012 1867 hujus·

9 1867 179 2019 Ϊςιοᾱί
217 1875 447 1935 profectus
489 1886 719 1936 putaretur
760 1891 859 1922 esse
891 1878 1216 1936 phantasticus,
1254 1877 1403 1922 noluit
1447 1878 1718 1936 sapientiam
1760 1891 1906 1931 suam,
1937 1875 2012 1920 vel

139 1952 262 2007 utem
288 1941 579 1988 manifestare
606 1954 709 1988 ante
734 1943 983 2002 perfectam
1010 1944 1214 2002 corporis
1242 1954 1460 1998 aetatem3
1489 1944 1544 1987 ad
1562 1943 1865 1987 humilitatem
1885 1956 2010 1996 vero,

95 2019 239 2058 ante
255 2009 504 2069 perfectam
529 2020 727 2055 aetatem
753 2011 913 2071 aliquis
926 2021 1302 2071 praesumptuose
1323 2010 1614 2071 praelationis
1637 2010 1844 2070 gradum,
1870 2020 1915 2054 et
1936 2010 2014 2054 do-

39 2097 110 2141 ³⁸..
96 2065 209 2121 'd'i
217 2072 422 2121 officium
448 2087 662 2121 assumat.

72 2158 138 2206 ³³22„
135 2141 220 2207 Ἀρ
238 2155 452 2188 TERTIUM
474 2143 733 2201 dicendum,
765 2145 888 2203 quod
914 2145 1124 2190 Christus
1145 2145 1484 2205 proponebatur
1508 2144 1800 2189 hominibus
1788 2159 1835 2188 in
1863 2158 2013 2188 exem-

81 2220 201 2272 *tin
200 2210 439 2254 omnium:
473 2220 519 2255 et
547 2210 651 2254 ideo
685 2213 886 2270 oportuit
916 2211 962 2255 in
997 2226 1052 2256 eo
1086 2212 1266 2256 ostendi
1296 2212 1356 2265 id,
1389 2211 1512 2270 quod
1544 2213 1765 2270 competit
1798 2211 2011 2255 omnibus

15 2275 146 2344 g
138 2298 146 2311 -·
168 2275 300 2330 ·dum
325 2275 478 2336 legem
505 2291 818 2354 communem,
835 2288 884 2322 ut
904 2278 1115 2323 scilicet
1105 2293 1149 2322 ιιι
1172 2288 1319 2323 aetate
1342 2277 1541 2355 perfecta
1558 2278 1766 2355 doceret:
1784 2278 1880 2331 sed,
1896 2278 2013 2323 sicut

26 2340 74 2366 ιζ»,
92 2334 119 2350 ¹³*

31 2054 96 2093 μ’,

43 2418 192 2474 &9011
223 2419 292 2457 est
325 2408 398 2455 lex
434 2413 709 2486 communis,
743 2412 864 2471 quod
898 2426 1002 2456 raro
1035 2413 1282 2472 contingit3
1309 2413 1425 2457 sicut
1460 2427 1546 2457 nec
1581 2427 1670 2457 una
1701 2412 1899 2457 hirundo
1931 2426 2011 2456 ver

86 2475 224 2533 itm
250 2475 473 2536 aliquibus
499 2477 622 2521 enirn
651 2492 705 2522 ex
730 2478 929 2536 quadam
955 2479 1144 2538 speciali
1170 2479 1508 2539 dispensatione
1541 2480 1794 2524 secundum
1826 2479 2008 2523 divinae

110 2535 295 2589 ·ientiae
321 2543 546 2598 ordinem,
573 2553 617 2588 et
648 2545 875 2589 rationem
908 2559 1180 2590 concessum
1213 2556 1278 2590 est
1312 2556 1490 2605 praeter
1514 2546 1666 2605 legem
1694 2560 2007 2600 communem,

40 2631 84 2662 χ
100 2618 217 2658 ante
234 2608 480 2670 perfectam
503 2620 698 2655 aetatem
716 2610 920 2656 officium
936 2612 1009 2656 vel
1026 2613 1327 2672 praesidendi,
1338 2613 1413 2658 vel
1430 2614 1627 2658 docendi
1642 2614 1876 2668 haberent,
1892 2615 2010 2659 sicut

34 2671 288 2732 alomon,
313 2676 493 2732 Daniel,
521 2688 565 2722 et
583 2677 817 2735 Jeremias.

94 2742 219 2805 An
241 2756 479 2794 QUARTUM
510 2743 770 2798 dicendum,
798 2745 921 2803 quod
948 2745 1157 2790 Christus
1189 2760 1274 2791 nec
1307 2747 1494 2806 primus,
1521 2761 1606 2792 nec
1640 2747 1827 2792 ultimus
1853 2747 2008 2792 debuit

35 2808 84 2858 ,ῑ
120 2821 268 2866 oanne
288 2809 524 2868 baptizari:
552 2811 672 2871 quia,
695 2822 744 2856 ut
770 2811 1131 2871 Chrysostomus
1154 2813 1262 2857 dicit
1287 2828 1421 2872 super
1437 2814 1598 2858 Matth.
1619 2814 1781 2870 (homil.
1804 2828 1846 2871 4.
1874 2816 1918 2857 in
1939 2821 2005 2872 op.

29 2876 229 2949 ,φρενί
243 2878 289 2921 in
314 2878 443 2937 princ
447 2877 495 2932 .)‚
522 2876 732 2922 Christus
760 2878 815 2921 ad
841 2879 931 2923 hoc
966 2879 1290 2938 baptizabatur,
1321 2890 1413 2924 «ut
1454 2880 1747 2925 confirmaret
1780 2881 2007 2940 praedica·

78 2954 236 3005 netu,
262 2952 308 2988 et
331 2943 609 3003 baptismum
628 2943 830 3002 Joannis,
858 2956 901 2989 et
927 2956 975 2989 ut
1003 2947 1319 2991 testimonium
1347 2948 1573 3006 acciperet
1591 2963 1616 2992 a
1636 2949 1811 3006 Joanne
1829 2964 1885 3002 »ς
1911 2961 2005 2991 non

69 3016 210 3067 tem
222 3009 444 3056 creditum
469 3009 625 3054 fuisset
647 3012 911 3056 testimonio
924 3012 1127 3070 Joannis,
1146 3014 1231 3056 nisi
1250 3025 1492 3074 postquam
1515 3015 1696 3059 fuerunt
1711 3014 1843 3058 multi
1868 3014 2006 3072 bapti-

10 3076 17 3097 ³
47 3074 52 3088 ”
8 3027 132 3136 fif?
160 3075 250 3121 ab
238 3090 364 3136 ipso;
398 3087 441 3122 et
471 3078 575 3122 ideo
600 3093 695 3122 non
728 3080 882 3124 debuit
907 3083 1078 3140 primus
1106 3096 1130 3125 a
1157 3081 1334 3139 Joanne
1362 3083 1602 3142 baptizari3
1629 3082 1835 3127 similiter
1867 3082 2005 3125 etiarn

77 3133 134 3205 [c
157 3141 366 3188 ultimus:
394 3144 514 3203 quia,
558 3145 674 3189 sicut
708 3147 804 3205 ipse
844 3146 1012 3191 ibidem
1049 3148 1212 3201 subdit,
1242 3149 1399 3192 «sicut
1430 3149 1507 3193 lux
1534 3149 1643 3193 solis
1671 3163 1764 3192 non
1797 3156 2005 3206 expectat

81 3215 266 3260 {casum
286 3209 476 3264 luciferi,
499 3211 577 3255 sed
604 3225 660 3255 eo
686 3213 961 3270 procedente
989 3214 1232 3271 egreditur,
1259 3225 1303 3258 et
1325 3229 1409 3259 suo
1442 3215 1614 3259 lumine
1642 3216 1853 3258 obscurat
1884 3213 2004 3258 illius

114 3273 317 3320 ·:dorem
340 3276 404 3320 sic
431 3286 476 3321 et
502 3276 712 3323 Christus
738 3293 831 3322 non
851 3282 1116 3337 expectavit,
1135 3291 1184 3324 ut
1202 3295 1384 3325 cursum
1403 3296 1537 3326 suum
1553 3282 1752 3339 Joannes
1777 3279 2003 3339 impleret,

152 3341 298 3398 adhuc
325 3356 383 3387 eo
409 3343 618 3398 docente,
645 3355 691 3389 et
716 3345 984 3405 baptizante,
1011 3348 1274 3407 apparuit».
