2352 3926
256 198 364 253 792
751 195 1029 242 QUAESTEO
1070 195 1292 235 Lxxxtv.
1332 193 1653 235 Alimentus·
1679 195 1734 239 x.

254 310 303 345 ut
327 299 515 359 quilibet
539 298 700 344 timeat
722 297 851 356 jungi
875 306 1091 356 peccato-t
1118 297 1353 342 medicum
1379 311 1428 343 se
1453 307 1606 353 vocat,
1636 306 1682 342 et
1706 310 1801 342 non
1826 297 1965 354 sanim
1989 297 2218 347 sed‘male

253 366 523 411 habentibus
551 374 882 424 opportunum.
907 364 988 410 sed
1007 363 1153 424 qualis
1166 364 1242 410 hic
1259 363 1482 419 med-icus,
1500 365 1578 424 qui
1592 364 1770 412 malum
1789 364 2015 412 itera-tim
2021 365 2219 414 nescita

257 433 449 478 curare?
472 433 758 476 Medicorum
786 431 909 476 enim
936 442 1004 476 est
1030 431 1201 478 centies
1232 423 1467 477 infirmum
1500 431 1670 477 centies
1706 446 1887 477 curare:
1920 430 1998 492 qui
2028 433 2214 482 caenis

256 500 406 544 minor
432 510 563 552 esset,
590 499 627 542 si
657 498 754 542 aliis
781 498 1014 557 possibilia
1039 499 1273 557 ignoraret
1299 515 1339 545 ».
2157 528 2161 536 ,

344 567 419 611 AD
453 579 690 616 QUARTUM
717 565 977 620 dicendum,
1003 566 1126 625 quod
1152 566 1386 625 poenitere
1419 576 1486 611 est
1513 574 1721 612 anteacta
1747 577 1937 627 peccata
1961 565 2140 621 deflere,
2170 575 2216 611 et

255 634 405 678 flenda
430 647 524 677 non
551 633 859 688 committere,
888 632 1064 677 scilicet
1094 632 1234 678 simul
1264 633 1375 678 dum
1406 633 1484 678 flet
1507 633 1582 678 vel
1614 644 1732 689 actu,
1754 633 1830 679 vel
1853 634 2116 696 proposito,
2132 632 2216 680 ille

258 700 380 743 enim
407 710 475 744 est
504 700 674 753 irrisor,
702 708 746 743 et
775 713 871 743 non
897 701 1151 758 poenitens,
1178 701 1256 759 qui
1288 698 1426 745 simul
1456 700 1568 745 dum
1593 701 1812 760 poenitet,
1839 701 1940 760 agit,
1962 700 2085 761 quod
2109 713 2219 760 poe·

257 767 382 820 nitet,
406 767 480 810 vel
503 766 718 825 proponit
741 766 908 811 iterum
933 781 982 811 se
1002 766 1245 822 facturum,
1271 767 1394 827 quod
1421 767 1573 826 gessit,
1600 767 1675 812 vel
1700 768 1841 814 etiam
1866 767 2220 828 actualiter->pec-

259 843 330 878 cat
362 834 540 889 eodem,
563 833 638 878 vel
677 833 767 878 alio
801 848 966 893 genere
999 834 1199 893 pecca-ti:
1229 835 1351 893 quod
1385 844 1539 879 autem
1571 834 1732 894 aliquis
1764 845 1928 894 postea.
1955 843 2116 896 peccat
2145 832 2221 880 ⁷ffel

260 912 376 955 actu,
408 900 482 945 vel
514 901 769 961 proposito,
803 916 898 946 non
935 902 1134 946 excludit
1169 903 1278 961 quin
1313 901 1459 962 prima
1490 903 1770 961 poenitentia
1794 916 1903 948 vera
1926 901 2224 957 fuerit-3181&

258 983 397 1028 quam
420 969 543 1013 enim
561 969 726 1014 veritas
752 969 914 1028 prioris
941 979 1068 1016 actus
1095 969 1346 1014 excluditur
1367 984 1448 1028 per
1465 979 1619 1014 actum
1642 970 1927 1017 contrarium¹
1949 969 2222 1030 subsequen-

259 1046 368 1090 tem;
390 1036 507 1081 sicut
528 1037 652 1081 enim
673 1051 780 1082 vere
803 1037 1014 1093 cucurrit,
1031 1037 1108 1097 qui
1124 1047 1284 1096 postea
1307 1037 1451 1092 sedet,
1477 1037 1540 1082 ita
1561 1051 1667 1082 vere
1699 1037 1936 1098 poenituit,
1965 1037 2045 1098 qui
2064 1046 2223 1097 postea

260 1113 434 1163 peccat.

349 1172 424 1216 AD
452 1184 681 1222 QUINTUM
707 1171 965 1227 dicendum,
982 1172 1105 1232 quod
1122 1171 1373 1232 baptismus
1391 1172 1529 1217 habet
1544 1172 1757 1218 virtutem
1784 1188 1839 1219 ex
1864 1173 2076 1232 passione
2093 1171 2224 1219 Chri-

261 1241 331 1293 sti,
362 1239 479 1284 sicut
515 1239 742 1299 quaedam
775 1239 1022 1299 spiritualis
1060 1239 1294 1299 generatio
1332 1253 1438 1287 cum
1474 1239 1697 1299 spirituali
1730 1250 1879 1285 morte
1910 1239 2224 1299 praecedentis

259 1308 403 1362 vitae3
427 1313 627 1353 statutum
654 1318 808 1352 autem
839 1314 892 1353 est
923 1308 1157 1353 hominibus
1180 1307 1302 1352 semel
1325 1308 1438 1352 mori
1462 1308 1618 1366 (Hebr.
1651 1309 1731 1367 9.),
1758 1317 1804 1352 et
1829 1307 1975 1356 semel
2003 1307 2226 1364 nasciaet

260 1375 364 1419 ideo
391 1375 537 1420 semel
560 1384 738 1420 tantum
764 1375 897 1420 debet
921 1375 1066 1420 homo
1091 1375 1333 1435 baptizari:
1361 1374 1440 1420 sed
1467 1375 1746 1434 poenitentia
1770 1375 1910 1422 habet
1928 1375 2144 1422 virtutem
2169 1389 2227 1423 ex

262 1442 475 1501 passione
502 1443 688 1499 Christi,
714 1443 831 1487 sicut
855 1442 1099 1503 spiritualis
1121 1443 1382 1498 medicatio,
1400 1457 1516 1502 quae
1542 1441 1801 1502 frequenter
1825 1443 1980 1491 iterari
2003 1453 2178 1504 potest.>

353 1510 428 1554 AD
467 1523 660 1555 SEXTUM
686 1509 946 1565 dicendum,
979 1510 1116 1569 quod,
1149 1510 1399 1555 secundum
1427 1510 1620 1569 August.
1653 1510 1703 1556 in
1731 1510 1808 1555 lib.
1845 1510 1902 1556 de
1932 1510 2227 1558 poenitentia

262 1578 360 1636 (loc.
385 1585 474 1637 sup.
493 1577 601 1635 cit),
633 1593 656 1619 «
683 1587 862 1622 constat
885 1577 988 1622 Deo
1016 1577 1212 1623 multum
1246 1576 1483 1637 displicere
1510 1586 1711 1637 peccata,
1739 1577 1817 1637 qui
1841 1591 2022 1638 semper
2045 1587 2227 1638 praesto

263 1655 331 1689 est
356 1658 409 1688 ea
436 1645 678 1700 destruere,
705 1659 763 1689 ne
790 1644 993 1690 solvatur
1017 1645 1141 1705 quod
1168 1645 1352 1700 creavit,
1377 1659 1462 1689 nec
1490 1654 1814 1705 corrumpatur⁴
1839 1645 1966 1705 quod
1989 1645 2162 1693 amavit?
2183 1661 2227 1700 a,

263 1711 435 1756 scilicet
459 1727 539 1772 per
565 1712 946 1771 desperationem.

842 1983 1291 2062 QUAESTIO
1327 1982 1658 2043 LXXXV

266 2139 346 2179 DE
379 2138 781 2180 SACRAMENTO
813 2139 1278 2189 POENITENTIAE‚
1302 2114 1633 2180 SECUNDUM
1658 2137 1826 2189 QUOD
1857 2136 1972 2180 EST
1987 2134 2223 2187 VTRTUS,

684 2229 764 2270 IN
810 2228 949 2270 SEX
995 2229 1142 2269 ART
1163 2228 1441 2270 ICULOS
1487 2227 1802 2269 DIVISA.

354 2384 534 2430 Deinde
561 2384 945 2435 considerandum
972 2395 1041 2430 est
1067 2384 1122 2429 de
1148 2384 1443 2444 poenitentia,
1469 2382 1722 2429 secundum
1748 2382 1871 2443 quod
1897 2391 1968 2428 est
1989 2381 2157 2435 virtus.

892 2499 947 2544 Et
978 2500 1094 2543 circa
1130 2498 1204 2543 hoc
1237 2503 1493 2557 quaeruntur
1522 2512 1604 2542 sex.

353 2588 525 2633 Primo.
553 2588 723 2634 Utrum
747 2587 1028 2646 poenitentia
1054 2588 1111 2632 sit
1135 2588 1290 2632 virtus.

301 2671 306 2675 ’
355 2656 585 2701 Secundo.
613 2655 780 2700 Utrum
806 2655 863 2700 sit
885 2655 1024 2699 virtus
1051 2654 1276 2714 specialis.

355 2723 530 2768 Tertio.
559 2724 652 2767 Sub
679 2737 768 2782 qua
794 2722 948 2782 specie
972 2722 1148 2766 virtutis
1177 2721 1480 2766 contineatur.

357 2790 551 2844 Quarto.
580 2792 650 2835 De
677 2790 882 2849 subiecto
910 2790 1021 2847 ejus.

357 2859 550 2911 Quinto.
576 2859 648 2902 De
676 2871 814 2903 causa
839 2856 994 2916 ipsius.

356 2928 511 2973 Sexto.
538 2927 610 2971 De
637 2926 797 2971 ordine
824 2927 920 2985 eius
947 2925 1004 2969 ad
1031 2923 1141 2969 alias
1167 2924 1370 2969 virtutes.

994 3071 1427 3131 ARTICULUS
1464 3073 1506 3128 Ι.
2147 3031 2318 3146 520

2266 3147 2292 3162 χ».

757 3197 952 3238 UTRUM
982 3196 1361 3236 POENITENTIA
1396 3197 1481 3235 SIT
1513 3197 1730 3236 VIRTUS

333 3292 395 3350 (4.
422 3293 532 3338 Dist.
559 3306 630 3350 24.
657 3307 696 3352 q.
727 3305 765 3337 Ι.
793 3299 875 3339 art.
902 3308 937 3339 1.
965 3307 1004 3352 q.
1030 3306 1071 3338 2.
1097 3291 1272 3337 etDist.
1295 3306 1331 3350 3.
1355 3306 1393 3350 q.
1422 3306 1456 3336 r.
1484 3299 1598 3351 corp.
1625 3289 1804 3337 etada.
1831 3296 1933 3351 εἰς.
1960 3304 2001 3337 2.
2027 3290 2171 3353 αφ).

353 3399 430 3444 An
453 3412 642 3444 PRIMUM
663 3399 728 3443 sic
754 3398 1029 3458 proceditur.
1054 3397 1258 3451 Videtur,
1282 3396 1404 3455 quod
1432 3397 1709 3455 poenitentia
1735 3410 1830 3441 non
1855 3395 1915 3442 sit
1935 3395 2102 3455 virtus«,
2124 3378 2322 3455 ραι·

263 3467 452 3512 nitentia
479 3468 603 3512 enim
635 3477 702 3512 est
734 3466 966 3526 quoddam
999 3475 1337 3511 sacramentum
1370 3463 1468 3509 aliis
1500 3463 1797 3509 sacramentis
1830 3472 2252 3518 connumeratum,

258 3544 307 3578 ut
332 3549 387 3579 ex
412 3534 679 3594 supradictis
706 3544 829 3593 patet
853 3534 914 3593 (q.
937 3541 1078 3593 praec.
1103 3539 1184 3578 art.
1211 3548 1245 3578 ι.
1272 3538 1309 3577 et
1334 3546 1372 3591 q.
1397 3532 1460 3590 65.
1488 3538 1571 3577 art
1594 3531 1670 3590 με)
1698 3530 1776 3576 sed
1803 3529 1981 3580 nullum
2007 3527 2147 3582 aliud
2145 3542 2241 3582 uf

267 3611 613 3648 eramentorum
640 3611 707 3647 est
731 3601 894 3656 virtus3
921 3613 1032 3660 ergo
1058 3611 1208 3660 neque
1233 3598 1516 3659 poenitentia
1542 3609 1611 3644 est
1634 3597 1790 3644 virtus.
2206 3624 2218 3630 ·‹

2244 3481 2296 3533 t
