2352 3926
281 181 391 236 286
779 190 1058 237 QUAEsno
1098 188 1292 228 xxxm.
1331 188 1638 228 ARTICULUS
1678 189 1752 228 1v.

278 298 401 357 quod
429 297 574 355 Virgo
604 294 843 339 Christum
866 293 1102 352 concepit3
1135 305 1245 351 ergo
1266 292 1458 347 videtur,
1491 291 1614 352 quod
1639 305 1734 335 non
1760 291 1818 336 sit
1842 290 2118 336 miraculosa
2143 305 2250 336 con·

278 366 443 425 ceptio,
476 365 553 408 sed
580 361 811 406 naturalis.

371 447 406 491 3.
435 432 734 475 PRAETEREA.
754 429 828 473 Ad
853 429 945 472 hoc
970 427 1092 487 quod
1106 427 1258 487 aliqua
1283 427 1604 472 transmutatio
1622 428 1678 472 sit
1693 425 1927 482 naturalis,
1942 425 2110 472 sufficit
2153 427 2248 471 uod

280 499 554 558 principium
580 497 812 556 passivum
840 496 896 540 sit
915 494 1137 550 naturale,
1157 506 1209 539 ut
1233 509 1368 554 supra
1392 495 1599 538 habitum
1623 504 1691 538 est
1707 494 1768 552 (q.
1789 501 1931 552 praec.
1963 498 2044 538 art.
2070 493 2250 552 4⁷.).-sed

281 566 555 625 principium
583 564 813 623 passivum
843 578 896 607 ex
923 573 1048 622 parte
1071 562 1228 607 matris
1260 563 1307 606 in
1334 563 1636 621 conceptione
1665 560 1838 606 Christi
1857 559 2177 615 fuitnaturale,
2200 569 2252 605 ut

283 649 338 678 ex
362 634 490 676 dictis
523 642 648 691 patet
675 631 836 689 (ibid.),·
866 645 976 690 ergo
1004 630 1247 688 conceptio
1275 629 1449 674 Christi
1473 629 1558 673 fuit
1577 628 1809 672 naturalis.

371 700 465 743 SED
494 711 690 744 CONTRA
719 709 800 754 est,
827 699 949 757 quod
977 698 1171 756 Dionys.
1199 697 1309 741 dicit
1333 698 1380 740 in
1406 696 1545 755 Epist.
1566 695 1621 739 ad
1642 696 1809 753 Cajum
1825 694 2110 739 Monachum
2126 693 2252 754 (quae

279 774 336 812 est
361 781 403 824 4.
438 769 538 811 circ.
571 766 726 825 med.):
766 782 789 807 c<
817 766 965 825 Super
994 765 1235 808 hominem
1276 765 1549 822 operabatur
1577 763 1785 807 Christus
1811 775 1866 806 ea
1896 775 2014 822 quae
2045 770 2150 806 sunt
2172 761 2253 806 ho-

282 835 416 878 minis
436 850 445 878 :
466 844 510 878 et
534 834 626 877 hoc
653 842 880 877 monstrat
904 833 1049 891 Virgo
1082 830 1482 890 supernaturaliter
1505 830 1769 888 concipiens
1795 846 1836 873 ».

370 902 661 946 RESPONDEO
681 901 942 954 dicendum,
970 901 1107 959 quod,
1126 901 1242 943 sicut
1270 898 1540 942 Ambrosius
1562 897 1671 940 dicit
1695 897 1741 940 in
1758 895 1834 940 lib.
1861 895 1918 940 de
1933 894 2252 940 Incamatione

281 970 394 1028 (cap.
429 970 470 1014 6.
496 971 598 1013 circ.
632 968 775 1026 med),
808 984 831 1009 <c
854 967 998 1011 multa
1024 968 1071 1010 in
1099 967 1190 1011 hoc
1218 966 1436 1025 mysterio
1465 974 1510 1009 et
1535 964 1787 1009 secundum
1807 973 2019 1008 naturam
2034 963 2253 1018 invenies,

282 1047 326 1081 et
353 1036 469 1080 ultra
500 1046 712 1080 naturam
738 1051 795 1090 »;
842 1035 881 1078 si
923 1035 1046 1079 enim
1089 1034 1429 1078 consideremus
1469 1032 1529 1086 id,
1562 1031 1684 1091 quod
1711 1041 1779 1076 est
1809 1045 1862 1075 ex
1887 1041 2014 1090 parte
2035 1030 2254 1076 materiae

282 1113 547 1163 conceptus,
581 1117 720 1162 quam
753 1112 900 1146 mater
932 1101 1216 1154 ministravit,
1229 1111 1378 1144 totum
1395 1110 1462 1144 est
1477 1099 1758 1143 naturale:si
1773 1113 1884 1143 vero
1912 1092 2254 1143 consideremus

281 1171 342 1226 id,
361 1171 483 1230 quod
502 1181 569 1215 est
591 1185 644 1214 ex
663 1180 789 1230 parte
805 1169 982 1213 virtutis
1010 1169 1199 1223 activae,
1223 1178 1374 1212 totum
1398 1177 1465 1211 est
1486 1166 1835 1211 miraculosum:
1859 1166 1938 1211 sed
1960 1165 2065 1225 quia
2096 1168 2255 1210 unum-

283 1240 498 1298 quodque
524 1239 672 1297 magis
698 1237 923 1296 judicatur
948 1235 1200 1280 secundum
1233 1235 1447 1288 formam,
1476 1248 1613 1292 quam
1645 1233 1897 1277 secundum
1929 1235 2184 1288 materiam,
2211 1243 2256 1277 et

224 1339 227 1342 ·
282 1306 492 1350 similiter
518 1305 773 1349 secundum
801 1318 957 1363 agens,
985 1317 1123 1362 quam
1150 1302 1403 1346 secundum
1426 1301 1626 1360 patiens;
1653 1300 1758 1344 inde
1785 1303 1853 1345 e'st
1873 1300 1995 1360 quod
2013 1300 2254 1360 conceptio

283 1373 457 1418 Christi
491 1373 625 1417 debet
661 1373 751 1416 dici
783 1371 1050 1430 simpliciter
1086 1369 1379 1423 miraculosa,
1417 1378 1461 1412 et
1500 1367 1868 1428 supernaturalis,
1900 1367 1979 1412 sed
2003 1367 2256 1412 secundum

283 1440 453 1499 aliquid
479 1439 712 1483 naturalis.
2022 1435 2045 1455 ²
2128 1448 2136 1456 ·

373 1509 449 1551 AD
476 1520 665 1552 PRIMUM
693 1520 804 1565 ergo
833 1506 1092 1558 dicendum,
1119 1503 1242 1562 quod
1278 1503 1487 1548 Christus
1513 1501 1676 1546 dicitur
1706 1501 1925 1547 naturalis
1959 1501 2079 1546 filius
2109 1501 2258 1547 homi·

284 1574 369 1628 nis,
395 1575 666 1633 inquantum
692 1573 831 1617 habet
856 1581 1067 1615 naturam
1090 1571 1344 1614 humanam
1361 1584 1629 1628 veram‚per
1641 1583 1780 1628 quam
1805 1578 1876 1613 est
1899 1568 2019 1614 filius
2039 1568 2257 1624 hominis,

284 1641 392 1684 licet
419 1655 520 1684 eam
549 1639 826 1684 miraculose
851 1639 1087 1682 habuerit:
1111 1638 1228 1682 sicut
1254 1651 1418 1681 caecus
1444 1637 1726 1681 illuminatus
1751 1635 1875 1680 videt
1897 1635 2163 1682 naturaliter
2176 1650 2258 1696 per

284 1710 539 1767 potentiam
566 1708 774 1761 visivam,
802 1721 941 1765 quam
967 1705 1243 1749 miraculose
1277 1705 1466 1762 accepit.

375 1775 452 1819 AD
480 1787 742 1819 SECUNDUM
761 1774 1021 1828 dicendum,
1040 1773 1163 1832 quod
1190 1773 1433 1831 conceptio
1467 1771 1720 1816 attribuitur
1745 1770 1925 1830 Virgini
1955 1770 2137 1826 Beatae,
2161 1780 2257 1831 'non

283 1853 522 1901 tamquam
558 1842 783 1900 principio
819 1842 984 1894 activo,
1011 1841 1089 1884 sed
1132 1840 1237 1899 quia
1273 1839 1546 1884 ministravit
1576 1838 1813 1883 materiam
1853 1839 2109 1898 conceptui,
2135 1847 2180 1883 et
2208 1837 2256 1883 in

285 1911 381 1969 ejus
408 1920 538 1953 utero
567 1919 634 1953 est
661 1909 903 1968 conceptio
929 1907 1168 1952 celebrata.

349 2019 352 2021 Α
377 1977 452 2020 AD
482 1988 699 2021 TERTIUM
734 1976 994 2029 dicendum,
1029 1975 1151 2034 quod
1193 1974 1468 2033 principium
1499 1973 1732 2032 passivum
1771 1971 1978 2018 naturale
2003 1970 2170 2017 sufficit
2200 1971 2257 2016 ad

284 2044 717 2088 transmutationem
753 2042 1026 2096 naturalem,
1053 2042 1236 2101 quando
1263 2041 1474 2096 naturali,
1508 2051 1552 2085 et
1578 2051 1802 2086 consueto
1824 2040 1967 2085 modo
1993 2050 2206 2085 movetur
2230 2054 2256 2084 a

287 2111 512 2170 principio
551 2111 700 2154 activo
735 2111 945 2170 proprio:
980 2110 1059 2154 sed
1094 2109 1259 2153 hocin
1294 2108 1531 2168 proposito
1573 2122 1668 2152 non
1708 2107 1847 2153 habet
1877 2106 2057 2153 locum:
2082 2117 2130 2153 et
2150 2106 2256 2153 ideo

288 2178 530 2236 conceptio
558 2177 636 2221 illa
662 2192 756 2221 non
783 2187 934 2237 potest
960 2177 1050 2220 dici
1075 2175 1341 2235 simpliciter
1366 2175 1597 2219 naturalis.

865 2557 1313 2634 QUAESTIO
1370 2557 1676 2618 XXXIV.

510 2715 602 2753 DE
649 2712 1179 2753 PERFECTIONE
1224 2712 1495 2752 PROLIS
1544 2698 2028 2763 coNcEPTAE,

749 2802 814 2841 IN
861 2801 1148 2852 QUATUOR
1195 2801 1525 2842 ARTICULos
1572 2801 1791 2842 DIVISA.

378 2979 558 3024 Deinde
587 2977 969 3023 considerandum
998 2987 1065 3022 est
1091 2977 1145 3022 de
1173 2975 1451 3036 perfectione
1469 2975 1608 3036 prolis
1637 2987 1900 3037 conceptae.

875 3091 930 3135 Et
956 3092 1072 3134 circa
1098 3090 1171 3134 hoc
1198 3095 1455 3148 quaeruntur
1481 3096 1675 3148 quatuor.

2339 3130 2352 3153 5-

379 3182 550 3226 Primo.
578 3181 744 3225 Utrum
772 3179 817 3223 in
844 3180 991 3238 primo
1019 3179 1201 3223 instanti
1226 3179 1538 3238 conceptionis
1559 3179 1768 3224 Christus
1790 3178 1925 3224 fuerit
1949 3178 2254 3225 sanctificatus
2332 3202 2352 3223 ι

290 3265 370 3310 per
398 3250 608 3307 gratiam.
2322 3236 2352 3304 {1}

383 3317 610 3361 Secundo.
643 3316 805 3359 Utrum
832 3314 878 3358 in
901 3314 1063 3358 eodem
1088 3313 1271 3357 instanti
1297 3313 1506 3357 habuerit
1527 3328 1660 3357 usum
1683 3313 1811 3357 liberi
1837 3313 2019 3358 arbitrii.
2329 3299 2352 3338 ᾖ

382 3383 556 3427 Tertio.
586 3383 751 3427 Utrum
778 3382 823 3425 in
857 3382 1022 3426 eodem
1050 3381 1232 3424 instanti
1259 3381 1457 3438 potuerit
1483 3381 1659 3424 mereri.

385 3451 578 3503 Quarto.
606 3450 773 3495 Utrum
800 3450 845 3493 in
873 3449 1036 3493 eodem
1059 3448 1244 3492 instanti
1269 3447 1402 3492 fuerit
1427 3447 1560 3507 plene
1588 3447 1959 3508 comprehensor.
