2352 3926
299 222 410 279 544
826 220 1106 266 QUAESTIO
1145 220 1294 259 wa.
1333 212 1647 261 ARTICULUs
1681 222 1736 264 x.

297 323 522 369 rectitudo
548 322 722 382 perficit
748 331 1102 377 sacramentum,
1129 322 1332 366 secunda
1358 330 1572 381 operatur
1605 323 1662 367 ad
1693 324 1934 380 meritum3
1971 336 2017 371 et
2046 326 2152 372 ideo
2183 327 2264 372 mi·

296 392 451 445 nister,
469 391 545 450 qui
572 388 832 433 conformat
856 389 1161 433 intentionem
1181 403 1312 433 suam
1327 389 1574 444 Ecclesiae,
1592 401 1813 449 quantum
1835 392 1892 436 ad
1913 393 2111 451 primam
2137 394 2267 442 recti

295 460 515 511 tudinem,
556 471 651 500 non
679 467 832 500 autem
859 466 1081 515 quantum
1109 457 1164 501 ad
1190 457 1455 511 secundam,
1489 457 1664 516 perficit
1690 458 1875 517 quidem
1907 469 2262 516 sacramentum,

298 528 376 570 sed
395 539 488 569 non
516 534 583 568 est
601 524 642 567 ei
669 524 724 567 ad
752 523 982 567 meritum.
2171 547 2173 549 ·

389 594 465 637 AD
493 604 754 636 SECUNDUM
781 591 1041 644 dicendum,
1069 591 1192 650 quod
1233 591 1427 636 intentio
1454 590 1644 646 ludicra,
1669 592 1742 636 vel
1774 593 1934 651 jocosa
1959 593 2159 640 excludit
2181 596 2268 656 pri*

297 675 424 705 mam
465 660 785 703 rectitudinem
830 659 1110 714 intentionis,
1137 673 1218 719 per
1260 674 1400 719 quam
1432 659 1661 718 perficitur
1697 671 2058 717 sacramentum3
2091 673 2136 708 et
2158 662 2265 708 ideo

296 741 391 772 non
419 737 487 772 est
512 726 674 771 similis
700 727 832 770 ratio.

383 795 460 839 AD
485 806 702 839 TERTIUM
725 793 986 848 dicendum,
1003 793 1126 852 quod
1153 808 1365 852 perversa
1390 794 1582 838 intentio
1608 795 1824 853 pervertit
1849 809 1964 854 opus
1977 795 2265 851 intendentis,

295 876 389 907 non
410 872 563 905 autem
593 875 707 920 opus
734 861 941 916 alterius3
970 871 1014 905 et
1038 861 1143 906 ideo
1172 875 1226 905 ex
1252 875 1464 921 perversa
1489 861 1743 906 intentione
1776 863 1971 907 ministri
1997 865 2267 922 pervertitur

297 930 356 983 id,
385 930 506 988 quod
535 929 629 988 agit
653 929 699 972 in
726 929 1040 982 sacramentis,
1072 929 1344 988 inquantum
1377 938 1446 973 est
1486 942 1600 988 opus
1626 931 1736 987 ejus,
1777 944 1871 973 non
1902 930 2174 989 inquantum
2199 941 2268 975 est

298 1010 413 1055 opus
442 997 629 1050 Christi,
657 998 784 1054 cujus
810 1006 879 1040 est
909 997 1138 1040 minister:
1167 1006 1213 1040 et
1240 1007 1307 1040 est
1331 995 1495 1049 simile,
1536 997 1574 1040 si
1616 997 1823 1041 minister
1848 996 2040 1056 alicujus
2063 997 2266 1043 hominis

297 1078 436 1123 prava
461 1064 714 1108 intentione
741 1063 935 1108 deferret
959 1064 1231 1123 pauperibus
1257 1063 1619 1123 eleemosynam,
1647 1079 1786 1124 quam
1813 1065 2030 1110 dominus
2053 1075 2181 1110 recta
2203 1066 2268 1110 in-

295 1132 500 1176 tentione
527 1132 778 1175 mandaret.

951 1466 1400 1544 QUAESTIO
1452 1420 1670 1527 LXVJ

297 1623 379 1662 DE
412 1621 670 1662 NUMERO
702 1622 1255 1672 SACRAMENTORUM,
1278 1622 1344 1662 IN
1370 1622 1659 1673 QUATUOR
1682 1622 2013 1665 ARTICULOS
2038 1622 2260 1666 DIVISA.

385 1803 565 1847 Deinde
600 1802 983 1847 considerandum
1009 1812 1077 1847 est
1101 1801 1157 1846 de
1182 1815 1376 1846 numero
1400 1810 1808 1846 sacramentorum.

883 1914 942 1959 Et
967 1915 1082 1959 circa
1106 1913 1180 1959 hoc
1208 1919 1466 1972 quaeruntur
1483 1919 1684 1974 quatuor.

386 2002 558 2047 Primo.
578 2002 745 2047 Utrum
773 2002 863 2046 sint
887 2012 1064 2061 septem
1089 2013 1390 2046 sacramenta.

389 2070 619 2115 Secundo.
645 2070 718 2114 De
751 2071 911 2115 ordine
930 2084 1092 2115 eorum
1115 2070 1170 2114 ad
1196 2070 1408 2114 invicem.

388 2137 564 2183 Tertio.
590 2139 662 2182 De
682 2140 1028 2197 comparatione
1054 2152 1231 2184 eorum.

389 2205 584 2258 Quarto.
611 2206 779 2250 Utrum
798 2208 953 2250 omnia
986 2206 1077 2250 sint
1102 2206 1157 2250 de
1183 2205 1457 2249 necessitate
1480 2203 1652 2250 salutis.

1027 2384 1462 2442 ARTICULUS
1498 2385 1539 2439 1.
2181 2396 2267 2459 ,⁶0

483 2521 677 2563 UTRUM
707 2521 962 2563 DEBEANT
988 2522 1115 2560 ESSE
1144 2521 1355 2559 SEPTEM
1383 2519 1747 2559 SACRAMENTA
1772 2518 2092 2562 ECCLESIAE.

670 2631 733 2690 (4.
767 2632 879 2676 Dist.
906 2647 941 2676 1.
965 2646 1003 2690 q.
1036 2647 1072 2676 1.
1099 2637 1182 2677 art.
1199 2645 1238 2675 2.
1266 2636 1302 2674 et
1318 2630 1390 2674 lib.
1406 2643 1448 2687 4.
1471 2630 1615 2675 Contr.
1631 2644 1669 2689 g.
1698 2637 1788 2689 cap.
1804 2629 1906 2689 58).

386 2744 463 2790 An
489 2757 678 2790 PRIMUM
703 2743 768 2788 sic
795 2743 1067 2803 proceditur.
1091 2742 1294 2796 Videtur,
1322 2743 1444 2801 quod
1462 2756 1556 2786 non
1583 2742 1776 2787 debeant
1802 2756 1901 2787 esse
1919 2751 2096 2802 septem
2120 2756 2267 2788 sacra-

297 2823 475 2857 menta:
504 2821 790 2856 sacramenta
818 2811 940 2855 enim
969 2809 1222 2855 efficaciam
1248 2809 1419 2854 habent
1443 2823 1497 2853 ex
1522 2810 1687 2853 virtute
1728 2809 1896 2864 divina,
1930 2819 2070 2855 etex
2099 2809 2265 2855 virtute

296 2880 520 2940 passionis
547 2879 743 2924 Christi:
772 2878 852 2922 sed
879 2892 969 2921 una
995 2887 1062 2921 est
1086 2877 1226 2921 virtus
1255 2877 1424 2931 divina,
1456 2886 1501 2920 et
1526 2891 1617 2921 una
1644 2876 1817 2921 Christi
1849 2877 2018 2937 passio,
2041 2891 2130 2922 una
2150 2878 2264 2922 enim

296 2949 502 2993 oblatione
539 2947 847 2991 consummavit
878 2947 924 2989 in
953 2946 1245 3004 sempiternum
1288 2945 1575 3003 sanctificatos,
1604 2954 1654 2987 ut
1679 2945 1841 2988 dicitur
1866 2943 2005 2990 Hebr.
2037 2957 2126 2999 xo.;
2151 2957 2264 3004 ergo

295 3030 390 3060 non
416 3015 570 3059 debuit
591 3027 690 3059 esse
721 3013 809 3057 nisi
835 3026 978 3056 unum
1005 3021 1359 3056 sacramentum.

387 3096 428 3128 2.
454 3083 753 3127 PRAETEREA.
782 3080 1133 3124 Sacramentum
1161 3079 1396 3122 ordinatur
1422 3088 1582 3124 contra
1609 3077 1838 3124 defectum
1863 3078 2063 3138 peccati:
2090 3078 2266 3124 hicau-

294 3161 388 3195 tem
417 3159 484 3194 est
505 3149 670 3209 duplex,
689 3147 864 3193 scilicet
882 3155 1031 3206 poena,
1060 3156 1105 3190 et
1130 3146 1279 3204 culpa,·
1313 3160 1423 3205 ergo
1451 3146 1678 3190 sufficeret
1709 3160 1808 3190 esse
1840 3145 1932 3190 duo
1963 3153 2265 3192 sacramenta.

390 3232 426 3277 3.
454 3217 753 3262 Pani-mm.
788 3215 1086 3259 Sacramenta
1120 3214 1344 3272 pertinent
1380 3215 1436 3258 ad
1474 3214 1680 3258 actiones
1720 3212 2058 3260 ecclesiasticae
2100 3213 2268 3259 hierar·

282 3254 442 3339 chiae,
468 3294 517 3329 ut
548 3298 630 3343 per
650 3283 843 3342 Dionys.
871 3291 994 3342 patet
1022 3282 1133 3340 (cap.
1160 3295 1198 3325 2.
1228 3287 1263 3325 et
1290 3295 1326 3340 5.
1350 3282 1503 3326 Eccles.
1531 3281 1758 3326 Hierarch.
1785 3295 1813 3325 a
1827 3282 2011 3339 prium-t
2034 3281 2128 3336 sed,
2147 3280 2266 3326 sicut

293 3353 389 3411 ipse
416 3351 524 3396 dicit
549 3350 659 3409 (ibid
662 3350 711 3407 .),
741 3357 820 3395 tres
847 3359 951 3394 sunt
983 3348 1186 3392 actiones
1212 3348 1512 3402 hierarchiae,
1546 3348 1721 3392 scilicet
1740 3349 1956 3408 purgatio,
1989 3347 2262 3404 illuminatio,
2332 3393 2336 3401 ..

296 3430 340 3464 et
354 3420 579 3480 perfecti&
609 3432 720 3476 ergo
752 3431 847 3462 non
874 3416 1040 3461 debent
1071 3429 1170 3459 esse
1198 3415 1284 3458 nisi
1309 3415 1394 3459 tria
1421 3426 1722 3460 sacramenta.

384 3498 427 3541 4
454 3486 752 3531 PRAETEREA.
786 3484 980 3544 August.
1009 3482 1118 3528 dicit
1144 3495 1207 3543 19.
1234 3493 1392 3526 contra
1411 3483 1629 3528 Faustum
1655 3484 1769 3543 (cap.
1787 3498 1842 3542 13.
1861 3488 1955 3528 ante
1967 3482 2116 3542 med),
2139 3482 2263 3544 quod

296 3563 582 3599 sacramenta
607 3567 756 3598 novae
788 3552 902 3611 legis
929 3559 1032 3596 sunt
1057 3563 1251 3595 numero
1285 3551 1517 3610 pauciora,
1543 3565 1682 3610 quam
1708 3559 1994 3596 sacramenta
2012 3549 2180 3597 veteris
2204 3548 2264 3596 le·

298 3621 391 3679 gis:
415 3620 532 3667 sed
520 3634 567 3666 m
583 3620 725 3666 veteri
747 3619 849 3678 lege
873 3632 970 3664 non
995 3626 1091 3663 erat
1106 3616 1290 3677 aliquod
1316 3628 1671 3672 sacramentum,
1689 3617 1814 3678 quod
1833 3617 2130 3677 respondeat
2149 3630 2260 3664 οω-
