2352 3926
273 229 386 283 774
734 225 1012 271 QUAESTIO
1053 224 1279 263 Lxxxm.
1318 218 1630 263 Annoums-
1664 223 1739 262 VI.

364 327 457 371 SED
486 339 679 371 CONTRA
702 335 782 379 est,
809 325 931 384 quod
958 327 1074 369 sicut
1098 326 1238 379 Deus,
1264 325 1327 369 ita
1352 324 1559 369 Ecclesia
1583 338 1679 369 non
1706 324 1924 384 praecipit
1950 324 2120 386 aliquid
2145 325 2232 370 im-

274 393 505 453 possibile,

361 461 647 504 RESPONDEO
668 458 926 512 dicendum,
953 457 1075 517 quod
1102 458 1329 517 periculis,
1355 472 1436 503 seu
1459 458 1709 503 defectibus
1728 459 1849 503 circa
1865 459 1956 504 hoc
1979 472 2234 505 sacramen-

273 538 371 572 tum
398 525 761 583 contingentibus
787 525 1009 584 dupliciter
1029 534 1179 584 potest
1205 526 1406 570 occurri:
1430 540 1513 569 uno
1540 525 1660 570 modo
1688 525 2041 585 praeveniendo,
2067 541 2126 571 ne
2152 527 2235 571 sci-

277 595 383 637 licet
408 592 661 652 periculum
688 592 891 636 accidat:
926 593 1010 636 alio
1046 592 1168 636 modo
1202 592 1537 652 subsequendO,
1569 602 1618 637 ut
1649 592 1824 638 scilicet
1847 592 1893 637 id
1924 586 2048 653 qnod
2073 593 2238 638 accidit

275 661 552 713 emendetur,
578 658 652 702 vel
685 659 942 703 adhibendo
968 660 1239 714 remedium,
1265 660 1339 704 vel
1364 659 1529 704 saltem
1556 674 1636 719 per
1660 660 1991 720 poenitentiam
2015 662 2134 721 ejus,
2159 661 2237 720 qui

273 726 555 785 negligenter
582 726 675 784 egit
701 726 822 769 circa
847 726 938 770 hoc
965 736 1322 771 sacramentum.

361 794 436 837 AD
470 806 658 837 PRIMUM
685 807 795 851 ergo
822 793 1064 837 dicendum
1089 794 1211 853 quod
1244 796 1282 838 si
1308 794 1524 839 sacerdos
1551 803 1716 848 morte,
1741 804 1819 840 aut
1841 793 2094 840 infirmitati
2109 794 2238 854 gravi

274 870 522 919 occupetur
545 870 648 904 ante
676 861 1073 906 consecrationem
1098 862 1321 920 corporis,
1349 872 1393 906 et
1430 862 1664 921 sanguinis
1690 862 1898 918 Domini,
1933 875 2027 907 non
2059 872 2239 923 oportet

274 939 322 972 ut
346 941 426 987 per
453 927 594 971 alium
620 927 910 987 suppleatur:
938 928 976 972 si
1000 942 1125 984 vero,
1151 929 1332 989 incepta
1365 929 1727 984 consecratione,
1758 930 1851 974 hoc
1877 929 2109 984 acciderit,
2130 940 2239 989 puta

277 1005 543 1039 consecrato
597 1009 790 1054 corpore
825 1005 930 1040 ante
963 997 1359 1041 consecrationem
1391 997 1639 1056 sanguinis,
1678 996 1753 1041 vel
1794 996 1933 1042 etiam
1964 1006 2235 1042 consecrato

277 1072 483 1121 utroque,
501 1062 635 1106 debet
664 1062 832 1107 missae
859 1062 1095 1107 celebritas
1126 1077 1206 1122 per
1233 1062 1374 1107 alium
1407 1063 1595 1123 expleri:
1624 1064 1760 1119 unde,
1789 1074 1839 1109 ut
1862 1063 2057 1109 habetur
2081 1063 2128 1108 in
2149 1062 2239 1108 De-

272 1139 378 1173 cret.
424 1129 481 1188 (7.
510 1144 548 1188 q.
575 1145 610 1174 r.
634 1137 743 1189 σαμε
777 1130 940 1188 Nihil),
973 1130 1020 1173 in
1049 1129 1279 1174 Toletano
1315 1130 1527 1175 Concilio
1560 1131 1736 1189 (scilicet
1760 1145 1799 1190 7.
1827 1144 1919 1176 can.
1945 1131 2010 1188 2.)
2042 1129 2237 1190 legitur:

276 1213 299 1238 «
329 1196 604 1242 Censuimus
628 1197 888 1251 convenire,
910 1207 960 1241 ut
986 1211 1092 1241 cum
1115 1212 1141 1241 a
1173 1197 1483 1242 sacerdotibus
1515 1198 1759 1242 missarum
1791 1208 2000 1258 tempore
2021 1199 2239 1257 mysteria

273 1278 403 1308 sacra
434 1275 776 1318 consecrantur,
800 1265 839 1308 si
865 1265 1156 1323 aegritudinis
1199 1265 1375 1308 accidat
1402 1265 1640 1323 quuslibet
1672 1275 1875 1319 eventus,
1898 1278 1990 1324 quo
2023 1274 2239 1324 coeptum

276 1342 507 1391 nequeant
531 1331 709 1391 explere
728 1332 1011 1390 mysterium,
1034 1332 1092 1375 sit
1115 1331 1310 1375 liberum
1337 1334 1570 1391 episcopo,
1593 1331 1668 1376 vel
1683 1332 1976 1392 praesbytero
1993 1331 2124 1377 alteri
2136 1343 2242 1376 con·

276 1400 579 1443 secrationem
607 1400 767 1458 exequi
798 1399 968 1458 incepti
995 1398 1147 1444 officii.
1174 1399 1282 1444 Non
1306 1400 1430 1444 enim
1463 1398 1584 1444 aliud
1618 1399 1839 1459 competit
1866 1399 1922 1444 ad
1953 1397 2240 1459 supplemen-

272 1477 368 1511 tum
411 1466 595 1510 initiatis
638 1467 878 1525 mysteriis,
904 1480 1044 1526 quam
1085 1477 1162 1510 aut
1201 1467 1475 1526 incipientis,
1510 1476 1588 1511 aut
1627 1466 1942 1526 subsequentis
1976 1465 2236 1512 benedictio

272 1533 501 1593 completa
526 1534 804 1588 sacerdotis;
831 1534 937 1592 quia
968 1548 1052 1577 nec
1090 1533 1291 1593 perfecta
1315 1533 1460 1578 videri
1485 1545 1690 1593 possunt,
1728 1533 1816 1578 nisi
1846 1531 2050 1593 perfecto
2075 1532 2237 1579 ordine

275 1601 603 1659 compleantur.
638 1600 761 1645 Cum
788 1602 911 1645 enim
938 1601 1080 1645 simus
1100 1615 1277 1646 -omnes
1303 1616 1447 1645 unum
1487 1602 1534 1645 in
1577 1601 1780 1656 Christo,
1805 1599 2239 1646 nihilscontrarium

275 1668 510 1712 diversitas
537 1682 835 1727 personarum
857 1667 1040 1722 format,
1059 1667 1135 1712 ubi
1157 1668 1411 1713 efficaciam
1433 1668 1746 1728 prosperitatis
1772 1668 1923 1714 unitas
1941 1664 2242 1728 fideii-eprae-

274 1746 433 1781 sentat.
460 1736 532 1780 Ne
555 1746 711 1780 tamen
739 1736 862 1795 quod
879 1746 1068 1780 naturae
1094 1736 1328 1796 languoris
1356 1751 1493 1781 causa
1512 1736 1779 1791 consulitur,
1795 1736 1842 1780 in
1859 1729 2243 1796 praesumptionis

276 1803 527 1863 perniciem
560 1812 863 1858 convertatur,
880 1802 1030 1847 nullus
1058 1803 1226 1863 absque
1257 1814 1482 1863 proventu
1514 1804 1708 1864 patentis
1750 1803 1988 1849 molestiae
2021 1802 2242 1858 minister,

276 1870 352 1915 vel
376 1870 607 1925 sacerdos,
635 1885 741 1915 cum
768 1871 970 1948 coeperit
994 1870 1263 1930 imperfecta
1288 1870 1440 1915 officia
1465 1881 1727 1930 praesumat
1749 1870 1942 1916 omnino
1962 1870 2242 1931 relinquere3

274 1938 312 1982 si
348 1939 447 1997 quis
483 1938 575 1983 hoc
616 1938 858 1983 temerarie
890 1939 1258 1998 praesumpserit,
1299 1939 1749 1983 excommunationis
1790 1938 2066 2020 sententiam
2115 1937 2244 1983 susti-

273 2006 399 2050 nebit
423 2022 464 2051 ».

365 2073 442 2117 AD
475 2086 737 2118 SECUNDUM
775 2073 1034 2129 dicendum,
1058 2074 1182 2133 quod
1208 2073 1285 2118 ubi
1317 2073 1558 2118 difficultas
1585 2074 1798 2129 occurrit,
1829 2084 2011 2133 semper
2035 2082 2114 2118 est
2129 2071 2246 2118 acci-

275 2140 494 2200 piendum
521 2140 648 2195 illud,
674 2140 798 2200 quod
829 2141 967 2185 habet
993 2141 1145 2185 minus
1177 2141 1233 2185 de
1265 2141 1491 2199 periculo:
1519 2141 1719 2186 maxime
1746 2151 1902 2186 autem
1932 2136 2244 2201 perieulosum

278 2209 398 2252 circa
422 2208 513 2251 hoc
541 2218 880 2252 sacramentum
908 2218 990 2260 est,
1009 2209 1132 2267 quod
1158 2218 1224 2252 est
1251 2219 1410 2253 contra
1435 2208 1765 2269 perfectionem
1789 2209 1924 2267 hujus
1950 2207 2240 2263 sacramenti,

277 2276 382 2335 quia
406 2275 498 2320 hoc
521 2286 589 2320 est
611 2276 816 2320 immane
844 2275 1158 2335 sacrilegium:
1187 2276 1338 2321 minus
1372 2287 1525 2321 autem
1552 2286 1620 2321 est
1650 2276 1777 2331 illud,
1805 2276 1929 2336 quod
1960 2273 2157 2336 pertinet
2187 2275 2244 2320 ad

278 2342 544 2402 qualitatem
569 2343 806 2388 sumentis.
833 2342 890 2386 Et
913 2343 1018 2387 ideo
1045 2344 1084 2387 si
1114 2344 1327 2388 sacerdos
1352 2354 1456 2403 post
1472 2344 1872 2388 consecrationem
1896 2343 2163 2403 incoeptam
2180 2355 2247 2388 re-

281 2410 494 2454 cordetur
520 2424 568 2454 se
596 2409 765 2469 aliquid
793 2410 1062 2468 comedisse,
1088 2410 1164 2455 vel
1188 2411 1370 2465 bibisse,
1386 2411 1688 2456 nihilominus
1715 2411 1848 2456 debet
1871 2409 2089 2470 perficere
2114 2409 2249 2455 sacri·

277 2477 449 2531 ficium,
473 2487 518 2521 et
542 2491 722 2522 sumere
749 2487 1102 2522 sacramentum.
1137 2477 1356 2522 Similiter
1381 2478 1420 2522 si
1444 2478 1698 2522 ricordetur
1722 2491 1771 2523 se
1796 2488 2037 2537 peccatum
2061 2475 2247 2537 aliquod

282 2543 585 2598 commisisse,
612 2545 745 2588 debet
770 2544 1002 2603 poenitere
1028 2560 1133 2589 cum
1159 2546 1395 2604 proposito
1424 2545 1685 2599 confitendi,
1714 2555 1759 2589 et
1783 2544 2104 2601 satisfaciendi,
2121 2546 2247 2590 etsie

277 2626 372 2656 non
396 2611 599 2670 indigne,
626 2611 706 2656 sed
731 2611 962 2656 fructuose
989 2623 1139 2656 sumet
1165 2622 1528 2656 sacramentum:
1557 2622 1601 2657 et
1628 2613 1790 2658 eadem
1822 2613 1939 2658 ratio
1967 2623 2050 2667 est,
2080 2613 2122 2658 si
2151 2626 2247 2657 me-

277 2679 462 2723 minerit
494 2693 542 2723 se
585 2679 1054 2723 excommunicationi
1080 2680 1353 2738 cuicumque
1386 2680 1653 2739 subiacere3
1691 2681 1825 2725 debet
1852 2680 1992 2725 enim'
2013 2693 2245 2725 assumere

277 2746 564 2806 propositum
589 2746 823 2790 humiliter
857 2746 1195 2790 absolutionem
1227 2747 1434 2806 petendi:
1468 2757 1514 2791 et
1551 2748 1616 2791 sic
1650 2762 1731 2807 per
1761 2746 2037 2792 invisibilem
2063 2745 2249 2792 Pontifi-

279 2827 381 2858 cem
415 2813 572 2871 Jesum
610 2813 845 2858 Christum
873 2813 1209 2857 absolutionem
1240 2825 1545 2873 consequetur
1578 2826 1799 2874 quantum
1835 2815 1891 2859 ad
1922 2814 2046 2859 hunc
2077 2823 2247 2869 actum,

279 2878 401 2940 quod
426 2891 614 2939 peragat
635 2881 788 2925 divina
815 2883 1052 2940 mysteria:
1087 2882 1125 2924 si
1150 2895 1259 2925 vero
1289 2895 1392 2925 ante
1427 2884 1822 2927 consecrationem
1852 2881 2043 2941 alicuius
2063 2880 2248 2942 ‹praedi-

284 2959 463 2993 ctorum
490 2949 546 2993 sit
567 2963 764 3003 memor,
790 2949 929 2993 tutius
955 2958 1228 3008 reputarem,
1256 2950 1455 2993 maxime
1486 2951 1533 2994 in
1557 2964 1665 2995 casu
1693 2949 2086 3005 manducationis,
2108 2959 2155 2996 et
2178 2964 2249 2996 ex·

282 3017 729 3071 communicationis,
767 3016 889 3076 quod
912 3016 1101 3060 missam
1136 3017 1402 3076 incoeptam
1436 3017 1677 3073 desereret,
1703 3018 1791 3063 nisi
1818 3030 1958 3078 grave
1978 3016 2247 3063 scande
2320 3007 2327 3014 ”

280 3083 528 3128 timeretur.

370 3152 447 3195 AD
475 3164 691 3196 TER-num
718 3150 978 3205 dicendum,
1005 3150 1127 3211 quod
1155 3151 1191 3194 si
1219 3165 1375 3195 musca
1389 3150 1463 3195 vel
1482 3167 1646 3197 aranea
1672 3153 1718 3197 in
1745 3152 1939 3198 calicem
1961 3161 2065 3202 ante
2091 3149 2249 3198 conse·
2276 3148 2281 3154 '⁷

284 3219 537 3264 crationem
561 3219 788 3273 ceciderit,
816 3229 894 3263 aut
919 3219 1057 3263 etiam
1083 3232 1313 3262 venenum
1336 3220 1685 3277 deprehenderit
1701 3233 1800 3264 esse
1817 3219 2092 3275 immissum,
2117 3218 2251 3265 debet
2266 3275 2273 3279 ,.

286 3285 470 3341 effundi,
497 3297 542 3331 et
578 3287 734 3331 abluto
769 3286 927 3341 calice,
962 3286 1113 3331 denuo
1147 3286 1287 3329 alium
1320 3286 1478 3330 vinum
1505 3287 1615 3347 poni
1648 3286 2036 3333 consecrandum:
2069 3285 2109 3332 si
2138 3291 2263 3333 vero

284 3353 451 3412 aliquid
477 3354 644 3398 horum
672 3364 775 3414 post
807 3353 1204 3399 consecrationem
1243 3354 1472 3408 acciderit,
1510 3356 1643 3399 debet
1685 3353 1856 3399 animal
1892 3364 2024 3400 caute
2055 3355 2171 3414 capi,
2203 3363 2251 3401 et
2288 3350 2334 3417 9ἲῖ

285 3420 526 3479 diligenter
551 3420 708 3475 lavari,
736 3432 780 3465 et
806 3421 1028 3475 comburi,
1056 3430 1100 3466 et
1142 3420 1312 3465 ablutio
1356 3436 1459 3465 cum
1489 3423 1713 3468 cineribus
1754 3423 1800 3467 in
1835 3422 2086 3468 sacrarium
2117 3419 2251 3467 mitti.

288 3487 338 3531 Si
361 3503 472 3533 vero
499 3502 729 3533 venenum
770 3489 832 3532 ibi
872 3502 969 3533 esse
997 3489 1343 3548 deprehenderit
1379 3489 1654 3544 immissum,
1681 3489 1808 3534 nullo
1845 3489 1987 3534 modo
2011 3488 2154 3534 debet
2182 3486 2344 3549 stt-'22

287 3569 426 3609 merc,
452 3570 538 3600 nec
566 3555 644 3599 alii
665 3556 787 3611 dare,
814 3570 871 3600 ne
905 3555 1022 3600 calix
1049 3556 1168 3601 vitae
1192 3566 1392 3600 vertatur
1419 3557 1464 3600 in
1491 3567 1713 3612 mortem3
1747 3556 1827 3602 sed
1853 3556 1986 3602 debet
2010 3554 2298 3616 diiigenter
2295 3560 2351 3617 9·;9,

289 3623 334 3666 in
362 3621 514 3682 aliquo
541 3622 729 3668 vasculo
757 3623 813 3668 ad
840 3624 929 3669 hoc
955 3634 1061 3683 apto
1088 3637 1192 3669 cum
1220 3622 1419 3683 reliquiis
1446 3625 1731 3681 conservari3
1754 3635 1798 3670 et
1827 3638 1885 3670 ne
1910 3634 2261 3671 sacramentum
2290 3613 2352 3667 -ti
