2352 3926
617 239 896 286 QUAESTIO
936 240 1103 280 XXXV.
1143 241 1451 282 ARTICULUS
1483 242 1519 282 1.
1937 242 2039 298 293

81 353 189 390 nam
219 339 385 396 forma,
412 355 527 401 quae
552 355 646 387 non
672 342 884 396 subsistit,
911 343 1072 388 dicitur
1098 358 1196 389 esse
1220 343 1387 398 solum,
1414 343 1519 404 quia
1552 358 1605 388 ea
1638 342 1807 403 aliquid
1834 352 1923 387 est:
1949 357 2046 402 per-

81 420 193 455 sona
219 418 388 462 autem,
406 409 478 453 vel
500 408 758 468 hypostasis
777 410 1056 468 significatur
1074 426 1151 470 per
1168 411 1360 455 modum
1387 411 1691 456 subsistentis:
1710 421 1871 455 natura
1888 421 2043 454 autem

80 474 358 536 significatur
382 490 460 535 per
486 476 678 520 modum
704 475 894 531 formae,
923 492 1010 536 qua
1037 477 1205 536 aliquid
1232 479 1452 522 subsistit:
1487 489 1531 522 et
1563 478 1666 522 ideo
1692 477 1918 531 nativitas,
1949 487 2044 521 tan·

80 554 219 602 quam
244 542 448 601 subiecto
475 543 694 597 nascenti,
716 545 897 602 proprie
931 545 1184 588 attribuitur
1209 559 1446 602 personae,
1468 545 1542 589 vel
1573 546 1824 604 hypostasi,
1851 558 1945 589 non
1966 559 2044 588 na·

78 617 230 662 turae;
252 609 330 653 sed
353 610 469 653 sicut
494 610 691 654 termino
722 611 975 654 attribuitur
1000 611 1211 654 nativitas
1235 623 1445 655 naturae:
1470 613 1688 656 terminus
1716 612 1838 655 enim
1862 625 2046 670 genera-

78 674 232 728 tionis,
260 685 306 720 et
327 676 565 734 cujuslibet
596 677 841 722 nativitatis
868 688 935 722 est
964 677 1137 722 forma:
1164 688 1324 721 natura
1357 688 1509 722 autem
1537 693 1617 736 per
1650 679 1842 723 modum
1868 677 2044 723 formae

77 743 375 804 significatur:
404 745 523 789 unde
549 746 757 790 nativitas
790 746 952 790 dicitur
978 760 1076 790 esse
1108 746 1182 789 via
1214 745 1259 789 in
1286 756 1511 799 naturam,
1538 756 1585 790 ut
1611 757 1733 804 patet
1764 759 1844 805 per
1869 745 2042 789 Philos.

77 824 120 858 2.
145 812 284 872 Phys.
315 813 416 869 (tex.
448 814 564 871 14.):
597 813 866 857 terminatur
893 813 1014 857 enim
1046 822 1235 857 naturae
1261 812 1452 856 intentio
1487 814 1541 856 ad
1568 811 1783 866 formam,
1809 826 1888 856 seu
1914 822 2046 857 natu-

0 895 6 917 τ’
78 893 178 924 ram
204 879 384 938 speciei.

1 988 4 996 2
166 945 243 991 AD
267 958 456 991 PRIMUM
483 959 593 1005 ergo
620 946 878 1001 dicendum,
904 947 1026 1006 quod
1050 957 1234 1006 propter
1255 946 1551 1000 identitatem,
1574 960 1690 1005 quae
1716 946 1761 990 in
1789 946 1952 991 divinis
1969 955 2038 991 est

0 1063 2 1065 ‚
76 1011 194 1058 inter
223 1022 448 1067 naturam,
481 1023 527 1057 et
556 1014 855 1072 hypostasim,
897 1015 1169 1073 quandoque
1202 1023 1362 1057 natura
1394 1013 1578 1072 ponitur
1609 1027 1691 1072 pro
1723 1027 1933 1072 persona,
1964 1012 2039 1057 vel

75 1079 337 1140 hypostasi;
364 1090 408 1124 et
433 1081 686 1124 secundum
706 1080 798 1124 hoc
815 1081 924 1125 dicit
949 1082 1068 1140 Aug.
1096 1089 1305 1124 naturam
1329 1080 1532 1123 divinam
1559 1094 1660 1124 esse
1688 1090 1974 1138 conceptam,
1998 1090 2042 1125 et

0 1154 11 1175 ¹
74 1157 252 1202 natam;
278 1146 384 1206 quia
404 1146 580 1192 scilicet
604 1161 799 1207 persona
821 1147 920 1192 Filii
946 1158 1014 1192 est
1039 1158 1277 1207 concepta,
1305 1157 1349 1191 et
1373 1157 1480 1191 nata
1508 1147 1760 1191 secundum
1786 1147 2038 1191 humanam

0 1211 16 1274 ξ’
71 1222 295 1260 naturam.

0 1278 14 1327 ἒ.
128 1288 131 1290 ’
164 1280 242 1326 AD
273 1294 533 1326 SECUNDUM
566 1281 825 1337 dicendum,
858 1282 979 1342 quod
1011 1281 1162 1326 nullus
1195 1291 1361 1335 motus,
1389 1295 1469 1325 seu
1497 1280 1690 1325 mutatio
1718 1280 2039 1325 denominatur

0 1330 19 1399 ἓ
76 1362 104 1393 a
132 1348 352 1407 subjecto,
385 1349 508 1408 quod
541 1359 765 1403 movetur,
798 1350 877 1395 sed
911 1365 936 1393 a
967 1349 1165 1394 termino
1198 1359 1365 1402 motus,
1398 1362 1424 1391 a
1456 1362 1546 1407 quo
1582 1347 1783 1407 speciem
1809 1348 1967 1392 habet:
1996 1357 2041 1392 et

0 1407 21 1508 ξ
74 1426 258 1476 propter
287 1415 378 1460 hoc
411 1416 622 1460 nativitas
653 1430 749 1460 non
781 1417 1101 1461 denominatur
1127 1430 1154 1460 a
1180 1430 1390 1475 persona,
1417 1429 1532 1474 quae
1558 1415 1775 1469 nascitur,
1807 1415 1888 1459 sed
1915 1428 1941 1458 a
1965 1428 2041 1458 na-

0 1498 14 1539 ,
74 1492 190 1536 tura,
215 1482 271 1527 ad
298 1496 436 1541 quarn
461 1483 673 1527 nativitas
699 1483 979 1536 terminatur.

0 1535 11 1611 ζ
165 1549 242 1594 AD
265 1561 480 1595 TERTnJM
503 1549 764 1604 dicendum,
791 1551 912 1609 quod
939 1561 1115 1604 natura,
1141 1551 1323 1609 proprie
1351 1548 1598 1608 loquendo,
1621 1563 1716 1592 non
1733 1548 1892 1607 incipit
1917 1562 2040 1602 esse;

0 1614 13 1633 ²
74 1616 154 1661 sed
181 1616 328 1675 magis
354 1630 547 1675 persona
575 1617 732 1676 incipit
758 1631 857 1662 esse
888 1618 935 1662 in
973 1617 1123 1677 aliqua
1154 1628 1339 1662 natura:
1367 1616 1486 1675 quia,
1517 1616 1634 1660 sicut
1666 1616 1838 1659 dictum
1872 1625 1938 1659 est
1970 1615 2039 1673 (in

75 1692 189 1744 corp.
222 1685 337 1738 art),
364 1694 524 1728 natura
550 1683 843 1742 significatur,
861 1694 910 1729 ut
931 1699 1021 1744 quo
1046 1684 1215 1744 aliquid
1243 1694 1323 1738 est,
1349 1697 1544 1743 persona
1567 1693 1719 1727 autem
1741 1682 2036 1742 significatur,

10 1807 18 1811 q
75 1760 126 1795 ut
150 1749 430 1809 quaehabet
454 1764 553 1796 esse
575 1750 836 1795 subsistens.

785 1928 1219 1986 ARTICULUS
1263 1929 1335 1984 Π.
1961 1943 2042 2004 189

9 2031 22 2043 Α
77 2062 270 2126 UTRUM
301 2063 692 2103 ATTRIBUENDA
720 2065 805 2103 SIT
833 2065 1072 2104 CHRISTO
1106 2065 1317 2112 ALIQUA
1347 2064 1643 2103 NATIVITAS
1678 2063 2040 2102 TEMPORALIS.

668 2175 727 2230 (2.
754 2175 866 2219 Dist.
893 2189 958 2232 14.
991 2191 1029 2234 q.
1062 2191 1098 2221 1.
1131 2181 1214 2220 art.
1247 2190 1286 2220 2.
1315 2174 1369 2219 ad
1398 2188 1441 2232 4.

442 2246 481 2286 et
499 2256 538 2300 3.
563 2242 675 2286 Dist.
702 2242 743 2287 8.
770 2247 852 2286 art.
878 2255 920 2299 4.
948 2257 985 2300 q.
1012 2258 1048 2287 1.
1075 2248 1111 2286 et
1136 2242 1181 2287 de
1217 2243 1294 2286 Un.
1323 2248 1406 2287 art.
1435 2258 1470 2287 Ι.
1498 2241 1552 2285 ad
1577 2240 1682 2298 16).

3 2394 23 2410 2.
165 2351 241 2399 AD
274 2365 535 2398 SECUNDUM
561 2354 624 2398 sic
648 2354 920 2413 proceditur.
953 2354 1159 2408 Videtur,
1186 2354 1309 2413 quod
1338 2353 1525 2398 Christo
1552 2367 1646 2396 non
1674 2353 1731 2396 sit
1759 2351 2042 2396 attribuenda

78 2417 457 2478 aliqua-nativitas
482 2420 758 2480 temporalia
783 2420 923 2465 Nasci
945 2421 1069 2466 enim
1088 2431 1156 2465 est
1170 2419 1293 2464 velut
1313 2420 1498 2479 quidam
1517 2430 1668 2463 motus
1695 2419 1759 2463 rei
1782 2432 1875 2462 non
1892 2427 2044 2463 extan-

77 2484 149 2540 tis,
172 2494 415 2546 antequam
442 2497 667 2540 nascatur,
685 2487 731 2531 id
750 2502 889 2546 agens
917 2487 994 2545 [al.
1013 2487 1216 2546 indigens]
1246 2487 1469 2531 beneficio
1496 2486 1757 2539 nativitatis,
1783 2495 1832 2529 ut
1858 2485 1937 2530 sit:
1961 2484 2040 2529 sed

6 2552 52 2607 j,
77 2549 287 2598 Christus
309 2553 362 2597 ab
391 2564 575 2598 aeterno
602 2553 708 2608 fuit;
736 2568 847 2613 ergo
873 2569 967 2598 non
995 2555 1141 2614 potuit
1167 2553 1482 2613 temporaliter
1508 2553 1647 2597 nasci.

7 2620 58 2670 ’ῗζε
126 2667 129 2669 Α
167 2631 208 2665 2.
239 2619 536 2666 PRAETEREA.
567 2620 683 2665 Illud
717 2622 839 2680 quod
872 2631 940 2665 est
971 2635 1019 2665 se
1052 2620 1318 2680 perfectum,
1351 2620 1584 2664 nativitate
1611 2634 1705 2664 non
1732 2619 1929 2678 indiget:
1964 2617 2042 2662 sed

15 2699 273 2751 persona
293 2687 396 2732 Filii
425 2688 515 2732 Dei
540 2688 593 2732 ab
622 2698 808 2733 aeterno
841 2687 925 2732 fuit
950 2688 1174 2747 perfecta3
1200 2702 1294 2732 non
1329 2701 1439 2746 ergo
1466 2687 1640 2746 indiget
1665 2685 1909 2746 temporali
1933 2685 2044 2729 nati-

80 2751 239 2800 vitate:
260 2764 308 2799 et
332 2754 393 2798 ita
417 2754 606 2808 videtur,
633 2755 756 2813 quod
782 2769 876 2799 non
903 2755 959 2799 sit
981 2754 1292 2813 temporaliter
1318 2765 1464 2798 natus.

34 2838 51 2851 ⁵
107 2868 110 2869 ⁷
173 2833 213 2879 3.
242 2819 538 2866 PRAETEREA.
570 2821 793 2866 Nativitas
826 2822 1006 2881 proprie
1040 2836 1263 2881 personae
1297 2821 1534 2865 convenit:
1569 2820 1649 2865 sed
1681 2820 1727 2864 in
1762 2820 1948 2864 Christo
1977 2829 2045 2864 est

81 2898 172 2931 una
194 2896 370 2932 tanturn
396 2902 610 2947 persona;
638 2903 748 2947 ergo
776 2890 821 2932 in
849 2888 1036 2934 Christo
1071 2899 1138 2933 est
1168 2899 1346 2933 tantum
1373 2903 1462 2932 una
1489 2887 1714 2932 nativitas.

168 2953 520 3008 4PRAET13REA.
548 2955 687 3007 Quod
711 2956 882 3000 duabus
909 2956 1216 3000 nativitatibus
1239 2958 1453 3009 nascitur,
1476 2956 1544 2999 bis
1570 2955 1794 2999 nascitur:
1823 2954 1900 2998 sed
1928 2954 2042 2997 haec

81 3019 256 3065 videtur
281 3036 379 3067 esse
400 3021 536 3068 falsa:
568 3023 754 3068 Christus
775 3029 829 3067 est
856 3025 916 3068 bis
948 3029 1086 3068 natus:
1115 3024 1221 3082 quia
1243 3024 1454 3067 nativitas
1482 3025 1593 3081 ejus,
1620 3037 1709 3081 qua
1742 3022 1796 3065 de
1819 3022 1951 3064 Patre
1980 3029 2047 3064 est

81 3087 228 3142 na'tus,
257 3087 631 3148 interruptionem
663 3104 757 3133 non
789 3090 967 3149 patitur,
1007 3104 1112 3133 cum
1139 3091 1195 3134 sit
1223 3100 1426 3143 aeterna3
1461 3089 1582 3148 quod
1619 3099 1773 3132 tamen
1809 3087 2047 3145 requiritur

84 3153 140 3198 ad
164 3153 253 3199 hoc
276 3155 539 3201 adverbium
579 3158 664 3209 bis;
703 3156 780 3201 ille
807 3158 930 3202 enirn
963 3158 1125 3202 dicitur
1150 3158 1217 3202 bis
1245 3173 1439 3212 currere,
1477 3158 1555 3217 qui
1581 3173 1686 3202 curn
1718 3156 2046 3215 interruptione

3 3246 57 3301 Q
86 3221 245 3275 currit3
271 3235 380 3281 ergo
406 3222 595 3279 videtur,
619 3223 740 3283 quod
767 3226 811 3268 in
847 3224 1030 3269 Christo
1059 3239 1152 3268 non
1172 3225 1228 3268 sit
1252 3226 1463 3284 ponenda
1490 3222 1652 3283 duplex
1676 3223 1898 3266 nativitas.

2 3294 74 3341 wa?
177 3287 271 3333 SED
295 3302 488 3334 CONTRA
507 3300 587 3344 est,
614 3291 735 3349 quod
758 3291 973 3335 Damasc.
994 3291 1102 3335 dicit
1128 3292 1173 3334 in
1205 3306 1240 3349 3.
1269 3291 1343 3334 lib.
1366 3292 1509 3347 (Orth.
1539 3290 1631 3335 Fid.
1651 3298 1739 3348 cap.
1766 3290 1854 3348 7.):
1883 3305 1905 3330 κ
1931 3289 2050 3333 Con-

2 3343 57 3376 ¹
88 3351 267 3399 fitemur
291 3355 401 3400 duas
429 3355 598 3400 Christi
620 3357 900 3412 nativitates;
920 3372 1074 3411 unam,
1098 3372 1212 3416 quae
1233 3368 1300 3401 est
1317 3372 1369 3401 ex
1389 3358 1535 3410 Patre,
1556 3367 1803 3409 aeternam,
1822 3365 1866 3400 et
1892 3369 2047 3409 unam,

13 3432 67 3484 ‘¹24ss
90 3418 204 3479 quae
230 3430 298 3466 est
323 3421 368 3465 in
395 3421 565 3467 ultimis
592 3423 887 3481 temporibus,
914 3435 1097 3483 propter
1122 3439 1207 3467 nos
1236 3440 1275 3469 ».
1852 3439 1854 3442 ’

35 3513 64 3542 r
179 3486 465 3533 Rnsrounsso
493 3490 752 3543 dicendum,
779 3490 917 3548 quod,
939 3491 1056 3534 sicut
1082 3491 1252 3534 dictum
1279 3500 1345 3534 cst
1371 3490 1474 3547 (art.
1488 3489 1670 3547 praec),
1689 3499 1846 3532 natura
1868 3503 2052 3548 compa-

15 3543 73 3616 ‘⁴¹22
92 3552 215 3599 τάων
239 3554 297 3599 ad
319 3555 618 3608 nativitatem,
646 3557 760 3600 sicut
787 3557 1007 3601 terminus
1036 3557 1089 3600 ad
1118 3568 1312 3610 motum,
1340 3556 1414 3600 vel
1441 3558 1770 3599 mutationem:
1800 3567 1952 3600 motus
1981 3570 2052 3599 au-

16 3616 59 3635 ⁶
76 3624 78 3629 ’
93 3626 187 3666 tem
197 3620 534 3668 :diversificatur
555 3633 695 3663 secun
729 3632 807 3662 um
825 3620 1131 3665 diversitatem
1150 3622 1467 3668 terminorum,
1486 3628 1532 3659 ut
1548 3631 1672 3677 patet
1719 3635 1767 3664 er
1782 3622 2051 3682 Philosoph.
