2352 3926
628 231 907 298 QUAEsTm
949 251 1118 291 xxvn.
1158 230 1468 291 Amemus
1508 249 1544 289 1.
1950 246 2052 303 233

815 448 1248 506 ARTICULUS
1293 449 1334 503 Ι.
1381 499 1391 509 ,
1980 464 2060 515 152

669 584 863 623 UTRUM
898 585 943 622 B.
978 584 1147 622 VIRGO
1185 584 1371 622 MATER
1404 584 1497 621 DEI

292 667 489 705 FUERIT
519 666 921 706 SANCTIFICATA
954 666 1100 704 ANTE
1134 664 1519 704 NATIVITATEM
1551 665 1620 702 EX
1653 664 1858 703 UTERO.

397 774 448 834 (3.
473 775 582 819 Dist.
600 790 637 834 3.
661 790 698 833 q.
725 790 760 819 r.
785 780 867 820 art.
894 789 928 819 r.
953 788 990 832 q.
1010 789 1046 833 3.
1063 779 1100 819 et
1124 772 1277 830 Quodl.
1301 773 1343 818 6.
1367 787 1405 831 q.
1422 786 1459 831 5.
1487 779 1570 818 art.
1597 785 1634 816 1.
1654 780 1766 832 corp.

597 848 634 887 et
650 850 784 901 opusc.
797 857 834 901 3.
861 849 951 900 cap.
970 856 1051 900 231.
1079 847 1118 885 et
1143 840 1253 885 Psal.
1280 854 1343 899 45.
1371 840 1447 884 col.
1470 839 1549 897 2.).

19 989 35 1011 ‚·
189 953 266 998 AD
292 956 479 997 PR²1MUM
506 953 569 997 sic
600 953 874 1013 proceditur.
901 952 1107 1007 Videtur,
1135 952 1256 1012 quod
1283 952 1424 996 Beata
1449 951 1594 1010 Virgo
1627 965 1721 995 non
1748 949 1882 996 fuerit
1902 950 2066 1010 sancti-

16 1026 41 1076 j
65 1025 67 1027 ’
100 1017 235 1069 ficata
261 1029 364 1064 ante
389 1020 674 1064 nativitatem
696 1034 750 1064 ex
775 1029 929 1065 utero:
958 1020 1067 1064 dicit
1094 1020 1217 1064 enim
1243 1019 1405 1079 Apost.
1432 1033 1469 1064 1.
1498 1019 1553 1063 ad
1581 1018 1691 1063 Cor.
1714 1031 1804 1075 15.:
1831 1018 1930 1063 Non
1943 1019 2068 1078 prius

61 1087 65 1090 ⁴
100 1078 209 1146 q'ic'od
228 1087 442 1146 spirituale
463 1093 530 1141 est,
557 1086 623 1132 sed
647 1089 772 1147 prius
789 1079 897 1146 quod
928 1094 983 1132 est
1008 1087 1206 1142 animale,
1233 1086 1375 1131 deinde
1401 1085 1509 1145 quod
1530 1092 1587 1131 est
1608 1085 1855 1145 spirituale.-
1888 1085 1966 1130 sed
1989 1099 2067 1144 per

27 1170 43 1217 ‘3
65 1155 67 1157 ’
102 1153 296 1214 gratiam
321 1153 682 1199 sanctificantem
713 1154 914 1200 nascitur
938 1154 1084 1198 homo
1112 1153 1402 1213 spiritualiter
1434 1154 1479 1197 in
1506 1152 1651 1196 filium
1676 1151 1780 1207 Dei,
1813 1150 2067 1197 secundum

27 1230 45 1262 f
99 1215 213 1265 iliud
231 1219 364 1280 Joan.
391 1235 452 1265 1.:
484 1222 553 1267 Ex
578 1222 669 1283 Deo
696 1219 790 1267 nati
812 1228 935 1267 sunt:
969 1216 1178 1267 nativitas
1212 1216 1365 1266 autem
1397 1235 1451 1265 ex
1476 1231 1606 1265 utero
1634 1231 1701 1265 est
1730 1219 1941 1282 nativitas
1975 1219 2070 1263 ani-

102 1286 259 1343 malis;
285 1300 378 1333 non
406 1302 515 1348 ergo
534 1288 674 1333 Beata
689 1288 835 1349 Virgo
861 1287 946 1333 fuit
966 1289 1089 1348 prius
1107 1288 1401 1342 sanctificata,
1418 1302 1557 1348 quam
1575 1303 1629 1332 ex
1645 1298 1776 1332 utero
1793 1296 2068 1332 nasceretur.

22 1404 45 1413 „.
192 1366 234 1400 2.
260 1354 558 1401 PRAETEREA.
586 1356 779 1415 August.
803 1356 910 1400 dicit
936 1357 981 1400 in
1007 1355 1145 1416 Epist.
1174 1357 1229 1400 ad
1255 1350 1521 1400 Dardanum
1551 1356 1677 1414 (quae
1709 1361 1765 1400 est
1789 1348 1886 1414 287.
1920 1353 1976 1398 al.
2003 1367 2070 1413 57.

24 1433 41 1453 ’ῑ
103 1422 214 1467 inter
238 1422 341 1467 med.
365 1429 402 1467 et
415 1423 520 1482 fin.)
538 1435 554 1466 .·
590 1440 613 1465 ε(
632 1423 958 1481 Sanctificatio,
1000 1432 1089 1483 qua
1116 1422 1341 1468 efficimur
1362 1422 1586 1483 templum
1610 1421 1716 1477 Dei,
1742 1421 2070 1481 nonnisi'rena·

35 1496 39 1504 ”
102 1499 255 1534 torum
283 1498 350 1535 est
365 1506 415 1534 »ε
442 1495 583 1535 nemo
618 1500 771 1535 autem
797 1491 1060 1546 renascitur,
1086 1490 1174 1535 nisi
1199 1490 1321 1549 prius
1347 1500 1580 1544 nascatur3
1615 1503 1725 1549 ergo
1759 1487 1901 1534 Beata
1925 1486 2071 1548 Virgo

35 1576 48 1616 ζ
103 1569 198 1600 non
223 1554 307 1600 fuit
331 1556 453 1616 prius
480 1556 774 1611 sanctificata,
799 1572 936 1617 quam
965 1572 1018 1602 ex
1044 1567 1173 1601 utero
1199 1567 1476 1601 nasceretur.

33 1626 43 1676 g
199 1637 236 1681 3.
262 1622 561 1668 PRAETEREA.
591 1623 886 1684 Quicumque
919 1634 986 1669 est
1012 1624 1317 1668 sanctificatus
1343 1638 1424 1683 per
1450 1623 1659 1682 gratiam,
1687 1633 1754 1668 est
1775 1623 2019 1667 mundatus
2047 1636 2073 1666 a

104 1699 295 1750 peccato
333 1690 560 1750 originali,
598 1701 642 1735 et
668 1690 857 1736 actuali:
893 1692 932 1736 si
957 1705 1067 1750 ergo
1095 1692 1236 1735 Beata
1260 1690 1405 1750 Virgo
1438 1689 1522 1735 fuit
1552 1690 1832 1735 sanctificata
1859 1699 1962 1734 ante
1994 1704 2074 1734 na-

22 1784 41 1817 2,
105 1742 327 1802 tiv'iiatem
354 1771 409 1802 ex
440 1768 583 1814 utero,
617 1773 903 1818 consequens
937 1769 1003 1804 est
1037 1755 1159 1818 quod
1191 1769 1298 1803 tunc
1330 1757 1463 1802 fuerit
1497 1758 1741 1802 emundata
1774 1758 1828 1802 ab
1863 1756 2074 1816 originali

23 1822 50 1887 Δζ
106 1833 320 1885 peccato:
353 1825 432 1870 sed
464 1824 614 1870 solum
649 1825 871 1885 originale
914 1836 1156 1885 peccatum
1198 1835 1377 1884 poterat
1408 1839 1511 1870 eam
1543 1825 1764 1883 impedire
1798 1824 1852 1868 ab
1885 1824 2072 1869 introitu

106 1891 237 1951 regni
260 1890 498 1937 coelestis:
526 1892 565 1936 si
591 1907 701 1951 ergo
728 1903 836 1937 tunc
859 1903 1040 1937 mortua
1066 1892 1237 1947 fuisset,
1263 1892 1442 1936 videtur
1469 1893 1590 1951 quod
1613 1893 1800 1951 januam
1817 1891 1946 1950 regni
1974 1905 2076 1935 coe-

105 1957 230 2003 lestis
249 1958 492 2013 introisset,
514 1960 637 2019 quod
654 1969 809 2004 tamen
826 1959 924 2004 fieri
946 1974 1040 2004 non
1057 1960 1205 2019 potuit
1232 1970 1334 2003 ante
1357 1959 1620 2019 passionem
1644 1958 1839 2003 Christi:
1859 1958 2075 2003 Habemus

106 2027 216 2089 enim
236 2026 437 2089 fiduciam
458 2028 503 2071 in
529 2029 749 2072 introitum
780 2035 1020 2074 sanctorum
1038 2036 1119 2088 per
1147 2029 1392 2086 sanguinem
1419 2029 1518 2086 ejus,
1548 2036 1597 2070 ut
1623 2027 1784 2071 dicitur
1807 2026 1944 2071 Hebr.
1976 2039 2041 2071 10.
2062 2041 2073 2080 ;

106 2080 282 2142 &detur
313 2107 439 2154 ergo,
466 2095 587 2154 quod
615 2095 664 2139 Β.
693 2095 837 2155 Virgo
870 2109 964 2140 non
989 2095 1127 2140 fuerit
1157 2095 1453 2150 sanctificata,
1482 2105 1727 2154 antequam
1755 2109 1808 2139 ex
1840 2105 1969 2140 utero
2000 2108 2077 2138 na-

31 2156 70 2221 ἦ
107 2154 321 2205 §cei-etur.

123 2230 143 2235 ”
195 2231 237 2283 4.
264 2226 562 2279 ΡΒᾼῈΤΕΒΕΑ.
590 2229 837 2274 Peccatum
861 2229 1083 2289 originale
1103 2230 1387 2275 contrahitur
1414 2245 1468 2274 ex
1487 2229 1679 2289 origine,
1703 2231 1818 2274 sicut
1834 2239 2075 2289 peccatum

109 2288 284 2356 actuale
312 2309 367 2340 ex
393 2306 519 2340 actu:
547 2296 626 2340 sed
653 2297 871 2356 quamdiu
899 2296 1060 2357 aliquis
1089 2307 1156 2341 est
1181 2298 1227 2341 in
1255 2308 1358 2341 actu
1386 2297 1622 2357 peccandi,
1650 2311 1743 2341 non
1767 2307 1917 2356 potest
1935 2311 1960 2340 a
1977 2311 2080 2355 pec-

109 2360 212 2406 cato
239 2358 407 2406 actuali
432 2362 660 2418 mundari3
694 2378 803 2423 ergo
831 2365 970 2408 etiam
996 2379 1080 2408 nec
1109 2366 1248 2409 Beata
1275 2365 1419 2424 Virgo
1447 2380 1472 2409 a
1499 2363 1690 2424 peccato
1719 2363 1929 2423 originali
1951 2379 2080 2408 mun-

36 2423 79 2490 Ῐρρίζζ
95 2422 206 2484 ιἀείτί
230 2429 391 2488 potuit,
419 2430 529 2474 dum
556 2441 676 2475 esset
697 2432 845 2475 adhuc
872 2431 918 2475 in
944 2431 1044 2490 ipso
1074 2441 1175 2476 actu
1203 2432 1391 2490 originis
1410 2432 1455 2475 in
1483 2442 1690 2476 materno
1715 2442 1844 2476 utero
1869 2432 2079 2476 existens.

32 2496 36 2499 ξ
192 2493 288 2542 SED
307 2509 503 2542 CONTRA
522 2507 602 2552 est,
621 2499 743 2557 quod
756 2498 962 2543 Ecclesia
981 2499 1179 2544 celebrat
1195 2500 1480 2543 nativitatem
1500 2499 1548 2542 B.
1568 2498 1793 2557 Virginis:
1812 2513 1906 2543 non
1925 2508 2078 2543 autem

42 2554 364 2626 :Jcele'bratur
387 2563 554 2608 festum
585 2564 632 2609 in
660 2565 879 2621 Ecclesia,
902 2565 990 2610 nisi
1021 2581 1103 2625 pro
1132 2566 1285 2626 aliquo
1314 2566 1512 2620 Sancto;
1536 2580 1646 2625 ergo
1672 2567 1721 2609 B.
1744 2565 1889 2625 Virgo
1912 2566 1959 2610 in
1981 2567 2079 2625 ipsa

47 2629 194 2695 sua
217 2632 451 2676 nativitate
472 2631 554 2676 fuit
580 2643 766 2687 sancta3
799 2632 881 2677 fuit
908 2647 1017 2692 ergo
1041 2634 1087 2677 in
1114 2644 1244 2677 utero
1271 2633 1567 2678 sanctificata.

58 2696 95 2762 'J
200 2696 489 2744 RESPONDEO
524 2700 782 2755 dicendum,
816 2701 938 2759 quod
972 2701 1026 2745 de
1059 2700 1419 2745 sanctificatione
1453 2701 1502 2744 B.
1530 2697 1718 2754 Mariae,
1752 2699 1874 2759 quod
1905 2698 2080 2744 scilicet

42 2800 89 2827 x<
113 2759 246 2830 fuerit
269 2766 549 2811 sanctificata
576 2767 622 2810 in
650 2777 795 2821 utero,
821 2766 937 2811 nihil
963 2767 1010 2811 in
1049 2767 1280 2827 Scriptura
1308 2767 1531 2811 canonica
1562 2767 1766 2822 traditur,
1793 2781 1908 2827 quae
1941 2767 2078 2811 etiam

14 2891 15 2895 Ἰ
46 2829 91 2883 ρξ’
114 2842 210 2876 ΠΕΟ
225 2832 280 2877 de
307 2834 403 2891 ejus
427 2834 662 2879 nativitate
686 2835 969 2879 mentionem
992 2834 1122 2889 facit;
1149 2835 1266 2879 sicut
1292 2845 1446 2878 tamen
1473 2834 1667 2893 August.
1695 2834 1742 2878 in
1764 2849 1898 2879 serm.
1922 2835 1977 2878 de
2000 2834 2080 2877 As-

37 2907 85 2959 μζ
114 2895 371 2959 sumptione
397 2900 535 2960 ipsius
561 2901 760 2960 Virginis
787 2903 882 2961 (qui
908 2907 961 2946 est
987 2907 1108 2946 tract.
1142 2903 1182 2947 8.
1212 2901 1258 2946 de
1291 2903 1498 2955 Diversis,
1533 2909 1622 2961 cap.
1657 2917 1696 2946 2.
1729 2916 1771 2959 4.
1798 2908 1837 2946 et
1857 2903 1913 2960 5.)
1948 2901 2080 2944 ratio-

115 2958 322 3010 nabiliter
354 2976 708 3026 argumentatur,
742 2969 863 3027 quod
899 2983 1005 3012 cum
1045 2974 1236 3028 corpore
1274 2971 1330 3013 sit
1366 2979 1598 3028 assumpta
1635 2968 1680 3012 In
1717 2967 1898 3013 coelum
1935 2966 2079 3025 (quod

115 3038 270 3077 tamen
297 3032 528 3094 Scriptura
551 3048 644 3079 non
671 3036 846 3093 tradit),
872 3036 933 3080 ita
961 3035 1098 3107 etiarn
1121 3035 1449 3080 rationabiliter
1481 3037 1790 3094 argumentari
1821 3048 2079 3094 possumus,

117 3099 239 3162 quod
262 3098 396 3144 fuerit
421 3101 701 3147 sanctificata
726 3102 772 3146 in
799 3113 952 3156 utero;
981 3103 1308 3147 rationabiliter
1335 3103 1458 3147 enim
1486 3102 1696 3156 creditur,
1715 3102 1837 3160 quod
1863 3101 1940 3144 illa
1964 3115 2079 3159 quae

78 3171 90 3220 3
118 3164 272 3223 genuit
313 3165 576 3227 Unigenitum
613 3183 639 3213 a
671 3170 812 3224 Patre,
844 3170 1013 3229 plenum
1048 3172 1225 3228 gratiae,
1266 3177 1302 3215 et
1338 3171 1544 3224 veritatis,
1582 3183 1689 3226 prae
1726 3169 1937 3212 omnibus
1981 3167 2079 3212 aliis

73 3242 93 3289 ,ᾖ
119 3232 293 3290 majora
317 3233 552 3293 privilegia
580 3236 751 3294 gratiae
775 3237 1022 3295 acceperit:
1048 3236 1182 3291 unde,
1210 3247 1258 3280 ut
1283 3237 1448 3295 legitur
1468 3237 1577 3280 Luc.
1604 3250 1662 3279 1.:
1686 3235 1868 3293 Angelus
1888 3236 1925 3278 ei
1946 3233 2078 3280 dixu.-

119 3297 500 3363 Avegratiaplena
512 3316 529 3354 ,·
556 3302 813 3347 invenimus
841 3313 994 3362 autem
1021 3303 1291 3362 quibusdam
1319 3303 1417 3347 aliis
1443 3303 1534 3346 hoc
1553 3301 1841 3362 privilegium
1861 3315 1958 3345 esse
1977 3315 2082 3345 con-

86 3367 90 3389 s
121 3366 314 3429 cessum,
322 3377 373 3412 ut
383 3367 428 3411 in
440 3378 567 3414 utero
581 3366 990 3415 sanctificarentur:
1009 3370 1126 3414 sicut
1138 3370 1414 3424 Hieremiae,
1429 3370 1500 3413 cui
1518 3369 1687 3413 dictum
1706 3378 1771 3412 est
1784 3368 2080 3426 (Hierem.1.).·

78 3427 356 3491 JAnleq'uam
378 3434 508 3479 exires
539 3434 585 3479 de
605 3436 752 3490 vulva,
773 3437 1034 3495 sanctificavi
1055 3443 1120 3482 te:
1154 3447 1198 3481 et
1225 3438 1341 3481 sicut
1360 3436 1526 3494 Joanni
1553 3435 1797 3493 Baptistae,
1825 3434 1880 3478 de
1899 3448 1990 3494 quo
2015 3434 2081 3479 di-

23 3545 76 3573 3:
122 3504 247 3566 ctum
272 3509 340 3544 est
358 3500 474 3563 Luc.
506 3515 562 3545 1.:
591 3502 754 3562 Spiritu
790 3503 946 3548 Sancto
979 3505 1205 3564 replebitur
1237 3505 1368 3548 adhuc
1395 3519 1444 3547 ex
1471 3508 1586 3547 utero
1620 3504 1768 3546 matris
1797 3516 1925 3547 suae:
1959 3502 2079 3547 unde

20 3571 93 3631 ,ἢ
123 3563 448 3631 rationabiliter
473 3567 680 3622 creditur,
707 3569 830 3628 quod
856 3569 906 3613 B.
932 3568 1077 3629 Virgo
1105 3569 1385 3615 sanctificata
1411 3569 1558 3622 fuerit,
1586 3579 1830 3628 antequam
1864 3583 1918 3613 ex
1949 3580 2079 3614 utero

27 3649 67 3673 z
123 3627 395 3677 nasteretur.
