2352 3926
622 209 898 257 omma-to
937 209 1102 249 Lxxx.
1143 207 1452 249 unctum
1492 207 1547 247 x.
1954 208 2057 263 735

99 311 218 358 sicut
257 310 383 356 cibus
424 310 677 371 corporalis
709 311 913 371 quotidie
954 311 1170 366 sumitur;
1203 311 1265 356 ita
1305 320 1351 356 et
1374 310 1466 355 hoc
1493 318 1833 355 sacramentum
1859 308 2062 369 quotidie

98 392 279 425 sumere
304 377 530 423 laudabile
557 389 653 424 est:
688 378 807 423 unde
839 379 1068 423 Dominus
1103 378 1213 423 Luc.
1242 391 1309 424 11.
1331 377 1467 423 docet
1491 387 1665 437 petere:
1694 377 1852 423 Panem
1877 382 2063 421 nostrum

96 445 388 506 quotidianum
410 444 463 490 da
489 447 606 491 nobis
622 446 754 499 hodie,
782 446 829 489 in
844 446 972 504 cujus
998 444 1284 504 expositione
1300 444 1494 504 August.
1523 444 1631 489 dicit
1655 444 1703 489 in
1725 443 1801 488 lib.
1821 443 1876 488 de
1899 443 2062 488 Verbis

98 512 290 557 Domini
323 513 422 571 (loc.
453 521 544 573 sup.
578 515 704 569 cit.).·
742 529 765 554 «
792 513 842 557 Si
865 513 1065 572 quotidie
1108 512 1277 571 accipis
1322 511 1519 570 (scilicet
1560 512 1650 555 hoc
1684 511 2062 568 sacramentum),

0 623 5 635 ,
42 589 50 596 ·
97 579 300 639 quotidie
342 579 423 624 tibi
459 589 527 624 est
563 579 716 633 hodie,
756 579 837 623 tibi
879 579 1082 638 quotidie
1124 577 1335 623 Christus
1380 579 1598 638 resurgit;
1639 577 1778 622 hodie
1819 578 1942 623 enim
1981 586 2063 632 est,

96 646 282 706 quando
310 646 521 691 Christus
553 646 746 704 resurgit
772 663 813 689 ».

184 714 261 759 AD
278 727 538 759 SECUNDUM
565 713 822 766 dicendum,
848 713 969 772 quod
995 727 1137 771 agnus
1159 712 1385 772 paschalis
1402 713 1643 772 praecipue
1661 711 1744 757 fuit
1760 712 1905 772 figura
1926 712 2063 771 hujus

97 782 388 835 sacramenti,
415 791 636 840 quantum
665 781 719 824 ad
746 780 1009 839 passionem
1036 779 1223 833 Christi,
1250 794 1367 838 quae
1392 789 1757 838 repraesentatur
1782 794 1862 839 per
1883 780 1975 824 hoc
1996 794 2065 824 sa-

97 858 409 904 cramentum3
437 859 481 893 et
505 849 610 892 ideo
638 847 782 892 semel
806 858 985 892 tantum
1011 848 1053 890 in
1084 861 1204 891 anno
1231 847 1507 902 sumebatur,
1545 847 1650 906 quia
1678 846 1890 892 Christus
1919 846 2062 893 semel

96 925 304 961 mormus
321 926 409 970 est;
433 925 479 960 et
505 925 689 975 propter
705 915 795 959 hoc
813 914 953 959 etiam
969 913 1176 958 Ecclesia
1195 913 1393 958 celebrat
1410 914 1554 959 semel
1575 916 1620 958 in
1643 929 1764 960 anno
1787 915 2063 960 memoriam

95 983 320 1042 passionis
348 982 545 1028 Christi:
567 982 649 1028 sed
673 983 721 1026 in
742 982 832 1026 hoc
860 990 1148 1026 sacramento
1174 981 1365 1025 traditur
1390 981 1521 1025 nobis
1549 982 1819 1027 memoriale
1837 982 2061 1041 passionis

98 1049 271 1095 Christi
290 1063 371 1110 per
395 1050 588 1094 modum
616 1049 717 1103 cibi,
744 1049 822 1109 qui
847 1048 1051 1108 quotidie
1074 1049 1280 1103 sumitur,
1299 1058 1343 1093 et
1358 1047 1463 1092 ideo
1482 1059 1704 1107 quantum
1731 1049 1787 1093 ad
1812 1050 1903 1094 hoc
1929 1050 2064 1110 signi-

95 1114 256 1162 ficatur
281 1130 360 1176 per
386 1131 570 1170 manna,
598 1116 718 1176 quod
747 1116 949 1175 quotidie
976 1115 1166 1160 dabatur
1191 1114 1363 1174 populo
1386 1115 1433 1159 in
1459 1115 1653 1161 deserto.

185 1182 262 1230 AD
289 1196 504 1229 TER'HUM
531 1183 791 1237 dicendum,
818 1183 940 1242 quod
966 1182 1221 1227 reverentia
1239 1183 1380 1241 ,hujus
1398 1183 1674 1227 sacramenti
1692 1183 1831 1228 habet
1845 1183 2062 1229 timorem

30 1261 35 1266 '
97 1251 247 1296 amori
273 1253 586 1311 conjunctum,
612 1251 732 1295 unde
753 1251 894 1295 timor
918 1250 1200 1295 reverentiae
1227 1250 1284 1294 ad
1308 1250 1463 1294 Deum
1489 1250 1653 1295 dicitur
1674 1252 1813 1295 timor
1833 1250 1997 1306 filialis,
2013 1260 2064 1296 ut

1 2627 23 2847 ἒ,

4 2848 27 3045 ἓ

11 3200 26 3243 Ξ

11 3244 25 3318 Ξ

14 3320 29 3365 ς’,

19 3886 31 3902 §.⁴¹

20 3907 37 3926 ᾗ

95 1318 144 1363 in
169 1330 211 1363 2.
237 1318 412 1364 dictum
435 1328 506 1364 est
530 1319 632 1377 (1-2.
654 1334 694 1378 q.
723 1319 792 1379 67.
819 1325 903 1364 art.
929 1332 971 1376 4.
999 1317 1054 1363 ad
1077 1333 1118 1364 2.
1144 1324 1182 1363 et
1205 1333 1294 1364 2-2.
1321 1334 1360 1378 q.
1387 1318 1477 1378 19.)
1487 1333 1504 1371 ,·
1539 1332 1593 1363 ex
1622 1333 1780 1363 amore
1808 1319 1932 1363 enim
1963 1333 2064 1378 pro-

93 1395 286 1430 vocatur
311 1385 584 1431 desiderium
603 1386 828 1440 sumendi,
856 1401 910 1430 ex
934 1386 1099 1430 timore
1118 1395 1272 1430 autem
1295 1386 1531 1445 consurgit
1551 1385 1785 1431 humilitas
1811 1386 2062 1432 reverendi.

94 1452 152 1498 Et
184 1452 291 1500 ideo
332 1463 576 1512 utrumque
602 1453 796 1513 pertinet
823 1453 878 1497 ad
904 1453 1206 1497 reverentiam
1231 1452 1367 1512 huius
1398 1454 1689 1508 sacramenti,
1722 1464 1768 1498 et
1798 1453 1922 1513 quod
1954 1467 2064 1514 quo-

92 1519 202 1567 tidie
224 1531 444 1575 sumatur,
471 1532 517 1565 et
538 1521 662 1580 quod
691 1520 936 1580 aliquando
960 1520 1261 1574 abstineatur3
1294 1520 1412 1565 unde
1441 1520 1635 1579 August.
1665 1521 1773 1566 dicit
1805 1522 1944 1581 (epist.
1972 1523 2062 1568 118.

94 1595 185 1647 cap.
207 1589 265 1648 3.)
281 1604 295 1633 .-
325 1603 349 1629 «
371 1587 420 1632 Si
445 1587 607 1632 dixerit
632 1589 874 1647 quispiam,
900 1601 994 1632 non
1017 1587 1220 1647 quotidie
1244 1587 1559 1647 accipiendam
1579 1587 1929 1644 Eucharistiam‚
1947 1587 2062 1633 alius

95 1663 269 1709 contra,
294 1653 431 1700 faciat
455 1655 763 1714 unusquisque
788 1655 912 1714 quod
939 1654 1193 1700 secundum
1219 1654 1358 1699 fidem
1384 1669 1514 1699 suam
1531 1656 1603 1715 pie
1622 1655 1764 1700 credit
1781 1670 1879 1700 esse
1896 1655 2064 1700 facien-

95 1722 227 1777 dum;
243 1736 392 1782 neque
418 1723 542 1767 enim
567 1722 860 1782 litigaverunt
885 1723 1001 1766 inter
1027 1737 1074 1766 se
1102 1722 1350 1776 Zachaeus,
1378 1732 1422 1767 et
1447 1721 1524 1767 ille
1553 1723 1789 1777 Centurio,
1816 1722 2063 1768 cum‘alter

96 1803 258 1834 eorum
284 1789 486 1849 gaudens
513 1790 710 1849 suscepit
734 1790 1006 1843 Dominum,
1034 1789 1146 1833 alter
1172 1789 1303 1833 dixit:
1328 1790 1427 1834 Non
1450 1805 1542 1834 sum
1575 1790 1734 1849 dignus,
1766 1797 1812 1836 ut
1835 1791 1965 1835 intres
1987 1792 2060 1836 sub

97 1862 245 1902 tectum
268 1872 422 1912 meum,
457 1857 594 1902 ambo
629 1857 918 1902 Salvatorem
949 1856 1322 1912 honorificantes,
1359 1858 1568 1916 quamvis
1604 1872 1698 1902 non
1734 1873 1827 1903 uno
1864 1858 2058 1902 modo».

94 1923 243 1968 Amor
268 1933 437 1978 tamen,
463 1934 508 1969 et
533 1939 650 1984 spes,
679 1925 735 1968 ad
762 1938 878 1984 quae
904 1938 1085 1982 semper
1113 1924 1344 1983 Scriptura
1371 1939 1456 1968 nos
1482 1935 1718 1984 provocat,
1745 1924 2060 1984 praeferuntur

91 1989 270 2046 timori;
297 1990 415 2035 unde
442 2001 488 2036 et
518 2006 624 2036 cum
650 1992 809 2036 Petrus
837 1991 1044 2036 dixisset:
1070 1992 1158 2036 Exi
1178 2006 1205 2036 a
1237 1999 1317 2045 me‘,
1350 1992 1550 2046 Domine,
1583 1994 1685 2051 quia
1710 1993 1832 2037 homo
1863 1999 2059 2053 peccator

90 2071 197 2112 snm,
219 2058 454 2118 respondit
473 2058 626 2116 Jesus:
653 2060 756 2104 Noli
783 2061 939 2104 timere.

180 2124 258 2170 An
283 2138 523 2175 QUARTUM
550 2126 810 2181 dicendum,
837 2125 959 2185 quod
986 2127 1091 2185 quia
1116 2125 1347 2170 Dominus
1378 2126 1487 2171 dicit
1521 2125 1646 2184 (Luc.
1672 2128 1782 2185 11.).·
1810 2128 1965 2172 Panem
1990 2141 2061 2173 no-

90 2197 223 2236 strum
248 2192 538 2251 quotidianum
563 2192 617 2237 da
642 2195 760 2238 nobis
784 2193 916 2247 hodie,
950 2207 1044 2237 non
1071 2204 1137 2238 est
1163 2193 1367 2252 pluries
1355 2208 1402 2237 m
1430 2193 1502 2239 die
1530 2194 1984 2249 communicandum,
2011 2205 2061 2240 ut

92 2257 254 2305 saltem
281 2273 361 2336 per
384 2259 475 2304 hoc
498 2260 620 2319 quod
647 2260 811 2320 aliquis
837 2259 1017 2305 semel
1006 2276 1052 2305 m
1077 2261 1151 2306 die
1179 2261 1507 2317 communicat,
1529 2272 1894 2321 repraesentetur
1910 2262 2059 2309 unitas

93 2326 318 2386 passionis
346 2327 531 2373 Christi.

180 2393 258 2440 AD
277 2407 499 2445 QUINTUM
513 2394 772 2450 dicendum,
785 2395 908 2455 quod
925 2397 1177 2441 secundum
1195 2396 1426 2441 diversum
1444 2370 1614 2442 statum
1630 2396 1864 2442 Ecclesiae
1882 2397 2060 2443 diversa

94 2460 216 2506 circa
240 2460 331 2507 hoc
358 2471 523 2507 statuta
549 2473 892 2508 emanaverunt.
925 2464 1047 2508 Nam
1086 2464 1134 2508 in
1170 2464 1400 2523 primitiva
1430 2464 1653 2520 Ecclesia,
1679 2465 1863 2524 quando
1890 2480 2060 2524 magna

6 2558 13 2582 z
90 2526 274 2586 vigebat
298 2527 482 2574 devotio
509 2529 614 2574 fidei
646 2529 935 2585 christianae,
967 2541 1186 2576 statutum
1216 2530 1314 2586 fuit,
1348 2541 1397 2575 ut
1428 2532 1632 2590 quotidie
1658 2531 1816 2577 fideles
1853 2547 2061 2576 commu-

91 2593 320 2649 nicarent3
336 2595 455 2640 unde
480 2596 731 2642 Anacletus
756 2612 872 2656 papa
900 2598 1031 2658 (epist.
1064 2611 1103 2643 1.
1119 2601 1163 2643 in
1181 2598 1285 2643 med.
1317 2599 1476 2645 Concil.
1493 2606 1532 2645 et
1549 2600 1644 2644 hab.
1668 2609 1761 2660 cap.
1778 2616 1843 2647 ιο.
1860 2601 1927 2646 De
1951 2600 2060 2646 Con-

90 2667 236 2707 sacrat.
260 2662 375 2707 Dist.
401 2661 465 2719 2.)
492 2662 627 2708 dicit:
658 2679 682 2704 α
698 2664 890 2709 Peracta
917 2666 1278 2721 consecratione,
1304 2680 1467 2712 omnes
1494 2668 1854 2722 communicant,
1876 2668 1954 2726 qui
1978 2682 2059 2713 no-

11 2727 22 2789 ¹.
90 2726 256 2771 luerint
273 2727 591 2774 ecclesiasticis
608 2744 762 2775 carere
780 2730 1031 2787 liminibus;
1049 2732 1113 2777 sic
1132 2733 1254 2777 enim
1273 2743 1317 2777 et
1339 2733 1536 2793 apostoli
1553 2743 1818 2788 statuerunt,
1841 2743 1885 2778 et
1899 2744 2057 2779 sancta

24 2826 27 2833 „
90 2793 304 2839 Romana
328 2804 454 2840 tenet
475 2794 680 2841 Ecclesia
697 2814 739 2841 ».
766 2797 1071 2844 Postmodum
1096 2814 1223 2854 vero,
1249 2800 1475 2848 diminuto
1495 2801 1600 2845 fidei
1617 2800 1810 2854 fervore,
1828 2800 2055 2847 Fabianus

91 2874 209 2920 papa
230 2860 410 2919 (decreto
437 2876 474 2921 7.
504 2861 665 2908 Concil.
691 2870 728 2909 et
752 2864 846 2909 hab.
874 2874 964 2925 cap.
982 2866 1048 2912 16.
1071 2867 1138 2911 De
1163 2867 1355 2912 Consecr.
1379 2869 1489 2913 Dist.
1507 2869 1572 2926 2.)
1588 2867 1773 2913 indulsit
1797 2877 1883 2913 «ut
1899 2869 1939 2912 si
1959 2866 2054 2914 non

90 2926 383 2987 frequentius,
409 2928 573 2973 saltem
598 2939 666 2974 ter
691 2931 737 2975 in
764 2945 885 2976 anno
912 2946 1075 2979 omnes
1093 2934 1452 2989 communicent,
1471 2935 1643 2979 scilicet
1660 2935 1707 2978 in
1729 2934 1922 2988 Pascha,
1943 2935 2056 2980 Pen-

15 3024 17 3026 -
89 3004 279 3074 tecoste,
307 3006 350 3043 et
381 2996 535 3041 Natali
561 2997 811 3042 Domini».
831 2999 966 3045 Soter
992 3001 1131 3045 etiam
1157 3016 1273 3060 papa
1301 3002 1430 3058 (decr.
1451 3016 1492 3059 4.
1517 3001 1698 3059 Concil.)
1718 3001 1764 3044 in
1783 3000 1944 3046 Coena
1961 3003 2056 3047 Do·

90 3063 203 3110 mini
227 3063 336 3108 dicit
361 3078 459 3108 esse
489 3065 940 3121 communicandum,
966 3077 1015 3111 ut
1039 3068 1258 3113 habetur
1248 3083 1293 3112 m
1311 3070 1493 3113 Decret.
1513 3069 1583 3112 De
1605 3068 1823 3113 Consecr.
1850 3068 1983 3125 (Dist.
2009 3084 2053 3115 2.

89 3136 180 3189 cap.
214 3144 276 3189 17.
279 3131 314 3183 ).
348 3130 653 3175 Postmodum
687 3142 870 3191 propter
901 3134 1147 3193 iniquitatis
1181 3136 1520 3188 abundantiam,
1553 3134 1874 3193 refrigescente
1908 3135 2051 3180 chari-

88 3204 180 3241 tate
215 3196 480 3251 multorum,
513 3198 669 3243 statuit
701 3199 994 3245 Innocentius
1026 3201 1202 3259 111.(1·n
1241 3203 1401 3248 concil.
1429 3203 1633 3246 Lateran.
1658 3216 1700 3258 4.
1738 3209 1828 3261 cap.
1864 3204 1971 3260 21),
2006 3212 2056 3247 ut

88 3261 252 3307 saltem
278 3263 457 3308 semel'
448 3279 493 3308 1n
522 3278 658 3318 ann0,
695 3265 910 3309 scilicet
900 3281 946 3310 m
983 3268 1175 3322 Pascha,
1211 3268 1367 3313 fideles
1401 3268 1758 3313 communicent.
1783 3268 2053 3314 Consulitur

88 3339 243 3374 tamen
267 3330 314 3375 in
340 3330 416 3375 lib.
444 3331 499 3375 de
527 3331 859 3376 Ecclesiasticis
884 3333 1191 3392 Dogmatibus
1218 3337 1330 3395 (cap.
1348 3351 1406 3395 53.
1433 3337 1541 3380 inter
1566 3343 1635 3395 op.
1667 3335 1804 3394 Aug.)
1836 3337 2052 3383 omnibus

89 3396 246 3442 diebus
269 3397 528 3443 Dominicis
554 3412 652 3444 esse
681 3401 1130 3447 communicandum.
