2352 3926
268 192 377 261 634
770 202 1051 249 Quasss'rro
1090 202 1261 242 Lxxn.
1302 174 1611 242 Ait-rmums
1648 202 1726 246 xi.

268 373 603 432 prohibuimus;
632 380 676 414 et
699 385 784 414 nos
818 371 1003 429 quidem
1036 371 1286 414 secundum
1313 380 1516 414 veterem
1540 385 1673 414 usum
1703 380 1887 414 nostrae
1911 369 2147 421 Ecclesiae
2165 369 2229 414 fe—

269 441 436 493 cimus;
463 438 541 482 sed
568 438 606 481 si
633 438 824 481 omnino
849 437 937 481 hac
966 438 1020 482 de
1047 451 1095 481 re
1122 437 1263 496 aliqui
1284 438 1621 492 contristantur,
1649 437 1723 480 ubi
1752 437 1958 496 episcopi
1982 437 2160 492 desunt,
2178 446 2228 481 ut

265 506 516 565 presbyteri
548 505 685 548 etiam
716 504 763 547 in
788 503 1013 548 frontibus
1043 505 1294 563 baptizatos
1330 505 1574 548 chrismate
1599 514 1787 563 tangere
1826 504 2034 559 debeant,
2067 517 2229 548 conce-

269 574 417 616 dimus
443 586 493 615 »t
522 572 599 615 sed
626 570 752 624 illud,
779 571 902 629 quod
929 571 1123 630 pertinet
1154 572 1209 615 ad
1242 571 1562 615 necessitatem
1595 581 2003 625 sacramentorum,
2035 584 2131 615 non
2162 581 2230 615 est

267 649 450 698 propter
470 638 707 682 vitandum
740 637 1010 682 scandalum
1041 638 1405 692 immutandum;
1439 652 1549 697 ergo
1581 639 1773 693 videtur,
1805 637 1928 697 quod
1958 640 2055 683 non
2085 637 2144 682 sit
2173 637 2229 682 de

266 707 536 750 necessitate
562 706 697 764 hujus
724 706 1015 760 sacramenti,
1039 707 1161 764 quod
1186 706 1238 749 ab
1267 706 1486 765 episcopo
1516 704 1791 750 conferatur.

357 786 397 817 2.
430 773 729 819 PRAETEREA.
759 773 1110 817 Sacramentum
1142 773 1357 832 baptismi
1387 773 1564 816 videtur
1595 773 1782 831 maioris
1813 771 2062 827 efficaciae,
2091 784 2230 831 quam

266 850 604 885 sacramentum
633 839 1023 894 confirmationis;
1050 841 1157 899 quia
1181 854 1261 898 per
1287 840 1565 899 baptismum
1590 839 1641 883 fit
1670 839 1805 898 plena
1828 839 2038 888 remissio
2074 852 2233 898 pecca-

268 918 436 962 torum,
465 917 509 951 et
530 917 752 966 quantum
779 907 835 951 ad
864 907 1063 966 culpam,
1088 917 1134 952 et
1154 917 1375 966 quantum
1403 908 1458 951 ad
1481 921 1696 966 poenam,
1723 907 1846 965 quod
1870 921 1967 951 non
1991 906 2043 952 fit
2061 906 2109 951 in
2138 905 2231 951 hoc

267 984 580 1019 sacramento:
603 974 682 1018 sed
708 974 901 1033 simplex
924 974 1139 1019 sacerdos
1166 988 1220 1018 ex
1247 989 1330 1018 suo
1358 974 1512 1018 officio
1534 984 1683 1033 potest
1698 975 1874 1018 tradere
1891 974 2230 1019 sacramentum

264 1041 493 1101 baptismi,
519 1051 564 1085 et
577 1041 625 1084 in
642 1041 911 1086 necessitate
930 1041 1119 1100 quilibet
1139 1042 1277 1085 etiam
1298 1055 1392 1085 non
1411 1041 1644 1085 ordinatus
1666 1050 1816 1100 potest
1839 1041 2090 1100 baptizare3
2117 1052 2229 1100 ergo

265 1122 361 1154 non
389 1118 457 1153 est
482 1108 539 1152 de
560 1108 831 1153 necessitate
857 1108 991 1166 hujus
1016 1109 1307 1162 sacramenti,
1333 1109 1456 1167 quod
1485 1109 1538 1151 ab
1567 1109 1784 1168 episcopo
1808 1107 2080 1153 conferatur.

361 1189 399 1234 3.
426 1175 726 1220 PRAETEREA.
745 1175 996 1219 Summitas
1014 1175 1188 1234 capitis,
1207 1175 1284 1218 ubi
1299 1175 1552 1219 secundum
1570 1176 1776 1219 medicos
1797 1185 1866 1220 est
1879 1174 2008 1220 locus
2024 1174 2229 1230 rationis,

267 1242 443 1287 scilicet
466 1241 764 1301 particularis,
791 1256 907 1301 quae
936 1242 1098 1286 dicitur
1118 1242 1259 1286 virtus
1287 1242 1548 1300 cogitativa,
1575 1251 1642 1286 est
1662 1241 1861 1286 nobilior
1883 1241 2048 1296 fronte,
2069 1241 2147 1286 ubi
2162 1251 2232 1286 est
2322 1293 2333 1303 „

267 1309 397 1354 locus
422 1309 746 1368 imaginativae
778 1309 979 1353 virtutis:
1014 1310 1093 1353 sed
1125 1308 1319 1368 simplex
1351 1310 1564 1353 sacerdos
1594 1319 1745 1367 potest
1773 1309 2027 1368 baptizatos
2058 1321 2230 1367 ungere
2284 1362 2288 1365 .
2329 1312 2336 1340 5

265 1377 512 1422 chrismate
543 1377 590 1423 in
621 1377 816 1430 vertice,-
859 1390 971 1435 ergo
1003 1376 1150 1420 multo
1192 1376 1340 1434 magis
1371 1385 1523 1435 potest
1552 1379 1644 1420 eos'
1675 1375 1921 1420 chrismate
1961 1375 2143 1434 signare
2173 1374 2222 1419 in

264 1443 438 1498 fronte3
465 1443 588 1503 quod
613 1445 807 1502 pertinet
833 1443 889 1487 ad
915 1444 1007 1487 hoc
1033 1452 1387 1488 sacramentum.

356 1511 451 1556 SED
479 1523 675 1556 CONTRA
699 1521 780 1565 est,
807 1511 930 1570 quod
952 1510 1173 1555 Eusebius
1199 1525 1317 1570 papa
1344 1510 1452 1554 dicit
1479 1510 1560 1572 (ep.
1572 1526 1608 1570 3.
1632 1510 1796 1569 cir.fin.
1822 1509 1984 1555 Concil.
2001 1516 2041 1555 ct
2052 1509 2232 1555 habetur

267 1586 358 1638 cap.
384 1592 427 1635 4.
460 1579 528 1623 De
562 1577 803 1623 Consecrat.
836 1579 948 1622 Dist.
976 1578 1062 1637 5.):
1099 1593 1123 1619 «
1154 1578 1319 1622 Manus
1350 1577 1656 1637 impositionis
1689 1586 2028 1622 sacramentum
2059 1589 2231 1636 magna

263 1645 558 1690 veneratione
589 1645 839 1690 tenendum
865 1654 946 1699 est,
972 1645 1095 1704 quod
1128 1646 1181 1689 ab
1217 1645 1318 1689 aliis
1347 1645 1502 1703 perfici
1533 1659 1628 1689 non
1659 1654 1824 1703 potest,
1857 1643 1946 1688 nisi
1976 1658 2003 1688 a
2033 1643 2228 1688 summis

265 1712 598 1757 sacerdotibus:
640 1727 725 1757 nec
764 1722 974 1772 tempore
1011 1711 1327 1772 apostolorum
1359 1713 1413 1756 ab
1447 1711 1560 1767 aliis,
1593 1725 1732 1772 quam
1764 1712 1818 1756 ab
1850 1711 1961 1771 ipsis
1992 1709 2227 1771 apostolis,

266 1779 446 1838 legitur,
474 1789 551 1824 aut
575 1780 714 1824 scitur
738 1790 976 1840 peractum
1003 1794 1124 1824 esse:
1142 1794 1228 1824 nec
1246 1780 1300 1824 ab
1325 1779 1438 1834 aliis,
1456 1794 1595 1839 quam
1612 1779 1689 1839 qui
1706 1793 1868 1824 eorum
1883 1777 2042 1823 locum
2056 1787 2228 1833 tenent,

266 1861 469 1906 unquam
495 1846 652 1906 perfici
675 1857 842 1905 potest,
869 1857 946 1891 aut
970 1846 1068 1891 fieri
1094 1847 1250 1902 debet;
1276 1862 1385 1891 nam
1410 1847 1450 1891 si
1471 1846 1601 1891 aliter
1626 1854 1971 1905 praesumptum
1995 1844 2146 1900 fuerit,
2177 1844 2232 1890 ir-

266 1914 404 1958 ritum
430 1914 664 1971 habeatur,
688 1924 734 1959 et
763 1929 976 1968 vacuum,
1018 1928 1103 1958 nec
1135 1915 1252 1959 inter
1279 1914 1589 1959 ecclesiastica
1621 1927 1824 1972 unquam
1857 1912 2141 1972 reputabitur
2166 1925 2233 1957 sa·

266 1991 499 2026 eramenta
525 1997 572 2027 »z
602 1992 670 2026 est
690 1981 828 2041 igitur
858 1982 915 2026 de
946 1982 1217 2026 necessitate
1248 1982 1384 2040 huius
1415 1981 1703 2041 sacramenti,
1737 1979 1859 2039 quod
1894 1980 2059 2024 dicitur
2088 1993 2234 2025 sacra·

265 2059 472 2092 mentum
499 2063 661 2094 manus
689 2050 1010 2108 impositionis,
1037 2050 1159 2108 quod
1187 2049 1241 2094 ab
1265 2051 1483 2108 episcopo
1510 2048 1724 2093 tradatur.
2303 2090 2307 2093 ,

352 2116 641 2161 RESPONDEO
665 2117 924 2171 dicendum,
957 2116 1081 2176 quod
1105 2116 1152 2160 in
1185 2117 1389 2176 quolibet
1420 2129 1559 2175 opere
1591 2115 1752 2159 ultima
1786 2113 2128 2159 consummatio
2157 2126 2232 2159 su-
2299 2110 2319 2162 {²

267 306 427 352 lizatos
462 283 615 358 fuisse,
656 304 778 363 quod
811 303 1099 363 presbyteros
1134 303 1378 348 chrismate
1409 313 1598 361 tangere
1630 317 1726 357 eos,
1756 303 1837 362 qui
1863 303 2080 363 baptizati
2107 312 2225 358 sunt,
2326 335 2352 403 ἐ

2334 463 2352 540 ἐ

264 2198 450 2242 premae
478 2185 576 2239 arti,
605 2194 683 2228 aut
705 2185 861 2229 virtuti
885 2195 1163 2240 reservatur3
1191 2185 1307 2229 sicut
1332 2184 1618 2243 praeparatio
1646 2182 2082 2242 materiaepertinet
2096 2182 2152 2227 ad
2168 2182 2235 2226 in·
2314 2221 2318 2238 3

263 2249 452 2295 feriores
479 2250 687 2305 artifices,
715 2252 921 2311 superior
946 2262 1101 2296 autem
1127 2252 1204 2296 dat
1228 2251 1452 2295 formam:
1480 2263 1719 2310 supremus
1745 2259 1899 2294 autern
1920 2259 2002 2304 est,
2019 2249 2078 2293 ad
2092 2261 2230 2315 quem
2294 2270 2320 2306 3,

261 2318 456 2377 pertinet
480 2332 602 2373 usus,
628 2320 704 2378 qui
731 2329 798 2363 est
821 2319 925 2364 finis
949 2319 1308 2374 artificiatorum,
1335 2319 1456 2363 unde
1483 2316 1690 2377 epistola,
1727 2330 1844 2376 quae
1871 2331 1897 2361 a
1922 2317 2105 2361 notario
2126 2317 2232 2362 scri·
2296 2317 2303 2363 j

260 2385 393 2439 bitur,
420 2399 444 2429 a
471 2385 662 2430 domino
690 2400 806 2445 papa
828 2386 1044 2445 signatur.
1067 2386 1244 2431 Fideles
1262 2396 1414 2430 autem
1435 2384 1608 2430 Christi
1639 2394 1743 2428 sunt
1767 2383 2002 2443 quoddam
2023 2383 2230 2428 divinum

263 2466 393 2512 opus,
416 2452 670 2497 secundum
700 2452 812 2497 illud
851 2467 886 2498 1.
921 2453 1131 2497 Corinth.
1169 2468 1232 2511 3.:
1267 2454 1350 2497 Dei
1380 2452 1612 2511 aedificatio
1643 2453 1734 2496 estis
1742 2466 1758 2504 ,·
1792 2461 1897 2495 sunt
1927 2451 2067 2496 etiam
2097 2451 2230 2511 quasi

263 2519 490 2579 quaedam
515 2519 687 2579 epistola
710 2521 862 2579 spiritu
883 2521 968 2564 Dei
996 2522 1171 2579 scripta,
1199 2519 1317 2564 sicut
1347 2518 1511 2562 dicitur
1543 2530 1583 2561 2.
1618 2517 1830 2562 Corinth.
1868 2531 1905 2577 3.
1938 2517 2041 2562 Hoc
2075 2527 2230 2567 autem

264 2586 628 2631 confirmationis
662 2597 1002 2630 sacramentum
1029 2597 1096 2630 est
1121 2587 1250 2645 quasi
1281 2585 1443 2629 ultima
1476 2586 1815 2628 consummatio
1848 2585 2125 2630 sacramenti
2154 2584 2229 2630 δἐι-

262 2653 441 2714 ptismi3
465 2653 529 2698 ita
554 2652 729 2698 scilicet
755 2654 877 2712 quod
911 2667 991 2711 per
1022 2653 1297 2711 baptismum
1331 2651 1594 2698 aedificatur
1624 2651 1770 2696 homo
1802 2652 1849 2695 in
1882 2651 2075 2696 domum
2105 2651 2230 2712 spiri·
2290 2656 2301 2684 ἵ·

261 2720 448 2775 malem,
461 2729 505 2765 et
520 2720 820 2766 conscribitur
831 2720 960 2779 quasi
977 2720 1203 2779 quaedam
1217 2719 1461 2779 spiritualis
1479 2718 1690 2778 epistola:
1711 2719 1790 2763 sed
1799 2728 2230 2779 persacramentum
2259 2745 2262 2748 ·

263 2787 639 2842 confirmationis,
666 2787 794 2847 quasi
821 2788 986 2831 domus
1014 2786 1265 2841 aedificata,
1283 2787 1518 2830 dedicatur
1533 2786 1578 2829 in
1601 2785 1825 2844 templum
1843 2785 2038 2845 Spiritus
2054 2784 2229 2842 Sanctij

262 2863 306 2900 et
332 2855 462 2914 quasi
486 2854 678 2914 epistola
701 2856 961 2912 conscripta
988 2854 1190 2912 signatur
1217 2854 1349 2911 signo
1378 2853 1549 2907 crucis;
1578 2863 1622 2897 et
1647 2853 1751 2897 ideo
1779 2852 1966 2899 collatio
1999 2853 2132 2912 huius
2162 2866 2231 2898 sa·
2330 2845 2334 2849 ⁴

262 2922 483 2966 eramenti
511 2921 737 2999 episcopis
763 2930 1031 2975 reservatur,
1054 2921 1132 2996 qui
1158 2921 1362 2966 obtinent
1386 2934 1617 2965 summam
1644 2930 1918 2979 potestatem
1934 2921 1982 2965 in
1998 2919 2227 2975 Ecclesia;

259 2989 378 3033 sicut
403 2999 447 3034 et
472 2989 518 3033 in
545 2988 773 3048 primitiva
799 2986 1005 3032 Ecclesia
1023 3001 1102 3046 per
1119 2987 1464 3045 impositionem
1488 3001 1650 3031 manus
1669 2986 2000 3047 apostolorum,
2027 3000 2224 3047 quorum

259 3056 409 3101 vicem
438 3066 601 3116 gerunt
627 3055 844 3116 episcopi,
872 3054 1105 3114 plenitudo
1135 3054 1326 3113 Spiritus
1352 3055 1509 3099 Sancti
1536 3055 1739 3109 dabatur,
1757 3064 1806 3100 ut
1832 3054 2026 3104 habetur
2052 3053 2166 3105 Act.
2180 3052 2263 3110 8

261 3123 395 3167 Unde
422 3123 635 3168 Urbanus
661 3122 692 3166 Ι.
722 3137 839 3182 papa
865 3121 975 3166 dicit
1003 3121 1066 3178 (in
1092 3122 1206 3180 epist.
1234 3121 1287 3166 ad
1314 3137 1450 3166 omnes
1467 3121 1607 3180 fideles
1629 3123 1744 3167 circa
1758 3122 1840 3181 fin.
1858 3118 2019 3167 Concil.
2045 3127 2084 3166 et
2107 3114 2285 3174 hab-⁶0²³

261 3196 329 3235 tur
365 3199 456 3250 cap.
483 3206 517 3236 r.
535 3191 603 3235 De
632 3191 870 3236 Consecrat.
899 3190 1008 3234 Dist.
1030 3203 1054 3247 5
1058 3188 1115 3246 .):
1148 3205 1171 3229 «
1197 3188 1376 3234 Omnes
1400 3188 1555 3234 fideles
1592 3203 1672 3249 per
1694 3202 1858 3234 manus
1878 3181 2276 3251 impositionem

260 3258 597 3318 episcoporum,
622 3257 842 3334 Spiritum
880 3256 1101 3302 Sanctum
1127 3266 1232 3314 post
1263 3256 1539 3315 baptismum
1575 3256 1782 3316 accipere
1808 3256 1987 3311 debent,
2019 3264 2069 3300 ut
2101 3250 2275 3317 plenis

260 3325 494 3369 christiani
520 3324 807 3368 inveniantur
830 3341 870 3367 ›>.

347 3392 422 3436 AD
455 3405 643 3437 mimum
677 3405 787 3450 ergo
822 3389 1080 3444 dicendum,
1107 3390 1229 3448 quod
1264 3404 1379 3449 papa
1406 3390 1452 3433 in
1485 3389 1690 3434 Ecclesia
1722 3389 1859 3435 habet
1889 3387 2270 3449 plenitudinem3
2265 3403 2281 3442 ⁵5

258 3458 508 3518 potestatis,
534 3472 589 3503 ex
615 3463 702 3518 qua
730 3467 879 3516 potest
905 3457 1144 3534 quaedam,
1167 3470 1282 3515 quae
1311 3466 1413 3501 sunt
1440 3457 1727 3516 superiorum
1756 3456 1984 3511 ordinum,
2016 3450 2281 3509 commifi³³⁴²

257 3536 350 3570 tere
377 3525 648 3585 quibusdam
672 3525 985 3579 inferioribus;
1010 3524 1127 3569 sicut
1158 3523 1427 3582 quibusdam
1461 3524 1735 3582 presbyteris
1766 3522 1980 3568 concedit
2007 3518 2279 3567 coum

260 3593 461 3639 minores
486 3594 684 3648 ordines,
711 3594 833 3653 quod
859 3593 1052 3653 pertinet
1078 3591 1134 3636 ad
1159 3602 1434 3651 potestatem
1457 3590 1792 3651 episcopalem·
1818 3600 1864 3639 et
1889 3604 1945 3636 ex
1969 3590 2061 3636 hnc
2082 3574 2261 3652 piet&
2253 3590 2311 3633 ἶ
