2352 3926
288 248 391 303 342
840 246 1120 292 QUAEsTm
1161 247 1248 285 xx„
1292 227 1599 287 ART1cuLus
1639 248 1696 287 11.

284 349 417 393 nibus
435 357 797 402 conversaretur3
815 348 893 407 qui
909 358 1063 393 autem
1076 363 1180 392 cum
1194 348 1415 409 aliquibus
1439 358 1747 403 conversatur,
1765 348 2250 398 convenientissimum

288 425 356 459 est
381 425 430 460 ut
446 430 494 460 se
513 415 577 459 eis
593 415 639 458 in
654 415 1002 460 conversatione
1017 414 1289 471 conformet,
1303 416 1555 461 secundum
1567 415 1679 460 illud
1700 415 1916 475 Apostoli
1939 430 1976 461 1.
1996 417 2052 462 ad
2069 415 2250 477 Cor„9.:

293 483 496 527 Omnibus
519 483 662 526 omnia
673 483 816 541 factus
836 498 926 526 sum
935 498 951 535 ;
972 494 1016 527 et
1031 483 1137 528 ideo
1157 483 1642 528 convenientissimum
1659 481 1757 537 fuit,
1775 493 1825 528 ut
1841 482 2050 528 Christus
2065 481 2253 547 in‘³‘eibo,

290 559 333 593 et
354 560 465 608 potu
489 549 794 593 communiter
816 564 878 603 se,
897 550 1014 594 sicut
1030 549 1120 605 alii,
1136 551 1349 606 haberet;
1368 551 1487 595 unde
1510 551 1702 610 August.
1727 550 1835 594 dicit
1856 560 2016 597 contra
2035 549 2254 597 Faustum

288 617 379 673 (lib.
403 616 470 661 16.
493 625 582 675 cap.
596 631 655 676 31.
683 623 776 661 ante
802 617 943 675 med),
973 617 1095 676 quod
1121 634 1145 659 «
1164 617 1364 676 Joannes
1391 618 1536 662 dictus
1560 627 1626 662 est
1651 632 1746 662 non
1778 617 2075 673 manducans,
2105 630 2255 677 neque

287 684 460 737 bibens,
489 684 594 742 quia
614 683 694 728 illo
721 684 858 742 victu,
883 698 973 743 quo
994 684 1154 742 Judaei
1180 685 1434 739 utebantur,
1457 700 1551 729 non
1569 685 1803 744 utebatur3
1823 685 1916 730 hoc
1934 698 2044 744 ergo
2061 684 2149 731 nisi
2162 685 2258 731 Do‘

290 751 441 794 minus
469 760 681 805 uteretur,
704 765 799 795 non
824 751 871 795 in
899 754 996 811 ejus
1023 753 1368 811 comparatione
1386 754 1683 806 manducans,
1705 753 1952 812 bibensque
1975 753 2198 799 diceretur
2213 767 2254 796 »-

379 817 455 862 AD
466 831 655 862 PRIMUM
674 832 782 877 ergo
801 819 1061 874 dicendum,
1080 819 1202 878 quod
1218 820 1447 864 Dominus
1466 820 1513 863 in
1531 834 1612 864 sua
1630 820 1976 864 conversatione
1993 817 2256 878 exemplum

289 884 581 945 perfectionis
610 886 733 930 dedit
754 887 800 930 in
827 886 1057 942 omnibus‚·
1082 902 1199 946 quae
1224 902 1305 947 per
1330 902 1378 932 se
1405 887 1631 946 pertinent
1655 887 1711 931 ad
1737 886 1957 942 salutem;
1981 887 2080 947 ipsa
2102 895 2256 932 autem

292 952 563 996 abstinentia
591 953 692 1007 cibi,
720 963 765 998 et
789 964 923 1013 potus
955 968 1050 998 non
1087 969 1168 1014 per
1204 969 1252 999 se
1289 955 1483 1014 pertinet
1519 955 1574 999 ad
1610 953 1822 1009 salutem,
1859 954 2112 999 secundum
2142 952 2256 998 illud

292 1019 430 1064 Rom.
461 1032 554 1074 14.:
582 1021 680 1065 Non
711 1027 766 1065 est
796 1035 970 1080 regnum
991 1022 1076 1066 Dei
1101 1036 1207 1077 esca,
1241 1028 1279 1066 et
1301 1028 1451 1081 potus,·
1487 1031 1532 1066 et
1566 1021 1761 1080 August.
1799 1021 1909 1066 dicit
1934 1021 1985 1066 in
2013 1021 2091 1066 lib.
2126 1033 2167 1066 2.
2200 1020 2256 1065 de

298 1085 658 1139 Quaestionib-us
683 1086 856 1147 Evang.
882 1088 939 1147 (q.
966 1088 1047 1144 Η.)
1073 1102 1304 1148 exponens
1329 1088 1440 1132 illud
1453 1089 1614 1133 Matth.
1635 1102 1700 1133 11.
1715 1103 1725 1132 ε
1737 1089 1973 1146 Justificata
1989 1094 2043 1134 est
2056 1089 2258 1148 sapientia

293 1167 320 1198 a
335 1153 442 1213 filiis
465 1156 574 1208 suis;
602 1155 708 1214 quia
733 1155 907 1200 scilicet
935 1171 958 1197 «
977 1155 1134 1201 Sancti
1150 1155 1365 1215 Apostoli
1385 1155 1703 1201 intellexerunt
1717 1170 1912 1214 regnum
1931 1156 2021 1201 Dei
2040 1169 2136 1200 non
2157 1169 2258 1200 esse

292 1222 341 1266 in
368 1236 487 1276 esca,
515 1232 560 1267 et
584 1232 710 1282 potu,
737 1224 816 1268 sed
838 1223 884 1267 in
911 1224 1266 1283 aequanimitate
1282 1223 1532 1270 tolerandi:
1549 1238 1664 1284 quos
1681 1238 1766 1269 nec
1784 1223 1919 1284 copia
1934 1222 2154 1278 sublevat,
2169 1236 2257 1268 nec

296 1288 509 1348 deprimit
534 1299 712 1349 egestas
733 1306 785 1346 »3
812 1301 856 1335 et
881 1291 927 1334 in
954 1306 990 1350 3.
1014 1291 1070 1335 de
1096 1291 1320 1336 Doctrina
1346 1291 1608 1336 Christiana
1637 1291 1747 1351 (cap.
1773 1306 1837 1337 12.
1850 1299 2024 1352 parum.
2041 1305 2068 1336 a
2075 1291 2257 1351 princ),

295 1356 417 1411 dicit,
428 1356 551 1416 quod
567 1357 648 1400 «in
662 1358 875 1402 omnibus
891 1357 1055 1403 talibus
1073 1372 1167 1403 non
1185 1373 1291 1402 usus
1309 1373 1477 1412 rerum,
1488 1358 1567 1403 sed
1585 1357 1726 1402 libido
1745 1358 1970 1403 utentisin
1986 1357 2121 1419 culpa
2137 1367 2259 1413 θείη

294 1433 483 1483 utraque
513 1434 665 1469 autem
691 1426 783 1469 vita
810 1435 877 1470 est
898 1425 1035 1481 licita,
1060 1435 1104 1469 et
1128 1425 1381 1479 laudabilis,
1408 1435 1457 1469 ut
1483 1425 1661 1470 scilicet
1679 1425 1840 1484 aliquis
1858 1440 1884 1470 a
1902 1425 2141 1470 communi
2154 1438 2261 1470 con-

294 1491 436 1535 sortio
462 1492 706 1535 hominum
733 1503 1000 1551 segregatus
1027 1493 1347 1537 abstinentiam
1382 1502 1542 1546 servet,
1582 1502 1626 1536 et
1657 1501 1706 1536 ut
1738 1493 1783 1536 in
1819 1492 2037 1537 societate
2064 1491 2259 1537 aliorum

290 1559 464 1618 positus
492 1560 730 1603 communi
754 1560 846 1603 vita
873 1570 1045 1614 utatur3
1075 1570 1119 1604 et
1143 1560 1247 1604 ideo
1274 1560 1504 1604 Dominus
1531 1559 1677 1604 voluit
1703 1560 1935 1620 utriusque
1959 1560 2080 1605 vitae
2113 1574 2261 1605 exem-

294 1626 423 1685 plum
456 1627 562 1670 dare
594 1627 876 1671 hominibus:
905 1628 1104 1685 Joannes
1140 1637 1307 1682 autern,
1357 1627 1474 1671 sicut
1511 1627 1749 1686 Chrysost.
1787 1628 1896 1672 dicit
1931 1642 2065 1687 super
2096 1627 2258 1672 Matth.

295 1693 424 1750 (hom.
447 1696 511 1753 38.
541 1697 616 1738 cir.
643 1695 785 1752 med),
819 1711 842 1736 t<
869 1695 983 1738 nihil
1010 1695 1109 1754 plus
1137 1696 1335 1740 ostendit
1352 1706 1528 1755 praeter
1547 1696 1704 1749 vitam,
1723 1705 1768 1739 et
1787 1695 2031 1754 justitiam;
2049 1695 2259 1740 Christus

294 1771 447 1805 autem
475 1772 518 1806 et
546 1777 570 1804 a
598 1762 828 1806 miraculis
855 1763 1170 1807 testimonium
1193 1763 1401 1808 habebat.
1427 1763 1674 1807 Dimittens
1698 1777 1807 1821 ergo
1827 1763 2054 1820 Joannem
2087 1762 2259 1822 jejunio

293 1828 481 1887 fulgere,
508 1830 604 1888 ipse
633 1831 859 1874 contraria
886 1830 1069 1875 incessit
1090 1831 1178 1885 via,
1206 1831 1262 1875 ad
1280 1845 1486 1875 mensam
1505 1831 1677 1874 intrans
1695 1829 2058 1888 publicanorum,
2076 1840 2121 1875 et
2135 1844 2260 1874 man-

295 1897 480 1954 ducans,
509 1907 552 1940 et
577 1897 734 1941 bibens
761 1915 801 1942 ».

382 1964 458 2008 AD
486 1978 747 2010 SECUNDUM
775 1965 1033 2020 dicendum,
1062 1965 1183 2025 quod
1211 1967 1326 2010 sicut
1353 1965 1430 2009 alii
1454 1964 1668 2009 homines
1694 1979 1774 2024 per
1801 1963 2120 2009 abstinentiam
2155 1978 2261 2009 con-

293 2041 542 2090 sequuntur
563 2033 778 2076 virtutem
807 2033 1097 2089 continendi3
1125 2035 1185 2078 ita
1210 2034 1347 2077 etiam
1377 2033 1586 2077 Christus
1612 2033 1659 2076 in
1685 2046 1747 2086 se,
1775 2042 1820 2076 et
1843 2033 1891 2076 in
1912 2032 2005 2076 suis
2028 2030 2259 2091 discipulis

292 2114 372 2159 per
393 2100 607 2144 virtutem
633 2115 742 2145 suae
766 2101 1011 2146 divinitatis
1040 2116 1224 2145 carnem
1253 2100 1606 2160 comprimebat3
1635 2100 1769 2154 unde,
1796 2099 1914 2144 sicut
1937 2099 2100 2144 Matth.
2125 2113 2169 2160 9.
2194 2098 2262 2143 di-

293 2167 421 2223 citur,
449 2167 696 2223 Pharisaei,
720 2178 764 2212 et
785 2169 995 2228 discipuli
1014 2169 1204 2228 Joannis
1225 2168 1501 2228 jejunabant,
1529 2182 1623 2212 non
1651 2177 1804 2211 autem
1827 2165 2035 2226 discipuli
2059 2165 2260 2222 Christi3

292 2234 416 2294 quod
443 2249 674 2294 exponens
703 2236 827 2280 Beda
853 2237 967 2296 (cap.
995 2252 1057 2282 12.
1085 2239 1130 2281 in
1157 2238 1296 2281 Marc.
1325 2242 1362 2280 et
1386 2237 1582 2281 Ambros.
1601 2243 1690 2295 sup.
1706 2233 1811 2279 illud
1826 2234 1933 2281 Luc.
1949 2250 2015 2280 1.›.·
2036 2234 2103 2280 Ne
2117 2235 2263 2280 timeas

292 2302 463 2360 Maria)
474 2318 490 2355 ‚·
519 2303 627 2347 dicit
653 2304 774 2362 quod
805 2320 828 2345 <c
849 2304 1049 2361 Joannes
1082 2306 1256 2358 vinum,
1291 2313 1334 2348 et
1370 2304 1566 2348 siceram
1591 2317 1686 2347 non
1717 2302 1853 2358 bibit;
1885 2302 1993 2362 quia
2025 2301 2094 2347 illi
2126 2301 2262 2347 absti-
2315 2318 2318 2321 ·

291 2370 447 2414 nentia
474 2370 688 2414 meritum
717 2380 866 2430 auget,
895 2371 968 2415 cui
999 2373 1201 2430 potentia
1234 2370 1360 2415 nulla
1398 2371 1543 2415 inerat
1574 2381 1786 2415 naturae:
1827 2369 2059 2415 Dominus
2090 2374 2270 2425 autem„

292 2437 366 2481 cui
390 2437 655 2482 naturaliter
681 2438 947 2497 suppetebat
974 2438 1139 2484 delicta
1163 2439 1348 2493 donare,
1376 2452 1456 2482 cur
1482 2452 1561 2482 eos
1596 2437 1858 2493 declinaret,
1891 2451 2006 2497 quos
2040 2436 2263 2483 abstinen-

289 2505 408 2549 tibus
433 2514 610 2564 poterat
636 2505 823 2550 reddere
846 2506 1085 2564 puriores?
1114 2522 1137 2547 »
2097 2523 2124 2530 ·>

384 2572 460 2616 AD
485 2585 701 2617 TERTmM
728 2572 987 2626 dicendum,
1015 2573 1152 2631 quod,
1176 2573 1293 2617 sicut
1321 2572 1561 2631 Chrysost.
1590 2571 1699 2616 dicit
1724 2585 1859 2630 super
1873 2571 2035 2616 Matth.
2052 2571 2186 2630 (hom.
2202 2585 2261 2632 13.

290 2639 490 2698 aliquant.
519 2654 545 2683 a
563 2640 744 2699 princ),
782 2655 805 2680 ι(
833 2649 881 2683 ut
907 2639 1068 2693 discas,
1098 2635 1236 2698 quam
1263 2654 1486 2698 magnum
1512 2638 1687 2682 bonum
1714 2648 1781 2683 est
1800 2638 2038 2697 jejunium,
2064 2647 2111 2683 et
2124 2636 2259 2697 quale

290 2717 472 2751 scutum
496 2716 563 2750 est
590 2706 804 2751 adversus
831 2706 1079 2762 diabolum,
1114 2717 1158 2751 et
1194 2706 1412 2765 quoniam
1450 2715 1555 2764 post
1589 2705 1867 2764 baptismum
1903 2707 1998 2750 no'n
2029 2704 2259 2759 lasciviae,

291 2774 372 2819 sed
393 2774 566 2833 jejunio
593 2774 827 2818 intendere
852 2784 1045 2832 oportet,
1074 2783 1118 2818 et
1143 2773 1240 2832 ipse
1267 2773 1498 2832 jejunavit,
1525 2787 1620 2816 non
1648 2786 1703 2816 eo
1730 2772 1953 2831 indigens,
1980 2772 2060 2817 sed
2085 2786 2171 2817 nos
2196 2771 2261 2816 in·

293 2852 493 2887 struens:
521 2856 615 2885 non
639 2852 791 2885 autem
819 2840 934 2884 ultra
961 2842 1183 2900 processit
1207 2841 1470 2900 jejunando,
1508 2855 1646 2899 quam
1684 2840 1886 2900 Moyses,
1918 2850 1965 2885 et
1999 2839 2171 2895 Helias,
2200 2852 2260 2884 ne

291 2909 571 2954 incredibilis
596 2909 824 2953 videretur
851 2909 999 2953 carnis
1034 2909 1284 2967 assumptio
1322 2926 1362 2952 ³).
1403 2908 1668 2952 Secundum
1702 2907 1973 2967 mysterium
2011 2918 2180 2963 autem,
2211 2916 2262 2952 ut

290 2977 430 3036 Greg.
458 2976 566 3020 dicit
593 2975 723 3032 (hom.
751 2976 814 3021 16.
839 2977 882 3019 in
908 2977 1071 3034 Evang.
1101 2990 1126 3020 a
1163 2975 1286 3034 med.)
1327 2992 1349 3016 «
1384 2975 1769 3034 quadragenarius
1795 2989 2013 3020 numerus
2046 2967 2260 3034 exemplo

294 3044 467 3089 Christi
492 3044 539 3087 in
565 3044 735 3103 jejunio
764 3043 1028 3097 custoditur,
1056 3043 1160 3101 quia
1176 3043 1317 3087 virtus
1335 3042 1562 3101 Decalogi
1580 3056 1658 3101 per
1679 3042 1818 3087 libros
1840 3052 2036 3102 quatuor
2053 3042 2100 3087 S.
2117 3041 2262 3087 Evan-

293 3111 401 3171 gelii
426 3110 655 3171 impletur,
682 3111 892 3155 denarius
920 3110 1043 3154 enim
1073 3121 1230 3169 quater
1263 3111 1422 3154 ductus
1460 3111 1506 3154 in
1543 3110 1955 3169 quadragenarium
1991 3110 2154 3170 surgit3
2185 3108 2263 3156 vel

294 3180 399 3239 quia
426 3180 472 3223 in
499 3179 590 3223 hoc
618 3178 802 3223 mortali
825 3192 1017 3237 corpore
1046 3191 1100 3221 ex
1123 3187 1318 3236 quatuor
1345 3177 1581 3222 elementis
1609 3177 1909 3233 subsistimus,
1931 3190 2012 3238 per
2037 3179 2164 3237 cujus
2178 3190 2262 3223 vo-

293 3247 489 3306 luptates
505 3246 757 3306 praeceptis
770 3245 1028 3290 Dominicis
1047 3245 1340 3298 contraimus,
1360 3259 1475 3303 quae
1493 3259 1573 3304 per
1589 3244 1880 3304 Decalogum
1898 3254 2004 3290 sunt
2019 3255 2204 3306 accepta
2217 3261 2260 3291 ω.

293 3313 381 3359 Vel
403 3314 654 3358 secundum
683 3314 875 3372 August.
902 3312 948 3356 in
971 3311 1046 3355 lib.
1071 3312 1148 3374 83.¹
1177 3311 1517 3364 Quaestionum
1551 3313 1610 3371 (q.
1644 3313 1708 3358 81.
1741 3314 1786 3356 in
1809 3313 2000 3373 princ.).·
2033 3328 2058 3355 t(
2084 3311 2260 3359 ,Otnnis
2331 3335 2337 3342 ·

293 3382 540 3440 sapientiae
569 3381 805 3440 disciplina
833 3390 914 3434 est,
948 3379 1233 3434 Creatorem,
1272 3390 1616 3439 creaturamque
1644 3393 1939 3439 cognoscere.
1967 3378 2162 3426 Creator
2193 3389 2262 3427 est

296 3448 512 3503 Trinitas,
531 3460 574 3493 et
591 3449 740 3502 Pater,
768 3458 812 3493 et
837 3446 990 3501 Filius,
1018 3458 1062 3491 et
1085 3446 1276 3505 Spiritus
1300 3447 1517 3491 Sanctus:
1539 3457 1744 3491 creatura
1760 3461 1870 3491 vero
1887 3447 2051 3507 partim
2068 3456 2137 3492 est
2151 3446 2284 3506 invi-p

294 3517 454 3561 sibilis:
479 3517 593 3560 sicut
620 3517 786 3570 anima,
817 3515 889 3559 cui
914 3514 1135 3559 ternarius
1168 3528 1383 3558 numerus
1419 3514 1695 3558 attribuitur:
1730 3512 1918 3574 diligere
1951 3513 2074 3558 enim
2104 3513 2260 3559 Deum

294 3583 532 3642 tripliciter
557 3583 782 3642 jubemur,
810 3597 863 3627 ex
887 3591 987 3627 toto
1015 3581 1167 3635 corde,
1195 3589 1238 3625 et
1261 3594 1313 3624 ex
1338 3589 1434 3624 tota
1462 3581 1629 3635 anima,
1648 3591 1692 3625 et
1709 3595 1763 3625 ex
1778 3590 1874 3625 tota
1891 3590 2067 3626 mente:
2093 3579 2260 3640 partim

294 3650 507 3695 visibilis:
535 3650 653 3696 sicut
678 3663 858 3709 corpus,
886 3648 960 3695 cui
985 3647 1298 3709 quaternarius
1325 3647 1525 3702 debetur,
1552 3658 1736 3708 propter
1762 3646 1977 3704 calidum,
2002 3646 2271 3702 humidumf
