2352 3926
2 2303 18 2387 &³⁶³5

5 2587 18 2605 5,
4 2546 25 2581 ''²⁵:—
2 2387 30 2538 Ἄργεΐ-»3-
18 2360 25 2379 Μ’

18 3644 31 3653 2„
16 3575 34 3607 τ
13 3286 39 3568 -m-‹aewm-eoeegwffl
15 3261 29 3281 νε
12 3251 15 3255 ’
12 3205 32 3246 mx

678 223 958 272 nummo
999 224 1151 270 Lxm.
1187 223 1500 271 amicum
1538 223 1578 273 ι.
2003 223 2104 285 ,523

174 619 217 649 ἢ
255 623 257 625 .
297 642 308 653 ι
788 574 1234 652 QUAESTto
1285 574 1503 642 LXIII.

272 731 353 782 DE
398 730 662 778 EFrECTU
709 730 1258 780 SACRAMENTORUM,
1295 730 1401 782 QUI
1449 731 1555 774 EST
1602 730 1978 781 CHARACTER,

699 819 765 859 IN
810 818 921 860 SEX
967 819 1298 860 ARTICULOS
1346 820 1567 860 DIVISA.

240 997 419 1049 Deinde
450 996 831 1049 considerandum
862 1005 932 1046 est
963 996 1018 1041 de
1051 995 1142 1045 alio
1170 995 1334 1041 effectu
1365 1005 1775 1051 sacramentorum,
1801 996 1879 1056 qui
1910 1004 1976 1043 est
2007 995 2116 1048 cha-

150 1074 310 1115 taeter.

786 1169 844 1214 Et
875 1170 989 1213 circa
1019 1168 1095 1213 hoc
1121 1174 1381 1228 quaeruntur
1404 1183 1486 1213 sex.

236 1266 410 1318 Primo.
433 1266 598 1315 Utrum
625 1280 680 1310 ex
706 1266 1002 1314 sacramentis
1035 1275 1245 1314 causetur
1267 1266 1503 1314 character
1534 1264 1697 1324 aliquis
1722 1263 1769 1308 in
1795 1263 1964 1315 anima.

242 1333 471 1384 Secundo.
500 1332 626 1386 Quid
655 1333 715 1377 sit
739 1331 816 1377 ille
843 1333 1093 1381 character.

245 1399 421 1445 Tertio.
448 1399 592 1459 Cujus
618 1399 674 1444 sit
700 1399 948 1443 character.

240 1466 436 1520 Quarto.
462 1467 516 1511 In
540 1480 632 1526 quo
658 1467 716 1518 sit
747 1467 867 1517 sicut
889 1466 938 1517 in
963 1466 1184 1525 subjecto.

238 1533 437 1588 ·Quintn.
464 1534 631 1582 Utrum
653 1533 761 1582 insit
784 1533 1097 1581 indelebiliter.
1651 1585 1653 1588 ¹

244 1600 397 1661 Sexto.
419 1601 588 1652 ‚Utrum
610 1601 772 1652 omnia
789 1610 1084 1650 :sacramenta
1109 1601 1375 1661 imprimant
1400 1601 1728 1653 characterem.

882 1778 1315 1841 ARTICULUS
1352 1779 1395 1835 1.
2030 1804 2114 1851 344

155 1915 347 1967 UTRUM
379 1915 788 1955 SACRAMENTUM
821 1916 1086 1954 IMPRIMAT
1121 1916 1371 1969 ALIQUEM
1404 1914 1810 1954 CHARACTEREM
1843 1915 1900 1953 IN
1925 1912 2115 1951 ANIMA.

766 2026 826 2084 (4.
854 2027 964 2072 Dist.
992 2040 1035 2083 4.
1062 2041 1100 2086 q.
1127 2043 1163 2072 1.
1190 2033 1273 2072 art.
1299 2040 1342 2084 4.
1370 2042 1408 2086 q.
1435 2027 1506 2084 1.).

243 2140 319 2191 AD
344 2152 533 2191 Panum
558 2139 623 2184 sic
649 2140 922 2199 proceditur.
965 2140 1170 2192 Videtur,
1207 2140 1330 2199 quod
1371 2148 1712 2185 sacramentum
1753 2152 1848 2182 non
1887 2137 2120 2196 imprimat

154 2207 354 2267 aliquem
380 2207 691 2251 characterem
716 2207 763 2250 in
791 2207 967 2252 anima:
994 2207 1230 2255 character
1256 2208 1379 2253 enim
1405 2205 1661 2264 significare
1689 2205 1863 2255 videtur
1889 2204 2121 2264 quoddam

153 2276 335 2334 signum
361 2274 692 2318 distinctivum:
721 2274 799 2318 sed
826 2274 1056 2318 distinctio
1080 2274 1395 2318 membrorum
1420 2273 1592 2318 Christi
1614 2273 1667 2316 ab
1692 2272 1790 2316 aliis
1812 2272 1860 2316 fit
1882 2287 1962 2331 per
1984 2282 2123 2316 aeter·

151 2356 262 2386 nam
286 2341 762 2400 praedestinationem,
790 2355 906 2400 quae
931 2355 1026 2385 non
1059 2341 1188 2400 ponit
1229 2341 1396 2399 aliquid
1425 2342 1470 2384 in
1493 2340 1843 2399 praedestinato,
1866 2338 1945 2383 sed
1967 2337 2120 2383 solum

152 2410 199 2454 in
222 2408 327 2466 Depo
351 2407 728 2468 praedestinante,
761 2419 810 2452 ut
841 2409 886 2451 in
918 2421 954 2452 1.
980 2407 1187 2451 habitum
1213 2418 1282 2452 est
1305 2411 1364 2466 (q.
1398 2421 1458 2466 23.
1485 2413 1568 2452 art.
1595 2408 1655 2464 2.)
1677 2423 1690 2451 .·
1730 2406 1893 2450 dicitur
1929 2407 2052 2450 enirn
2079 2418 2119 2449 2.

156 2474 362 2520 Timoth.
390 2488 454 2520 2.:
481 2475 683 2520 Firmum
698 2475 1027 2534 fundamentum
1054 2476 1139 2520 Dei
1161 2481 1256 2528 stat,
1285 2475 1438 2519 habens
1461 2474 1722 2532 signaculum
1750 2474 1853 2519 hoc:
1879 2474 2013 2518 Novit
2037 2473 2126 2516 Do-

157 2543 310 2596 minus,
337 2543 408 2600 qui
431 2548 527 2586 sunt
549 2545 660 2600 ejus;
685 2556 795 2601 ergo
822 2552 1108 2594 sacramenta
1130 2556 1224 2586 non
1250 2542 1518 2601 imprimunt
1546 2541 1858 2585 characterem
1881 2540 1926 2583 in
1954 2540 2121 2583 anima.

238 2620 288 2652 2.
312 2608 610 2653 PRAETEREA.
640 2608 893 2654 Character
909 2609 1091 2667 signum
1111 2619 1178 2652 est
1195 2609 1529 2652 distinctivum:
1549 2609 1730 2667 signum
1748 2617 1916 2661 autem,
1934 2617 1984 2651 ut
2000 2607 2120 2665 Aug.

158 2673 339 2725 diffitin
359 2687 405 2737 ᾳ,
432 2675 488 2722 de
514 2675 736 2724 Doctrina
764 2676 932 2721 Christ.
962 2675 1058 2732 (cir.
1081 2678 1219 2734 princ.
1246 2675 1357 2732 lib),
1389 2686 1456 2720 est
1485 2691 1509 2717 α
1535 2675 1656 2739 quod
1691 2685 1873 2733 praeter
1901 2675 2122 2733 speciem,

158 2753 298 2800 quam
321 2741 485 2800 ingerit
507 2742 727 2797 sensibuS,
752 2742 861 2788 facit
886 2742 1056 2802 aliquid
1083 2742 1205 2789 aliud
1232 2744 1277 2786 in
1305 2742 1620 2800 cognitionem
1646 2741 1801 2786 venire
1826 2755 1868 2784 »:
1909 2740 2024 2790 nihil
2050 2754 2125 2784 au-

157 2817 252 2857 tem
277 2817 346 2857 est
369 2809 415 2855 in
441 2808 607 2863 anima,
649 2810 771 2869 quod
809 2810 1010 2868 aliquam
1051 2810 1253 2868 speciem
1295 2809 1500 2855 sensibus
1541 2809 1741 2868 ingerat3
1783 2822 1893 2867 ergo
1934 2808 2124 2860 videtur,

158 2874 282 2935 quod
307 2875 352 2920 in
376 2875 528 2923 ,anima
553 2889 647 2921 non
672 2877 958 2936 imprimatur
984 2876 1144 2936 aliquis
1167 2876 1400 2921 character
1425 2891 1505 2935 per
1525 2885 1824 2920 sacramenta.

253 2956 290 3000 3.
316 2941 612 2991 PRAETEREA.
640 2943 767 2991 Sicut
791 2958 870 3003 per
893 2953 1179 2989 sacramenta
1197 2958 1349 2990 novae
1369 2943 1485 3003 legis
1507 2943 1795 3002 distinguitur
1817 2941 1962 2986 fidelis
1985 2941 2039 2985 ab
2061 2940 2127 2984 in-

157 3008 293 3062 fideli,
317 3008 381 3055 ita
406 3008 543 3052 etiam
567 3023 648 3067 per
663 3021 949 3058 sacramenta
966 3010 1132 3055 veteris
1150 3010 1288 3069 legis:
1308 3011 1386 3055 sed
1406 3021 1692 3054 sacramenta
1714 3010 1877 3053 veteris
1895 3008 2008 3066 legis
2029 3022 2124 3052 non

158 3074 481 3134 imprimebant
505 3073 703 3133 aliquem
729 3077 1043 3125 characterem
1071 3078 1116 3121 in
1144 3079 1319 3121 anima:
1349 3078 1468 3122 unde
1488 3087 1533 3122 et
1549 3077 1758 3124 dicuntur
1779 3078 1966 3133 justitiae
1986 3071 2128 3121 carnis

159 3141 414 3189 secundum
440 3141 717 3200 Apostolum
743 3142 798 3191 ad
826 3143 963 3193 Hebr.
989 3159 1057 3202 9.;
1100 3158 1211 3204 ergo
1253 3144 1444 3199 videtur,
1486 3144 1608 3203 quod
1650 3156 1797 3201 neque
1837 3152 2123 3189 sacramenta

158 3222 307 3253 novae
333 3206 447 3266 legis
473 3206 737 3267 imprimant
763 3209 1088 3258 characterem.

250 3275 344 3322 SED
370 3287 566 3320 CONTRA
597 3285 679 3328 est,
705 3276 828 3334 quod
853 3276 1012 3336 Apost.
1040 3278 1149 3322 dicit
1175 3291 1214 3322 2.
1244 3278 1300 3322 ad
1329 3278 1437 3323 Cor.
1471 3291 1532 3321 1.:
1558 3278 1647 3333 Qui
1668 3277 1788 3321 unxit
1807 3290 1896 3336 nos,
1915 3277 2030 3322 Deus
2051 3282 2122 3331 est,

160 3350 196 3388 et
221 3344 293 3401 qui
317 3343 498 3400 signavit
523 3356 610 3395 νιος,
638 3348 676 3386 et
700 3342 808 3387 dedit
825 3343 978 3402 pignus
1011 3344 1195 3404 Spiritus
1220 3348 1264 3389 in
1296 3345 1486 3389 cordibus
1511 3345 1686 3388 nostris:
1724 3342 1802 3387 sed
1844 3341 1960 3386 nihil
2000 3342 2124 3389 aliud

161 3410 378 3468 importat
409 3408 656 3461 character,
681 3422 818 3467 ,quam
846 3410 1074 3468 quandam
1102 3412 1433 3470 signationem;
1461 3424 1571 3468 ergo
1604 3410 1794 3462 videtur,
1835 3409 1957 3468 quod
1997 3409 2123 3454 Deus

161 3490 240 3536 per
263 3484 549 3539 sacramenta
573 3475 704 3519 nobis
729 3488 864 3520 suum
889 3476 1202 3523 characterem
1229 3478 1473 3537 imprimat.

251 3541 540 3588 Rfisrouosso
557 3541 815 3596 dicendum,
833 3543 971 3601 quod,
986 3543 1109 3594 sic-ut
1130 3558 1186 3589 ex
1207 3544 1446 3604 praedictis
1469 3551 1591 3602 patet
1609 3540 1665 3601 (q.
1682 3550 1821 3601 praec.
1839 3548 1921 3589 art.
1939 3558 1974 3588 1.
1997 3549 2036 3588 et
2045 3557 2084 3602 5.
2081 3542 2123 3601 ),

161 3618 446 3655 sacramenta
476 3622 623 3653 novae
659 3607 773 3668 legis
799 3608 854 3653 ad
892 3609 971 3654 duo
1005 3609 1297 3665 ordinantur3
1338 3608 1551 3654 videlicet
1590 3608 1645 3654 ad
1676 3609 1931 3654 remedium
1965 3619 2124 3654 contra
