2352 3926
285 204 387 274 176
811 212 1090 258 QUAESTIO
1130 211 1262 250 xvn.
1303 211 1611 251 ARTIcuLus
1650 212 1688 250 1.

366 318 442 362 AD
469 328 705 367 QUARTUM
732 313 990 367 dicendum,
1024 313 1147 372 quod
1176 327 1278 358 cum
1307 313 1494 358 dicitur:
1535 313 1723 359 Christus
1746 321 1801 360 est
1833 314 2006 374 aliquid,
2033 313 2151 374 quod?
2169 306 2236 360 ἓιεί

279 387 418 439 Pater,
446 384 492 443 ly
518 382 678 440 aliquid
698 391 874 425 tenetur
906 394 988 439 pro
1011 391 1172 424 natura
1206 380 1371 434 divina,
1406 395 1522 440 quae
1556 381 1694 425 etiam
1725 381 1772 425 in
1807 382 2034 426 abstracto
2065 382 2238 440 praedi·

280 463 406 496 catur
428 452 483 495 de
517 451 663 502 Patre,
691 459 733 492 et
759 448 903 493 Filio:
930 448 1011 492 sed
1039 462 1143 492 cum
1171 448 1363 492 dicitur:
1407 449 1595 494 Christus
1631 455 1685 493 est
1716 449 1890 508 aliquid,
1923 449 2031 508 quod
2070 450 2162 494 ποκ’
2183 463 2239 494 es..

278 520 418 572 Pater,
445 517 490 576 ly
517 516 674 574 aliquid
694 525 870 559 tenetur
897 529 991 558 non
1019 529 1102 574 pro
1129 515 1227 573 ipsa
1248 525 1410 559 natura
1435 515 1653 570 humana,
1681 517 1934 560 secundum
1960 515 2240 575 quodsigni-

279 585 437 629 ficatur
463 585 507 626 in
532 584 773 635 abstracto,
795 582 873 625 sed
900 582 1152 626 secundum
1175 582 1298 640 quod
1321 581 1600 641 significatur
1615 583 1662 627 in
1686 593 1917 637 concrete,
1933 597 2035 631 non
2054 580 2241 642 quidem·

279 651 530 696 secundum
564 649 846 708 suppositum
890 648 1166 709 distinctum,
1199 648 1278 692 sed
1311 649 1563 693 secundum
1594 651 1882 709 suppositum
1911 650 2239 703 indistinctum,

280 727 415 778 prout
439 717 613 760 scilicet
639 716 812 760 substat
835 725 1038 769 naturae,
1064 729 1158 758 non
1193 725 1347 759 autem
1379 716 1725 775 proprietatibus
1758 717 2164 772 individuantibus;
2197 726 2246 770 et

279 787 383 830 ideo
410 798 503 827 non
530 783 747 841 sequitur,
773 782 1128 842 quod'Christus
1157 783 1213 826 sit
1240 781 1376 836 aliud,
1404 793 1448 827 et
1481 782 1617 838 aliud,
1644 784 1718 828 vel
1751 784 1873 843 quod
1899 784 1958 828 sit
1988 783 2103 827 duo:
2132 783 2238 843 quia

282 851 567 911 suppositum
601 851 831 893 humanae
864 859 1051 893 naturae
1084 849 1130 892 in
1165 848 1366 902 Christ0‚
1399 850 1520 908 quod
1554 860 1621 895 est
1651 865 1847 910 persona
1878 850 1978 895 Filii
2009 850 2113 904 Dei,
2144 864 2240 895 non

282 918 411 978 ponit
435 918 481 961 in
506 932 765 971 numerum,
793 931 899 960 cum
926 926 1086 959 natura
1114 916 1280 970 divina,
1309 930 1423 974 quae
1447 917 1733 975 praedicatur
1757 919 1812 962 de
1839 918 1973 962 Patre
2000 927 2045 962 et
2064 916 2195 962 Filio.

373 986 448 1029 AD
467 997 695 1035 QUINTUM
713 984 971 1037 dicendum,
998 983 1120 1042 quod
1147 983 1193 1026 in
1216 983 1435 1042 mysterio
1459 984 1638 1028 divinae
1657 984 1894 1030 Trinitatis
1910 994 2071 1030 natura
2089 984 2242 1029 divina

284 1052 568 1111 praedicatur
594 1052 731 1096 etiam
757 1051 804 1094 in
832 1050 1057 1094 abstracto
1081 1049 1135 1093 de
1161 1049 1301 1094 tribus
1329 1051 1558 1108 personis:
1587 1061 1631 1095 et
1655 1052 1758 1095 ideo
1792 1051 2058 1112 simpliciter
2089 1061 2239 1111 potest

285 1120 388 1174 dici,
415 1119 535 1178 quod
562 1128 650 1162 tres
676 1131 898 1177 personae
925 1117 1011 1161 sint
1037 1131 1202 1160 unum:
1227 1117 1303 1161 sed
1326 1117 1372 1160 in
1400 1118 1617 1177 mysterio
1640 1118 1972 1164 Incarnationis
1993 1133 2089 1162 non
2115 1132 2245 1178 prae-

286 1187 492 1248 dicantur
518 1186 679 1229 ambae
706 1194 894 1228 naturae
921 1184 966 1227 in
1001 1184 1226 1228 abstracto
1255 1185 1309 1228 de
1343 1184 1551 1238 Christo;
1580 1195 1624 1229 et
1648 1185 1752 1229 ideo
1784 1199 1879 1229 non
1905 1195 2055 1245 potest
2075 1184 2247 1243 simpli-

285 1255 397 1298 citer
423 1254 525 1307 dici,
547 1252 670 1311 quod
698 1252 907 1296 Christus
929 1251 986 1295 sit
1011 1252 1115 1295 duo.

373 1321 449 1364 AD
476 1333 669 1364 SExzmM
696 1319 954 1372 dicendum,
987 1318 1108 1377 quod
1140 1318 1231 1362 duo
1265 1318 1441 1371 dicitur,
1475 1318 1603 1376 quasi
1634 1318 1807 1363 habens
1838 1318 2119 1373 dualitatem,
2149 1332 2245 1363 non

286 1387 470 1447 quidem
497 1387 543 1430 in
571 1386 724 1445 aliquo
753 1385 858 1439 alio,
885 1386 962 1429 sed
990 1386 1034 1428 in
1062 1386 1161 1443 ipso
1189 1385 1243 1428 de
1265 1399 1355 1443 quo
1383 1385 1462 1429 duo
1487 1385 1796 1442 praedicatur:
1823 1385 1874 1429 fit
1899 1395 2052 1430 autem
2076 1385 2249 1445 praedi-

287 1455 407 1499 catio
434 1455 489 1498 de
512 1454 763 1513 supposito,
791 1454 912 1511 quod
940 1453 1211 1511 importatur
1233 1466 1313 1510 per
1329 1452 1418 1496 hoc
1442 1466 1621 1496 nomen
1640 1451 1856 1505 Christus;
1886 1452 2095 1511 quamvis
2111 1453 2250 1511 igitur

288 1522 496 1566 Christus
529 1521 693 1564 habeat
728 1520 992 1563 dualitatem
1033 1530 1318 1573 naturarum3
1362 1520 1467 1578 quia
1500 1528 1655 1562 tamen
1686 1533 1781 1563 non
1813 1519 1951 1564 habet
1982 1518 2247 1603 dualitatem

287 1589 640 1649 suppositorum,
666 1602 760 1631 non
787 1596 934 1646 potest
962 1587 1051 1630 dici
1078 1587 1289 1631 Christus
1312 1600 1411 1630 esse
1440 1586 1544 1629 duo.

375 1656 452 1700 AD
478 1668 719 1699 SEPTIMUM
737 1653 995 1707 dicendum,
1014 1653 1135 1712 quod
1153 1654 1330 1698 alterum
1351 1653 1569 1712 importat
1589 1653 1897 1698 diversitatem
1915 1652 2185 1704 accidentis:
2205 1662 2251 1697 et

288 1723 391 1768 ideo
414 1723 646 1766 diversitas
674 1721 920 1765 accidentis
947 1720 1110 1765 sufficit
1137 1721 1192 1764 ad
1214 1721 1304 1764 hoc
1338 1720 1460 1779 quod
1489 1719 1657 1779 aliquid
1684 1720 1950 1779 simpliciter
1980 1720 2158 1765 dicatur
2189 1718 2249 1764 al-

288 1800 462 1835 terum:
488 1790 567 1834 sed
599 1789 714 1833 aliud
739 1789 956 1847 importat
980 1788 1289 1832 diversitatem
1310 1787 1606 1831 substantiae:
1635 1787 1886 1832 substantia
1907 1796 2066 1831 *autem
2086 1787 2250 1831 dicitur

290 1871 384 1901 non
411 1856 562 1901 solum
587 1866 762 1910 natura,
789 1855 867 1900 sed
895 1857 1033 1899 etiam
1060 1855 1356 1914 suppositum,
1390 1863 1439 1898 ut
1464 1854 1625 1898 dicitur
1650 1854 1696 1897 in
1727 1867 1763 1911 5.
1790 1854 1899 1898 Met.
1930 1853 2032 1911 (tex.
2061 1853 2172 1914 15.).‘
2205 1863 2252 1897 et

293 1923 397 1967 ideo
425 1922 659 1967 diversitas
685 1932 872 1966 naturae
898 1936 992 1965 non
1019 1920 1184 1965 sufficit
1209 1922 1265 1964 ad
1291 1921 1397 1974 hoc,
1425 1920 1546 1979 quod
1574 1919 1742 1979 aliquid
1778 1919 2046 1980 simpliciter
2075 1919 2251 1964 dicatur

294 1990 430 2045 aliud,
456 1989 543 2033 nisi
569 1989 685 2034 adsit
709 1989 946 2033 diversitas
963 1989 1217 2032 secundum
1234 1988 1543 2046 suppositum:
1571 1987 1650 2031 sed
1677 1987 1912 2032 diversitas
1937 1997 2127 2032 naturae
2141 1986 2253 2032 facit

296 2057 416 2101 aliud
444 2057 696 2101 secundum
711 2056 845 2115 quid,
863 2055 1038 2100 scilicet
1063 2055 1316 2098 secundum
1333 2064 1559 2108 naturam,
1583 2055 1621 2099 si
1636 2068 1730 2098 non
1754 2055 1869 2099 adsit
1894 2054 2127 2099 diversitas
2152 2068 2254 2114 sup·

294 2125 442 2184 positi.

2319 2109 2352 2161 5

2335 2164 2352 2291 3

1004 2297 1438 2355 ARTICULUS
1480 2299 1551 2353 11.
2171 2286 2250 2373 ῃ,

604 2435 795 2473 UTRUM
836 2435 891 2473 IN
934 2433 1172 2473 CHRISTO
1215 2434 1300 2472 SIT
1342 2434 1573 2473 TANTUM
1617 2435 1770 2472 UNUM
1810 2435 1954 2472 ESSE.

462 2546 516 2605 (3.
547 2545 655 2589 Dist.
682 2558 724 2601 4.
748 2558 785 2603 q.
808 2560 842 2588 1.
871 2549 951 2588 art.
979 2558 1018 2588 2.
1047 2559 1085 2602 q.
1109 2560 1144 2588 1.
1172 2549 1207 2588 et
1228 2545 1339 2588 Dist.
1369 2544 1410 2588 6.
1438 2558 1475 2602 q.
1504 2558 1543 2588 2.
1571 2550 1651 2588 art.
1685 2559 1725 2589 2.
1753 2550 1791 2589 et
1812 2550 1894 2589 art.
1921 2545 2034 2589 unic.
2060 2553 2103 2602 4.
2132 2545 2142 2548 ”

604 2618 643 2656 et
665 2610 818 2668 Quodl.
847 2626 887 2670 9.
915 2626 954 2669 q.
980 2625 1019 2655 2.
1045 2617 1127 2655 art.
1154 2625 1193 2656 2.
1214 2617 1251 2655 et
1272 2618 1408 2670 opusc.
1426 2625 1467 2657 2.
1488 2619 1577 2670 cap.
1604 2626 1644 2656 2.
1668 2627 1730 2657 10.
1754 2618 1790 2656 et
1815 2612 1939 2670 211).

388 2723 464 2768 AD
488 2734 748 2768 SECUNDUM
774 2721 838 2765 sic
864 2721 1137 2779 proceditur.
1175 2720 1379 2775 Videtur,
1414 2721 1535 2780 quod
1568 2723 1614 2765 in
1642 2721 1828 2766 Christo
1864 2735 1972 2767 non·
1990 2721 2049 2767 sit
2077 2730 2256 2767 tantum

301 2805 444 2836 unum
471 2803 583 2843 esse,
609 2789 687 2832 sed
714 2788 830 2832 duo:
857 2788 966 2833 dicit
991 2788 1112 2831 enim
1134 2788 1350 2831 Damasc.
1377 2788 1423 2831 in
1455 2803 1490 2846 3.
1519 2788 1593 2832 lib.
1623 2788 1769 2845 (Orth.
1797 2789 1894 2834 Fid.
1912 2796 2005 2849 cap.
2021 2789 2114 2849 13),
2133 2788 2256 2849 quod

302 2871 356 2902 ea
381 2871 497 2917 quae
523 2865 862 2914 consequuntur
887 2864 1096 2898 naturam
1123 2854 1169 2898 in
1198 2854 1383 2899 Christo
1412 2855 1720 2914 duplicantur:
1748 2856 1827 2900 sed
1849 2870 1949 2902 esse
1966 2855 2259 2916 consequitur

301 2925 530 2969 naturam:
561 2936 658 2967 esse
685 2922 806 2966 enim
834 2931 901 2966 est
927 2936 953 2965 a
978 2920 1148 2976 forma3
1176 2935 1286 2980 ergo
1312 2922 1358 2965 in
1387 2921 1573 2966 Christo
1600 2934 1704 2967 sunt
1730 2924 1821 2967 duo
1848 2937 1960 2968 esse.

391 3004 432 3036 2.
463 2991 760 3036 PRAETEREA.
794 2988 904 3033 Esse
936 2987 1036 3032 Filii
1068 2988 1157 3032 Dei
1189 2999 1257 3033 est
1286 2989 1383 3048 ipsa
1416 2999 1576 3034 natura
1609 2989 1775 3045 divina,
1819 2999 1864 3036 et
1899 2998 1968 3036 est
1998 2996 2258 3037 aeternum.
2272 3009 2293 3049 g

303 3073 402 3104 esse
430 3067 581 3102 autem
607 3056 809 3100 hominis
838 3055 1009 3100 Christi
1036 3069 1126 3099 non
1156 3066 1223 3100 est
1248 3056 1399 3099 divina
1432 3067 1607 3112 natura,
1640 3058 1719 3103 sed
1751 3067 1819 3103 est
1850 3072 1949 3104 esse
1979 3057 2260 3118 temporale3

304 3139 413 3185 ergo
439 3125 485 3169 in
514 3123 700 3168 Christo
727 3136 822 3166 non
849 3132 916 3166 est
940 3132 1118 3166 tantum
1144 3137 1286 3166 unum
1314 3136 1425 3166 esse.

398 3193 757 3252 3.PRA1-:T1—:R13A.
784 3189 835 3232 In
865 3188 1085 3233 Trinitate
1113 3191 1320 3248 quamvis
1347 3190 1436 3233 sint
1462 3199 1552 3234 tres
1578 3200 1819 3250 personae,
1843 3200 1914 3238 est
1935 3201 2092 3237 tamen
2116 3195 2262 3239 unum

305 3274 403 3305 esse
429 3268 612 3318 propter
638 3257 857 3301 unitatem
884 3266 1095 3300 naturae:
1133 3256 1210 3300 sed
1248 3257 1294 3300 in
1334 3256 1519 3300 Christo
1553 3268 1656 3301 sunt
1682 3256 2261 3318 duae'naturaefquamvis
2291 3308 2294 3312 A
2347 3296 2349 3298 .

305 3327 360 3371 sit
387 3340 475 3370 una
502 3338 719 3384 persona3
748 3337 856 3381 ergo
884 3323 929 3366 in
957 3322 1143 3367 Christo
1171 3337 1263 3366 non
1291 3333 1359 3367 est
1384 3334 1560 3368 tantum
1588 3340 1729 3370 unum
1757 3340 1871 3382 esse,
1902 3325 2111 3372 sedduo.
2323 3362 2328 3368 .

395 3406 435 3448 4.
464 3392 759 3436 PRAETEREA.
789 3391 838 3434 In
866 3390 1051 3434 Christo
1080 3391 1230 3434 anima
1258 3391 1333 3434 dat
1360 3390 1543 3449 aliquod
1559 3407 1656 3436 esse
1680 3393 1876 3453 corpori,
1897 3393 2086 3439 cum=sit
2109 3392 2260 3438 forma
2334 3407 2347 3451 ς

309 3462 426 3518 ejus:
452 3459 529 3504 sed
556 3473 649 3503 non
677 3458 752 3502 dat
777 3457 860 3502 sibi
888 3471 986 3502 esse
1013 3457 1232 3511 divinum,
1261 3472 1363 3502 cum
1393 3459 1450 3502 sit
1475 3459 1754 3515 increatum3
1782 3475 1892 3521 ergo
1909 3461 1956 3506 in
1980 3460 2174 3507 Christo>
2191 3468 2264 3505 est
2289 3479 2311 3522 'Q
2336 3471 2338 3473 ·

310 3527 429 3572 aliud
450 3540 546 3570 esse
565 3535 740 3585 praeter
758 3538 855 3568 esse
875 3524 1103 3578 divinum3
1131 3534 1174 3568 et
1192 3524 1255 3567 sic
1282 3524 1327 3568 in
1357 3525 1541 3570 Christo
1569 3542 1663 3571 non
1690 3538 1757 3572 est
1781 3538 1957 3574 tantum
1978 3531 2122 3574 unuin
2148 3540 2260 3573 esse.
2286 3543 2298 3568 π

401 3594 493 3638 8131)
527 3605 736 3637 CONTRA.
765 3591 1135 3651 Unumquodque
1159 3592 1408 3636 secundum
1436 3593 1524 3638 hoc
1553 3595 1715 3639 dicitur
1741 3610 1835 3651 ens,
1861 3595 2112 3641 secundum
2139 3592 2261 3655 quod
