2352 3926
299 235 372 305 64
845 246 1120 293 QUAESTIO
1159 246 1232 286 1v.
1272 245 1579 286 ARTICULUS
1619 246 1693 285 1v.

298 365 378 396 cos
407 349 474 407 (ex
500 350 634 395 Arist.
658 365 694 395 Ι.
722 349 906 408 Metaph.
934 355 1013 394 tex.
1041 349 1083 395 6.
1111 355 1167 394 at
1163 349 1276 408 25),
1305 358 1373 394 est
1398 349 1496 408 ipsa
1521 349 1726 392 humana
1757 358 1920 393 natura
1945 348 1999 393 ab
2016 347 2263 393 individuis

297 427 527 478 separata;
553 417 672 460 hanc
699 416 835 475 igitur
861 416 1016 460 debuit
1039 415 1178 461 Filius
1203 416 1299 462 Dei
1325 430 1570 461 assumere.

392 499 429 542 3.
456 485 754 529 PRAETEREA.
784 483 999 528 Humana
1024 493 1186 528 natura
1201 498 1296 528 non
1313 494 1382 529 est
1398 493 1629 542 assumpta
1648 497 1673 526 a
1694 482 1810 527 Filio
1835 448 1939 537 Dei,
1965 492 2102 542 prout
2125 481 2264 540 signi-

297 552 492 597 ficatur
482 566 527 594 m
555 561 770 595 concreto
798 565 878 609 per
893 551 984 595 hoc
1001 565 1188 605 nornen,
1207 553 1344 605 homo,
1362 561 1411 595 ut
1429 551 1602 594 dictum
1619 560 1687 594 est
1703 552 1802 607 (art.
1820 558 1945 610 praec
1949 551 2007 606 ..·)
2027 550 2098 595 sic
2103 555 2264 598 autem

298 619 591 678 significatur,
619 629 754 677 prout
780 628 847 662 est
877 619 923 662 in
955 618 1274 677 singularibus,
1308 628 1356 662 ut
1388 632 1441 662 ex
1474 617 1603 661 dictis
1635 627 1758 675 patet
1792 617 1932 674 (ibid.)
1943 632 1960 668 ;
1989 630 2100 675 ergo
2125 614 2266 661 Filius

298 687 387 731 Dei
414 686 658 744 assumpsit
682 695 893 729 naturam
920 686 1188 740 humanam,
1214 687 1350 744 prou't
1376 694 1443 728 est
1469 685 1522 727 ab
1550 684 1793 728 individuis
1819 693 2040 742 separata.

388 754 481 798 SED
516 765 711 797 CONTRA
745 762 824 806 est,
852 753 974 811 quod
1009 753 1116 797 dicit
1140 754 1457 797 Damascenus
1482 751 1529 794 in
1560 765 1597 808 3.
1624 750 1700 794 lib.
1728 751 1873 807 (Orth.
1899 749 1996 794 Fid.
2023 756 2115 809 cap.
2138 747 2266 806 11.).·

303 821 469 864 «Deus
486 820 691 864 Verbum
717 820 1004 864 incarnatum
1029 834 1123 864 non
1151 834 1267 873 eam,
1297 833 1412 877 quae
1439 818 1561 861 nuda
1588 817 1977 876 contemplatione
2010 816 2266 861 considera·
2319 807 2330 815 ⁸

300 898 385 941 tur,
411 897 622 931 naturam
655 890 910 946 assumpsit,
942 902 1036 931 non
1070 888 1193 931 enim
1224 885 1477 931 incarnatio
1496 885 1602 934 hoe,
1621 884 1700 928 sed
1732 884 1941 942 deceptio
1973 892 2019 929 et
2046 883 2171 930 fictio
2203 883 2267 928 in-

301 954 578 998 carnationis
605 964 722 999 esset
738 969 789 998 »z
818 955 896 999 sed
921 955 1124 998 humana
1149 963 1325 1007 natura,
1353 962 1488 1011 prout
1514 961 1582 997 est
1604 951 1658 994 ab
1682 951 1925 996 individuis
1942 960 2172 1010 separata,
2191 949 2268 995 vel

301 1023 539 1075 abstracta,
566 1022 612 1065 in
639 1021 761 1065 nuda
787 1021 1177 1081 contemplatIOne
1210 1021 1462 1079 cogitatur:
1491 1019 1598 1078 quia
1621 1018 1843 1063 secundum
1867 1020 2044 1079 seipsam
2067 1033 2152 1063 non
2175 1019 2267 1063 sub-

301 1091 418 1143 sistit,
446 1098 495 1132 ut
519 1089 689 1133 ibidem
714 1089 931 1133 Damasc.
960 1089 1097 1142 dicit3
1124 1102 1235 1146 ergo
1263 1087 1401 1131 Filius
1427 1087 1517 1130 Dei
1542 1100 1636 1129 non
1659 1085 1905 1144 assumpsit
1918 1085 2173 1131 humanam
2192 1099 2268 1130 na-

301 1166 466 1210 turam,
493 1156 746 1200 secundum
773 1157 894 1214 quod
923 1166 990 1200 est
1017 1170 1040 1199 a
1068 1155 1371 1213 singularibus
1391 1164 1611 1213 separata.

389 1223 680 1268 RESPONDEO
708 1224 967 1276 dicendum,
996 1223 1117 1281 quod
1144 1233 1305 1266 natura
1330 1221 1547 1274 hominis,
1565 1220 1639 1264 vel
1658 1221 1984 1280 cujuscumque
2002 1219 2186 1265 alter-ius
2202 1219 2269 1264 rei

300 1290 538 1344 sensibilis,
564 1300 741 1349 praeter
766 1306 844 1335 esse
871 1290 992 1349 quod
1025 1291 1071 1333 in
1104 1289 1407 1348 singularibus
1441 1288 1592 1341 habet,
1625 1288 1846 1346 dupliciter
1872 1297 2023 1347 potest
2045 1286 2268 1346 intelligi:

299 1373 381 1402 uno
413 1357 549 1411 modo,
579 1358 710 1417 quasi
735 1372 814 1416 per
841 1372 888 1401 se
914 1358 1062 1416 ipsam
1094 1373 1170 1402 esse
1203 1357 1368 1400 habeat
1394 1365 1570 1415 praeter
1602 1355 1859 1408 materiam,
1891 1354 2008 1400 sicut
2036 1354 2267 1401 Platonici

299 1434 570 1484 posuerunt:
598 1426 681 1469 alio
704 1424 840 1479 modo,
869 1425 985 1468 sicut
1012 1425 1057 1467 in
1083 1423 1318 1468 intellectu
1347 1424 1555 1476 existens,
1573 1421 1647 1466 vel
1665 1422 1887 1476 humano,
1903 1421 1981 1467 vel
1994 1421 2166 1469 divino.
2181 1421 2271 1467 Per

299 1507 348 1537 se
377 1493 561 1551 quidem
587 1492 828 1536 subsistere
854 1506 949 1535 non
976 1501 1140 1550 potest,
1167 1501 1216 1535 ut
1242 1491 1414 1534 Philos.
1443 1490 1605 1548 probat
1626 1489 1672 1532 in
1695 1503 1734 1547 7.
1758 1489 1962 1548 Metaph.
1982 1490 2087 1548 (tex.
2104 1489 2268 1548 26.127.

301 1575 363 1620 39.
385 1574 446 1619 51.
473 1567 512 1604 et
535 1562 654 1618 seq),
683 1562 788 1619 quia
816 1561 871 1603 ad
903 1570 1114 1603 naturam
1147 1558 1318 1617 speciei
1350 1572 1503 1602 rerum
1536 1555 1821 1602 sensibilium
1852 1556 2048 1616 pertinet
2078 1556 2270 1605 materia

301 1626 541 1681 sensibilis,
568 1641 684 1685 quae
711 1627 891 1685 ponitur
919 1627 966 1669 in
994 1627 1089 1684 ejus
1117 1625 1404 1670 definitione:
1432 1625 1549 1669 sicut
1567 1638 1741 1678 carnes,
1759 1632 1804 1668 et
1821 1623 1989 1672 ossain
2005 1623 2269 1674 definitione

302 1694 533 1747 hominis3
560 1694 679 1738 unde
711 1708 806 1737 non
832 1704 982 1753 potest
1014 1708 1127 1747 esse,
1162 1693 1283 1752 quod
1310 1702 1472 1736 natura
1503 1692 1707 1736 humana
1738 1691 1796 1736 sit
1826 1700 2005 1750 praeter
2029 1690 2271 1738 materiam

303 1761 588 1806 sensibilem:
616 1762 654 1805 si
679 1771 834 1805 tamen
860 1771 980 1805 esset
1006 1761 1096 1804 hoc
1124 1760 1266 1804 modo
1294 1760 1542 1804 subsistens
1568 1769 1729 1803 natura
1754 1758 1974 1814 humana,
1998 1773 2095 1809 non
2114 1757 2274 1805 fuisset
2336 1763 2352 1771 '¹

303 1829 596 1883 conveniens,
623 1838 672 1872 ut
698 1842 724 1871 a
749 1828 902 1872 Verbo
935 1828 1024 1872 Dei
1057 1837 1385 1872 assumeretur:
1400 1829 1540 1886 primo
1559 1826 1761 1886 quidem,
1782 1826 1889 1885 quia
1911 1825 2163 1886 assumptio
2184 1826 2272 1870 ista

301 1895 570 1940 terminatur
597 1895 652 1939 ad
679 1910 952 1954 personam:
980 1896 1070 1939 hoc
1099 1905 1251 1939 autem
1279 1904 1345 1939 est
1368 1904 1527 1939 contra
1547 1894 1774 1939 rationem
1790 1892 1968 1938 formae
1991 1893 2269 1947 communis,

303 1974 351 2007 ut
365 1963 422 2007 sit
441 1964 487 2006 in
506 1977 721 2022 persona;
744 1964 849 2022 quia
866 1963 912 2006 in
930 1977 1125 2022 persona
1141 1963 1470 2016 individuatur3
1487 1961 1675 2016 secundo,
1694 1961 1800 2021 quia
1815 1970 2004 2006 naturae
2031 1960 2271 2007 communi

302 2045 398 2074 non
423 2039 614 2089 possunt
645 2030 826 2075 attribui
855 2030 942 2074 nisi
975 2030 1263 2089 operationes
1297 2043 1585 2083 communes,
1618 2039 1662 2073 et
1693 2027 1986 2083 universales,
2017 2027 2270 2072 secundum
2343 2031 2352 2058 ³⁴

305 2112 416 2156 quas
441 2098 586 2141 homo
612 2112 707 2141 non
733 2108 946 2151 meretur,
972 2112 1058 2141 nec
1085 2098 1371 2149 demeretur;
1399 2112 1506 2141 cum
1531 2107 1688 2141 tamen
1714 2095 1793 2140 illa
1819 2095 2071 2156 assumptio
2096 2094 2155 2143 ad
2175 2095 2286 2142 hoc·
2334 2122 2352 2148 s,

303 2163 424 2208 facta
450 2165 519 2222 sit,
547 2175 596 2208 ut
619 2164 759 2208 Filius
785 2165 887 2219 Dei,
913 2175 1074 2209 natura
1101 2175 1347 2224 assumpta,
1373 2165 1506 2210 nobis
1529 2174 1802 2209 mereretur:
1827 2165 1960 2217 tertio,
1984 2163 2091 2223 quia
2108 2172 2273 2209 natura

304 2232 368 2276 sic
396 2232 590 2276 existens
617 2246 711 2276 non
739 2242 806 2276 est
831 2232 1069 2286 sensibilis,
1096 2233 1175 2276 sed
1202 2232 1521 2291 intelligibilis:
1555 2231 1694 2276 Filius
1728 2240 1883 2276 autem
1913 2231 2274 2290 Deifflssumpsit
2337 2229 2347 2291 ᾖ.

304 2300 558 2343 humanam
583 2309 809 2353 naturam,
837 2310 886 2343 ut
911 2301 1174 2344 homInibus
1207 2300 1253 2343 in
1287 2315 1342 2344 ea
1373 2300 1562 2344 visibilis
1598 2308 1849 2359 appareret,
1875 2298 2129 2348 secundum
2159 2296 2272 2343 illud
2338 2314 2346 2323 ν·

306 2367 488 2411 Baruch
511 2381 546 2426 3.
562 2368 682 2412 :Post
697 2368 793 2412 haec
812 2369 995 2412 interris
1015 2370 1127 2412 visus
1143 2374 1212 2421 est,
1241 2374 1385 2427 etcum
1408 2368 1644 2412 hominibus
1670 2373 1935 2413 conversatus
1955 2372 2015 2413 est
2028 2381 2046 2420 ;
2060 2364 2275 2420 similiter

305 2435 442 2479 etiam
468 2448 562 2478 non
588 2434 736 2493 potuit
762 2435 932 2479 assumi
959 2435 1159 2478 humana
1186 2444 1346 2478 natura
1375 2449 1399 2478 a
1426 2434 1541 2478 Filio
1568 2434 1670 2488 Dei,
1697 2433 1951 2478 secundum
1979 2431 2102 2493 quod
2128 2442 2197 2478 est
2225 2431 2274 2476 in

303 2501 536 2546 intellectu
570 2501 753 2545 divino:
783 2502 887 2560 quia
914 2502 978 2545 sic
1005 2501 1120 2545 nihil
1148 2501 1270 2545 aliud
1298 2512 1378 2556 est,
1406 2517 1544 2560 quarn
1571 2511 1734 2545 natura
1762 2501 1936 2556 divina;
1965 2510 2008 2546 et
2038 2514 2120 2561 per
2148 2499 2273 2544 hunc
2336 2544 2338 2546 ,

305 2569 498 2612 modum
525 2568 578 2611 ab
603 2578 788 2612 aeterno
818 2579 935 2613 esset
961 2569 1007 2611 in
1034 2568 1149 2612 Filio
1176 2569 1262 2612 Dei
1291 2568 1494 2612 humana
1516 2578 1701 2613 natura:
1719 2567 1928 2612 similiter
1944 2582 2039 2613 non
2059 2566 2275 2613 convenit

305 2636 470 2690 dicere,
498 2635 620 2694 quod
647 2635 786 2680 Filius
813 2635 901 2679 Dei
929 2636 1174 2695 assumpsit
1199 2636 1453 2679 humanam
1479 2646 1708 2689 naturam,
1730 2644 1865 2695 prout
1886 2645 1954 2680 est
1973 2635 2020 2679 in
2041 2633 2274 2689 intellectu
2321 2673 2327 2678 .

304 2704 536 2747 humano:
565 2702 670 2762 quia
695 2703 785 2748 hoc
812 2702 927 2746 nihil
955 2702 1075 2746 aliud
1104 2712 1236 2756 esset,
1264 2717 1404 2762 quam
1432 2704 1555 2762 quod
1581 2701 1912 2761 intelligeretur
1937 2715 2170 2747 assumere
2195 2715 2273 2746 na-

304 2780 456 2816 turam
480 2770 764 2824 humanam3
793 2780 837 2814 et
862 2770 926 2814 sic
954 2770 992 2814 si
1019 2784 1113 2813 non
1142 2780 1393 2814 assumeret
1419 2784 1522 2814 earn
1548 2770 1594 2813 in
1621 2784 1776 2813 rerum
1801 2771 1978 2825 natura,
2005 2778 2124 2814 esset
2147 2767 2276 2813 intel-

305 2837 450 2882 lectus
482 2836 650 2882 falsus:
676 2852 760 2882 nec
790 2847 908 2882 esset
934 2837 1054 2880 aliud
1086 2838 1171 2881 ista
1203 2847 1391 2881 naturae
1418 2837 1649 2880 humanae
1684 2836 1951 2896 assumptiO,
1983 2850 2123 2896 quam
2147 2835 2272 2881 fictio

307 2904 531 2965 quaedam
559 2905 900 2959 incarnationis,
927 2915 975 2949 ut
1001 2905 1318 2948 Damascenus
1347 2904 1454 2948 dicit
1483 2904 1580 2960 (loc.
1609 2905 1713 2962 cit).

397 2972 472 3016 AD
512 2984 701 3017 PmMUM
735 2987 844 3031 ergo
879 2972 1138 3026 dicendum,
1172 2971 1292 3031 quod
1326 2971 1465 3015 Filius
1497 2971 1588 3015 Dei
1619 2971 1880 3015 incarnatus
1913 2980 1982 3015 est
2013 2970 2274 3016 communis

306 3039 517 3084 omnium
543 3039 757 3094 salvator,
784 3054 876 3083 non
906 3039 1237 3084 communitate
1266 3039 1458 3098 generis,
1485 3038 1559 3082 vel
1586 3038 1767 3096 speciei,
1791 3052 1908 3097 quae
1931 3037 2186 3083 attribuitur
2199 3051 2278 3082 na-

305 3117 433 3152 turae
461 3107 514 3151 ab
542 3107 785 3151 individuis
813 3117 1064 3166 separatae,
1093 3106 1171 3150 sed
1200 3106 1531 3150 communitate
1570 3119 1749 3159 causae,
1777 3114 1913 3165 prout
1938 3104 2079 3151 Filius
2102 3105 2192 3152 Dei
2211 3105 2278 3153 in·-

308 3184 519 3219 carnatus
546 3185 613 3220 est
644 3175 910 3219 universalis
940 3188 1076 3218 causa
1102 3173 1258 3218 salutis
1287 3174 1532 3218 humanae.

397 3242 472 3286 AD
492 3255 752 3287 SECUNDUM
772 3241 1031 3295 dicendum,
1045 3241 1168 3300 quod
1187 3255 1265 3299 per
1283 3255 1329 3284 sc
1348 3241 1493 3285 homo
1511 3254 1605 3284 non
1624 3240 1849 3284 invenitur
1865 3240 1912 3286 in
1929 3253 2082 3286 rerum
2098 3249 2275 3296 natura,

306 3310 367 3355 ita
386 3311 507 3369 quod
525 3310 582 3355 sit
594 3321 771 3370 praeter
788 3309 1049 3368 singularia,
1069 3319 1116 3353 ut
1135 3308 1362 3353 Platonici
1379 3317 1651 3368 posuerunt:
1677 3307 1885 3366 quamvis
1903 3304 2089 3367 quidam
2107 3306 2275 3364 dicant,
2348 3348 2352 3359 ,

307 3378 428 3436 quod
456 3376 587 3422 Plato
614 3391 707 3421 non
735 3377 953 3421 intellexit
978 3376 1218 3420 hominem
1246 3386 1504 3435 separatum
1524 3389 1636 3427 esse,
1661 3376 1748 3419 nisi
1775 3375 1819 3419 in
1837 3374 2071 3421 intellectu
2093 3374 2274 3430 divium
2346 3370 2352 3382 ‘

307 3455 350 3489 et
377 3447 439 3488 sic
466 3459 559 3488 non
588 3445 801 3503 oportuit,
829 3444 950 3503 quod
979 3453 1284 3487 assumeretur
1303 3458 1328 3486 a
1346 3443 1514 3495 Verbo,
1535 3456 1640 3486 cum
1668 3443 1721 3486 ab
1746 3452 1933 3488 aeterno
1955 3441 2043 3487 sibi
2068 3440 2273 3497 adfuerit.

398 3513 473 3557 An
507 3525 723 3558 TERTnJM
750 3511 1009 3565 dicendum,
1036 3510 1157 3569 quod
1185 3510 1394 3568 quamvis
1419 3520 1579 3553 natura
1606 3509 1810 3552 humana
1834 3523 1929 3560 non
1955 3508 2274 3569 sit-assumpta
2332 3555 2335 3564 A

307 3580 353 3623 in
381 3590 614 3633 concreto,
643 3590 690 3623 ut
717 3579 997 3639 suppositum
1027 3577 1412 3637 praeintelligatur
1441 3577 1766 3634 assumptioni:
1790 3577 1853 3621 sic
1870 3584 2027 3623 tamen
2043 3585 2291 3637 assumpta.

310 3657 377 3692 est
402 3647 448 3691 in
474 3647 723 3702 individuo,
751 3647 855 3706 quia
881 3655 1112 3704 assumpta
1140 3654 1221 3699 est,
1249 3654 1296 3688 ut
1323 3644 1380 3689 sit
1401 3644 1445 3687 in
1473 3643 1720 3688 individuo.
