2352 3926
326 202 435 277 57'6
855 218 1134 264 QUAEsTlo
1177 214 1344 257 van.
1384 188 1697 259 Amnem-us
1736 217 1789 260 v.

414 323 489 367 AD
515 335 703 367 PRIMUM
731 334 841 378 ergo
868 319 1129 375 dicendum,
1157 321 1279 380 quod
1311 321 1457 366 homo
1483 322 1717 381 baptizans
1749 320 1932 369 adhibet
1961 325 2285 372 tantummodo

324 389 629 434 ministerium
657 388 876 442 exterius3
899 387 979 431 sed
1009 387 1217 432 Christus
1244 396 1325 442 est,
1359 388 1436 447 qui
1467 389 1654 433 interius
1692 389 1902 448 baptizat,
1935 392 2015 450 qui
2042 401 2193 451 potest
2222 392 2288 436 uti

324 457 534 501 omnibus
566 455 830 498 hominibus
858 454 913 497 ad
941 454 1264 514 quodcumque
1290 455 1509 500 voluerit:
1538 465 1581 500 et
1611 456 1715 500 ideo
1741 471 1835 500 non
1860 457 2073 516 baptizati
2097 469 2287 518 possunt

321 524 561 582 baptizare,
589 523 707 580 quia,
727 532 775 565 ut
800 521 1020 566 Nicolaus
1037 536 1154 581 papa
1173 522 1294 576 dicit,
1313 523 1564 582 baptismus
1594 538 1618 564 <c
1634 537 1728 567 non
1756 533 1824 568 est
1844 523 2030 568 illorum
2046 542 2088 580 n,
2114 525 2288 572 scilicet

320 589 660 648 baptizantium,
693 588 807 632 «sed
841 589 994 647 ejus»,
1021 588 1197 634 scilicet
1227 589 1400 634 Christi
1432 590 1528 648 (hoc
1554 590 1647 634 hab.
1666 598 1822 650 expres.
1849 591 1959 650 Aug.
1989 591 2060 636 lib.
2090 607 2127 652 3.
2155 600 2285 639 contr.

325 659 514 703 Crescon.
543 664 634 716 cap.
664 656 705 701 6.
732 658 776 699 in
798 656 914 714 fin).
975 690 978 692 v

410 725 486 768 AD
520 737 781 768 SECUNDUM
808 723 1067 778 dicendum,
1101 724 1224 783 quod
1246 723 1322 768 ille
1350 725 1427 783 qui
1452 738 1547 768 non
1574 734 1640 769 est
1661 724 1926 784 baptizatus,
1952 726 2161 785 quamvis
2192 741 2287 772 non

323 794 546 851 pertineat
573 791 627 834 ad
655 790 912 835 Ecclesiam
937 805 999 849 re,
1026 790 1100 834 vel
1131 802 1437 845 sacramento,
1471 802 1621 850 potest
1651 802 1807 836 tamen
1841 792 1897 836 ad
1930 806 2032 836 eam
2064 794 2288 852 pertinere

322 858 589 911 intentione,
618 867 661 901 et
687 857 982 902 similitudine
1001 867 1150 912 actus;
1167 858 1438 916 inquantum
1456 858 1635 903 scilicet
1650 859 1842 903 intendit
1858 858 2021 914 facere,
2040 861 2163 919 quod
2179 860 2288 905 facit

322 925 542 978 Ecclesia,
570 934 615 969 et
638 924 837 969 formam
870 924 1102 994 Ecclesiae
1129 936 1279 969 servat
1310 927 1356 969 in
1378 925 1671 984 baptizand03
1701 936 1745 970 et
1777 926 1840 970 sic
1868 936 2097 1005 operatur,
2129 937 2179 972 ut
2209 929 2289 973 mi-

322 993 462 1037 nister
502 992 688 1047 Christi,
721 993 799 1051 qui
828 992 1043 1036 virtutem
1076 984 1207 1037 s'uam
1239 1006 1333 1036 non
1368 992 1570 1052 alligavit
1601 994 1852 1053 baptizatis,
1885 994 2003 1039 sicut
2031 1008 2117 1040 nec
2149 993 2288 1040 etiam

323 1060 635 1104 sacramentis.
1361 1070 1364 1078 ¹

411 1128 488 1172 AD
516 1139 731 1171 TERTIUM
759 1126 1017 1181 dicendum,
1036 1127 1159 1184 quod
1179 1126 1265 1170 alia
1284 1136 1570 1171 sacramenta
1592 1142 1686 1171 non
1704 1137 1807 1172 sunt
1829 1137 1980 1172 tantae
2003 1129 2287 1174 necessitatis

321 1195 439 1239 sicut
463 1194 737 1253 baptismus:
765 1203 810 1237 et
833 1194 938 1237 ideo
966 1194 1112 1252 magis
1141 1194 1420 1247 conceditur,
1444 1194 1566 1252 quod
1587 1209 1683 1238 non
1707 1195 1959 1254 baptizatus
1985 1197 2130 1255 possit
2149 1196 2289 1256 bapti·

320 1277 437 1317 zare,
465 1276 602 1321 quarn
632 1261 753 1320 quod
781 1261 923 1320 possit
951 1260 1037 1304 alia
1064 1269 1350 1304 sacramenta
1373 1261 1616 1319 suscipere.

1009 1439 1443 1496 ARTICULUS
1485 1441 1581 1495 v1.
1987 1490 1991 1495 .
2192 1459 2278 1518 ,381

454 1577 688 1616 UTRUM
727 1577 956 1615 PLURES
998 1577 1275 1616 POSSINT
1318 1543 1512 1614 SINiUL
1554 1577 1732 1615 UNUM
1771 1577 2144 1622 BAPTIZARE.

557 1689 617 1744 (4.
636 1688 745 1731 Dist.
761 1702 797 1747 3.
816 1693 897 1731 art.
917 1701 956 1732 2.
977 1702 1015 1745 q.
1035 1702 1074 1732 2.
1096 1687 1150 1731 ad
1167 1703 1202 1732 1.
1221 1693 1259 1732 et
1275 1702 1316 1732 2.
1333 1688 1447 1732 Dist.
1467 1688 1508 1732 6.
1528 1703 1566 1746 q.
1583 1702 1623 1733 2.
1643 1694 1725 1732 art.
1745 1704 1778 1733 1.
1798 1703 1838 1747 q.
1855 1704 1890 1734 1.
1909 1679 1964 1732 ad
1974 1688 2048 1748 3.).
2096 1698 2099 1699 ’
2150 1688 2158 1695 ”

410 1798 487 1841 AD
515 1809 707 1842 SEXTUM
737 1796 800 1841 sic
827 1796 1102 1856 proceditur.
1132 1797 1333 1850 Videtur,
1360 1797 1482 1856 quod
1503 1796 1653 1856 plures
1681 1797 1856 1856 possint
1882 1796 2021 1845 simul
2040 1796 2282 1843 unum'ba-

322 1865 516 1923 ptizare:
545 1865 592 1908 in
618 1863 907 1909 multitudine
936 1865 1058 1909 enim
1086 1865 1343 1908 continetur
1365 1877 1521 1919 unum,
1549 1865 1626 1908 sed
1644 1878 1739 1908 non
1766 1864 2068 1910 convertitur:
2085 1865 2206 1910 unde
2221 1865 2286 1910 vi-

323 1934 465 1987 detur,
494 1933 615 1991 quod
644 1932 861 1991 quidquid
888 1942 1038 1991 potest
1062 1932 1212 1976 facere
1239 1945 1370 1985 unuS,
1392 1933 1568 1990 possint
1593 1931 1742 1976 facere
1768 1931 1915 1986 multi,
1933 1940 1979 1976 et
2002 1944 2098 1976 non
2124 1945 2150 1976 e
2176 1945 2283 1978 con-

315 2015 469 2056 verso3
495 2002 612 2045 sicut
632 2001 764 2044 multi
795 2002 979 2045 trahunt
1010 2015 1190 2055 navem,
1223 2015 1362 2060 quam
1394 2015 1510 2045 unus
1535 2000 1716 2045 trahere
1736 2014 1830 2044 non
1852 2010 2029 2059 posset.
2057 2001 2136 2046 sed
2162 2014 2279 2045 unus

315 2069 460 2112 homo
493 2078 643 2128 potest
674 2067 810 2112 simul
840 2068 992 2126 plures
1031 2068 1283 2128 baptizare3
1317 2081 1427 2126 ergo
1463 2077 1507 2112 et
1538 2067 1689 2126 plures
1729 2076 1920 2127 possunt
1960 2066 2098 2153 simul
2124 2081 2280 2139 unum
2346 2067 2347 2071 ’

313 2137 554 2196 baptizare.

404 2217 444 2248 2.
472 2205 770 2248 PRAETEREA.
797 2202 1039 2247 Difficilius
1063 2212 1143 2257 est,
1167 2203 1289 2262 quod
1311 2217 1454 2246 unum
1479 2217 1618 2262 agens
1639 2213 1743 2261 agat
1763 2202 1811 2246 in
1833 2201 1977 2262 plura,
1998 2214 2138 2262 quam
2159 2202 2282 2263 quod

313 2271 463 2331 plures
492 2281 678 2330 agentes
706 2281 842 2330 agant
868 2270 1005 2314 simul
1030 2271 1077 2314 in
1103 2285 1268 2316 unum:
1295 2269 1374 2314 sed
1401 2284 1517 2313 unus
1543 2270 1689 2322 homo
1710 2279 1861 2328 potest
1881 2268 2190 2328 simulssplures
2209 2269 2284 2314 ba·

312 2339 504 2399 ptizare3
532 2353 641 2397 ergo
669 2337 815 2382 multo
843 2338 990 2397 magis
1022 2338 1174 2396 plures
1207 2346 1398 2396 possunt
1430 2337 1567 2380 simul
1605 2348 1747 2379 unum
1779 2336 2020 2395 baptizaret
2115 2342 2119 2344 ’

406 2420 443 2465 3.
471 2406 768 2450 PRAETEREA.
793 2405 1049 2464 Baptismus
1073 2415 1140 2449 est
1171 2414 1508 2448 sacramentum
1535 2403 1762 2447 maximae
1788 2403 2097 2448 necessitatis:
2127 2403 2210 2448 sed
2234 2403 2282 2448 in

313 2473 467 2532 aliquo
505 2487 612 2516 casu
644 2467 822 2516 videtur
855 2485 952 2516 esse
983 2473 1309 2524 necessarium,
1342 2471 1464 2529 quod
1496 2469 1645 2528 plures
1679 2469 1817 2514 simul
1849 2482 1992 2514 unum
2022 2470 2280 2530 baptizent:

312 2550 421 2601 puta
453 2540 491 2584 si
523 2539 682 2598 aliquis
714 2539 927 2598 parvulus
969 2548 1086 2582 esset
1116 2538 1163 2581 in
1197 2537 1388 2582 articulo
1422 2537 1597 2590 mortiS,
1630 2546 1675 2581 et
1706 2537 1916 2582 adessent
1946 2538 2053 2592 duo,
2085 2550 2281 2597 quorum

315 2607 428 2652 alter
460 2616 580 2651 esset
604 2616 770 2660 mutus,
805 2615 849 2649 et
871 2605 981 2649 alter
1003 2605 1227 2658 manibus,
1255 2614 1300 2648 et
1319 2604 1517 2648 brachiis
1540 2613 1736 2648 careret·
1759 2614 1867 2648 tunc
1891 2606 2014 2649 enim
2037 2615 2280 2664 oporteret,

313 2675 436 2736 quod
463 2673 695 2718 mutilatus
720 2673 856 2716 verba
882 2671 1117 2731 proferret,
1145 2682 1188 2715 et
1219 2681 1372 2715 mutus
1400 2681 1552 2715 actum
1574 2672 1784 2731 baptismi
1807 2679 2061 2727 exerceret3
2086 2684 2200 2732 ergo
2219 2673 2282 2719 vi·

313 2743 457 2797 detur,
484 2741 606 2800 quod
633 2739 784 2799 plures
810 2740 985 2798 possint
1010 2738 1148 2782 simul
1174 2753 1315 2782 unum
1342 2739 1582 2797 baptizare.
2018 2764 2020 2766 »

405 2810 499 2854 SED
523 2819 718 2854 CONTRA
746 2817 826 2861 est,
853 2806 974 2865 quod
1001 2807 1131 2849 unius
1160 2805 1333 2864 agentis
1361 2816 1428 2849 est
1454 2819 1544 2848 una
1572 2805 1715 2860 actio;
1742 2805 1781 2850 si
1813 2819 1924 2866 ergo
1950 2806 2103 2867 plures
2133 2819 2276 2852 unum

313 2877 606 2937 baptizarent,
647 2874 823 2918 videtur
854 2873 982 2932 sequi
1023 2872 1142 2931 quod
1173 2883 1322 2916 essent
1348 2872 1497 2931 plures
1524 2873 1765 2931 baptismi.
1806 2874 1928 2934 quod
1955 2883 2024 2919 est
2049 2884 2208 2920 contra
2232 2874 2278 2919 id

314 2945 436 3005 quod
463 2943 626 2987 dicitur
651 2942 814 3000 Ephes.
847 2953 913 2995 4.:
949 2941 1045 2984 Una
1060 2939 1178 2998 fides,
1206 2954 1335 2983 unum
1360 2941 1575 2998 baptisma.

401 3013 690 3056 Respounno
717 3008 974 3061 dicendum,
1006 3007 1127 3065 quod
1155 3017 1493 3051 sacramentum
1520 3008 1734 3066 baptismi
1758 3008 2000 3068 praecipue
2024 3008 2164 3055 habet
2195 3011 2280 3055 vir·

312 3090 456 3125 tutem
484 3092 538 3123 ex
563 3076 726 3130 forma,
754 3089 891 3134 quam
925 3073 1175 3133 Apostolus
1217 3074 1426 3118 nominat
1464 3076 1639 3119 verbum
1678 3077 1808 3130 vitae,
1835 3075 2001 3135 Ephes.
2026 3089 2068 3134 Ὶς.
2092 3075 2278 3122 ntideo

313 3147 601 3191 considerare
628 3152 822 3203 oportet,
850 3143 886 3187 si
912 3141 1062 3202 plures
1089 3141 1225 3190 simul
1252 3155 1394 3185 unum
1421 3142 1712 3201 baptizarent,
1739 3156 1829 3202 qua
1849 3141 2000 3187 forma
2022 3153 2276 3192 uterentur:

311 3215 350 3259 si
377 3214 498 3258 enim
527 3213 748 3257 dicerent:
782 3226 804 3251 (ε
831 3210 928 3254 Νο3
954 3219 997 3253 te
1023 3208 1321 3266 baptizamuS,
1347 3209 1393 3251 in
1416 3210 1604 3253 nomine
1631 3209 1792 3264 Patris,
1817 3219 1869 3255 et
1885 3209 2003 3265 Filii,
2022 3219 2067 3256 et
2083 3210 2277 3271 Spiritus

313 3281 470 3326 Sancti
494 3297 536 3334 ³),
562 3293 656 3324 non
684 3276 963 3323 conferretur
994 3286 1332 3320 sacramentum
1366 3276 1591 3334 baptismi,
1629 3290 1685 3321 eo
1724 3277 1845 3336 quod
1878 3289 1979 3323 non
2020 3288 2278 3325 servaretur
2321 3323 2331 3335 ,,

310 3349 459 3393 forma
482 3346 730 3400 Ecclesiae,
756 3358 871 3405 quae
898 3345 961 3388 sic
988 3343 1146 3387 habet:
1177 3358 1199 3383 ‹<
1227 3343 1326 3401 Ego
1351 3353 1395 3387 te
1422 3344 1640 3402 baptizo
1629 3358 1675 3388 m
1700 3344 1892 3390 nomine
1913 3344 2073 3400 Patris,
2096 3356 2140 3390 et
2160 3335 2333 3434 l'⁴'il.ii,{v

313 3426 357 3461 et
383 3415 574 3474 Spiritus
603 3413 758 3458 Sancti
783 3428 833 3457 »ε
861 3410 939 3456 sed
966 3410 1122 3455 dicunt
1147 3410 1348 3468 quidam,
1375 3412 1495 3469 quod
1515 3411 1605 3455 hoc
1624 3411 1874 3457 excluditur
1889 3412 2183 3471 perferinam
2203 3413 2277 3466 bn-

311 3482 522 3543 ptizandi,
549 3495 638 3541 qua
664 3481 800 3524 utitur
826 3477 1032 3523 Ecclesia
1059 3476 1374 3531 Graecorum3
1401 3488 1586 3537 possent
1613 3479 1735 3523 enim
1762 3479 1943 3525 diceret
1964 3494 1994 3522 ,ε
2018 3479 2275 3540 Baptioeetur
2323 3495 2326 3497 ·

313 3564 468 3595 servus
495 3549 667 3593 Christi
687 3548 744 3591 N.
763 3546 809 3591 in
835 3546 1023 3591 nomine
1049 3545 1209 3598 Patris,
1236 3555 1280 3588 et
1305 3544 1420 3599 Filii,
1438 3555 1482 3589 et
1508 3546 1700 3605 Spiritus
1724 3546 1894 3601 Sancti,
1917 3556 2002 3592 etc.
2019 3563 2062 3601 a,
2084 3546 2168 3593 sub
2183 3560 2273 3608 qua

313 3618 461 3663 forma
490 3616 655 3662 Graeci
678 3614 957 3674 baptismum
984 3610 1254 3671 suscipiunt:
1282 3625 1399 3670 quae
1424 3622 1577 3657 tamen
1604 3612 1754 3658 forma
1779 3612 1929 3660 multo
1968 3611 2121 3675 magis
2141 3612 2273 3661 dissi-
