2352 3926
266 143 372 222 81¹0
762 180 1041 226 QUAESTIO
1081 178 1325 217 LXXXVII.
1364 174 1674 218 ARTIGULUS
1713 178 1751 224 1.

264 284 422 343 culpa:
450 283 529 327 sed
555 283 670 327 haec
697 281 923 341 separatio
949 279 1146 339 perfecte
1178 280 1373 339 quidem'
1388 279 1439 324 fit
1463 293 1544 338 per
1569 289 1811 338 peccatum
1837 279 2046 336 mortale,
2062 281 2227 341 imper·

261 350 379 395 fecte
398 360 550 394 autem
579 364 658 408 per
683 357 926 407 peccatum
942 346 1120 390 veniale
1135 362 1145 400 ;
1162 361 1271 390 nam
1294 361 1374 405 per
1395 355 1638 405 peccatum
1658 345 1854 391 mortale
1875 361 2007 391 mens
2033 347 2226 393 omnino

264 431 290 461 a
317 418 420 461 Deo
449 417 675 469 avertitur,
702 424 860 473 utpote
892 423 1051 457 contra
1086 413 1354 458 charitatem
1388 425 1549 471 agens:
1584 426 1666 471 per
1696 422 1939 472 peccatum
1971 423 2126 458 autem
2154 427 2232 466 we·
2309 401 2324 425 ⁶³

262 485 383 528 niale
401 484 650 527 retardatur
668 481 856 526 affectus
872 480 1090 534 hominis,
1103 483 1165 524 'ne
1182 489 1393 539 prompte
1411 480 1458 523 in
1472 479 1627 524 Deum
1639 478 1841 535 ·feratur;
1859 490 1905 525 et
1928 480 2034 525 ideo
2060 490 2231 527 utrum·

264 565 350 610 que
376 560 617 609 peccatum
643 562 724 607 per
745 547 1079 607 rpoenitentiam
1102 547 1287 606 quidem
1310 546 1567 601 remittitur,
1604 546 1710 606 quia
1735 561 1815 606 per
1837 556 2081 607 utrumque
2103 547 2231 593 deor·

263 618 441 660 dinatur
455 616 667 659 voluntas
685 614 887 658 hominis
903 628 984 673 per
1000 613 1355 658 immoderatam
1373 613 1724 662 conversionem
1741 614 1797 657 ad
1814 612 1989 658 bonum
2003 624 2234 674 creatum:—

262 684 378 728 sicut
404 683 528 727 enim
553 692 794 740 peccatum
820 680 1015 725 mortale
1041 681 1210 725 remitti
1234 695 1330 725 non
1356 690 1521 740 potest,
1547 681 1767 740 quamdiu
1792 680 2006 726 voluntas
2030 691 2226 741 peccato

263 750 490 803 adhaeret,
517 749 579 792 ita
606 748 745 792 etiam
770 762 854 792 nec
881 757 1123 807 peccatum
1149 747 1345 803 veniale,
1378 747 1484 807 quia
1514 758 1730 795 manente
1757 761 1909 802 causa,
1941 757 2098 792 manet
2122 746 2232 794 effe-

262 827 373 861 ctus.
398 815 602 874 Exigitur
628 824 782 859 autern
802 815 857 858 ad
880 814 1202 859 remissionem
1227 815 1407 874 peccati
1432 814 1640 859 mortalis
1666 813 1910 873 perfectior
1935 815 2231 874 poenitentia,

262 893 311 926 ut
336 882 510 926 scilicet
535 882 681 926 homo
709 881 946 926 actualiter
970 891 1211 941 peccatum
1243 881 1439 926 mortale
1467 881 1768 926 commissum
1802 881 2062 936 detestetur,
2094 891 2234 941 quan-

260 960 358 994 tum
384 949 430 992 in
456 949 555 1008 ipso
583 959 664 1002 est,
691 959 740 993 ut
765 948 942 993 scilicet
972 948 1257 1007 diligentiam
1283 948 1497 993 adhibeat
1523 949 1579 993 ad
1609 948 2018 994 rememorandum
2050 947 2232 1007 singula

261 1026 450 1076 peccata
472 1015 700 1070 mortalia,
727 1025 774 1060 ut
801 1014 981 1075 singula
1008 1015 1274 1061 detestetur:
1302 1016 1382 1060 sed
1407 1015 1499 1060 hoc
1524 1030 1620 1060 non
1652 1016 1894 1075 requiritur
1918 1015 1976 1060 ad
2000 1015 2233 1081 remissio-

260 1097 369 1126 nem
394 1082 642 1126 venialium
668 1093 989 1142 peccatorum:
1015 1097 1111 1127 non
1136 1093 1293 1127 tamen
1318 1082 1484 1128 sufficit
1508 1083 1753 1128 habitualis
1779 1083 2080 1143 displicentia,
2114 1097 2232 1144 quae

260 1150 454 1194 habetur
479 1164 559 1208 per
583 1149 792 1193 habitum
828 1150 1075 1204 charitatis,
1101 1150 1176 1194 vel
1210 1150 1519 1209 poenitentiae
1553 1151 1745 1205 virtutis,
1784 1151 1891 1210 quia
1926 1151 1991 1196 sic
2034 1151 2233 1196 charitas

259 1230 354 1260 non
382 1226 718 1275 compateretur
743 1227 985 1276 peccatum
1011 1217 1215 1261 veniale:
1239 1217 1363 1276 quod
1385 1227 1510 1275 patet
1531 1232 1630 1262 esse
1650 1217 1842 1273 falsum;
1867 1217 1990 1263 unde
2012 1219 2233 1278 sequitur,

261 1283 385 1342 quod
410 1285 663 1342 requiratur
689 1284 915 1343 quaedam
940 1284 1144 1329 virtualis
1177 1284 1476 1344 displicentia,
1513 1295 1622 1344 puta
1649 1299 1756 1329 cum
1783 1285 1946 1345 aliquis
1960 1285 2063 1330 <hoc
2090 1285 2234 1332 modo

259 1349 400 1394 fertur
425 1351 678 1395 secundum
706 1350 922 1396 affectum
947 1352 994 1395 in
1018 1353 1186 1406 Deum,
1213 1361 1258 1396 et
1278 1366 1350 1396 res
1376 1352 1566 1406 divinas,
1593 1361 1643 1397 ut
1668 1351 1888 1412 quidquid
1903 1352 1999 1398 'sibi
2019 1357 2234 1398 occurre*

260 1427 342 1471 ret,
369 1418 491 1476 quod
519 1431 626 1461 eum
659 1418 713 1461 ab
747 1418 838 1462 hoc
872 1428 1001 1462 motu
1034 1419 1297 1473 retardaret,
1324 1418 1585 1478 displiceret
1609 1419 1667 1474 ei,
1694 1429 1739 1464 et
1764 1418 1942 1465 doleret
1965 1428 2015 1465 s'e
2042 1420 2235 1465 'etinimi-

262 1485 388 1538 sisse,
415 1486 593 1529 etiamsi
620 1496 722 1529 actu
749 1485 805 1528 de
830 1485 911 1529 illo
937 1499 1032 1529 non
1065 1488 1308 1545 cogitaret:
1337 1486 1460 1545 quod
1485 1495 1642 1530 tamen
1667 1500 1764 1531 non
1789 1486 1957 1532 sufficit
1987 1487 2045 1531 ad
2075 1488 2236 1533 remis·

261 1552 441 1596 sionem
467 1552 643 1610 peccati
670 1551 891 1606 mortalis,
917 1553 1005 1597 nisi
1032 1562 1252 1612 quantum
1280 1553 1336 1597 ad
1362 1563 1552 1613 peccata
1578 1552 1719 1598 oblita
1744 1564 1850 1613 post
1875 1553 2145 1614 diligentem
2169 1556 2236 1600 in-

260 1618 569 1677 quisitionem.

350 1686 426 1729 AD
444 1699 633 1730 PRIMUM
651 1699 761 1745 ergo
779 1686 1039 1741 dicendum,
1057 1663 1180 1746 quod
1202 1687 1387 1731 homo
1374 1702 1422 1731 111
1449 1686 1595 1746 gratia
1617 1688 1891 1734 constitutus
1914 1696 2068 1749 potest
2088 1684 2234 1734 vitare

265 1752 422 1796 omnia
447 1762 636 1811 peccata
663 1752 890 1807 mortalia,
918 1764 961 1798 et
987 1754 1189 1814 singula.
1217 1765 1368 1814 potest
1399 1757 1539 1799 etiarn
1563 1755 1707 1801 vitare
1739 1755 1921 1815 singula
1945 1766 2138 1816 peccata
2159 1770 2259 1802 νε·-
2336 1746 2352 1761 ”

263 1818 416 1872 nialia,
443 1819 522 1863 sed
548 1834 644 1863 non
671 1820 841 1875 omnia,
869 1831 918 1865 ut
942 1830 1067 1880 patet
1091 1835 1145 1864 ex
1170 1821 1242 1866 his
1268 1836 1385 1881 quae
1411 1822 1458 1866 in
1485 1834 1526 1866 2.
1554 1822 1675 1868 dicta
1700 1833 1806 1868 sunt
1831 1823 1930 1880 (1-2.
1947 1837 1987 1883 q.
2010 1836 2078 1883 74.
2094 1829 2232 1884 amq.

266 1885 320 1930 ad
341 1901 382 1931 2.
408 1892 445 1930 et
470 1901 508 1945 q.
535 1901 630 1946 109.
663 1893 744 1931 art.
771 1888 832 1946 8.)
846 1903 862 1940 ;
888 1898 932 1931 et
955 1888 1061 1932 ideo
1094 1890 1375 1947 poenitentia
1407 1888 1463 1933 de
1494 1890 1695 1948 peccatis
1728 1890 1998 1935 mortalibus
2028 1890 2232 1950 requirit,

262 1953 385 2011 quod
418 1953 563 1997 homo
590 1965 818 2013 proponat
844 1954 1068 2000 abstinere
1096 1955 1149 1999 ab
1178 1955 1406 2010 omnibus,
1425 1966 1469 2000 et
1494 1957 1687 2016 singulis
1713 1958 1912 2017 peccatis
1939 1956 2230 2002 mortalibus:

261 2020 340 2064 sed
368 2020 424 2063 ad
450 2021 781 2080 poenitentiam
806 2034 1103 2080 peccatorum
1129 2022 1379 2067 venialium
1405 2024 1662 2083 requiritur,
1689 2024 1813 2084 quod
1837 2024 1984 2070 homo
2006 2035 2235 2084 proponat

264 2087 487 2131 abstinere
511 2102 537 2131 a
562 2087 777 2147 singulis;
795 2103 889 2133 non
914 2099 1070 2134 tamen
1099 2090 1152 2133 ab
1180 2090 1408 2145 omnibus,
1435 2091 1541 2150 quia
1565 2091 1658 2136 hoc
1683 2091 1924 2140 infirmitas
1947 2092 2088 2151 hujus
2101 2092 2232 2137 vitae

260 2169 355 2198 non
377 2155 570 2214 patitur:
599 2155 732 2200 debet
757 2165 914 2200 tamen
939 2157 1109 2201 habere
1141 2158 1430 2217 propositum
1456 2172 1505 2203 se
1531 2159 1832 2219 praeparandi
1858 2159 1914 2204 ad
1939 2167 2137 2219 peccat-a
2159 2154 2234 2204 ve·-

260 2221 400 2264 nialia
426 2221 695 2277 minuenda;
723 2221 926 2283 alioquin
953 2233 1072 2268 esset
1094 2224 1139 2268 ei
1162 2224 1418 2283 periculum
1440 2225 1696 2282 deficiendi,
1714 2240 1823 2271 cum
1843 2227 2085 2271 desereret
2098 2229 2234 2287 appe-

259 2288 394 2332 titum
419 2288 701 2347 proficiendi,
726 2303 808 2334 seu
839 2289 1031 2334 tollendi
1062 2291 1394 2350 impedimenta
1425 2292 1668 2352 spiritualis
1700 2292 1947 2353 profectus,
1976 2304 2097 2393 quae
2127 2303 2234 2339 sunt

261 2365 451 2415 peccata
476 2355 687 2400 venialia.

350 2422 427 2466 AD
459 2435 722 2467 SECUNDUM
753 2424 1012 2479 dicendum,
1041 2426 1162 2484 quod
1189 2427 1340 2485 passio
1368 2441 1450 2485 pro
1480 2427 1666 2472 Christo
1693 2432 1918 2487 suscepta,
1943 2427 2066 2473 sicut
2093 2438 2233 2489 supra

261 2489 434 2533 dictum
468 2499 535 2534 est
560 2490 619 2548 (q.
649 2490 722 2535 66.
750 2497 833 2535 art.
863 2492 961 2549 rr),
990 2492 1165 2537 obtinet
1195 2494 1290 2537 vim
1326 2494 1556 2553 baptismi,
1593 2503 1638 2539 et
1669 2494 1776 2540 ideo
1812 2503 1977 2555 purgat
2012 2495 2067 2540 ab
2102 2497 2232 2558 omni

260 2555 395 2616 culpa
411 2566 457 2600 et
471 2555 654 2611 veniali,
672 2567 716 2601 et
733 2557 931 2612 mortali,
957 2559 1045 2602 nisi
1071 2559 1309 2604 actualiter
1323 2560 1609 2605 voluntatem
1626 2562 2063 2621 peccato—invenerit
2077 2561 2235 2608 inhae·
2253 2575 2258 2579 ²

261 2634 453 2668 rentem.

349 2691 427 2735 An
454 2704 672 2737 TER‘rmM
699 2692 959 2747 dicendum,
986 2693 1108 2752 quod
1134 2693 1288 2738 fervor
1313 2694 1547 2740 charitatis
1571 2695 1824 2742 virtualiter
1847 2677 2056 2762 implicat
2078 2695 2231 2764 displi-

262 2758 461 2803 centiam
486 2758 737 2803 venialium
761 2769 1077 2818 peccatorum,
1104 2770 1152 2805 ut
1177 2775 1312 2819 supra
1338 2761 1511 2806 dictum
1538 2773 1606 2808 est
1634 2763 1692 2823 (q.
1721 2777 1790 2824 79.
1817 2770 1902 2811 art.
1929 2765 2012 2825 4)

966 2925 1402 2982 ARTICULUS
1442 2927 1515 2983 Π.
2143 2904 2249 3005 533]
2328 2890 2352 2993 ζ

522 3034 715 3100 UTRUM
747 3061 823 3099 AD
858 3060 1228 3100 REMISSIONEM
1260 3061 1564 3102 VENIALIUM
1595 3059 1976 3105 PECCATORUM

798 3143 1154 3191 REQUIRATUR
1186 3143 1424 3183 GRATIAE
1456 3145 1692 3186 INFUSIO·

322 3255 464 3313 (Supr.
498 3269 537 3314 q.
571 3254 635 3314 65.
667 3261 749 3300 art.
784 3270 817 3300 r.
852 3254 906 3299 ad
937 3255 977 3300 8.
1011 3261 1049 3301 et
1079 3255 1182 3314 infr.
1209 3263 1347 3315 praes.
1380 3270 1418 3315 q.
1452 3262 1532 3301 art.
1558 3271 1596 3316 3.
1629 3263 1743 3317 corp.
1775 3262 1815 3303 et
1844 3261 1926 3301 art.
1957 3267 2002 3314 4.
2036 3254 2095 3302 ad
2126 3266 2167 3303 2.

413 3328 449 3367 et
473 3336 516 3380 4.
545 3323 655 3367 Dist.
682 3322 748 3368 16.
776 3338 817 3382 q.
843 3336 883 3367 2.
910 3328 992 3367 art.
1019 3336 1059 3368 2.
1085 3337 1124 3382 q.
1151 3337 1186 3368 1.
1213 3327 1250 3367 et
1272 3322 1377 3367 Mal.
1401 3337 1439 3382 q.
1468 3336 1506 3383 7.
1530 3329 1611 3369 art.
1638 3338 1696 3369 rr.
1723 3331 1838 3384 corp.
1863 3326 1900 3369 et
1924 3321 1979 3369 ad
2002 3336 2070 3383 14.

941 3396 980 3435 et
1000 3395 1084 3435 art.
1110 3402 1173 3435 12.
1201 3396 1315 3448 corp.
1342 3396 1380 3435 et
1405 3390 1459 3434 ad
1479 3390 1554 3449 1.).
2118 3399 2120 3401 ’

349 3501 425 3545 An
458 3514 719 3547 SECUNDUM
746 3501 810 3546 sic
837 3502 1112 3562 proceditur.
1139 3502 1345 3557 Videtur,
1373 3504 1495 3563 quod
1529 3504 1585 3549 ad
1618 3504 1941 3550 remissionem
1972 3502 2227 3551 venialium
2325 3489 2352 3505 μ

260 3579 559 3627 peccatorum
594 3569 849 3628 requiratur
880 3570 1053 3628 gratiae
1085 3568 1276 3615 infusio:
1314 3568 1502 3617 effectus
1530 3571 1653 3616 enim
1679 3585 1775 3616 non
1808 3581 1876 3617 est
1910 3571 2008 3617 sine
2042 3571 2253 3633 propria!
2323 3573 2352 3633 ᾖ»
