2352 3926
252 228 360 266 220
786 227 1066 273 QUAESTIO
1106 228 1254 266 XXIV.
1297 229 1604 269 ARTICULUS
1644 230 1722 268 111.

251 328 367 373 nihil
380 339 537 372 autem
556 329 813 387 praeexistit
840 338 1050 373 aeterno:
1085 344 1191 374 cum
1216 330 1354 389 igitur
1369 331 1720 390 praedestinatio
1746 342 1903 377 nostra
1934 333 1993 378 sit
2023 343 2221 389 aeterna,

249 396 427 439 videtur
446 397 567 453 quod
586 395 943 452 praedestinatio
958 395 1131 440 Christi
1146 410 1241 440 non
1262 397 1319 441 sit
1337 399 1568 458 exemplar
1582 410 1766 444 nostrae
1782 399 2222 458 praedestinationis.

341 475 381 506 2.
410 463 712 506 PRAETEREA.
746 461 991 521 Exemplar
1015 462 1140 507 ducit
1164 463 1211 506 in
1237 465 1549 523 cognitionem
1579 465 1845 524 exemplati:
1877 466 1955 510 sed
1977 480 2064 511 nos
2090 480 2223 527 opor-

250 529 336 573 tuit
363 530 485 588 quod
513 530 640 572 Deus
669 529 909 573 duceretur
935 532 980 574 in
1007 531 1321 589 cognitionem
1345 543 1528 576 nostrae
1554 532 1979 592 praedestinationis
1996 546 2050 576 ex
2067 532 2221 593 aliquo

252 596 358 649 alio,
387 610 493 638 cum
520 595 700 639 dicatur
726 595 862 640 Rom.
891 596 954 642 8.:
983 598 1098 654 Quos
1112 600 1359 656 praescivit,
1386 599 1456 660 hos
1471 599 1823 658 praedestinavit;
1849 613 1960 658 ergo
1982 600 2224 658 praedesti-

248 663 375 706 natio
413 662 585 706 Christi
611 677 708 706 non
736 673 804 707 est
830 663 1062 722 exemplar
1085 675 1268 708 nostrae
1293 665 1730 724 praedestinationis.

344 744 382 787 3.
409 729 710 774 PRAETEREA.
741 730 986 789 Exemplar
1012 740 1079 775 est
1111 731 1350 775 conforme
1387 732 1669 791 exemplato:
1706 732 1785 775 sed
1819 731 2002 776 alterius
2033 732 2224 777 rationis

248 796 427 840 videtur
455 810 553 840 esse
573 797 929 854 praedestinatio
949 797 1134 851 Christi,
1152 812 1290 856 quarn
1307 799 1659 857 praedestinatio
1681 808 1852 853 nostra,
1870 799 1975 862 quia
1999 813 2086 843 nos
2101 813 2226 858 prae-

253 862 534 906 destinamur
561 866 606 907 in
635 863 755 907 filios
783 864 1065 923 adoptionis;
1094 864 1304 909 Christus
1331 870 1484 909 autem
1510 872 1564 910 est
1581 866 1913 925 praedestinatus
1932 866 2045 925 filius
2070 866 2155 910 Dei
2179 867 2224 910 in

248 931 417 983 virtute,
447 940 496 974 ut
522 930 686 974 dicitur
714 930 851 975 Rom.
884 945 920 975 1.
935 947 946 986 ;
975 945 1084 990 ergo
1112 933 1208 990 ejus
1225 932 1577 991 praedestinatio
1595 947 1690 977 non
1707 942 1775 977 est
1792 932 2025 991 exemplar
2039 941 2224 977 nostrae

247 997 688 1055 praedestinationis.

341 1063 436 1107 SED
455 1077 652 1108 CONTRA
670 1073 752 1118 est,
771 1064 893 1123 quod
912 1064 1194 1123 Augustinus
1213 1065 1359 1109 dicit
1347 1081 1394 1108 1n
1411 1065 1527 1109 libro
1546 1065 1602 1109 de
1620 1038 1780 1110 Praed.
1800 1066 1954 1110 Sanct.
1982 1072 2092 1126 (cap.
2115 1081 2159 1126 15
2161 1067 2222 1125 )

252 1130 374 1174 «Est
398 1130 819 1189 praeclarissimum
845 1131 1002 1175 lumen
1028 1132 1464 1189 praedestinationis,
1497 1142 1542 1176 et
1567 1134 1738 1190 gratiae
1770 1133 1866 1191 ipse
1884 1132 2138 1187 Salvator,
2126 1146 2222 1192 lpse

249 1196 478 1241 mediator
509 1198 611 1250 Dei,
656 1207 701 1242 et
737 1198 997 1252 hominum,
1033 1199 1179 1242 homo
1214 1199 1423 1252 Christus
1453 1199 1648 1256 Jesus»:
1686 1199 1849 1243 dicitur
1881 1209 2034 1244 autem
2065 1198 2225 1244 lumen

248 1264 692 1323 praedestinationis,
726 1276 770 1309 et
796 1265 983 1323 gratiae,
1012 1265 1284 1324 inquantum
1317 1280 1396 1325 per
1423 1267 1518 1323 ejus
1545 1265 2020 1324 praedestinationem,
2053 1276 2098 1310 et
2128 1280 2226 1325 gra·

250 1332 363 1375 tiam
390 1332 705 1376 manifestatur
722 1342 879 1376 nostra
899 1332 1272 1391 praedestinatio;
1299 1333 1420 1391 quod
1439 1332 1616 1376 videtur
1633 1333 1689 1376 ad
1705 1332 1932 1376 rationem
1953 1331 2224 1392 exemplaris

250 1399 499 1457 pertinere3
528 1413 639 1457 ergo
668 1399 1022 1458 praedestinatio
1052 1398 1225 1443 Christi
1251 1409 1318 1443 est
1334 1398 1567 1458 exemplar
1581 1409 1764 1443 nostrae
1784 1398 2224 1458 praedestinationis.

340 1466 632 1511 RESPONDEO
661 1467 922 1520 dicendum,
950 1465 1072 1524 quod
1098 1466 1450 1525 praedestinatio
1477 1463 1700 1525 dupliciter
1734 1475 1884 1525 potest
1915 1466 2224 1511 considerari:

250 1548 333 1577 uno
350 1533 472 1576 modo
501 1533 756 1576 secundum
774 1533 925 1591 ipsum
944 1531 1515 1591 actum'praedestinantis:
1543 1543 1588 1576 et
1602 1534 1665 1577 sic
1683 1533 2034 1592 praedestinatio
2053 1533 2227 1578 Christi

249 1614 344 1644 non
371 1610 522 1658 potest
549 1601 638 1643 dici
660 1599 894 1659 exemplar
910 1610 1094 1643 nostrae
1112 1600 1551 1659 praedestinationis,
1568 1614 1661 1644 uno
1680 1601 1801 1644 enirn
1820 1601 1979 1655 modo,
1996 1610 2042 1646 et
2058 1601 2225 1646 eodem

251 1677 355 1710 actu
383 1677 570 1710 aeterno
598 1667 952 1724 praedestinavit
977 1667 1104 1710 Deus
1130 1681 1230 1721 nos,
1258 1677 1302 1711 et
1324 1666 1584 1711 Christum:
1611 1668 1695 1711 alio
1721 1667 1841 1711 modo
1868 1677 2018 1726 potest
2042 1667 2226 1727 praede-

250 1734 434 1778 stinatio
463 1735 745 1778 considerari
771 1734 1026 1778 secundum
1052 1734 1180 1788 illud,
1198 1734 1254 1777 ad
1280 1735 1403 1793 quod
1432 1734 1592 1793 aliquis
1619 1734 1999 1793 praedestinatur;
2017 1735 2139 1793 quod
2156 1743 2226 1779 est

248 1801 674 1859 praedestinationis
697 1804 932 1856 terminus,
946 1811 990 1845 et
1007 1801 1217 1846 effectus:
1237 1811 1282 1845 et
1303 1801 1555 1845 secundum
1571 1801 1662 1844 hoc
1679 1801 2032 1860 praedestinatio
2051 1800 2224 1846 Christi

251 1878 319 1913 est
345 1869 579 1927 exemplar
604 1879 788 1913 nostrae
805 1869 1254 1928 praedestinationis;
1282 1878 1326 1912 et
1341 1869 1432 1912 hoc
1449 1868 1672 1927 dupliciter
1682 1884 1709 1920 ,·,
1724 1869 1868 1927 primo
1885 1868 2070 1927 quidem
2086 1881 2226 1928 quan-

250 1946 350 1979 tum
377 1936 433 1979 ad
461 1937 651 1990 bonum,
680 1936 735 1980 ad
762 1937 884 1994 quod
907 1936 1311 1995 praedestinamur,
1329 1936 1425 1994 ipse
1443 1935 1566 1979 enim
1585 1945 1653 1979 est
1669 1936 2024 1994 praedestinatus
2042 1936 2099 1979 ad
2115 1935 2222 1990 hoc,

250 2004 375 2062 quod
413 2013 531 2047 esset
566 2003 657 2047 Dei
699 2003 817 2048 filius
850 2002 1089 2047 naturalis:
1127 2017 1213 2047 nos
1251 2012 1403 2046 autem
1440 2003 1830 2060 praedestinamur
1865 2002 1922 2046 ad
1951 2001 2223 2047 filiationem

252 2070 529 2128 adoptionis,
558 2084 675 2129 quae
703 2079 769 2114 est
787 2070 1013 2129 quaedam
1039 2070 1304 2128 participata
1321 2069 1571 2113 similitudo
1589 2069 1821 2113 filiationis
1841 2069 2060 2114 naturalis
2074 2064 2222 2114 {unde

249 2137 414 2181 dicitur
440 2138 576 2181 Rom.
605 2138 671 2181 8.:
701 2138 816 2194 Quos
841 2139 1084 2196 praescivit,
1114 2137 1185 2180 hos
1208 2137 1538 2195 praedestinavit
1568 2137 1798 2195 conformes
1811 2138 1915 2195 fieri
1930 2137 2130 2195 imaginis
2133 2137 2224 2196 filii

247 2207 346 2249 sui:
373 2206 457 2248 alio
484 2204 606 2248 modo
641 2214 862 2263 quantum
891 2205 946 2247 ad
974 2205 1165 2259 modum
1193 2204 1502 2262 consequendi
1527 2203 1645 2247 istud
1671 2203 1861 2257 bonum,
1888 2203 2011 2262 quod
2044 2213 2112 2248 est
2141 2217 2224 2263 per

250 2272 467 2350 gratiam.
494 2273 616 2330 quod
645 2271 868 2330 quidem
857 2286 903 2314 1n
932 2272 1116 2315 Christo
1146 2281 1214 2315 est
1239 2270 1691 2315 manifestissimum:
1717 2271 1821 2329 quia
1842 2280 2003 2314 natura
2018 2270 2223 2314 humana

250 2341 296 2383 in
324 2338 510 2382 Christo
537 2338 674 2382 nullis
701 2339 793 2382 suis
820 2338 1193 2397 praecedentibus
1221 2338 1394 2382 meritis
1417 2348 1485 2382 est
1510 2338 1635 2381 unita
1661 2337 1756 2381 filio
1781 2338 1893 2382 Dei:
1920 2347 1967 2408 et
1996 2337 2053 2382 de
2083 2336 2224 2397 pleni·

247 2405 405 2450 tudine
433 2406 606 2464 gratiae
634 2406 729 2464 ejus
755 2419 840 2448 nos
869 2419 1030 2449 omnes
1057 2405 1333 2464 accepimus,
1360 2415 1409 2448 ut
1435 2405 1597 2449 dicitur
1612 2405 1743 2463 Joan.
1773 2418 1808 2448 1.

341 2473 418 2516 AD
450 2486 640 2517 PRIMUM
675 2486 785 2531 ergo
814 2472 1073 2526 dicendum,
1101 2472 1223 2531 quod
1250 2471 1328 2516 illa
1354 2472 1468 2516 ratio
1496 2472 1704 2531 procedit
1730 2486 1784 2517 ex
1809 2481 1936 2531 parte
1950 2470 2073 2516 illius
2094 2479 2221 2517 actus

254 2539 644 2599 praedestinantis.

343 2605 399 2650 Et
425 2606 637 2650 similiter
664 2606 909 2650 dicendum
937 2617 1004 2650 est
1028 2620 1092 2650 AD
1120 2619 1395 2651 SECUNDUM.

341 2674 417 2717 AD
452 2685 668 2717 TERTIUM
711 2673 970 2726 dicendum,
1005 2673 1126 2732 quod
1162 2687 1255 2716 non
1290 2683 1357 2717 est
1390 2674 1714 2726 necessarium,
1750 2673 1874 2732 quod
1910 2670 2218 2731 exemplatum

253 2739 503 2799 exemplari
520 2750 741 2799 quantum
765 2741 820 2783 ad
839 2740 995 2784 omnia
1014 2739 1347 2784 conformetur:
1376 2740 1455 2783 sed
1478 2738 1656 2794 sufficit,
1679 2739 1799 2799 quod
1817 2738 2127 2799 exemplatum
2145 2739 2220 2784 ali-

249 2807 443 2867 qualiter
468 2808 670 2851 imitetur
696 2821 829 2851 suum
858 2806 1101 2866 exemplar.

953 2970 1387 3027 ARTICULUS
1428 2971 1524 3024 tv.
2136 2997 2214 3046 143

752 3106 944 3144 UTRUM
985 3105 1464 3144 PRAEDESTINATIO
1507 3104 1725 3143 CHRISTI

618 3188 704 3226 SIT
746 3188 923 3227 CAUSA
962 3187 1216 3227 NOSTRAE
1256 3187 1842 3226 PRAEDESTINATIONIS.

934 3299 988 3357 (3.
1016 3299 1130 3343 Dist.
1157 3313 1221 3342 10.
1241 3312 1278 3355 q.
1302 3312 1338 3355 3.
1363 3302 1443 3340 art.
1464 3296 1537 3355 3.).

342 3413 418 3456 AD
437 3424 676 3462 QUARTUM
704 3410 768 3454 sic
796 3409 1070 3469 proceditur.
1098 3407 1302 3461 Videtur,
1326 3407 1449 3465 quod
1466 3407 1819 3465 praedestinatio
1844 3402 2018 3452 Christi
2042 3419 2137 3451 non
2162 3404 2220 3451 sit

251 3494 389 3524 causa
401 3490 583 3524 nostrae
602 3476 1047 3538 praedestinationis;
1076 3486 1310 3519 aeternum
1335 3475 1458 3518 enim
1481 3489 1574 3518 non
1592 3475 1730 3518 habet
1756 3488 1963 3519 causam:
1990 3473 2069 3519 sed
2094 3486 2219 3533 prae-

251 3547 495 3591 destinatio
518 3556 673 3590 nostra
701 3555 768 3589 est
798 3554 1003 3598 aeterna3
1031 3557 1140 3601 ergo
1169 3542 1520 3601 praedestinatio
1549 3541 1721 3585 Christi
1752 3555 1847 3585 non
1878 3550 1946 3585 est
1971 3553 2110 3585 causa
2140 3553 2220 3585 no-

252 3622 370 3657 strae
397 3611 834 3673 praedestinationis.
