2352 3926
328 228 438 284 450
866 225 1146 271 QUAESTIO
1188 225 1300 265 Lm.
1339 212 1649 266 amemus
1689 228 1725 267 1.

326 330 551 384 sustinuit,
586 328 851 373 humiliatus
877 337 945 373 est
970 327 1226 382 moriendo,
1252 338 1302 372 ut
1329 342 1412 373 nos
1437 327 1648 373 liberaret
1673 343 1699 373 a
1731 327 1887 385 malis3
1918 330 1982 374 ita
2007 329 2284 389 glorificatus

327 406 395 442 est
423 396 718 455 resurgendo,
744 405 793 440 ut
823 409 909 441 nos
934 405 1230 454 promoveret
1254 395 1310 439 ad
1335 395 1472 449 bona,
1498 395 1752 440 secundum
1777 395 1889 441 illud
1913 396 2038 441 Rom
2077 408 2144 452 4.:
2183 396 2288 442 Tra·

325 464 434 509 ditus
459 470 514 508 est
533 469 712 523 propter
736 462 882 507 delicta
903 469 1060 517 nostra,
1088 468 1128 508 et
1151 464 1380 507 resurrexit
1397 469 1570 521 propter
1594 463 1936 521 justificationem
1961 456 2189 508 nostrams

414 531 491 575 AD
517 543 706 575 PRIMUM
733 543 843 588 ergo
862 530 1121 584 dicendum,
1143 529 1281 589 quod,
1298 529 1405 573 licet
1431 529 1640 574 Christus
1665 542 1760 573 non
1788 529 2003 574 ceciderit
2027 543 2109 590 per
2131 542 2290 590 pecca-

324 610 437 651 tum,
464 597 627 641 cecidit
650 605 805 640 tamen
831 610 910 656 per
935 606 1162 651 mortem;
1190 597 1295 656 quia
1321 596 1437 641 sicut
1461 606 1703 656 peccatum
1722 606 1789 640 est
1810 610 1942 642 casus
1969 611 1995 641 a
2019 597 2204 655 justitia,
2224 597 2288 641 ita

324 679 449 708 mors
476 674 543 708 est
569 678 699 709 casus
727 678 753 707 a
779 663 885 718 vita,
911 664 1030 708 unde
1057 678 1111 724 eg<
1136 678 1331 723 persona
1359 663 1531 708 Christi
1556 674 1706 723 potest
1736 663 1946 727 intelligi,
1973 664 2095 725 quod
2121 664 2283 709 dicitur

322 731 463 775 Mich.
491 744 553 789 7.:
591 732 656 776 Ne
673 731 846 787 ‚laeteris
876 732 1052 775 inimica
1077 746 1168 775 mea
1203 739 1327 791 super
1353 747 1430 784 me,
1459 733 1559 789 quia
1593 731 1747 783 cecidi,·
1775 727 2052 790 consurgam:
2079 731 2288 775 similiter
2346 757 2350 759 -

324 799 477 852 etiam,
502 797 610 842 licet
636 810 801 857 corpus
839 798 1012 843 Christi
1045 812 1140 842 non
1175 797 1309 842 fuerit
1335 797 1609 842 dissolutum
1642 812 1723 857 per
1757 798 2153 852 incinerationem,
2187 798 2286 857 ipsa

321 876 478 910 tamen
503 866 728 924 separatio
756 866 935 910 animae
959 879 985 908 a
1011 879 1202 924 corpore
1236 864 1474 910 dissolutio
1501 866 1727 924 quaedam
1753 865 1851 910 fuit.

411 933 488 977 AD
526 945 788 977 SECUNDUM
817 932 1076 987 dicendum,
1102 932 1225 991 quod
1254 932 1464 976 divinitas
1487 942 1583 976 erat
1609 932 1734 976 carni
1760 931 1934 977 Christi
1958 942 2063 992 post
2087 941 2286 977 mortem

322 1001 447 1046 unita
472 1002 642 1045 unione
668 1000 923 1060 personali:
950 1015 1046 1044 non
1073 1010 1226 1045 autem
1253 1000 1422 1044 unione
1448 1009 1652 1054 naturae,
1680 1000 1797 1044 sicut
1819 1000 1972 1057 anima
2003 1000 2157 1044 unitur
2189 1013 2284 1044 cor-

319 1070 435 1128 pori,
457 1079 506 1112 ut
529 1068 693 1122 forma,
721 1067 776 1112 ad
803 1067 1168 1111 constituendam
1195 1068 1446 1110 humanam
1473 1077 1711 1120 naturam;
1738 1077 1783 1110 et
1807 1067 1912 1112 ideo
1939 1081 2019 1127 per
2040 1067 2147 1122 hoc,
2162 1067 2285 1126 quod

322 1149 486 1195 corpus
513 1137 608 1194 ejus
635 1135 812 1179 unitum
845 1145 913 1178 est
939 1135 1133 1188 animae,
1161 1144 1429 1193 promotum
1461 1144 1530 1178 est
1560 1134 1608 1177 in
1641 1133 1851 1178 altiorem
1883 1144 2052 1179 statum
2076 1145 2280 1188 naturae,

319 1217 415 1247 non
441 1212 595 1247 autem
621 1205 667 1246 in
694 1202 906 1246 altiorem
932 1213 1101 1246 statum
1128 1216 1364 1261 personae.

410 1270 486 1315 AD
513 1282 729 1315 TERTIUM
756 1269 1014 1323 dicendum,
1041 1269 1162 1328 quod
1180 1270 1331 1327 passio
1359 1268 1532 1312 Christi
1554 1278 1741 1327 operata
1758 1280 1826 1313 est
1847 1279 2053 1315 nostram
2076 1269 2284 1324 salutern,

319 1337 500 1397 proprie
525 1336 773 1397 loquendo,
801 1347 1022 1396 quantum
1045 1337 1101 1380 ad
1126 1336 1488 1390 inchoationem,
1512 1346 1556 1380 et
1582 1335 1813 1396 exemplar
1837 1337 2082 1383 bonorum.

1012 1513 1444 1571 ARTICULUS
1487 1514 1560 1569 ΙΙ.
2194 1542 2281 1591 295

379 1651 573 1690 UTRUM
613 1634 812 1689 FUERIT
847 1651 1194 1690 coNVENIENs
1230 1635 1512 1689 emusTUM
1544 1649 1748 1689 TERTIA
1772 1650 1867 1688 DIE
1898 1648 2229 1690 RESURGERE.

436 1761 581 1820 (Supr.
609 1775 647 1818 q.
675 1774 735 1820 51.
770 1767 850 1804 art.
883 1774 926 1818 4.
959 1766 995 1804 et
1015 1775 1052 1820 3.
1085 1761 1198 1804 Dist.
1232 1775 1296 1805 21.
1329 1776 1367 1819 q.
1401 1775 1441 1805 2.
1468 1766 1550 1805 art.
1577 1775 1617 1805 2.
1645 1766 1682 1804 et
1717 1767 1854 1819 opusc.
1885 1774 1926 1805 2.
1959 1767 2049 1820 cap.
2075 1773 2168 1821 243.

584 1834 622 1873 et
647 1835 780 1887 opusc.
804 1828 876 1874 60.
899 1835 991 1887 cap.
1022 1841 1090 1873 10.
1118 1830 1217 1872 circ.
1226 1829 1308 1886 fin.
1335 1834 1371 1872 et
1391 1828 1458 1872 Ps.
1485 1842 1541 1887 15.
1568 1834 1606 1873 et
1619 1828 1747 1884 Joan.
1773 1842 1813 1873 2.
1840 1828 1928 1873 lect.
1943 1830 2018 1888 3.).

405 1943 482 1988 AD
515 1957 778 1988 SECUNDUM
810 1944 873 1988 sic
891 1943 1166 2003 proceditur.
1188 1942 1394 1997 Videtur,
1425 1943 1547 2001 quod
1569 1956 1664 1986 non
1688 1941 1822 1986 fuerit
1848 1941 2127 1987 conveniens
2154 1941 2287 1988 Chri·

317 2020 439 2055 stum
464 2011 598 2055 tertia
615 2011 687 2054 die
705 2025 964 2069 resurgere:
985 2010 1190 2054 membra
1209 2011 1333 2054 enim
1351 2010 1517 2054 debent
1535 2009 1672 2068 capiti
1685 2009 1985 2055 conformari:
2003 2010 2081 2054 sed
2092 2023 2193 2064 nos,
2210 2009 2287 2069 qui

314 2093 471 2122 sumus
499 2078 707 2122 membra
728 2077 914 2132 Christi,
939 2080 1035 2122 non
1062 2077 1341 2135 resurgimus
1368 2092 1394 2121 a
1421 2086 1568 2121 morte
1596 2077 1728 2120 tertia
1755 2077 1842 2130 die,
1861 2076 1940 2121 sed
1964 2086 2119 2121 nostra
2140 2091 2286 2122 resur-

314 2145 456 2189 rectio
480 2143 683 2188 differtur
709 2159 850 2204 usque
880 2145 934 2188 ad
968 2145 1107 2188 finem
1130 2145 1311 2199 mundi;
1346 2158 1456 2203 ergo
1484 2144 1676 2197 videtur,
1709 2145 1832 2203 quod
1860 2143 2087 2199 Christus,
2114 2145 2192 2203 qui
2218 2154 2286 2189 est

314 2222 449 2271 caput
474 2222 697 2265 nostrum,
723 2226 817 2256 non
845 2212 1049 2256 debuerit
1075 2213 1207 2256 tertia
1239 2212 1310 2256 die
1343 2225 1594 2269 resurgere,
1628 2211 1707 2255 sed
1741 2211 1944 2256 debuerit
1971 2213 2286 2270 eiusresurre-

314 2280 404 2323 ctio
433 2278 600 2323 differri
623 2294 763 2338 usque
788 2280 843 2322 ad
871 2279 1010 2323 finem
1034 2280 1206 2324 mundi.

404 2360 443 2391 2.
470 2342 766 2391 PRAETEREA.
786 2347 942 2391 Actor.
964 2360 1003 2390 2.
1022 2347 1131 2390 dicit
1147 2347 1322 2400 Petrus,
1350 2345 1471 2405 quod
1499 2344 1778 2404 impossibile
1807 2355 1904 2390 erat
1922 2345 2159 2390 Christum
2179 2346 2286 2391 deti-

312 2415 410 2459 neri
435 2415 489 2458 ab
513 2413 704 2467 inferno,
723 2425 767 2458 et
789 2426 959 2459 morte:
985 2415 1062 2459 sed
1082 2414 1300 2473 quamdiu
1320 2414 1481 2472 aliquis
1501 2423 1568 2457 est
1586 2423 1808 2466 mortuus,
1832 2413 2056 2457 detinetur
2073 2427 2098 2457 a
2111 2423 2283 2468 morte;

313 2496 422 2540 ergo
445 2482 635 2535 videtur,
663 2482 784 2540 quod
813 2481 985 2525 Christi
1012 2481 1282 2525 resurrectio
1310 2495 1404 2525 non
1432 2480 1636 2524 debuerit
1658 2479 1827 2523 differri
1848 2494 1990 2539 usque
2017 2480 2074 2524 ad
2099 2481 2280 2525 tertiam

313 2549 452 2602 diem,
479 2549 557 2593 sed
585 2549 737 2592 statim
766 2550 928 2592 eadem
955 2549 1026 2592 die
1053 2562 1314 2606 resurgere3
1348 2548 1590 2607 praecipue
1618 2562 1724 2590 cum
1752 2546 1906 2591 Gloss.
1932 2561 2066 2606 supra
2098 2547 2283 2593 inducta

310 2617 411 2674 (art.
432 2617 596 2675 praec.)
613 2616 734 2659 dicat
761 2633 784 2658 <c
817 2615 993 2659 nullam
1021 2630 1120 2660 esse
1147 2615 1388 2660 utilitatem
1421 2615 1467 2658 in
1501 2613 1723 2659 effusione
1756 2614 1990 2674 sanguinis
2024 2614 2211 2671 Christi,
2243 2615 2278 2661 si

313 2697 408 2728 non
435 2683 586 2728 statim
614 2693 869 2741 resurgeret
900 2700 940 2726 ».

403 2765 440 2809 3.
468 2750 766 2795 PRAETEREA.
800 2750 910 2794 Dies
951 2750 1151 2809 incipere
1184 2750 1359 2794 videtur
1401 2750 1453 2793 ab
1498 2759 1599 2794 ortu
1633 2748 1759 2803 solis,
1798 2749 1875 2808 qui
1911 2763 1993 2794 sua
2024 2750 2280 2813 praesentia

310 2817 432 2862 diem
459 2828 634 2862 causat:
659 2817 737 2861 sed
766 2818 867 2861 ante
892 2827 1043 2861 ortum
1071 2817 1180 2861 solis
1201 2817 1410 2862 Christus
1437 2817 1703 2871 resurrexit;
1723 2816 1885 2861 dicitur
1908 2817 2033 2861 enim
2049 2817 2180 2876 Joan.
2208 2829 2278 2864 20.

310 2886 433 2944 quod
459 2900 544 2930 una
564 2886 724 2930 sabbati
751 2885 897 2929 Maria
916 2884 1159 2942 Magdalene
1185 2886 1300 2928 venit
1324 2900 1459 2939 mane,
1487 2900 1580 2929 cum
1603 2884 1736 2928 adhuc
1755 2879 1941 2929 tenebrae
1965 2884 2172 2940 essen-gad
2196 2900 2281 2930 mo-

308 2959 579 3010 numentum5
603 2962 647 2996 et
672 2962 825 2996 tamen
854 2951 1063 2996 Christus
1090 2953 1183 3009 jam
1209 2962 1538 3006 resurrexerat3
1565 2952 1670 3010 quia
1697 2951 1920 3010 sequitur:
1953 2951 2011 2997 Et
2035 2951 2144 2998 vidit
2175 2951 2280 3013 lapi-

309 3021 399 3065 dem
421 3021 629 3065 sublatum
655 3034 680 3064 α
706 3026 995 3079 monument0;
1032 3033 1123 3061 non
1153 3033 1261 3077 ergo
1290 3020 1528 3062 resurrexit
1562 3018 1771 3063 Christus
1797 3018 1929 3063 tertia
1954 3018 2041 3063 die.

401 3088 494 3132 SED
523 3099 718 3132 CONTRA
747 3098 826 3139 est,
855 3086 976 3144 quod
1005 3086 1168 3129 dicitur
1195 3086 1356 3129 Matth.
1386 3099 1469 3131 20.:
1499 3086 1683 3131 Tradent
1713 3101 1806 3131 eum
1825 3087 2010 3146 gentibus
2030 3085 2277 3136 adfunden-

309 3156 421 3209 dum,
446 3162 481 3199 et
496 3154 813 3214 flagellandum,
834 3161 871 3198 et
894 3153 1232 3212 crucifigendum,
1261 3160 1297 3197 et
1324 3155 1443 3197 tter-tia
1470 3153 1533 3197 dia
1561 3159 1753 3212 resurget.

396 3223 685 3267 RESPONm-:o
713 3220 973 3274 dicendum,
1011 3219 1148 3279 quod,
1182 3220 1297 3263 sicut
1330 3221 1502 3264 dictum
1546 3229 1612 3265 est
1656 3221 1758 3277 (art.
1776 3221 1960 3280 praem),
2002 3220 2274 3266 resurrectio

312 3291 759 3335 Christi'necessaria
785 3288 869 3333 fuit
895 3289 949 3332 ad
984 3288 1329 3332 instructionem
1358 3288 1463 3332 fidei
1480 3299 1686 3333 nostrae:
1717 3299 1784 3333 est
1805 3298 1959 3333 autern
1985 3287 2096 3334 fides
2122 3298 2277 3335 nostra
2350 3346 2352 3348 q

309 3368 349 3402 et
383 3358 438 3402 de
465 3358 713 3411 divinitate,
732 3367 776 3401 et
802 3356 857 3400 de
883 3355 1167 3400 humanitate
1181 3355 1376 3410 Christi3
1404 3369 1497 3399 non
1525 3356 1650 3400 enim
1676 3354 1841 3400 sufficit
1866 3354 2060 3407 alterum
2084 3355 2183 3401 sine
2210 3355 2271 3402 al·

305 3435 402 3469 tero
431 3425 629 3478 credere,
663 3435 712 3468 ut
748 3438 801 3468 ex
842 3422 1083 3482 praedictis
1125 3432 1247 3480 patet
1283 3423 1383 3478 (2-2.
1412 3438 1450 3480 q.
1478 3438 1516 3467 2.
1545 3430 1627 3468 art.
1657 3437 1694 3482 7.
1722 3430 1760 3468 et
1785 3423 1865 3481 8.),
1894 3432 1939 3467 et
1963 3422 2069 3468 ideo
2097 3423 2153 3467 ad
2178 3422 2269 3468 hoc

305 3493 427 3551 quod
455 3491 800 3536 confirmaretur
840 3490 953 3534 fides
985 3489 1040 3534 de
1077 3490 1267 3533 veritate
1309 3490 1553 3534 divinitatis
1591 3491 1746 3549 ipsius,
1792 3490 1994 3549 oportuit
2025 3490 2149 3551 quod
2181 3490 2275 3536 cito

306 3569 574 3618 resurgeret,
602 3570 647 3603 et
667 3560 763 3618 ejus
790 3557 1060 3603 resurrectio
1098 3571 1192 3600 non
1220 3555 1449 3600 differetur
1476 3571 1617 3615 usque
1645 3557 1700 3600 ad
1726 3556 1867 3601 finem
1896 3556 2077 3612 mundi;
2105 3556 2162 3602 ad
2182 3556 2274 3602 hoc

307 3634 460 3671 autem
483 3626 605 3686 quod
625 3625 972 3671 confirmaretur
982 3623 1094 3669 fides
1112 3623 1167 3668 de
1180 3623 1367 3668 veritate
1380 3623 1691 3679 humanitatis,
1707 3634 1752 3669 et
1769 3623 1927 3669 mortis
1945 3624 2057 3683 ejus,
2072 3623 2275 3684 oportuit

2341 3697 2352 3714 ’ἓ
