<?xml version="1.0" encoding="UTF-8"?>
<!DOCTYPE html PUBLIC "-//W3C//DTD XHTML 1.0 Transitional//EN"
    "http://www.w3.org/TR/xhtml1/DTD/xhtml1-transitional.dtd">
<html xmlns="http://www.w3.org/1999/xhtml" xml:lang="en" lang="en">
 <head>
  <title>
</title>
<meta http-equiv="Content-Type" content="text/html;charset=utf-8" />
  <meta name='ocr-system' content='tesseract 3.04.00' />
  <meta name='ocr-capabilities' content='ocr_page ocr_carea ocr_par ocr_line ocrx_word'/>
</head>
<body>
  <div class='ocr_page' id='page_1' title='image "./divithomaeaquina04thom_0526.png"; bbox 0 0 2352 3926; ppageno 0'>
   <div class='ocr_carea' id='block_1_1' title="bbox 264 215 1712 288">
    <p class='ocr_par' dir='ltr' id='par_1_1' title="bbox 264 215 1712 288">
     <span class='ocr_line' id='line_1_1' title="bbox 264 215 1712 288; baseline 0.001 -17"><span class='ocrx_word' id='word_1_1' title='bbox 264 233 370 288; x_wconf 75' lang='lat'>522</span> <span class='ocrx_word' id='word_1_2' title='bbox 799 230 1078 277; x_wconf 74' lang='lat' dir='ltr'>QUAESTIO</span> <span class='ocrx_word' id='word_1_3' title='bbox 1119 231 1250 270; x_wconf 86' lang='lat' dir='ltr'><strong>LXII.</strong></span> <span class='ocrx_word' id='word_1_4' title='bbox 1289 215 1598 273; x_wconf 71' lang='lat' dir='ltr'>AR&#39;mcuLus</span> <span class='ocrx_word' id='word_1_5' title='bbox 1637 233 1712 282; x_wconf 55' lang='grc' dir='ltr'>νζ,</span> 
     </span>
    </p>
   </div>
   <div class='ocr_carea' id='block_1_2' title="bbox 255 333 2229 396">
    <p class='ocr_par' dir='ltr' id='par_1_2' title="bbox 255 333 2229 396">
     <span class='ocr_line' id='line_1_2' title="bbox 255 333 2229 396; baseline 0.004 -17"><span class='ocrx_word' id='word_1_6' title='bbox 255 336 438 393; x_wconf 76' lang='lat' dir='ltr'>justitia,</span> <span class='ocrx_word' id='word_1_7' title='bbox 473 333 660 378; x_wconf 80' lang='lat' dir='ltr'>Christus</span> <span class='ocrx_word' id='word_1_8' title='bbox 688 335 819 391; x_wconf 80' lang='lat' dir='ltr'>gratis</span> <span class='ocrx_word' id='word_1_9' title='bbox 850 339 1039 378; x_wconf 78' lang='lat' dir='ltr'>mortuus</span> <span class='ocrx_word' id='word_1_10' title='bbox 1061 339 1151 378; x_wconf 60' lang='lat' dir='ltr'>ast:</span> <span class='ocrx_word' id='word_1_11' title='bbox 1189 333 1270 378; x_wconf 86' lang='lat' dir='ltr'>sed</span> <span class='ocrx_word' id='word_1_12' title='bbox 1305 347 1392 378; x_wconf 84' lang='lat' dir='ltr'>nec</span> <span class='ocrx_word' id='word_1_13' title='bbox 1426 343 1581 392; x_wconf 59' lang='lat' dir='ltr'>¹potest</span> <span class='ocrx_word' id='word_1_14' title='bbox 1617 334 1721 388; x_wconf 84' lang='lat' dir='ltr'>dici,</span> <span class='ocrx_word' id='word_1_15' title='bbox 1754 335 1878 394; x_wconf 77' lang='lat' dir='ltr'>quod</span> <span class='ocrx_word' id='word_1_16' title='bbox 1915 338 2229 396; x_wconf 57' lang='lat' dir='ltr'>exi-msam-</span> 
     </span>
    </p>
   </div>
   <div class='ocr_carea' id='block_1_3' title="bbox 266 399 2276 459">
    <p class='ocr_par' dir='ltr' id='par_1_3' title="bbox 266 399 2276 459">
     <span class='ocr_line' id='line_1_3' title="bbox 266 399 2276 459; baseline 0 -13"><span class='ocrx_word' id='word_1_17' title='bbox 266 402 439 446; x_wconf 85' lang='lat' dir='ltr'>Christi</span> <span class='ocrx_word' id='word_1_18' title='bbox 478 403 691 444; x_wconf 88' lang='lat' dir='ltr'>virtutem</span> <span class='ocrx_word' id='word_1_19' title='bbox 724 400 944 444; x_wconf 88' lang='lat' dir='ltr'><strong>haberent</strong></span> <span class='ocrx_word' id='word_1_20' title='bbox 982 399 1247 444; x_wconf 90' lang='lat' dir='ltr'>conferendi</span> <span class='ocrx_word' id='word_1_21' title='bbox 1283 401 1476 459; x_wconf 83' lang='lat' dir='ltr'>gratiam</span> <span class='ocrx_word' id='word_1_22' title='bbox 1513 400 1799 459; x_wconf 89' lang='lat' dir='ltr'>justificandi.</span> <span class='ocrx_word' id='word_1_23' title='bbox 1834 401 1963 447; x_wconf 90' lang='lat' dir='ltr'>Sicut</span> <span class='ocrx_word' id='word_1_24' title='bbox 1991 400 2125 455; x_wconf 61' lang='lat' dir='ltr'>,enim</span> <span class='ocrx_word' id='word_1_25' title='bbox 2147 419 2225 456; x_wconf 44' lang='grc' dir='ltr'>ρει</span> <span class='ocrx_word' id='word_1_26' title='bbox 2269 425 2276 430; x_wconf 96' lang='grc'><strong>-</strong></span> 
     </span>
    </p>
   </div>
   <div class='ocr_carea' id='block_1_4' title="bbox 263 466 2230 598">
    <p class='ocr_par' dir='ltr' id='par_1_4' title="bbox 263 466 2230 595">
     <span class='ocr_line' id='line_1_4' title="bbox 263 466 2222 529; baseline 0.004 -17"><span class='ocrx_word' id='word_1_27' title='bbox 263 468 502 527; x_wconf 80' lang='lat' dir='ltr'>praedictis</span> <span class='ocrx_word' id='word_1_28' title='bbox 520 477 643 526; x_wconf 88' lang='lat' dir='ltr'>patet</span> <span class='ocrx_word' id='word_1_29' title='bbox 660 467 761 524; x_wconf 70' lang='lat' dir='ltr'>(ar-‚t</span> <span class='ocrx_word' id='word_1_30' title='bbox 783 475 910 525; x_wconf 78' lang='lat' dir='ltr'>praec</span> <span class='ocrx_word' id='word_1_31' title='bbox 915 467 966 523; x_wconf 87' lang='lat'>.‚)</span> <span class='ocrx_word' id='word_1_32' title='bbox 988 467 1128 511; x_wconf 90' lang='lat' dir='ltr'>virtus</span> <span class='ocrx_word' id='word_1_33' title='bbox 1146 467 1372 526; x_wconf 81' lang='lat' dir='ltr'>passionis</span> <span class='ocrx_word' id='word_1_34' title='bbox 1385 466 1555 523; x_wconf 78' lang='lat' dir='ltr'>Chr-isti</span> <span class='ocrx_word' id='word_1_35' title='bbox 1572 467 1970 527; x_wconf 69' lang='lat' dir='ltr'>copulatarmbis</span> <span class='ocrx_word' id='word_1_36' title='bbox 1966 485 2056 529; x_wconf 62' lang='lat' dir='ltr'>piet</span> <span class='ocrx_word' id='word_1_37' title='bbox 2070 470 2222 526; x_wconf 63' lang='lat' dir='ltr'>fidem,</span> 
     </span>
     <span class='ocr_line' id='line_1_5' title="bbox 263 532 2230 598; baseline 0.001 -18"><span class='ocrx_word' id='word_1_38' title='bbox 263 545 306 580; x_wconf 91' lang='lat' dir='ltr'>et</span> <span class='ocrx_word' id='word_1_39' title='bbox 331 543 639 580; x_wconf 84' lang='lat' dir='ltr'>sacramenta:</span> <span class='ocrx_word' id='word_1_40' title='bbox 674 532 932 578; x_wconf 86' lang='lat' dir='ltr'>differenter</span> <span class='ocrx_word' id='word_1_41' title='bbox 961 543 1140 594; x_wconf 79' lang='lat' dir='ltr'>tamen,</span> <span class='ocrx_word' id='word_1_42' title='bbox 1169 548 1281 581; x_wconf 86' lang='lat' dir='ltr'>nam</span> <span class='ocrx_word' id='word_1_43' title='bbox 1308 534 1612 590; x_wconf 51' lang='lat' dir='ltr'>continuatim</span> <span class='ocrx_word' id='word_1_44' title='bbox 1645 549 1761 594; x_wconf 79' lang='lat' dir='ltr'>quae</span> <span class='ocrx_word' id='word_1_45' title='bbox 1788 545 1858 583; x_wconf 85' lang='lat' dir='ltr'>est</span> <span class='ocrx_word' id='word_1_46' title='bbox 1883 548 1975 594; x_wconf 65' lang='lat' dir='ltr'>per</span> <span class='ocrx_word' id='word_1_47' title='bbox 1982 536 2230 598; x_wconf 45' lang='lat' dir='ltr'>fidemus&amp;</span> 
     </span>
    </p>
   </div>
   <div class='ocr_carea' id='block_1_5' title="bbox 262 600 2238 730">
    <p class='ocr_par' dir='ltr' id='par_1_5' title="bbox 262 600 2238 730">
     <span class='ocr_line' id='line_1_6' title="bbox 262 600 2235 676; baseline 0.001 -31"><span class='ocrx_word' id='word_1_48' title='bbox 262 617 340 661; x_wconf 91' lang='lat' dir='ltr'>per</span> <span class='ocrx_word' id='word_1_49' title='bbox 365 611 519 645; x_wconf 88' lang='lat' dir='ltr'>actum</span> <span class='ocrx_word' id='word_1_50' title='bbox 536 600 740 644; x_wconf 87' lang='lat' dir='ltr'>animae.</span> <span class='ocrx_word' id='word_1_51' title='bbox 768 601 1052 645; x_wconf 83' lang='lat' dir='ltr'>continuatio</span> <span class='ocrx_word' id='word_1_52' title='bbox 1072 611 1239 658; x_wconf 89' lang='lat' dir='ltr'>autern,</span> <span class='ocrx_word' id='word_1_53' title='bbox 1266 615 1382 660; x_wconf 88' lang='lat' dir='ltr'>quae</span> <span class='ocrx_word' id='word_1_54' title='bbox 1399 611 1466 646; x_wconf 89' lang='lat' dir='ltr'>est</span> <span class='ocrx_word' id='word_1_55' title='bbox 1491 615 1570 660; x_wconf 90' lang='lat' dir='ltr'>per</span> <span class='ocrx_word' id='word_1_56' title='bbox 1592 612 1892 657; x_wconf 73' lang='lat' dir='ltr'>sacramenta,</span> <span class='ocrx_word' id='word_1_57' title='bbox 1913 602 1966 653; x_wconf 74' lang='lat' dir='ltr'>fit</span> <span class='ocrx_word' id='word_1_58' title='bbox 1984 604 2235 676; x_wconf 55' lang='lat' dir='ltr'>Qsslmi</span> 
     </span>
     <span class='ocr_line' id='line_1_7' title="bbox 262 667 2238 730; baseline 0.004 -17"><span class='ocrx_word' id='word_1_59' title='bbox 262 669 534 713; x_wconf 83' lang='lat' dir='ltr'>exteriorum</span> <span class='ocrx_word' id='word_1_60' title='bbox 557 682 722 711; x_wconf 87' lang='lat' dir='ltr'>rerum.</span> <span class='ocrx_word' id='word_1_61' title='bbox 749 667 877 712; x_wconf 92' lang='lat' dir='ltr'>Nihil</span> <span class='ocrx_word' id='word_1_62' title='bbox 903 678 1056 717; x_wconf 83' lang='lat' dir='ltr'>autem</span> <span class='ocrx_word' id='word_1_63' title='bbox 1082 669 1306 727; x_wconf 83' lang='lat' dir='ltr'>prohibet,</span> <span class='ocrx_word' id='word_1_64' title='bbox 1333 668 1378 712; x_wconf 91' lang='lat' dir='ltr'>id</span> <span class='ocrx_word' id='word_1_65' title='bbox 1405 669 1529 727; x_wconf 88' lang='lat' dir='ltr'>quod</span> <span class='ocrx_word' id='word_1_66' title='bbox 1555 679 1624 715; x_wconf 85' lang='lat' dir='ltr'>est</span> <span class='ocrx_word' id='word_1_67' title='bbox 1649 670 1878 728; x_wconf 75' lang='lat' dir='ltr'>posterius</span> <span class='ocrx_word' id='word_1_68' title='bbox 1903 680 2138 730; x_wconf 48' lang='lat' dir='ltr'>tempor&amp;-</span> <span class='ocrx_word' id='word_1_69' title='bbox 2140 683 2238 725; x_wconf 58' lang='lat' dir='ltr'>urg</span> 
     </span>
    </p>
   </div>
   <div class='ocr_carea' id='block_1_6' title="bbox 260 735 2226 998">
    <p class='ocr_par' dir='ltr' id='par_1_6' title="bbox 260 735 2226 998">
     <span class='ocr_line' id='line_1_8' title="bbox 260 735 2220 811; baseline 0.002 -31"><span class='ocrx_word' id='word_1_70' title='bbox 260 746 442 811; x_wconf 87' lang='lat' dir='ltr'>tequam</span> <span class='ocrx_word' id='word_1_71' title='bbox 471 735 540 787; x_wconf 88' lang='lat' dir='ltr'>sit,</span> <span class='ocrx_word' id='word_1_72' title='bbox 567 748 770 787; x_wconf 86' lang='lat' dir='ltr'>movere,</span> <span class='ocrx_word' id='word_1_73' title='bbox 803 735 1055 779; x_wconf 89' lang='lat' dir='ltr'>secundum</span> <span class='ocrx_word' id='word_1_74' title='bbox 1088 736 1210 794; x_wconf 88' lang='lat' dir='ltr'>quod</span> <span class='ocrx_word' id='word_1_75' title='bbox 1241 735 1472 795; x_wconf 89' lang='lat' dir='ltr'>praecedit</span> <span class='ocrx_word' id='word_1_76' title='bbox 1502 735 1548 779; x_wconf 91' lang='lat' dir='ltr'>in</span> <span class='ocrx_word' id='word_1_77' title='bbox 1583 746 1684 784; x_wconf 87' lang='lat' dir='ltr'>actu</span> <span class='ocrx_word' id='word_1_78' title='bbox 1718 737 1923 787; x_wconf 63' lang='lat' dir='ltr'>animae</span> <span class='ocrx_word' id='word_1_79' title='bbox 1956 737 2074 788; x_wconf 68' lang='lat' dir='ltr'>sicut</span> <span class='ocrx_word' id='word_1_80' title='bbox 2087 737 2220 797; x_wconf 64' lang='lat' dir='ltr'>finis,</span> 
     </span>
     <span class='ocr_line' id='line_1_9' title="bbox 261 801 2220 864; baseline 0.002 -18"><span class='ocrx_word' id='word_1_81' title='bbox 261 803 337 862; x_wconf 89' lang='lat' dir='ltr'>qui</span> <span class='ocrx_word' id='word_1_82' title='bbox 363 813 430 846; x_wconf 90' lang='lat' dir='ltr'>est</span> <span class='ocrx_word' id='word_1_83' title='bbox 450 801 675 860; x_wconf 85' lang='lat' dir='ltr'>posterior</span> <span class='ocrx_word' id='word_1_84' title='bbox 695 811 1102 860; x_wconf 66' lang='lat' dir='ltr'>tempore‚‚movet</span> <span class='ocrx_word' id='word_1_85' title='bbox 1127 813 1354 861; x_wconf 87' lang='lat' dir='ltr'>agentem,</span> <span class='ocrx_word' id='word_1_86' title='bbox 1374 803 1626 848; x_wconf 86' lang='lat' dir='ltr'>secundum</span> <span class='ocrx_word' id='word_1_87' title='bbox 1652 802 1775 862; x_wconf 88' lang='lat' dir='ltr'>quod</span> <span class='ocrx_word' id='word_1_88' title='bbox 1798 813 1866 848; x_wconf 71' lang='lat' dir='ltr'>oet</span> <span class='ocrx_word' id='word_1_89' title='bbox 1894 805 2220 864; x_wconf 72' lang='lat' dir='ltr'>apprehensus,</span> 
     </span>
     <span class='ocr_line' id='line_1_10' title="bbox 262 869 2226 929; baseline 0.001 -14"><span class='ocrx_word' id='word_1_90' title='bbox 262 880 305 915; x_wconf 83' lang='lat' dir='ltr'>et</span> <span class='ocrx_word' id='word_1_91' title='bbox 330 869 607 914; x_wconf 89' lang='lat' dir='ltr'>desideratus</span> <span class='ocrx_word' id='word_1_92' title='bbox 642 869 694 912; x_wconf 90' lang='lat' dir='ltr'>ab</span> <span class='ocrx_word' id='word_1_93' title='bbox 722 871 845 928; x_wconf 85' lang='lat' dir='ltr'>ipso:</span> <span class='ocrx_word' id='word_1_94' title='bbox 872 869 951 913; x_wconf 92' lang='lat' dir='ltr'>sed</span> <span class='ocrx_word' id='word_1_95' title='bbox 974 869 1087 914; x_wconf 90' lang='lat' dir='ltr'>illud</span> <span class='ocrx_word' id='word_1_96' title='bbox 1105 870 1228 929; x_wconf 90' lang='lat' dir='ltr'>quod</span> <span class='ocrx_word' id='word_1_97' title='bbox 1254 870 1459 916; x_wconf 88' lang='lat' dir='ltr'>nondum</span> <span class='ocrx_word' id='word_1_98' title='bbox 1479 880 1546 914; x_wconf 87' lang='lat' dir='ltr'>est</span> <span class='ocrx_word' id='word_1_99' title='bbox 1562 871 1608 913; x_wconf 90' lang='lat' dir='ltr'>in</span> <span class='ocrx_word' id='word_1_100' title='bbox 1640 884 1790 917; x_wconf 87' lang='lat' dir='ltr'>rerum</span> <span class='ocrx_word' id='word_1_101' title='bbox 1816 881 1992 929; x_wconf 57' lang='lat' dir='ltr'>natura,</span> <span class='ocrx_word' id='word_1_102' title='bbox 2012 884 2226 924; x_wconf 72' lang='lat' dir='ltr'>non-1119·</span> 
     </span>
     <span class='ocr_line' id='line_1_11' title="bbox 260 936 2224 998; baseline 0.003 -19"><span class='ocrx_word' id='word_1_103' title='bbox 260 948 336 981; x_wconf 88' lang='lat' dir='ltr'>vet</span> <span class='ocrx_word' id='word_1_104' title='bbox 360 936 614 980; x_wconf 89' lang='lat' dir='ltr'>secundum</span> <span class='ocrx_word' id='word_1_105' title='bbox 635 950 768 980; x_wconf 86' lang='lat' dir='ltr'>usum</span> <span class='ocrx_word' id='word_1_106' title='bbox 794 936 1070 980; x_wconf 86' lang='lat' dir='ltr'>exteriorum</span> <span class='ocrx_word' id='word_1_107' title='bbox 1097 951 1247 985; x_wconf 70' lang='lat' dir='ltr'>terum</span> <span class='ocrx_word' id='word_1_108' title='bbox 1262 971 1272 991; x_wconf 94' lang='lat'>,</span> <span class='ocrx_word' id='word_1_109' title='bbox 1300 937 1419 981; x_wconf 84' lang='lat' dir='ltr'>unde</span> <span class='ocrx_word' id='word_1_110' title='bbox 1437 951 1574 985; x_wconf 82' lang='lat' dir='ltr'>causa</span> <span class='ocrx_word' id='word_1_111' title='bbox 1601 936 1802 983; x_wconf 81' lang='lat' dir='ltr'>efficiens</span> <span class='ocrx_word' id='word_1_112' title='bbox 1827 951 1923 990; x_wconf 62' lang='lat' dir='ltr'>nnn</span> <span class='ocrx_word' id='word_1_113' title='bbox 1947 948 2098 998; x_wconf 72' lang='lat' dir='ltr'>potest</span> <span class='ocrx_word' id='word_1_114' title='bbox 2122 953 2224 990; x_wconf 73' lang='lat' dir='ltr'>esse</span> 
     </span>
    </p>
   </div>
   <div class='ocr_carea' id='block_1_7' title="bbox 261 1003 2233 1062">
    <p class='ocr_par' dir='ltr' id='par_1_7' title="bbox 261 1003 2233 1062">
     <span class='ocr_line' id='line_1_12' title="bbox 261 1003 2233 1062; baseline 0.002 -15"><span class='ocrx_word' id='word_1_115' title='bbox 261 1003 484 1062; x_wconf 86' lang='lat' dir='ltr'>posterior</span> <span class='ocrx_word' id='word_1_116' title='bbox 509 1003 556 1047; x_wconf 92' lang='lat' dir='ltr'>in</span> <span class='ocrx_word' id='word_1_117' title='bbox 587 1018 664 1048; x_wconf 80' lang='lat' dir='ltr'>esse</span> <span class='ocrx_word' id='word_1_118' title='bbox 694 1003 853 1048; x_wconf 86' lang='lat' dir='ltr'>ordine</span> <span class='ocrx_word' id='word_1_119' title='bbox 886 1003 1150 1058; x_wconf 86' lang='lat' dir='ltr'>durationis,</span> <span class='ocrx_word' id='word_1_120' title='bbox 1174 1004 1293 1048; x_wconf 86' lang='lat' dir='ltr'>sicut</span> <span class='ocrx_word' id='word_1_121' title='bbox 1325 1018 1462 1048; x_wconf 84' lang='lat' dir='ltr'>causa</span> <span class='ocrx_word' id='word_1_122' title='bbox 1491 1003 1654 1049; x_wconf 83' lang='lat' dir='ltr'>finalis.</span> <span class='ocrx_word' id='word_1_123' title='bbox 1679 1004 1753 1049; x_wconf 84' lang='lat' dir='ltr'>Sic</span> <span class='ocrx_word' id='word_1_124' title='bbox 1787 1019 1897 1062; x_wconf 87' lang='lat' dir='ltr'>ergo</span> <span class='ocrx_word' id='word_1_125' title='bbox 1924 1005 2233 1058; x_wconf 52' lang='lat' dir='ltr'>-m-anssifesmm·</span> 
     </span>
    </p>
   </div>
   <div class='ocr_carea' id='block_1_8' title="bbox 259 1069 2229 2275">
    <p class='ocr_par' dir='ltr' id='par_1_8' title="bbox 259 1069 2228 1599">
     <span class='ocr_line' id='line_1_13' title="bbox 263 1069 2228 1130; baseline 0.002 -15"><span class='ocrx_word' id='word_1_126' title='bbox 263 1081 343 1124; x_wconf 92' lang='lat' dir='ltr'>est,</span> <span class='ocrx_word' id='word_1_127' title='bbox 376 1070 498 1130; x_wconf 87' lang='lat' dir='ltr'>quod</span> <span class='ocrx_word' id='word_1_128' title='bbox 525 1086 551 1114; x_wconf 91' lang='lat' dir='ltr'>a</span> <span class='ocrx_word' id='word_1_129' title='bbox 573 1070 784 1130; x_wconf 84' lang='lat' dir='ltr'>passione</span> <span class='ocrx_word' id='word_1_130' title='bbox 812 1069 998 1123; x_wconf 82' lang='lat' dir='ltr'>Christi,</span> <span class='ocrx_word' id='word_1_131' title='bbox 1026 1085 1142 1129; x_wconf 90' lang='lat' dir='ltr'>quae</span> <span class='ocrx_word' id='word_1_132' title='bbox 1169 1081 1236 1115; x_wconf 91' lang='lat' dir='ltr'>est</span> <span class='ocrx_word' id='word_1_133' title='bbox 1258 1085 1395 1118; x_wconf 83' lang='lat' dir='ltr'>causa</span> <span class='ocrx_word' id='word_1_134' title='bbox 1425 1072 1657 1119; x_wconf 22' lang='lat' dir='ltr'>&#39;humanae</span> <span class='ocrx_word' id='word_1_135' title='bbox 1683 1072 2033 1130; x_wconf 61' lang='lat' dir='ltr'>justificationis,</span> <span class='ocrx_word' id='word_1_136' title='bbox 2052 1088 2228 1127; x_wconf 49' lang='lat' dir='ltr'>epave-</span> 
     </span>
     <span class='ocr_line' id='line_1_14' title="bbox 261 1137 2223 1198; baseline 0.002 -16"><span class='ocrx_word' id='word_1_137' title='bbox 261 1139 438 1183; x_wconf 87' lang='lat' dir='ltr'>nienter</span> <span class='ocrx_word' id='word_1_138' title='bbox 454 1138 680 1182; x_wconf 86' lang='lat' dir='ltr'>derivatur</span> <span class='ocrx_word' id='word_1_139' title='bbox 695 1138 836 1182; x_wconf 89' lang='lat' dir='ltr'>virtus</span> <span class='ocrx_word' id='word_1_140' title='bbox 862 1137 1150 1195; x_wconf 87' lang='lat' dir='ltr'>justificativa</span> <span class='ocrx_word' id='word_1_141' title='bbox 1177 1139 1231 1182; x_wconf 91' lang='lat' dir='ltr'>ad</span> <span class='ocrx_word' id='word_1_142' title='bbox 1250 1149 1535 1187; x_wconf 83' lang='lat' dir='ltr'>sacramenta</span> <span class='ocrx_word' id='word_1_143' title='bbox 1557 1153 1704 1187; x_wconf 83' lang='lat' dir='ltr'>novae</span> <span class='ocrx_word' id='word_1_144' title='bbox 1727 1139 1856 1198; x_wconf 80' lang='lat' dir='ltr'>legis,</span> <span class='ocrx_word' id='word_1_145' title='bbox 1876 1153 1971 1189; x_wconf 80' lang='lat' dir='ltr'>non</span> <span class='ocrx_word' id='word_1_146' title='bbox 1987 1150 2139 1193; x_wconf 51' lang='lat' dir='ltr'>autem</span> <span class='ocrx_word' id='word_1_147' title='bbox 2166 1141 2223 1191; x_wconf 80' lang='lat' dir='ltr'>ad</span> 
     </span>
     <span class='ocr_line' id='line_1_15' title="bbox 265 1204 2225 1265; baseline 0.001 -15"><span class='ocrx_word' id='word_1_148' title='bbox 265 1215 552 1250; x_wconf 89' lang='lat' dir='ltr'>sacramenta</span> <span class='ocrx_word' id='word_1_149' title='bbox 582 1205 746 1249; x_wconf 89' lang='lat' dir='ltr'>veteris</span> <span class='ocrx_word' id='word_1_150' title='bbox 773 1204 910 1263; x_wconf 88' lang='lat' dir='ltr'>legis:</span> <span class='ocrx_word' id='word_1_151' title='bbox 939 1214 984 1249; x_wconf 88' lang='lat' dir='ltr'>et</span> <span class='ocrx_word' id='word_1_152' title='bbox 1005 1215 1159 1248; x_wconf 88' lang='lat' dir='ltr'>tamen</span> <span class='ocrx_word' id='word_1_153' title='bbox 1185 1219 1264 1264; x_wconf 84' lang='lat' dir='ltr'>per</span> <span class='ocrx_word' id='word_1_154' title='bbox 1289 1205 1426 1251; x_wconf 87' lang='lat' dir='ltr'>fidem</span> <span class='ocrx_word' id='word_1_155' title='bbox 1444 1206 1668 1264; x_wconf 83' lang='lat' dir='ltr'>passionis</span> <span class='ocrx_word' id='word_1_156' title='bbox 1683 1206 2225 1265; x_wconf 42' lang='lat' dir='ltr'>‹Chrisssiiuskffissssm</span> 
     </span>
     <span class='ocr_line' id='line_1_16' title="bbox 266 1271 2226 1333; baseline 0.001 -16"><span class='ocrx_word' id='word_1_157' title='bbox 266 1272 439 1331; x_wconf 86' lang='lat' dir='ltr'>antiqui</span> <span class='ocrx_word' id='word_1_158' title='bbox 460 1273 632 1326; x_wconf 91' lang='lat' dir='ltr'>Patres,</span> <span class='ocrx_word' id='word_1_159' title='bbox 663 1272 781 1316; x_wconf 90' lang='lat' dir='ltr'>sicut</span> <span class='ocrx_word' id='word_1_160' title='bbox 807 1282 852 1316; x_wconf 90' lang='lat' dir='ltr'>et</span> <span class='ocrx_word' id='word_1_161' title='bbox 875 1285 971 1317; x_wconf 89' lang='lat' dir='ltr'>nos.</span> <span class='ocrx_word' id='word_1_162' title='bbox 1001 1271 1298 1319; x_wconf 81' lang='lat' dir='ltr'>Sacramenta</span> <span class='ocrx_word' id='word_1_163' title='bbox 1321 1282 1474 1329; x_wconf 82' lang='lat' dir='ltr'>autem</span> <span class='ocrx_word' id='word_1_164' title='bbox 1505 1273 1668 1322; x_wconf 74' lang='lat' dir='ltr'>veteris</span> <span class='ocrx_word' id='word_1_165' title='bbox 1700 1273 1814 1330; x_wconf 82' lang='lat' dir='ltr'>legis</span> <span class='ocrx_word' id='word_1_166' title='bbox 1844 1283 1977 1327; x_wconf 54' lang='lat' dir='ltr'>erant</span> <span class='ocrx_word' id='word_1_167' title='bbox 1994 1274 2226 1333; x_wconf 10' lang='lat' dir='ltr'>squaedam</span> 
     </span>
     <span class='ocr_line' id='line_1_17' title="bbox 260 1339 2228 1398; baseline 0.001 -15"><span class='ocrx_word' id='word_1_168' title='bbox 260 1339 380 1385; x_wconf 88' lang='lat' dir='ltr'>illius</span> <span class='ocrx_word' id='word_1_169' title='bbox 421 1339 527 1383; x_wconf 89' lang='lat' dir='ltr'>fidei</span> <span class='ocrx_word' id='word_1_170' title='bbox 551 1339 915 1398; x_wconf 86' lang='lat' dir='ltr'>protestationes,</span> <span class='ocrx_word' id='word_1_171' title='bbox 940 1339 1212 1397; x_wconf 85' lang='lat' dir='ltr'>inquantum</span> <span class='ocrx_word' id='word_1_172' title='bbox 1244 1339 1561 1397; x_wconf 85' lang='lat' dir='ltr'>significabant</span> <span class='ocrx_word' id='word_1_173' title='bbox 1592 1340 1854 1398; x_wconf 73' lang='lat' dir='ltr'>passionem</span> <span class='ocrx_word' id='word_1_174' title='bbox 1887 1339 2075 1395; x_wconf 73' lang='lat' dir='ltr'>Christi,</span> <span class='ocrx_word' id='word_1_175' title='bbox 2091 1340 2228 1394; x_wconf 62' lang='lat' dir='ltr'>etei-</span> 
     </span>
     <span class='ocr_line' id='line_1_18' title="bbox 259 1404 2224 1465; baseline 0.004 -15"><span class='ocrx_word' id='word_1_176' title='bbox 259 1407 402 1451; x_wconf 88' lang='lat' dir='ltr'>fectus</span> <span class='ocrx_word' id='word_1_177' title='bbox 435 1408 544 1465; x_wconf 82' lang='lat' dir='ltr'>ejus.</span> <span class='ocrx_word' id='word_1_178' title='bbox 579 1406 655 1450; x_wconf 91' lang='lat' dir='ltr'>Sic</span> <span class='ocrx_word' id='word_1_179' title='bbox 689 1420 799 1464; x_wconf 87' lang='lat' dir='ltr'>ergo</span> <span class='ocrx_word' id='word_1_180' title='bbox 832 1415 968 1464; x_wconf 89' lang='lat' dir='ltr'>patet,</span> <span class='ocrx_word' id='word_1_181' title='bbox 995 1406 1118 1464; x_wconf 85' lang='lat' dir='ltr'>quod</span> <span class='ocrx_word' id='word_1_182' title='bbox 1150 1415 1436 1451; x_wconf 84' lang='lat' dir='ltr'>sacramenta</span> <span class='ocrx_word' id='word_1_183' title='bbox 1462 1406 1627 1450; x_wconf 88' lang='lat' dir='ltr'>veteris</span> <span class='ocrx_word' id='word_1_184' title='bbox 1652 1405 1766 1464; x_wconf 83' lang='lat' dir='ltr'>legis</span> <span class='ocrx_word' id='word_1_185' title='bbox 1795 1420 1893 1456; x_wconf 69' lang='lat' dir='ltr'>non</span> <span class='ocrx_word' id='word_1_186' title='bbox 1920 1404 2155 1461; x_wconf 57' lang='lat' dir='ltr'>habebant</span> <span class='ocrx_word' id='word_1_187' title='bbox 2173 1408 2224 1464; x_wconf 62' lang='lat' dir='ltr'>in</span> 
     </span>
     <span class='ocr_line' id='line_1_19' title="bbox 262 1471 2227 1533; baseline 0.001 -15"><span class='ocrx_word' id='word_1_188' title='bbox 262 1490 309 1518; x_wconf 91' lang='lat' dir='ltr'>se</span> <span class='ocrx_word' id='word_1_189' title='bbox 329 1473 528 1533; x_wconf 89' lang='lat' dir='ltr'>aliquam</span> <span class='ocrx_word' id='word_1_190' title='bbox 546 1475 774 1527; x_wconf 88' lang='lat' dir='ltr'>virtutem,</span> <span class='ocrx_word' id='word_1_191' title='bbox 802 1487 889 1532; x_wconf 89' lang='lat' dir='ltr'>qua</span> <span class='ocrx_word' id='word_1_192' title='bbox 908 1483 1206 1532; x_wconf 89' lang='lat' dir='ltr'>operarentur</span> <span class='ocrx_word' id='word_1_193' title='bbox 1239 1471 1301 1516; x_wconf 58' lang='lat' dir='ltr'>ad*</span> <span class='ocrx_word' id='word_1_194' title='bbox 1325 1472 1651 1517; x_wconf 90' lang='lat' dir='ltr'>conferendam</span> <span class='ocrx_word' id='word_1_195' title='bbox 1670 1474 1864 1532; x_wconf 88' lang='lat' dir='ltr'>gratiam</span> <span class='ocrx_word' id='word_1_196' title='bbox 1879 1474 2227 1533; x_wconf 79' lang='lat' dir='ltr'>justificantem3</span> 
     </span>
     <span class='ocr_line' id='line_1_20' title="bbox 261 1539 1711 1599; baseline -0.001 -13"><span class='ocrx_word' id='word_1_197' title='bbox 261 1541 339 1586; x_wconf 90' lang='lat' dir='ltr'>sed</span> <span class='ocrx_word' id='word_1_198' title='bbox 367 1540 518 1585; x_wconf 90' lang='lat' dir='ltr'>solum</span> <span class='ocrx_word' id='word_1_199' title='bbox 551 1540 868 1599; x_wconf 89' lang='lat' dir='ltr'>significabant</span> <span class='ocrx_word' id='word_1_200' title='bbox 892 1540 1045 1594; x_wconf 88' lang='lat' dir='ltr'>fidem,</span> <span class='ocrx_word' id='word_1_201' title='bbox 1072 1554 1151 1599; x_wconf 91' lang='lat' dir='ltr'>per</span> <span class='ocrx_word' id='word_1_202' title='bbox 1177 1554 1314 1599; x_wconf 89' lang='lat' dir='ltr'>quarn</span> <span class='ocrx_word' id='word_1_203' title='bbox 1340 1539 1711 1597; x_wconf 83' lang='lat' dir='ltr'>justificabantur.</span> 
     </span>
    </p>

    <p class='ocr_par' dir='ltr' id='par_1_9' title="bbox 259 1606 2229 1936">
     <span class='ocr_line' id='line_1_21' title="bbox 347 1606 2229 1669; baseline 0.001 -16"><span class='ocrx_word' id='word_1_204' title='bbox 347 1608 424 1652; x_wconf 88' lang='lat' dir='ltr'>AD</span> <span class='ocrx_word' id='word_1_205' title='bbox 457 1621 646 1653; x_wconf 81' lang='lat' dir='ltr'>PRIMUM</span> <span class='ocrx_word' id='word_1_206' title='bbox 673 1621 782 1666; x_wconf 88' lang='lat' dir='ltr'>ergo</span> <span class='ocrx_word' id='word_1_207' title='bbox 805 1607 1066 1661; x_wconf 85' lang='lat' dir='ltr'>dicendum,</span> <span class='ocrx_word' id='word_1_208' title='bbox 1093 1606 1216 1665; x_wconf 89' lang='lat' dir='ltr'>quod</span> <span class='ocrx_word' id='word_1_209' title='bbox 1244 1607 1416 1666; x_wconf 89' lang='lat' dir='ltr'>antiqui</span> <span class='ocrx_word' id='word_1_210' title='bbox 1442 1607 1598 1652; x_wconf 82' lang='lat' dir='ltr'>Patres</span> <span class='ocrx_word' id='word_1_211' title='bbox 1630 1607 1858 1652; x_wconf 87' lang='lat' dir='ltr'>habebant</span> <span class='ocrx_word' id='word_1_212' title='bbox 1882 1607 2022 1654; x_wconf 89' lang='lat' dir='ltr'>fidem</span> <span class='ocrx_word' id='word_1_213' title='bbox 2049 1609 2105 1654; x_wconf 84' lang='lat' dir='ltr'>de</span> <span class='ocrx_word' id='word_1_214' title='bbox 2130 1622 2229 1669; x_wconf 85' lang='lat' dir='ltr'>pas-</span> 
     </span>
     <span class='ocr_line' id='line_1_22' title="bbox 259 1673 2220 1734; baseline 0.002 -16"><span class='ocrx_word' id='word_1_215' title='bbox 259 1676 387 1719; x_wconf 88' lang='lat' dir='ltr'>sione</span> <span class='ocrx_word' id='word_1_216' title='bbox 415 1674 588 1719; x_wconf 76' lang='lat' dir='ltr'>Christi</span> <span class='ocrx_word' id='word_1_217' title='bbox 618 1674 781 1727; x_wconf 90' lang='lat' dir='ltr'>futura,</span> <span class='ocrx_word' id='word_1_218' title='bbox 850 1688 934 1717; x_wconf 91' lang='lat' dir='ltr'>uae</span> <span class='ocrx_word' id='word_1_219' title='bbox 967 1673 1221 1718; x_wconf 87' lang='lat' dir='ltr'>secundum</span> <span class='ocrx_word' id='word_1_220' title='bbox 1257 1674 1380 1733; x_wconf 90' lang='lat' dir='ltr'>quod</span> <span class='ocrx_word' id='word_1_221' title='bbox 1413 1684 1508 1718; x_wconf 92' lang='lat' dir='ltr'>erat</span> <span class='ocrx_word' id='word_1_222' title='bbox 1539 1676 1584 1718; x_wconf 91' lang='lat' dir='ltr'>in</span> <span class='ocrx_word' id='word_1_223' title='bbox 1622 1675 1983 1734; x_wconf 86' lang='lat' dir='ltr'>apprehensione</span> <span class='ocrx_word' id='word_1_224' title='bbox 2024 1677 2220 1730; x_wconf 88' lang='lat' dir='ltr'>animae,</span> 
     </span>
     <span class='ocr_line' id='line_1_23' title="bbox 259 1689 2226 1803; baseline 0.002 -17"><span class='ocrx_word' id='word_1_225' title='bbox 259 1752 437 1802; x_wconf 86' lang='lat' dir='ltr'>poterat</span> <span class='ocrx_word' id='word_1_226' title='bbox 461 1742 728 1800; x_wconf 75' lang='lat' dir='ltr'>iustificare:</span> <span class='ocrx_word' id='word_1_227' title='bbox 754 1689 846 1786; x_wconf 54' lang='lat' dir='ltr'>sec?</span> <span class='ocrx_word' id='word_1_228' title='bbox 864 1755 951 1785; x_wconf 92' lang='lat' dir='ltr'>nos</span> <span class='ocrx_word' id='word_1_229' title='bbox 982 1741 1205 1786; x_wconf 89' lang='lat' dir='ltr'>habemus</span> <span class='ocrx_word' id='word_1_230' title='bbox 1232 1741 1371 1785; x_wconf 89' lang='lat' dir='ltr'>fidem</span> <span class='ocrx_word' id='word_1_231' title='bbox 1398 1743 1453 1786; x_wconf 95' lang='lat' dir='ltr'>de</span> <span class='ocrx_word' id='word_1_232' title='bbox 1485 1742 1698 1801; x_wconf 84' lang='lat' dir='ltr'>passione</span> <span class='ocrx_word' id='word_1_233' title='bbox 1725 1742 1899 1788; x_wconf 85' lang='lat' dir='ltr'>Christi</span> <span class='ocrx_word' id='word_1_234' title='bbox 1923 1736 2226 1803; x_wconf 85' lang='lat' dir='ltr'>praecedenti,</span> 
     </span>
     <span class='ocr_line' id='line_1_24' title="bbox 262 1808 2225 1870; baseline 0.001 -16"><span class='ocrx_word' id='word_1_235' title='bbox 262 1825 378 1870; x_wconf 89' lang='lat' dir='ltr'>quae</span> <span class='ocrx_word' id='word_1_236' title='bbox 396 1819 546 1869; x_wconf 91' lang='lat' dir='ltr'>potest</span> <span class='ocrx_word' id='word_1_237' title='bbox 571 1808 814 1867; x_wconf 90' lang='lat' dir='ltr'>justificare</span> <span class='ocrx_word' id='word_1_238' title='bbox 837 1809 977 1852; x_wconf 89' lang='lat' dir='ltr'>etiam</span> <span class='ocrx_word' id='word_1_239' title='bbox 994 1809 1245 1853; x_wconf 90' lang='lat' dir='ltr'>secundum</span> <span class='ocrx_word' id='word_1_240' title='bbox 1274 1808 1446 1855; x_wconf 86' lang='lat' dir='ltr'>realem</span> <span class='ocrx_word' id='word_1_241' title='bbox 1469 1823 1602 1854; x_wconf 91' lang='lat' dir='ltr'>usum</span> <span class='ocrx_word' id='word_1_242' title='bbox 1629 1809 2031 1862; x_wconf 79' lang='lat' dir='ltr'>sacramentalium</span> <span class='ocrx_word' id='word_1_243' title='bbox 2058 1823 2225 1865; x_wconf 87' lang='lat' dir='ltr'>rerum,</span> 
     </span>
     <span class='ocr_line' id='line_1_25' title="bbox 260 1877 978 1936; baseline -0.003 -14"><span class='ocrx_word' id='word_1_244' title='bbox 260 1888 308 1922; x_wconf 93' lang='lat' dir='ltr'>ut</span> <span class='ocrx_word' id='word_1_245' title='bbox 330 1878 502 1921; x_wconf 89' lang='lat' dir='ltr'>dictum</span> <span class='ocrx_word' id='word_1_246' title='bbox 529 1886 597 1920; x_wconf 88' lang='lat' dir='ltr'>est</span> <span class='ocrx_word' id='word_1_247' title='bbox 627 1877 695 1934; x_wconf 87' lang='lat' dir='ltr'>(in</span> <span class='ocrx_word' id='word_1_248' title='bbox 716 1884 831 1936; x_wconf 81' lang='lat' dir='ltr'>corp.</span> <span class='ocrx_word' id='word_1_249' title='bbox 858 1877 978 1933; x_wconf 68' lang='lat' dir='ltr'>art).</span> 
     </span>
    </p>

    <p class='ocr_par' dir='ltr' id='par_1_10' title="bbox 261 1943 2229 2140">
     <span class='ocr_line' id='line_1_26' title="bbox 349 1943 2225 2006; baseline -0.001 -16"><span class='ocrx_word' id='word_1_250' title='bbox 349 1947 426 1990; x_wconf 86' lang='grc' dir='ltr'>Αι)</span> <span class='ocrx_word' id='word_1_251' title='bbox 459 1957 719 1990; x_wconf 80' lang='lat' dir='ltr'>SECUNDUM</span> <span class='ocrx_word' id='word_1_252' title='bbox 752 1944 1012 1998; x_wconf 89' lang='lat' dir='ltr'>dicendum,</span> <span class='ocrx_word' id='word_1_253' title='bbox 1046 1944 1167 2003; x_wconf 91' lang='lat' dir='ltr'>quod</span> <span class='ocrx_word' id='word_1_254' title='bbox 1195 1943 1273 1988; x_wconf 91' lang='lat' dir='ltr'>illa</span> <span class='ocrx_word' id='word_1_255' title='bbox 1304 1944 1603 1990; x_wconf 84' lang='lat' dir='ltr'>sanctificatio</span> <span class='ocrx_word' id='word_1_256' title='bbox 1631 1956 1727 1991; x_wconf 88' lang='lat' dir='ltr'>erat</span> <span class='ocrx_word' id='word_1_257' title='bbox 1763 1943 1997 2004; x_wconf 62' lang='lat' dir='ltr'>figuralis:</span> <span class='ocrx_word' id='word_1_258' title='bbox 2022 1959 2103 2006; x_wconf 79' lang='lat' dir='ltr'>per</span> <span class='ocrx_word' id='word_1_259' title='bbox 2131 1944 2225 1990; x_wconf 91' lang='lat' dir='ltr'>hoc</span> 
     </span>
     <span class='ocr_line' id='line_1_27' title="bbox 264 2011 2229 2071; baseline -0.001 -14"><span class='ocrx_word' id='word_1_260' title='bbox 264 2014 387 2058; x_wconf 87' lang='lat' dir='ltr'>enim</span> <span class='ocrx_word' id='word_1_261' title='bbox 413 2012 686 2057; x_wconf 89' lang='lat' dir='ltr'>sanctificari</span> <span class='ocrx_word' id='word_1_262' title='bbox 719 2012 997 2066; x_wconf 88' lang='lat' dir='ltr'>dicebantur,</span> <span class='ocrx_word' id='word_1_263' title='bbox 1026 2013 1147 2071; x_wconf 91' lang='lat' dir='ltr'>quod</span> <span class='ocrx_word' id='word_1_264' title='bbox 1175 2012 1519 2071; x_wconf 87' lang='lat' dir='ltr'>applicabantur</span> <span class='ocrx_word' id='word_1_265' title='bbox 1544 2011 1684 2057; x_wconf 89' lang='lat' dir='ltr'>cultui</span> <span class='ocrx_word' id='word_1_266' title='bbox 1707 2013 1862 2061; x_wconf 83' lang='lat' dir='ltr'>divino</span> <span class='ocrx_word' id='word_1_267' title='bbox 1892 2013 2148 2063; x_wconf 74' lang='lat' dir='ltr'>secundum</span> <span class='ocrx_word' id='word_1_268' title='bbox 2170 2012 2229 2065; x_wconf 60' lang='lat' dir='ltr'>fai-</span> 
     </span>
     <span class='ocr_line' id='line_1_28' title="bbox 261 2079 2224 2140; baseline 0 -15"><span class='ocrx_word' id='word_1_269' title='bbox 261 2091 359 2125; x_wconf 87' lang='lat' dir='ltr'>tum</span> <span class='ocrx_word' id='word_1_270' title='bbox 391 2080 555 2124; x_wconf 88' lang='lat' dir='ltr'>veteris</span> <span class='ocrx_word' id='word_1_271' title='bbox 587 2079 715 2138; x_wconf 88' lang='lat' dir='ltr'>legis,</span> <span class='ocrx_word' id='word_1_272' title='bbox 750 2080 827 2138; x_wconf 90' lang='lat' dir='ltr'>qui</span> <span class='ocrx_word' id='word_1_273' title='bbox 858 2090 980 2123; x_wconf 87' lang='lat' dir='ltr'>totus</span> <span class='ocrx_word' id='word_1_274' title='bbox 1007 2080 1300 2124; x_wconf 88' lang='lat' dir='ltr'>ordinabatur</span> <span class='ocrx_word' id='word_1_275' title='bbox 1333 2081 1388 2124; x_wconf 90' lang='lat' dir='ltr'>ad</span> <span class='ocrx_word' id='word_1_276' title='bbox 1424 2080 1713 2139; x_wconf 84' lang='lat' dir='ltr'>figurandum</span> <span class='ocrx_word' id='word_1_277' title='bbox 1740 2082 2003 2140; x_wconf 70' lang='lat' dir='ltr'>passionem</span> <span class='ocrx_word' id='word_1_278' title='bbox 2036 2081 2224 2133; x_wconf 75' lang='lat' dir='ltr'>Christi.</span> 
     </span>
    </p>

    <p class='ocr_par' dir='ltr' id='par_1_11' title="bbox 263 2147 2227 2275">
     <span class='ocr_line' id='line_1_29' title="bbox 350 2147 2226 2208; baseline 0.003 -16"><span class='ocrx_word' id='word_1_279' title='bbox 350 2148 426 2192; x_wconf 87' lang='lat' dir='ltr'>AD</span> <span class='ocrx_word' id='word_1_280' title='bbox 471 2160 687 2192; x_wconf 76' lang='lat' dir='ltr'>TERTIUM</span> <span class='ocrx_word' id='word_1_281' title='bbox 718 2147 976 2201; x_wconf 86' lang='lat' dir='ltr'>dicendum,</span> <span class='ocrx_word' id='word_1_282' title='bbox 1015 2148 1137 2206; x_wconf 92' lang='lat' dir='ltr'>quod</span> <span class='ocrx_word' id='word_1_283' title='bbox 1172 2147 1227 2191; x_wconf 92' lang='lat' dir='ltr'>de</span> <span class='ocrx_word' id='word_1_284' title='bbox 1271 2148 1621 2193; x_wconf 89' lang='lat' dir='ltr'>circumcisione</span> <span class='ocrx_word' id='word_1_285' title='bbox 1654 2148 1892 2207; x_wconf 79' lang='lat' dir='ltr'>multiplex</span> <span class='ocrx_word' id='word_1_286' title='bbox 1928 2148 2014 2196; x_wconf 68' lang='lat' dir='ltr'>fui-t</span> <span class='ocrx_word' id='word_1_287' title='bbox 2043 2149 2226 2208; x_wconf 57' lang='lat' dir='ltr'>ophim</span> 
     </span>
     <span class='ocr_line' id='line_1_30' title="bbox 263 2215 2227 2275; baseline 0.001 -16"><span class='ocrx_word' id='word_1_288' title='bbox 263 2216 447 2275; x_wconf 88' lang='lat' dir='ltr'>quidam</span> <span class='ocrx_word' id='word_1_289' title='bbox 485 2215 608 2258; x_wconf 90' lang='lat' dir='ltr'>enim</span> <span class='ocrx_word' id='word_1_290' title='bbox 646 2215 865 2269; x_wconf 86' lang='lat' dir='ltr'>dixerunt,</span> <span class='ocrx_word' id='word_1_291' title='bbox 902 2215 1025 2273; x_wconf 88' lang='lat' dir='ltr'>quod</span> <span class='ocrx_word' id='word_1_292' title='bbox 1062 2229 1141 2274; x_wconf 87' lang='lat' dir='ltr'>per</span> <span class='ocrx_word' id='word_1_293' title='bbox 1177 2215 1576 2260; x_wconf 88' lang='lat' dir='ltr'>circumcisionem</span> <span class='ocrx_word' id='word_1_294' title='bbox 1608 2230 1702 2260; x_wconf 91' lang='lat' dir='ltr'>non</span> <span class='ocrx_word' id='word_1_295' title='bbox 1725 2215 2042 2264; x_wconf 69' lang='lat' dir='ltr'>conferebatur</span> <span class='ocrx_word' id='word_1_296' title='bbox 2067 2216 2227 2275; x_wconf 68' lang='lat' dir='ltr'>gratia,</span> 
     </span>
    </p>
   </div>
   <div class='ocr_carea' id='block_1_9' title="bbox 263 2280 2230 2341">
    <p class='ocr_par' dir='ltr' id='par_1_12' title="bbox 263 2280 2230 2341">
     <span class='ocr_line' id='line_1_31' title="bbox 263 2280 2230 2341; baseline 0.001 -16"><span class='ocrx_word' id='word_1_297' title='bbox 263 2281 340 2325; x_wconf 89' lang='lat' dir='ltr'>sed</span> <span class='ocrx_word' id='word_1_298' title='bbox 369 2281 520 2324; x_wconf 90' lang='lat' dir='ltr'>solum</span> <span class='ocrx_word' id='word_1_299' title='bbox 548 2280 834 2324; x_wconf 84' lang='lat' dir='ltr'>auferebatur</span> <span class='ocrx_word' id='word_1_300' title='bbox 865 2290 1129 2339; x_wconf 87' lang='lat' dir='ltr'>peccatum:</span> <span class='ocrx_word' id='word_1_301' title='bbox 1161 2281 1239 2325; x_wconf 90' lang='lat' dir='ltr'>sed</span> <span class='ocrx_word' id='word_1_302' title='bbox 1271 2281 1363 2325; x_wconf 92' lang='lat' dir='ltr'>hoc</span> <span class='ocrx_word' id='word_1_303' title='bbox 1390 2295 1484 2325; x_wconf 88' lang='lat' dir='ltr'>non</span> <span class='ocrx_word' id='word_1_304' title='bbox 1510 2291 1660 2340; x_wconf 89' lang='lat' dir='ltr'>potest</span> <span class='ocrx_word' id='word_1_305' title='bbox 1686 2295 1798 2335; x_wconf 88' lang='lat' dir='ltr'>esse,</span> <span class='ocrx_word' id='word_1_306' title='bbox 1820 2282 1931 2341; x_wconf 69' lang='lat' dir='ltr'>quia</span> <span class='ocrx_word' id='word_1_307' title='bbox 1960 2281 2108 2332; x_wconf 71' lang='lat' dir='ltr'>homo</span> <span class='ocrx_word' id='word_1_308' title='bbox 2126 2295 2230 2332; x_wconf 65' lang='lat' dir='ltr'>non&gt;</span> 
     </span>
    </p>
   </div>
   <div class='ocr_carea' id='block_1_10' title="bbox 257 2348 2227 3618">
    <p class='ocr_par' dir='ltr' id='par_1_13' title="bbox 257 2348 2227 3618">
     <span class='ocr_line' id='line_1_32' title="bbox 259 2348 2227 2409; baseline 0.001 -17"><span class='ocrx_word' id='word_1_309' title='bbox 259 2348 528 2407; x_wconf 86' lang='lat' dir='ltr'>justificatur</span> <span class='ocrx_word' id='word_1_310' title='bbox 553 2362 579 2391; x_wconf 86' lang='lat' dir='ltr'>a</span> <span class='ocrx_word' id='word_1_311' title='bbox 611 2358 802 2406; x_wconf 89' lang='lat' dir='ltr'>peccato</span> <span class='ocrx_word' id='word_1_312' title='bbox 828 2348 915 2392; x_wconf 89' lang='lat' dir='ltr'>nisi</span> <span class='ocrx_word' id='word_1_313' title='bbox 941 2362 1020 2407; x_wconf 88' lang='lat' dir='ltr'>per</span> <span class='ocrx_word' id='word_1_314' title='bbox 1052 2348 1261 2406; x_wconf 86' lang='lat' dir='ltr'>gratiam,</span> <span class='ocrx_word' id='word_1_315' title='bbox 1278 2349 1530 2395; x_wconf 90' lang='lat' dir='ltr'>secundum</span> <span class='ocrx_word' id='word_1_316' title='bbox 1562 2348 1673 2393; x_wconf 89' lang='lat' dir='ltr'>illud</span> <span class='ocrx_word' id='word_1_317' title='bbox 1699 2349 1896 2398; x_wconf 62' lang='lat' dir='ltr'>Roman„</span> <span class='ocrx_word' id='word_1_318' title='bbox 1922 2362 1984 2406; x_wconf 74' lang='lat'>3.3</span> <span class='ocrx_word' id='word_1_319' title='bbox 2000 2350 2227 2409; x_wconf 57' lang='lat' dir='ltr'>ludificati</span> 
     </span>
     <span class='ocr_line' id='line_1_33' title="bbox 257 2415 2226 2475; baseline 0.001 -15"><span class='ocrx_word' id='word_1_320' title='bbox 257 2417 390 2473; x_wconf 79' lang='lat' dir='ltr'>gratis</span> <span class='ocrx_word' id='word_1_321' title='bbox 414 2424 492 2475; x_wconf 78' lang='lat' dir='ltr'>per</span> <span class='ocrx_word' id='word_1_322' title='bbox 514 2417 699 2474; x_wconf 78' lang='lat' dir='ltr'>gratiam</span> <span class='ocrx_word' id='word_1_323' title='bbox 725 2417 863 2474; x_wconf 82' lang='lat' dir='ltr'>ipsius.</span> <span class='ocrx_word' id='word_1_324' title='bbox 891 2415 947 2459; x_wconf 92' lang='lat' dir='ltr'>Et</span> <span class='ocrx_word' id='word_1_325' title='bbox 972 2416 1076 2459; x_wconf 91' lang='lat' dir='ltr'>ideo</span> <span class='ocrx_word' id='word_1_326' title='bbox 1111 2415 1188 2459; x_wconf 89' lang='lat' dir='ltr'>alii</span> <span class='ocrx_word' id='word_1_327' title='bbox 1209 2416 1428 2470; x_wconf 82' lang='lat' dir='ltr'>dixerunt,</span> <span class='ocrx_word' id='word_1_328' title='bbox 1446 2416 1568 2474; x_wconf 93' lang='lat' dir='ltr'>quod</span> <span class='ocrx_word' id='word_1_329' title='bbox 1585 2430 1664 2475; x_wconf 90' lang='lat' dir='ltr'>per</span> <span class='ocrx_word' id='word_1_330' title='bbox 1691 2416 2096 2467; x_wconf 60' lang='lat' dir='ltr'>circumcisionem</span> <span class='ocrx_word' id='word_1_331' title='bbox 2118 2430 2226 2466; x_wconf 71' lang='lat' dir='ltr'>con-</span> 
     </span>
     <span class='ocr_line' id='line_1_34' title="bbox 259 2481 2223 2543; baseline 0.001 -17"><span class='ocrx_word' id='word_1_332' title='bbox 259 2482 484 2527; x_wconf 87' lang='lat' dir='ltr'>ferebatur</span> <span class='ocrx_word' id='word_1_333' title='bbox 501 2483 658 2541; x_wconf 86' lang='lat' dir='ltr'>gratia,</span> <span class='ocrx_word' id='word_1_334' title='bbox 687 2492 907 2541; x_wconf 88' lang='lat' dir='ltr'>quantum</span> <span class='ocrx_word' id='word_1_335' title='bbox 949 2483 1005 2526; x_wconf 92' lang='lat' dir='ltr'>ad</span> <span class='ocrx_word' id='word_1_336' title='bbox 1050 2481 1237 2529; x_wconf 86' lang='lat' dir='ltr'>effectus</span> <span class='ocrx_word' id='word_1_337' title='bbox 1272 2483 1524 2527; x_wconf 89' lang='lat' dir='ltr'>remotivos</span> <span class='ocrx_word' id='word_1_338' title='bbox 1559 2482 1734 2542; x_wconf 80' lang='lat' dir='ltr'>culpae,</span> <span class='ocrx_word' id='word_1_339' title='bbox 1767 2483 1847 2532; x_wconf 76' lang='lat' dir='ltr'>sed</span> <span class='ocrx_word' id='word_1_340' title='bbox 1872 2497 1967 2532; x_wconf 82' lang='lat' dir='ltr'>non</span> <span class='ocrx_word' id='word_1_341' title='bbox 2001 2493 2223 2543; x_wconf 62' lang='lat' dir='ltr'>quantum</span> 
     </span>
     <span class='ocr_line' id='line_1_35' title="bbox 261 2549 2225 2610; baseline 0 -16"><span class='ocrx_word' id='word_1_342' title='bbox 261 2550 317 2594; x_wconf 89' lang='lat' dir='ltr'>ad</span> <span class='ocrx_word' id='word_1_343' title='bbox 344 2549 530 2594; x_wconf 85' lang='lat' dir='ltr'>effectus</span> <span class='ocrx_word' id='word_1_344' title='bbox 562 2549 781 2608; x_wconf 86' lang='lat' dir='ltr'>positivos</span> <span class='ocrx_word' id='word_1_345' title='bbox 819 2549 1011 2607; x_wconf 83' lang='lat' dir='ltr'>gratiae:</span> <span class='ocrx_word' id='word_1_346' title='bbox 1050 2549 1128 2593; x_wconf 91' lang='lat' dir='ltr'>sed</span> <span class='ocrx_word' id='word_1_347' title='bbox 1165 2550 1257 2593; x_wconf 93' lang='lat' dir='ltr'>hoc</span> <span class='ocrx_word' id='word_1_348' title='bbox 1285 2549 1422 2594; x_wconf 88' lang='lat' dir='ltr'>etiam</span> <span class='ocrx_word' id='word_1_349' title='bbox 1449 2549 1626 2594; x_wconf 78' lang='lat' dir='ltr'>videtur</span> <span class='ocrx_word' id='word_1_350' title='bbox 1652 2563 1751 2594; x_wconf 87' lang='lat' dir='ltr'>esse</span> <span class='ocrx_word' id='word_1_351' title='bbox 1782 2549 1974 2599; x_wconf 74' lang='lat' dir='ltr'>falsum:</span> <span class='ocrx_word' id='word_1_352' title='bbox 2002 2551 2114 2610; x_wconf 63' lang='lat' dir='ltr'>quia</span> <span class='ocrx_word' id='word_1_353' title='bbox 2140 2564 2225 2610; x_wconf 76' lang='lat' dir='ltr'>per</span> 
     </span>
     <span class='ocr_line' id='line_1_36' title="bbox 261 2615 2225 2677; baseline 0.001 -16"><span class='ocrx_word' id='word_1_354' title='bbox 261 2617 660 2661; x_wconf 82' lang='lat' dir='ltr'>circumcisionem</span> <span class='ocrx_word' id='word_1_355' title='bbox 705 2615 892 2659; x_wconf 84' lang='lat' dir='ltr'>dabatur</span> <span class='ocrx_word' id='word_1_356' title='bbox 928 2616 1077 2675; x_wconf 90' lang='lat' dir='ltr'>pueris</span> <span class='ocrx_word' id='word_1_357' title='bbox 1109 2616 1301 2661; x_wconf 86' lang='lat' dir='ltr'>facultas</span> <span class='ocrx_word' id='word_1_358' title='bbox 1342 2617 1636 2676; x_wconf 88' lang='lat' dir='ltr'>perveniendi</span> <span class='ocrx_word' id='word_1_359' title='bbox 1669 2617 1724 2661; x_wconf 88' lang='lat' dir='ltr'>ad</span> <span class='ocrx_word' id='word_1_360' title='bbox 1754 2616 1966 2676; x_wconf 66' lang='lat' dir='ltr'>gloriam„</span> <span class='ocrx_word' id='word_1_361' title='bbox 1997 2631 2115 2677; x_wconf 60' lang='lat' dir='ltr'>quae</span> <span class='ocrx_word' id='word_1_362' title='bbox 2155 2626 2225 2662; x_wconf 89' lang='lat' dir='ltr'>est</span> 
     </span>
     <span class='ocr_line' id='line_1_37' title="bbox 260 2682 2223 2742; baseline 0.001 -14"><span class='ocrx_word' id='word_1_363' title='bbox 260 2684 446 2729; x_wconf 83' lang='lat' dir='ltr'>ultimus</span> <span class='ocrx_word' id='word_1_364' title='bbox 484 2682 670 2727; x_wconf 88' lang='lat' dir='ltr'>effectus</span> <span class='ocrx_word' id='word_1_365' title='bbox 710 2683 929 2741; x_wconf 88' lang='lat' dir='ltr'>positivus</span> <span class='ocrx_word' id='word_1_366' title='bbox 964 2684 1157 2741; x_wconf 87' lang='lat' dir='ltr'>gratiae:</span> <span class='ocrx_word' id='word_1_367' title='bbox 1180 2694 1229 2728; x_wconf 80' lang='lat' dir='ltr'>et</span> <span class='ocrx_word' id='word_1_368' title='bbox 1260 2694 1501 2742; x_wconf 86' lang='lat' dir='ltr'>propterea</span> <span class='ocrx_word' id='word_1_369' title='bbox 1532 2684 1784 2728; x_wconf 87' lang='lat' dir='ltr'>secundum</span> <span class='ocrx_word' id='word_1_370' title='bbox 1817 2684 2027 2735; x_wconf 79' lang='lat' dir='ltr'>ordinem</span> <span class='ocrx_word' id='word_1_371' title='bbox 2057 2695 2223 2737; x_wconf 63' lang='lat' dir='ltr'>causae</span> 
     </span>
     <span class='ocr_line' id='line_1_38' title="bbox 259 2750 2227 2810; baseline 0 -13"><span class='ocrx_word' id='word_1_372' title='bbox 259 2751 481 2805; x_wconf 83' lang='lat' dir='ltr'>formalis,</span> <span class='ocrx_word' id='word_1_373' title='bbox 508 2750 681 2809; x_wconf 88' lang='lat' dir='ltr'>priores</span> <span class='ocrx_word' id='word_1_374' title='bbox 713 2760 816 2794; x_wconf 89' lang='lat' dir='ltr'>sunt</span> <span class='ocrx_word' id='word_1_375' title='bbox 847 2750 1109 2794; x_wconf 85' lang='lat' dir='ltr'>naturaliter</span> <span class='ocrx_word' id='word_1_376' title='bbox 1141 2750 1328 2795; x_wconf 85' lang='lat' dir='ltr'>effectus</span> <span class='ocrx_word' id='word_1_377' title='bbox 1360 2752 1557 2810; x_wconf 85' lang='lat' dir='ltr'>positivi,</span> <span class='ocrx_word' id='word_1_378' title='bbox 1584 2766 1723 2810; x_wconf 84' lang='lat' dir='ltr'>quarn</span> <span class='ocrx_word' id='word_1_379' title='bbox 1748 2751 1982 2810; x_wconf 60' lang='lat' dir='ltr'>privativi3</span> <span class='ocrx_word' id='word_1_380' title='bbox 2018 2751 2227 2803; x_wconf 31' lang='lat' dir='ltr'>licet-,ser</span> 
     </span>
     <span class='ocr_line' id='line_1_39' title="bbox 261 2816 2224 2873; baseline 0 -8"><span class='ocrx_word' id='word_1_381' title='bbox 261 2820 460 2865; x_wconf 88' lang='lat' dir='ltr'>cundum</span> <span class='ocrx_word' id='word_1_382' title='bbox 485 2820 693 2863; x_wconf 89' lang='lat' dir='ltr'>ordinem</span> <span class='ocrx_word' id='word_1_383' title='bbox 723 2832 886 2861; x_wconf 87' lang='lat' dir='ltr'>causae</span> <span class='ocrx_word' id='word_1_384' title='bbox 911 2818 1156 2862; x_wconf 82' lang='lat' dir='ltr'>materialis</span> <span class='ocrx_word' id='word_1_385' title='bbox 1183 2819 1240 2863; x_wconf 89' lang='lat' dir='ltr'>sit</span> <span class='ocrx_word' id='word_1_386' title='bbox 1266 2833 1290 2863; x_wconf 91' lang='lat' dir='ltr'>e</span> <span class='ocrx_word' id='word_1_387' title='bbox 1317 2833 1567 2873; x_wconf 90' lang='lat' dir='ltr'>converso;</span> <span class='ocrx_word' id='word_1_388' title='bbox 1589 2818 1738 2863; x_wconf 85' lang='lat' dir='ltr'>forma</span> <span class='ocrx_word' id='word_1_389' title='bbox 1757 2816 1887 2867; x_wconf 73' lang='lat' dir='ltr'>enim</span> <span class='ocrx_word' id='word_1_390' title='bbox 1904 2833 1999 2870; x_wconf 75' lang='lat' dir='ltr'>non</span> <span class='ocrx_word' id='word_1_391' title='bbox 2024 2817 2224 2872; x_wconf 61' lang='lat' dir='ltr'>,excludit</span> 
     </span>
     <span class='ocr_line' id='line_1_40' title="bbox 258 2884 2226 2946; baseline -0.001 -16"><span class='ocrx_word' id='word_1_392' title='bbox 258 2886 576 2946; x_wconf 84' lang='lat' dir='ltr'>privationem,</span> <span class='ocrx_word' id='word_1_393' title='bbox 607 2885 694 2928; x_wconf 87' lang='lat' dir='ltr'>nisi</span> <span class='ocrx_word' id='word_1_394' title='bbox 719 2884 1009 2928; x_wconf 87' lang='lat' dir='ltr'>informando</span> <span class='ocrx_word' id='word_1_395' title='bbox 1038 2886 1308 2943; x_wconf 87' lang='lat' dir='ltr'>subjectum.</span> <span class='ocrx_word' id='word_1_396' title='bbox 1334 2885 1390 2930; x_wconf 91' lang='lat' dir='ltr'>Et</span> <span class='ocrx_word' id='word_1_397' title='bbox 1424 2886 1528 2929; x_wconf 88' lang='lat' dir='ltr'>ideo</span> <span class='ocrx_word' id='word_1_398' title='bbox 1563 2886 1639 2929; x_wconf 89' lang='lat' dir='ltr'>alii</span> <span class='ocrx_word' id='word_1_399' title='bbox 1675 2886 1845 2940; x_wconf 79' lang='lat' dir='ltr'>dicunt,</span> <span class='ocrx_word' id='word_1_400' title='bbox 1875 2885 2001 2946; x_wconf 83' lang='lat' dir='ltr'>quod</span> <span class='ocrx_word' id='word_1_401' title='bbox 2032 2886 2226 2934; x_wconf 60' lang='lat' dir='ltr'>eircum-</span> 
     </span>
     <span class='ocr_line' id='line_1_41' title="bbox 261 2950 2223 3013; baseline -0.001 -16"><span class='ocrx_word' id='word_1_402' title='bbox 261 2953 372 2998; x_wconf 90' lang='lat' dir='ltr'>cisio</span> <span class='ocrx_word' id='word_1_403' title='bbox 406 2951 665 2997; x_wconf 87' lang='lat' dir='ltr'>conferebat</span> <span class='ocrx_word' id='word_1_404' title='bbox 701 2951 910 3010; x_wconf 84' lang='lat' dir='ltr'>gratiam,</span> <span class='ocrx_word' id='word_1_405' title='bbox 953 2951 1090 2995; x_wconf 87' lang='lat' dir='ltr'>etiam</span> <span class='ocrx_word' id='word_1_406' title='bbox 1129 2963 1349 3010; x_wconf 90' lang='lat' dir='ltr'>quantum</span> <span class='ocrx_word' id='word_1_407' title='bbox 1384 2953 1437 2997; x_wconf 89' lang='lat' dir='ltr'>ad</span> <span class='ocrx_word' id='word_1_408' title='bbox 1472 2952 1671 3012; x_wconf 88' lang='lat' dir='ltr'>aliquem</span> <span class='ocrx_word' id='word_1_409' title='bbox 1713 2951 1928 3002; x_wconf 69' lang='lat' dir='ltr'>effectum</span> <span class='ocrx_word' id='word_1_410' title='bbox 1954 2950 2223 3013; x_wconf 62' lang='lat' dir='ltr'>positivum,</span> 
     </span>
     <span class='ocr_line' id='line_1_42' title="bbox 259 3018 2224 3080; baseline -0.001 -16"><span class='ocrx_word' id='word_1_411' title='bbox 259 3023 334 3080; x_wconf 90' lang='lat' dir='ltr'>qui</span> <span class='ocrx_word' id='word_1_412' title='bbox 362 3030 431 3065; x_wconf 87' lang='lat' dir='ltr'>est</span> <span class='ocrx_word' id='word_1_413' title='bbox 460 3019 609 3063; x_wconf 88' lang='lat' dir='ltr'>facere</span> <span class='ocrx_word' id='word_1_414' title='bbox 642 3019 831 3076; x_wconf 88' lang='lat' dir='ltr'>dignum</span> <span class='ocrx_word' id='word_1_415' title='bbox 863 3018 955 3062; x_wconf 88' lang='lat' dir='ltr'>vita</span> <span class='ocrx_word' id='word_1_416' title='bbox 988 3029 1195 3072; x_wconf 82' lang='lat' dir='ltr'>aeterna3</span> <span class='ocrx_word' id='word_1_417' title='bbox 1228 3034 1321 3064; x_wconf 88' lang='lat' dir='ltr'>non</span> <span class='ocrx_word' id='word_1_418' title='bbox 1355 3031 1508 3064; x_wconf 86' lang='lat' dir='ltr'>tamen</span> <span class='ocrx_word' id='word_1_419' title='bbox 1542 3030 1763 3079; x_wconf 82' lang='lat' dir='ltr'>quantum</span> <span class='ocrx_word' id='word_1_420' title='bbox 1794 3020 1852 3066; x_wconf 77' lang='lat' dir='ltr'>ad</span> <span class='ocrx_word' id='word_1_421' title='bbox 1872 3020 1974 3070; x_wconf 45' lang='lat' dir='ltr'>*hore</span> <span class='ocrx_word' id='word_1_422' title='bbox 2000 3018 2123 3079; x_wconf 74' lang='lat' dir='ltr'>quod</span> <span class='ocrx_word' id='word_1_423' title='bbox 2150 3027 2224 3070; x_wconf 67' lang='lat' dir='ltr'>est</span> 
     </span>
     <span class='ocr_line' id='line_1_43' title="bbox 258 3086 2221 3147; baseline 0.002 -16"><span class='ocrx_word' id='word_1_424' title='bbox 258 3089 503 3147; x_wconf 88' lang='lat' dir='ltr'>reprimere</span> <span class='ocrx_word' id='word_1_425' title='bbox 541 3086 960 3144; x_wconf 88' lang='lat' dir='ltr'>concupiscentiam</span> <span class='ocrx_word' id='word_1_426' title='bbox 993 3086 1306 3144; x_wconf 86' lang='lat' dir='ltr'>impellentem</span> <span class='ocrx_word' id='word_1_427' title='bbox 1339 3088 1394 3131; x_wconf 91' lang='lat' dir='ltr'>ad</span> <span class='ocrx_word' id='word_1_428' title='bbox 1423 3087 1728 3146; x_wconf 81' lang='lat' dir='ltr'>peccandum:</span> <span class='ocrx_word' id='word_1_429' title='bbox 1756 3087 1879 3147; x_wconf 71' lang='lat' dir='ltr'>quod</span> <span class='ocrx_word' id='word_1_430' title='bbox 1905 3086 2221 3146; x_wconf 14' lang='lat' dir='ltr'>etrahqtuando</span> 
     </span>
     <span class='ocr_line' id='line_1_44' title="bbox 258 3153 2225 3214; baseline 0.001 -17"><span class='ocrx_word' id='word_1_431' title='bbox 258 3156 373 3198; x_wconf 89' lang='lat' dir='ltr'>mihi</span> <span class='ocrx_word' id='word_1_432' title='bbox 404 3155 552 3198; x_wconf 90' lang='lat' dir='ltr'>visum</span> <span class='ocrx_word' id='word_1_433' title='bbox 580 3164 647 3198; x_wconf 91' lang='lat' dir='ltr'>est</span> <span class='ocrx_word' id='word_1_434' title='bbox 674 3153 732 3210; x_wconf 88' lang='lat'>(4.</span> <span class='ocrx_word' id='word_1_435' title='bbox 766 3154 876 3197; x_wconf 81' lang='lat' dir='ltr'>Dist.</span> <span class='ocrx_word' id='word_1_436' title='bbox 918 3169 951 3197; x_wconf 85' lang='lat'>1.</span> <span class='ocrx_word' id='word_1_437' title='bbox 972 3168 1009 3211; x_wconf 84' lang='lat' dir='ltr'>q.</span> <span class='ocrx_word' id='word_1_438' title='bbox 1038 3168 1076 3197; x_wconf 91' lang='lat'>2.</span> <span class='ocrx_word' id='word_1_439' title='bbox 1119 3160 1198 3198; x_wconf 83' lang='lat' dir='ltr'>art.</span> <span class='ocrx_word' id='word_1_440' title='bbox 1234 3168 1275 3210; x_wconf 78' lang='lat'>4.</span> <span class='ocrx_word' id='word_1_441' title='bbox 1303 3169 1340 3212; x_wconf 84' lang='lat' dir='ltr'>q.</span> <span class='ocrx_word' id='word_1_442' title='bbox 1375 3156 1462 3214; x_wconf 83' lang='lat'><em>3.):</em></span> <span class='ocrx_word' id='word_1_443' title='bbox 1497 3155 1575 3198; x_wconf 89' lang='lat' dir='ltr'>sed</span> <span class='ocrx_word' id='word_1_444' title='bbox 1620 3154 1889 3213; x_wconf 77' lang='lat' dir='ltr'>diligentius,</span> <span class='ocrx_word' id='word_1_445' title='bbox 1913 3153 2225 3206; x_wconf 68' lang='lat' dir='ltr'>consideranti.</span> 
     </span>
     <span class='ocr_line' id='line_1_45' title="bbox 259 3221 2223 3282; baseline -0.001 -15"><span class='ocrx_word' id='word_1_446' title='bbox 259 3233 459 3282; x_wconf 89' lang='lat' dir='ltr'>apparet,</span> <span class='ocrx_word' id='word_1_447' title='bbox 501 3223 591 3266; x_wconf 91' lang='lat' dir='ltr'>hoc</span> <span class='ocrx_word' id='word_1_448' title='bbox 626 3221 763 3265; x_wconf 85' lang='lat' dir='ltr'>etiam</span> <span class='ocrx_word' id='word_1_449' title='bbox 799 3234 892 3264; x_wconf 90' lang='lat' dir='ltr'>non</span> <span class='ocrx_word' id='word_1_450' title='bbox 936 3234 1034 3264; x_wconf 90' lang='lat' dir='ltr'>esse</span> <span class='ocrx_word' id='word_1_451' title='bbox 1061 3235 1244 3265; x_wconf 88' lang='lat' dir='ltr'>verum:</span> <span class='ocrx_word' id='word_1_452' title='bbox 1272 3222 1377 3279; x_wconf 88' lang='lat' dir='ltr'>quia</span> <span class='ocrx_word' id='word_1_453' title='bbox 1415 3222 1607 3268; x_wconf 80' lang='lat' dir='ltr'>minima</span> <span class='ocrx_word' id='word_1_454' title='bbox 1649 3222 1792 3280; x_wconf 81' lang='lat' dir='ltr'>gratia</span> <span class='ocrx_word' id='word_1_455' title='bbox 1832 3230 1982 3281; x_wconf 75' lang='lat' dir='ltr'>potest</span> <span class='ocrx_word' id='word_1_456' title='bbox 2008 3221 2223 3269; x_wconf 64' lang='lat' dir='ltr'>‘resistere</span> 
     </span>
     <span class='ocr_line' id='line_1_46' title="bbox 259 3287 2225 3347; baseline -0.001 -14"><span class='ocrx_word' id='word_1_457' title='bbox 259 3291 443 3334; x_wconf 90' lang='lat' dir='ltr'>cuilibet</span> <span class='ocrx_word' id='word_1_458' title='bbox 466 3287 878 3347; x_wconf 87' lang='lat' dir='ltr'>concupiscentiae,</span> <span class='ocrx_word' id='word_1_459' title='bbox 901 3297 946 3331; x_wconf 89' lang='lat' dir='ltr'>et</span> <span class='ocrx_word' id='word_1_460' title='bbox 971 3287 1134 3331; x_wconf 88' lang='lat' dir='ltr'>mereri</span> <span class='ocrx_word' id='word_1_461' title='bbox 1157 3288 1296 3331; x_wconf 81' lang='lat' dir='ltr'>vitam</span> <span class='ocrx_word' id='word_1_462' title='bbox 1317 3299 1563 3333; x_wconf 84' lang='lat' dir='ltr'>aeternam.</span> <span class='ocrx_word' id='word_1_463' title='bbox 1587 3288 1643 3332; x_wconf 90' lang='lat' dir='ltr'>Et</span> <span class='ocrx_word' id='word_1_464' title='bbox 1668 3289 1772 3332; x_wconf 91' lang='lat' dir='ltr'>ideo</span> <span class='ocrx_word' id='word_1_465' title='bbox 1798 3287 1961 3339; x_wconf 83' lang='lat' dir='ltr'>melius</span> <span class='ocrx_word' id='word_1_466' title='bbox 1977 3287 2225 3341; x_wconf 67' lang='lat' dir='ltr'>dicendum</span> 
     </span>
     <span class='ocr_line' id='line_1_47' title="bbox 257 3354 2220 3417; baseline -0.001 -16"><span class='ocrx_word' id='word_1_467' title='bbox 257 3358 448 3412; x_wconf 85' lang='lat' dir='ltr'>videtur,</span> <span class='ocrx_word' id='word_1_468' title='bbox 476 3358 598 3417; x_wconf 91' lang='lat' dir='ltr'>quod</span> <span class='ocrx_word' id='word_1_469' title='bbox 622 3356 926 3410; x_wconf 82' lang='lat' dir='ltr'>circumcisio,</span> <span class='ocrx_word' id='word_1_470' title='bbox 951 3356 1067 3399; x_wconf 87' lang='lat' dir='ltr'>sicut</span> <span class='ocrx_word' id='word_1_471' title='bbox 1099 3365 1141 3399; x_wconf 92' lang='lat' dir='ltr'>et</span> <span class='ocrx_word' id='word_1_472' title='bbox 1177 3355 1263 3399; x_wconf 84' lang='lat' dir='ltr'>alia</span> <span class='ocrx_word' id='word_1_473' title='bbox 1297 3367 1582 3401; x_wconf 87' lang='lat' dir='ltr'>sacramenta</span> <span class='ocrx_word' id='word_1_474' title='bbox 1599 3356 1762 3402; x_wconf 83' lang='lat' dir='ltr'>veteris</span> <span class='ocrx_word' id='word_1_475' title='bbox 1787 3355 1916 3415; x_wconf 85' lang='lat' dir='ltr'>legis,</span> <span class='ocrx_word' id='word_1_476' title='bbox 1949 3367 2046 3402; x_wconf 75' lang='lat' dir='ltr'>erat</span> <span class='ocrx_word' id='word_1_477' title='bbox 2069 3354 2220 3407; x_wconf 77' lang='lat' dir='ltr'>solum</span> 
     </span>
     <span class='ocr_line' id='line_1_48' title="bbox 258 3422 2223 3484; baseline 0.001 -16"><span class='ocrx_word' id='word_1_478' title='bbox 258 3426 441 3484; x_wconf 86' lang='lat' dir='ltr'>signum</span> <span class='ocrx_word' id='word_1_479' title='bbox 468 3425 573 3469; x_wconf 85' lang='lat' dir='ltr'>fidei</span> <span class='ocrx_word' id='word_1_480' title='bbox 603 3423 907 3482; x_wconf 84' lang='lat' dir='ltr'>justificantis:</span> <span class='ocrx_word' id='word_1_481' title='bbox 936 3422 1054 3466; x_wconf 90' lang='lat' dir='ltr'>unde</span> <span class='ocrx_word' id='word_1_482' title='bbox 1092 3422 1342 3480; x_wconf 79' lang='lat' dir='ltr'>Apostolus</span> <span class='ocrx_word' id='word_1_483' title='bbox 1370 3424 1477 3468; x_wconf 91' lang='lat' dir='ltr'>dicit</span> <span class='ocrx_word' id='word_1_484' title='bbox 1498 3425 1634 3469; x_wconf 86' lang='lat' dir='ltr'>Rom.</span> <span class='ocrx_word' id='word_1_485' title='bbox 1676 3436 1718 3479; x_wconf 90' lang='lat'>4.</span> <span class='ocrx_word' id='word_1_486' title='bbox 1752 3424 1874 3482; x_wconf 85' lang='lat' dir='ltr'>quod</span> <span class='ocrx_word' id='word_1_487' title='bbox 1901 3422 2123 3471; x_wconf 73' lang='lat' dir='ltr'>Abraham</span> <span class='ocrx_word' id='word_1_488' title='bbox 2156 3437 2223 3470; x_wconf 62' lang='lat' dir='ltr'>ac«r</span> 
     </span>
     <span class='ocr_line' id='line_1_49' title="bbox 259 3490 2220 3552; baseline -0.001 -16"><span class='ocrx_word' id='word_1_489' title='bbox 259 3495 364 3552; x_wconf 75' lang='lat' dir='ltr'>cepit</span> <span class='ocrx_word' id='word_1_490' title='bbox 388 3494 550 3550; x_wconf 83' lang='lat' dir='ltr'>signum</span> <span class='ocrx_word' id='word_1_491' title='bbox 577 3492 917 3543; x_wconf 83' lang='lat' dir='ltr'>circumcisionis,</span> <span class='ocrx_word' id='word_1_492' title='bbox 953 3490 1212 3549; x_wconf 77' lang='lat' dir='ltr'>signaculum</span> <span class='ocrx_word' id='word_1_493' title='bbox 1234 3492 1419 3548; x_wconf 78' lang='lat' dir='ltr'>justitiae</span> <span class='ocrx_word' id='word_1_494' title='bbox 1431 3492 1528 3548; x_wconf 70' lang='lat' dir='ltr'>fidei</span> <span class='ocrx_word' id='word_1_495' title='bbox 1540 3507 1556 3544; x_wconf 87' lang='lat'>,·</span> <span class='ocrx_word' id='word_1_496' title='bbox 1592 3502 1636 3535; x_wconf 88' lang='lat' dir='ltr'>et</span> <span class='ocrx_word' id='word_1_497' title='bbox 1661 3492 1765 3536; x_wconf 88' lang='lat' dir='ltr'>ideo</span> <span class='ocrx_word' id='word_1_498' title='bbox 1793 3491 1844 3538; x_wconf 62' lang='lat' dir='ltr'>Jin</span> <span class='ocrx_word' id='word_1_499' title='bbox 1871 3490 2220 3541; x_wconf 69' lang='lat' dir='ltr'>circumcisione</span> 
     </span>
     <span class='ocr_line' id='line_1_50' title="bbox 260 3555 2221 3618; baseline 0.002 -15"><span class='ocrx_word' id='word_1_500' title='bbox 260 3558 576 3603; x_wconf 86' lang='lat' dir='ltr'>conferebatur</span> <span class='ocrx_word' id='word_1_501' title='bbox 594 3558 752 3618; x_wconf 86' lang='lat' dir='ltr'>gratia,</span> <span class='ocrx_word' id='word_1_502' title='bbox 772 3558 1040 3618; x_wconf 90' lang='lat' dir='ltr'>inquantum</span> <span class='ocrx_word' id='word_1_503' title='bbox 1063 3567 1159 3602; x_wconf 89' lang='lat' dir='ltr'>erat</span> <span class='ocrx_word' id='word_1_504' title='bbox 1182 3557 1364 3615; x_wconf 88' lang='lat' dir='ltr'>signum</span> <span class='ocrx_word' id='word_1_505' title='bbox 1389 3558 1612 3617; x_wconf 90' lang='lat' dir='ltr'>passionis</span> <span class='ocrx_word' id='word_1_506' title='bbox 1635 3558 1808 3603; x_wconf 87' lang='lat' dir='ltr'>Christi</span> <span class='ocrx_word' id='word_1_507' title='bbox 1821 3556 2014 3613; x_wconf 80' lang='lat' dir='ltr'>futurae,</span> <span class='ocrx_word' id='word_1_508' title='bbox 2035 3567 2086 3603; x_wconf 81' lang='lat' dir='ltr'>ut</span> <span class='ocrx_word' id='word_1_509' title='bbox 2102 3555 2221 3606; x_wconf 68' lang='lat' dir='ltr'>infra</span> 
     </span>
    </p>
   </div>
   <div class='ocr_carea' id='block_1_11' title="bbox 261 3626 818 3685">
    <p class='ocr_par' dir='ltr' id='par_1_14' title="bbox 261 3626 818 3685">
     <span class='ocr_line' id='line_1_51' title="bbox 261 3626 818 3685; baseline 0 -16"><span class='ocrx_word' id='word_1_510' title='bbox 261 3626 431 3685; x_wconf 86' lang='lat' dir='ltr'>patebit</span> <span class='ocrx_word' id='word_1_511' title='bbox 462 3626 522 3685; x_wconf 86' lang='lat' dir='ltr'>(q.</span> <span class='ocrx_word' id='word_1_512' title='bbox 555 3639 625 3685; x_wconf 90' lang='lat'>70.</span> <span class='ocrx_word' id='word_1_513' title='bbox 652 3631 720 3671; x_wconf 78' lang='lat' dir='ltr'>art</span> <span class='ocrx_word' id='word_1_514' title='bbox 739 3626 818 3683; x_wconf 88' lang='lat'><em>4.).</em></span> 
     </span>
    </p>
   </div>
   <div class='ocr_carea' id='block_1_12' title="bbox 2334 2730 2352 2946">
    <p class='ocr_par' dir='ltr' id='par_1_15' title="bbox 2334 2730 2352 2946">
     <span class='ocr_line' id='line_1_52' title="bbox 2340 2730 2352 2855; baseline 0 0"><span class='ocrx_word' id='word_1_515' title='bbox 2340 2730 2352 2855; x_wconf 63' lang='lat' dir='ltr'>i</span> 
     </span>
     <span class='ocr_line' id='line_1_53' title="bbox 2334 2869 2352 2946; baseline 0 -37"><span class='ocrx_word' id='word_1_516' title='bbox 2334 2869 2352 2946; x_wconf 49' lang='grc' dir='ltr'>ἐ,</span> 
     </span>
    </p>
   </div>
   <div class='ocr_carea' id='block_1_13' title="bbox 2311 3328 2352 3926">
    <p class='ocr_par' dir='ltr' id='par_1_16' title="bbox 2311 3328 2352 3926">
     <span class='ocr_line' id='line_1_54' title="bbox 2311 3328 2352 3926; baseline 0 0"><span class='ocrx_word' id='word_1_517' title='bbox 2311 3328 2352 3926; x_wconf 95' lang='lat' dir='ltr'> </span> 
     </span>
    </p>
   </div>
  </div>
 </body>
</html>
