2352 3926
244 208 353 260 666
723 219 1002 266 Quasi-10
1042 219 1205 257 Lxxv.
1246 218 1553 258 ARTICULUS
1589 219 1704 260 vm.

898 431 1333 489 ARTICULUS
1366 432 1522 489 VIII.
1924 412 1927 415 ’
1955 415 1957 418 ⁴
2110 411 2203 506 *ᾗ

375 568 568 606 UTRUM
607 567 753 606 HAEC
795 568 878 606 s1T
919 568 1117 606 FALSA:
1158 569 1230 605 Ex
1267 568 1409 607 PANE
1448 568 1537 606 FIT
1579 567 1790 615 CORPUS
1833 531 2087 613 CHRI⁷ST1g

896 677 957 737 (4.
989 679 1102 723 Dist.
1136 694 1193 724 H.
1221 693 1260 738 q.
1291 691 1328 723 1.
1357 684 1439 723 art.
1466 678 1544 736 4.).

326 790 402 834 AD
430 802 668 835 OCTAVUM
693 790 758 835 sic
785 790 1056 850 proceditur.
1084 789 1288 847 Videtur,
1316 790 1438 850 quod
1464 790 1579 833 haec
1606 789 1663 833 sit
1686 788 1825 833 falsa:
1854 806 1879 831 ‹<
1896 787 1964 833 Ex
1987 801 2105 848 pane
2148 788 2202 834 fit

241 871 405 916 corpus
433 857 607 901 Christi
627 873 676 902 »z
706 871 844 902 omne
871 858 995 902 enim
1030 857 1089 912 id,
1125 872 1179 902 ex
1214 872 1305 917 quo
1337 857 1387 901 fit
1419 856 1602 916 aliquid,
1635 858 1773 901 etiam
1800 856 1963 900 dicitur
1987 856 2110 916 quod
2148 855 2202 900 fit

245 924 371 979 illud,
398 925 475 969 sed
501 939 595 970 non
622 925 920 984 convertitur:
949 925 1143 969 dicimus
1170 925 1308 979 enim,
1335 925 1456 983 quod
1484 938 1537 968 ex
1564 923 1668 967 albo
1700 923 1751 968 fit
1780 923 2047 983 nigrum,-=et
2078 923 2201 983 quod

249 992 402 1043 album
434 992 484 1036 fit
514 993 720 1052 nigrum3
753 1003 798 1037 et
827 992 935 1038 licet
967 993 1186 1047 dicamus,
1223 994 1345 1052 quod
1377 992 1522 1036 homo
1549 991 1627 1035 fiat
1651 992 1796 1049 niger,
1831 1005 1928 1036 non
1955 1000 2115 1035 tamen
2141 990 2201 1035 di-

240 1060 399 1114 cimus,
427 1060 551 1119 quod
578 1075 633 1104 ex
656 1061 848 1106 homine
874 1060 954 1104 fiat
977 1060 1175 1119 nigrum,
1203 1070 1251 1104 ut
1272 1068 1396 1118 patet
1420 1060 1466 1103 in
1494 1073 1530 1103 1.
1554 1059 1736 1118 Physic.
1758 1060 1859 1116 (tex.
1881 1058 2005 1116 44.),·
2027 1057 2066 1102 si
2090 1071 2201 1117 ergo

236 1141 396 1170 verum
423 1128 503 1182 esf,
530 1128 652 1186 quod
680 1142 735 1172 ex
765 1142 883 1187 pane
907 1127 987 1172 fiat
1013 1141 1178 1187 corpus
1206 1126 1394 1180 Christi,
1432 1140 1592 1170 verum
1620 1126 1704 1170 erit
1728 1126 1893 1179 dicere,
1920 1125 2044 1184 quod
2070 1125 2202 1185 panis

238 1194 316 1238 fiat
343 1209 506 1254 corpus
534 1195 730 1250 Christi3
758 1195 881 1254 quod
906 1195 1085 1239 videtur
1112 1208 1210 1238 esse
1236 1193 1417 1248 falsum,
1455 1194 1560 1252 quia
1585 1193 1715 1251 panis
1738 1206 1834 1236 non
1861 1201 1929 1236 est
1945 1191 2202 1251 subjectum

235 1261 461 1316 factionis,
488 1261 566 1306 sed
593 1264 741 1322 magis
768 1274 836 1307 est
855 1262 1101 1316 terminus,
1128 1275 1238 1320 ergo
1265 1274 1359 1305 non
1384 1274 1491 1306 vere
1524 1260 1700 1314 dicitur,
1733 1259 1856 1343 quod
1888 1272 1944 1303 ex
1974 1271 2093 1318 pane
2123 1258 2204 1304 fiat

238 1343 402 1389 corpus
435 1329 621 1374 Christi.
1825 1351 1828 1355 ¹

327 1410 367 1441 2.
395 1397 693 1442 PRAETEREA.
725 1396 844 1440 Fieri
874 1397 1146 1441 terminatur
1181 1395 1236 1439 ad
1278 1409 1391 1448 esse,
1418 1393 1493 1438 vel
1531 1393 1586 1437 ad
1621 1381 1794 1437 factum
1827 1406 1952 1438 esse.
1980 1392 2063 1437 sed
2084 1392 2216 1442 haee*

236 1477 473 1523 nunquam
496 1474 564 1508 est
579 1478 708 1510 vera:
736 1482 759 1506 «
777 1465 914 1508 Panis
937 1475 1005 1509 est
1020 1477 1185 1540 corpus
1205 1462 1434 1516 Christi»,
1452 1460 1550 1505 vel:
1573 1476 1596 1502 <t
1614 1461 1751 1504 Panis
1775 1470 1844 1505 est
1868 1459 2015 1505 factus
2036 1472 2205 1520 corpus

239 1530 472 1586 Christi»,
501 1530 575 1575 vel
602 1533 763 1575 etiam:
795 1532 974 1576 «Panis
1010 1531 1093 1575 erit
1125 1544 1290 1589 corpus
1325 1529 1498 1573 Christi
1517 1543 1566 1583 »3
1604 1541 1715 1587 ergo
1740 1527 1942 1582 videtur,
1958 1527 2083 1588 quod
2116 1541 2203 1572 nec

241 1598 379 1641 etiam
405 1597 520 1642 haec
547 1598 604 1642 sit
628 1612 758 1643 vera:
790 1615 814 1640 «
833 1599 897 1642 Ex
924 1612 1040 1657 pane
1067 1597 1117 1641 fit
1150 1611 1314 1655 corpus
1342 1597 1572 1640 Christi».

330 1679 368 1722 3.
396 1665 695 1711 PRAETEREA.
726 1665 882 1710 Omne
908 1665 968 1718 id,
996 1679 1046 1708 ex
1077 1679 1167 1724 quo
1194 1664 1244 1708 fit
1271 1663 1454 1722 aliquid,
1483 1662 1761 1707 convertitur
1775 1676 1823 1706 m
1849 1662 1910 1717 id,
1931 1662 2056 1722 quod
2076 1661 2218 1707 fiatur

239 1745 319 1776 eo:
347 1733 426 1776 sed
452 1732 567 1776 haec
594 1732 772 1776 videtur
798 1744 896 1777 esse
916 1731 1054 1777 falsa:
1087 1748 1110 1773 <t
1128 1732 1264 1775 Panis
1293 1730 1571 1775 convertitur
1588 1731 1636 1773 in
1659 1742 1824 1788 corpus
1846 1729 2029 1774 Chmsti
2036 1745 2079 1784 »,
2097 1729 2204 1789 quia

237 1799 353 1844 haec
373 1799 615 1844 conversio
631 1800 809 1843 videtur
835 1813 932 1844 esse
952 1799 1284 1853 miraculosior‚
1303 1812 1441 1857 quam
1465 1798 1635 1842 creatio
1663 1797 1882 1851 mundi3'
1870 1810 1920 1841 m
1944 1810 2031 1856 qua
2044 1807 2200 1843 tamen

240 1881 334 1910 non
361 1867 536 1922 dicitur,
559 1867 682 1926 quod
708 1881 803 1911 non
830 1881 909 1911 ens
937 1867 1215 1912 convertitur
1240 1866 1288 1909 in
1307 1879 1410 1920 ens;
1438 1879 1548 1924 ergo
1565 1864 1757 1919 videtur,
1779 1864 1902 1923 quod
1928 1866 2068 1908 etiam
2084 1863 2203 1909 haec

237 1934 294 1978 sit
318 1933 455 1978 falsa·
482 1951 506 1976 «
523 1934 589 1978 Ex
614 1949 732 1993 pane
753 1934 802 1978 fit
829 1948 992 1994 corpus
1020 1934 1190 1978 Christi
1208 1950 1248 1977 ».

327 2013 369 2056 4.
397 2002 695 2046 PRAETEREA
723 2001 855 2055 Illud,
889 2016 943 2046 ex
975 2014 1067 2061 quo
1099 2001 1149 2045 fit
1181 2000 1365 2060 aliquid,
1397 2009 1547 2059 potest
1578 2012 1676 2044 esse
1707 1998 1842 2044 illud:
1875 1998 1954 2043 sed
1984 1998 2101 2043 haee
2133 2007 2205 2043 est

236 2066 374 2111 falsa
405 2069 583 2112 «Panis
609 2078 759 2128 potest
785 2082 884 2113 esse
912 2083 1076 2128 corpus
1101 2068 1482 2125 Christ1>›,erg0
1506 2076 1551 2111 et
1564 2067 1681 2111 haec
1705 2065 1921 2110 estfalsa:
1952 2080 1976 2107 α
1996 2065 2064 2110 Ex
2083 2079 2201 2126 pane

238 2134 288 2179 fit
315 2149 479 2193 corpus
507 2135 680 2179 Christi
697 2152 737 2179 ».

328 2202 421 2246 SED
450 2215 646 2247 CONTRA
674 2212 754 2257 est,
781 2202 904 2261 quod
931 2202 1146 2247 Ambros.
1179 2201 1289 2246 dicit
1319 2203 1366 2245 in
1396 2200 1473 2245 lib.
1505 2213 1534 2256 4
1569 2200 1626 2244 de
1668 2200 1980 2244 sacramentis
2008 2199 2121 2261 (cap.
2152 2213 2197 2258 4.

236 2271 313 2314 cir
341 2271 472 2327 princ
477 2270 539 2327 .):
575 2285 599 2312 «
617 2269 708 2314 Ubi
734 2270 909 2314 accedit
937 2269 1240 2323 consecratio,
1268 2269 1323 2312 de
1349 2282 1466 2327 pane
1492 2268 1542 2312 fit
1568 2281 1733 2326 corpus
1760 2267 1993 2312 Christi».
2090 2276 2092 2278 ’

328 2336 619 2382 RESPONDEO
647 2337 906 2391 dicendum,
930 2337 1053 2396 quod
1079 2337 1194 2380 haec
1218 2335 1459 2380 conversio
1477 2335 1606 2394 panis
1621 2335 1668 2378 in
1688 2348 1852 2393 corpus
1866 2333 2044 2379 Christi
2062 2348 2203 2394 quan·

235 2414 334 2448 tum
363 2404 418 2447 ad
442 2403 611 2463 aliquid
641 2404 855 2448 convenit
882 2418 988 2448 cum
1016 2405 1263 2458 creatione,
1296 2411 1340 2446 et
1366 2417 1472 2446 cum
1498 2403 1881 2446 transmutatione
1906 2400 2116 2456 naturali,
2156 2411 2203 2447 et

237 2483 458 2532 quantum
486 2472 542 2515 ad
569 2471 739 2531 aliquid
767 2471 914 2516 differt
942 2473 995 2515 ab
1019 2482 1235 2530 utroque:
1270 2480 1337 2515 est
1368 2472 1490 2514 enim
1524 2484 1773 2514 commune
1803 2469 1876 2513 his
1905 2469 2047 2513 tribus
2079 2469 2198 2514 ordo

235 2539 565 2593 terminorum3
590 2539 763 2583 scilicet
780 2548 826 2583 ut
844 2549 946 2598 post
970 2539 1062 2583 hoc
1090 2539 1146 2582 sit
1162 2538 1253 2582 hoc
1282 2539 1349 2595 (in
1367 2537 1597 2582 creatione
1624 2537 1747 2580 enim
1774 2546 1841 2580 est
1862 2550 1961 2581 esse
1985 2538 2090 2596 post
2105 2549 2201 2582 non

237 2621 361 2662 esse3
387 2607 434 2650 in
460 2607 551 2651 hoc
578 2617 867 2651 sacramento
896 2620 1060 2665 corpus
1086 2605 1258 2650 Christi
1280 2615 1383 2664 post
1405 2605 1704 2649 substantiam
1730 2603 1884 2662 panis3
1907 2604 1954 2647 in
1973 2614 2202 2658 'transmu-

236 2675 410 2719 tatione
437 2673 634 2719 naturali
660 2674 815 2719 album
837 2683 941 2732 post
961 2674 1158 2731 nigrum,
1180 2673 1253 2716 vel
1275 2673 1392 2731 ignis
1419 2682 1522 2731 post
1545 2673 1735 2728 aerem),
1773 2681 1817 2716 et
1833 2670 1957 2730 quod
1978 2671 2201 2731 praedicti

235 2742 417 2786 termini
442 2755 537 2785 non
560 2742 648 2785 sint
673 2740 822 2785 simul.
851 2739 1083 2785 Convenit
1110 2750 1262 2784 autem
1296 2740 1549 2793 conversio,
1585 2739 1640 2783 de
1674 2753 1763 2797 qua
1794 2753 1916 2783 nunc
1952 2737 2198 2798 loquimur,

238 2821 344 2854 cum
371 2809 616 2863 creatione,
639 2808 744 2868 quia
762 2809 806 2851 in
823 2817 982 2852 neutra
1001 2822 1159 2851 earum
1182 2817 1249 2851 est
1266 2807 1449 2866 aliquod
1479 2820 1726 2851 commune
1743 2807 1997 2864 subjectum
2020 2806 2199 2866 utrique

237 2887 570 2922 extremorum:
607 2878 734 2935 cujus
774 2876 1054 2920 contrarium
1090 2885 1276 2934 apparet
1315 2876 1361 2918 in
1397 2875 1526 2918 omni
1558 2874 1938 2919 transmutatione
1974 2873 2197 2918 namrali:

237 2945 451 2989 convenit
481 2958 591 2989 vero
622 2944 738 2988 haec
772 2944 1012 2988 conversio
1047 2957 1151 2987 cum
1188 2943 1567 2986 transmutatione
1593 2941 1789 2986 naturali
1812 2941 1860 2986 in
1885 2941 2059 2995 duobus,
2091 2939 2211 2987 licet·

234 3026 329 3056 non
355 3011 580 3056 similiter:
607 3013 749 3071 primo
783 3010 983 3070 quidem,
1016 3011 1120 3068 quia
1152 3010 1197 3053 in
1231 3020 1421 3069 utraque
1451 3024 1592 3053 unum
1619 3020 1929 3053 extremorum
1956 3008 2120 3053 transit
2148 3009 2195 3054 in

235 3079 381 3135 aliud;
408 3080 524 3124 sicut
549 3079 677 3139 panis
713 3079 759 3123 in
793 3092 957 3137 corpus
991 3077 1182 3131 Christi,
1211 3089 1254 3121 et
1282 3082 1356 3121 aer
1382 3077 1428 3121 in
1456 3078 1637 3136 ignem;
1674 3091 1768 3122 non
1807 3086 1965 3130 autem
1987 3090 2083 3120 non
2116 3089 2199 3121 ens

235 3147 513 3192 convertitur
537 3147 583 3191 in
617 3161 721 3201 ens;
755 3146 885 3190 aliter
916 3156 1071 3190 tamen
1109 3145 1200 3189 hoc
1235 3146 1399 3189 accidit
1432 3146 1685 3204 utrobique,
1717 3144 1899 3189 namin
1923 3143 2023 3189 hoc.
2049 3156 2211 3188 sacra--¹

234 3224 390 3259 mento
417 3225 514 3259 tota
540 3214 789 3259 substantia
816 3213 944 3273 panis
971 3212 1129 3258 transit
1156 3213 1200 3255 in
1226 3222 1375 3256 totum
1404 3227 1567 3272 corpus
1587 3211 1782 3256 Christi:
1802 3211 1882 3256 sed
1903 3212 1951 3256 in
1973 3220 2211 3256 transmit-2

233 3283 404 3326 tatione
422 3281 617 3326 naturali
634 3283 826 3326 materia
843 3281 975 3325 unius
993 3279 1178 3338 suscipit
1198 3278 1397 3323 formam
1416 3279 1614 3333 alterius,
1633 3279 1771 3338 priori
1788 3277 2196 3338 forma—deposita:

231 3349 404 3394 secundo
431 3349 710 3393 conveniunt
736 3349 781 3392 in
809 3348 915 3402 hoc,
942 3346 1063 3407 quod
1090 3346 1328 3405 utrobique
1356 3356 1563 3391 remanet
1590 3346 1758 3405 aliquid
1785 3345 1932 3399 idem,
1948 3345 2075 3405 quod
2099 3357 2198 3390 non

237 3417 399 3460 accidit
429 3417 477 3460 in
510 3417 765 3460 creatione:
801 3414 1060 3459 differenter
1090 3423 1259 3466 tamen,
1288 3427 1396 3457 nam
1423 3414 1468 3457 in
1495 3413 1876 3458 transmutatione
1906 3411 2108 3469 namra&
2133 3425 2199 3457 re·

235 3493 391 3528 manet
423 3484 585 3528 eadem
613 3483 819 3538 materia,
845 3483 917 3527 vel
945 3482 1228 3540 subjectum:
1252 3481 1298 3524 in
1325 3481 1416 3525 hoc
1450 3491 1603 3525 autem
1636 3489 1925 3525 sacramento
1956 3486 2197 3529 remanent

236 3551 398 3595 eadem
426 3551 691 3595 accidentia.
715 3551 771 3595 Et
792 3565 846 3595 ex
872 3550 942 3595 his
969 3558 1118 3609 potest
1142 3547 1301 3607 accipi,
1328 3547 1521 3606 qualiter
1543 3546 1802 3592 differenter
1823 3547 1871 3591 in
1886 3545 2051 3592 talibus
2067 3545 2196 3606 loqui

238 3618 497 3673 debeamus,
525 3619 629 3678 quia
658 3619 783 3663 enim
810 3618 856 3662 in
882 3617 1009 3662 nullo
1037 3614 1374 3677 praedictorum
1401 3615 1539 3659 trium
1557 3625 1761 3659 extrema
1787 3623 1892 3659 sunt
1917 3610 2067 3668 simul,
2088 3611 2194 3659 ideo

2340 3648 2352 3738 ,aa-nsum
2342 3577 2352 3643 ,zvar-m
2346 3544 2352 3567 <ae
2349 3476 2352 3496 m„
