2352 3926
296 169 364 239 58
786 226 790 230 ,
832 184 1111 230 QUAESTIO
1152 184 1229 223 111.
1271 184 1579 224 ARTICULUS
1618 183 1734 222 VIII.

945 383 1377 442 ARTICULUS
1410 382 1567 438 VIII.
2193 398 2251 446 26

759 519 952 557 UTRUM
983 520 1182 558 FUERIT
1214 520 1378 557 MAGIS
1415 517 1781 569 CONVENIENS‚
2103 574 2105 577 .
2135 572 2137 574 q

482 592 641 639 QUOD
675 593 921 632 PERSONA
959 595 1087 632 FILII
1126 593 1444 632 ASSUMERET
1480 591 1756 632 HUMANAM
1787 589 2075 647 NATURAM,
2130 581 2150 594 ζ’

851 669 1012 714 QUAM
1042 669 1170 707 ALIA
1202 666 1449 707 PERSONA
1482 667 1691 707 DIVINA.

674 779 802 837 (Infr.
822 795 858 838 q.
882 795 948 839 39.
976 785 1057 824 art.
1085 781 1124 825 8.
1153 778 1206 823 ad
1226 794 1262 838 3.
1281 779 1491 838 et3.D1'st.
1519 791 1558 823 2.
1587 792 1624 836 q.
1652 793 1691 823 2.
1720 783 1800 823 art.
1828 791 1867 823 2.

859 853 896 891 et
920 848 990 891 lib.
1009 860 1051 904 4.
1083 847 1227 891 Contr.
1249 860 1288 904 g.
1316 853 1407 905 cap.
1430 860 1496 905 39.
1525 844 1683 903 et42.).

380 955 457 1000 An
483 968 721 1002 OCTAVUM
739 957 803 1001 sic
835 958 1106 1017 proceditur.
1124 957 1327 1010 Videtur,
1356 956 1477 1016 quod
1509 970 1604 1000 non
1634 955 1771 1001 fuerit
1793 956 1942 1016 magis
1969 957 2247 1003 conveniens

289 1022 455 1068 Filium
480 1024 570 1068 Dei
594 1025 833 1079 incarnari,
861 1041 997 1084 quarn
1023 1026 1221 1079 Patrem,
1246 1024 1320 1069 vel
1358 1025 1577 1082 Spiritum
1605 1023 1847 1068 Sanctum:
1872 1038 1954 1084 per
1976 1025 2248 1084 mysterium

289 1091 412 1134 enim
437 1091 760 1136 incarnationis
786 1093 999 1137 homines
1018 1093 1072 1136 ad
1089 1107 1246 1136 veram
1263 1093 1352 1136 Dei
1375 1092 1691 1150 cognitionem
1713 1101 1819 1136 sunt
1842 1091 2063 1151 perducti,
2088 1106 2249 1137 secun-

290 1157 400 1202 dum
426 1158 536 1202 illud
567 1159 697 1216 Joan.
731 1160 817 1204 18.:
856 1161 908 1204 In
934 1161 1008 1205 hoc
1030 1166 1152 1204 natus
1175 1175 1280 1214 sum,
1308 1166 1346 1204 et
1371 1159 1424 1203 ad
1454 1159 1529 1203 hoc
1561 1160 1658 1203 veni
1689 1160 1734 1202 in
1757 1158 1974 1215 mundum,
1999 1165 2046 1204 ut
2076 1160 2251 1204 testimo-

288 1227 408 1269 nium
426 1227 668 1285 perhibeam
693 1230 897 1272 veritati:
925 1227 1004 1271 sed
1046 1241 1099 1271 ex
1139 1227 1230 1271 hoc
1259 1227 1381 1286 quod
1413 1240 1608 1285 persona
1645 1225 1768 1284 Filii,
1786 1226 1875 1270 Dei
1907 1235 1975 1271 est
1998 1227 2249 1281 incarnata,

288 1292 420 1336 multi
445 1293 651 1352 impediti
675 1294 856 1339 fuerunt
882 1310 906 1339 a
923 1309 1028 1338 vera
1046 1295 1134 1339 Dei
1153 1295 1429 1353 cognitione,
1449 1308 1501 1338 ea
1519 1308 1636 1353 quae
1654 1294 1864 1339 dicuntur
1881 1293 1937 1339 de
1953 1293 2069 1339 Filio
2091 1308 2251 1340 secun—

289 1360 398 1404 dum
423 1360 676 1405 humanam
698 1372 921 1416 naturam,
940 1361 1184 1407 referentes
1201 1362 1257 1406 ad
1279 1362 1426 1421 ipsam
1439 1361 1538 1405 Filii
1564 1375 1831 1421 personam:
1857 1361 1975 1406 sicut
1998 1361 2151 1414 Arius,
2172 1361 2251 1420 qui

287 1427 440 1485 posuit
463 1427 835 1487 inaequalitatem
861 1444 1176 1489 personarum,
1194 1439 1379 1488 propter
1395 1429 1486 1473 hoc
1505 1429 1627 1488 quod
1650 1428 1814 1473 dicitur
1832 1427 1963 1486 Joan.
2000 1440 2068 1484 14.
2087 1443 2103 1474 ι
2124 1428 2252 1475 Pater

287 1498 429 1554 major
452 1506 518 1539 me
542 1503 595 1540 est
614 1513 627 1541 .·
655 1497 732 1555 qui
754 1497 938 1556 quidem
961 1511 1087 1541 error
1111 1512 1206 1541 non
1232 1497 1530 1556 provenisset,
1553 1497 1591 1541 si
1616 1494 1811 1555 persona
1836 1496 1983 1540 Patris
2012 1496 2250 1542 incarnata

288 1562 464 1607 fuisset:
492 1562 642 1608 nullus
669 1565 792 1608 enim
820 1565 1103 1609 aestimasset
1128 1566 1311 1609 Patrem
1338 1565 1454 1609 Filio
1483 1565 1736 1610 minorem:
1765 1565 1915 1624 magis
1938 1564 2251 1614 verevidetur

287 1629 423 1674 fuisse
452 1631 744 1686 conveniens,
770 1632 892 1690 quod
930 1646 1126 1691 persona
1151 1633 1297 1677 Patris
1329 1633 1656 1687 incarnaretur,
1683 1647 1822 1692 quam
1854 1645 2051 1691 persona
2072 1631 2191 1677 Filii.

379 1710 419 1741 2.
442 1698 739 1743 PRAETEREA.
755 1699 1096 1743 incarnationis
1124 1699 1312 1745 effectus
1338 1701 1515 1745 videtur
1541 1714 1640 1744 esse
1671 1700 1895 1744 recreatio
1924 1699 2154 1759 quaedam
2170 1700 2252 1744 hu-

289 1779 452 1809 manae
492 1775 695 1819 naturae,
728 1766 979 1810 secundum
1016 1766 1128 1811 illud
1158 1767 1260 1812 Gal.
1288 1767 1382 1814 ult.:
1419 1769 1471 1812 In
1501 1769 1666 1813 Christo
1696 1769 1791 1824 Jesu
1828 1782 1957 1827 neque
1986 1769 2250 1814 circumcisio

287 1833 446 1891 aliquid
470 1833 595 1887 valet,
623 1849 694 1878 nec
715 1837 1001 1893 praeputium,
1032 1835 1098 1880 sed
1137 1850 1249 1880 nova
1283 1842 1508 1880 creatura:
1537 1836 1615 1880 sed
1641 1835 1844 1894 potentia
1870 1834 2058 1881 creandi
2088 1849 2248 1895 appro-

286 1900 457 1959 priatur
481 1900 625 1955 Patri3
652 1914 762 1960 ergo
789 1902 937 1960 magis
960 1903 1184 1947 decuisset
1208 1903 1393 1947 Patrem
1418 1903 1646 1947 incarnari
1670 1917 1809 1962 quam
1833 1902 2015 1947 Filium.

380 1982 417 2026 3.
450 1967 746 2013 PRAETEREA.
773 1969 1032 2014 Incarnatio
1060 1971 1293 2015 ordinatur
1325 1970 1380 2014 ad
1412 1971 1731 2015 remissionem
1755 1980 2066 2029 peccatorum,
2092 1983 2249 2015 secun-

287 2034 397 2078 dum
422 2034 533 2078 illud
551 2035 710 2080 Matth.
739 2050 791 2082 1.:
819 2037 856 2081 V
854 2039 991 2082 ocabis
1011 2053 1160 2082 nomen
1180 2041 1266 2096 ejus
1277 2039 1417 2095 Iesum
1432 2053 1446 2081 .·
1465 2040 1548 2097 ipse
1574 2040 1684 2083 enim
1710 2038 1874 2082 salvum
1892 2038 2027 2096 faciet
2043 2038 2250 2098 populum

284 2117 404 2147 suum
435 2117 462 2147 a
479 2106 659 2162 peccatis
683 2106 1072 2149 eorum:remissio
1092 2116 1246 2150 autem
1263 2116 1560 2164 peccatorum
1587 2105 1841 2149 attribuitur
1857 2104 2045 2164 Spiritui
2061 2104 2249 2160 Sancto,

285 2170 537 2214 secundum
562 2170 815 2229 illudJoan.
844 2185 937 2217 20.:
966 2173 1155 2232 Accipite
1180 2174 1385 2232 Spiritum
1415 2174 1618 2218 Sanctum
1637 2187 1651 2215 .·
1680 2187 1860 2232 quorum
1890 2173 2134 2218 remiseritis
2156 2181 2251 2233 pec-

285 2244 392 2292 cata,
420 2240 688 2284 remittuntur
720 2242 801 2293 εἴη
823 2255 932 2299 ergo
952 2241 1097 2300 magis
1126 2241 1407 2300 congruebat
1437 2243 1684 2300 person'am
1711 2239 1904 2300 Spiritus
1926 2239 2085 2285 Sancti
2105 2239 2251 2287 incar-

283 2307 396 2359 nari,
424 2320 562 2364 quam
588 2321 833 2365 personam
859 2308 972 2352 Filii.
1713 2305 1716 2308 ’
2028 2329 2031 2331 “

376 2373 470 2418 SED
505 2387 699 2419 CONTRA
731 2385 811 2430 est,
844 2376 966 2434 quod
992 2377 1208 2421 Damasc.
1237 2376 1346 2421 dicit
1371 2378 1417 2421 in
1443 2389 1481 2433 3.
1513 2376 1574 2420 lib
1607 2376 1753 2434 (Orth.
1779 2374 1875 2421 Fid.
1901 2382 1996 2436 cap.
2021 2375 2170 2434 1.).’ῑα
2193 2375 2248 2420 In

284 2441 503 2500 mysterio
549 2441 879 2487 Incarnationis
918 2444 1206 2489 manifestata
1249 2454 1316 2488 est
1347 2445 1582 2504 sapientia,
1616 2453 1659 2488 et
1689 2443 1831 2488 virtus
1872 2443 1986 2488 Dei:
2024 2443 2247 2503 sapientia

285 2508 485 2567 quidem,
507 2509 612 2567 quia
637 2509 810 2555 invenit
835 2510 1091 2556 difficillimi
1122 2512 1403 2556 solutionem
1429 2512 1559 2572 pretii
1593 2525 1732 2571 quam
1758 2510 2132 2556 decentissimam
2162 2510 2247 2571 [al.

283 2575 404 2620 valde
429 2575 797 2636 decentissimamJ:
830 2578 971 2623 virtus
996 2589 1163 2634 autem,
1191 2580 1297 2639 quia
1327 2580 1502 2624 victum
1532 2579 1641 2624 fecit
1665 2593 1819 2623 rursus
1844 2579 2135 2625 victorem‘m
2166 2578 2246 2623 sed

282 2644 439 2698 virtus,
473 2654 518 2688 et
541 2645 761 2703 sapientia
789 2648 1133 2706 appropriantur
1158 2647 1289 2702 Filio,
1315 2649 1568 2692 secundum
1592 2646 1704 2691 illud
1736 2660 1772 2692 1.
1799 2646 1910 2691 Cor.
1943 2660 2004 2692 1.:
2034 2646 2247 2692 Christum

284 2711 371 2756 Dei
403 2713 618 2766 virtutem,
644 2718 681 2756 et
712 2714 796 2757 Dei
819 2716 1099 2773 sapientiam;
1129 2730 1238 2774 ergo
1258 2716 1535 2760 conveniens
1560 2714 1643 2759 fuit
1668 2728 1864 2774 persona
1888 2713 1990 2771 Filii
2002 2713 2243 2761 incarnari.

372 2778 662 2824 RESPONDEO
695 2779 953 2835 dicendum,
972 2782 1094 2840 quod
1118 2783 1602 2827 convenientissimum
1627 2781 1710 2826 fuit
1730 2795 1975 2841 personam
1986 2780 2089 2826 Filii
2103 2782 2247 2826 incar-

282 2845 405 2891 nari:
426 2847 570 2905 primo
594 2846 778 2905 quidem
806 2861 859 2891 ex
885 2859 1009 2906 parte
1037 2850 1245 2895 unionis:
1275 2850 1600 2894 convenienter
1627 2849 1750 2894 enim
1777 2862 1832 2894 ea
1855 2862 1973 2908 quae
1997 2858 2104 2893 sunt
2125 2848 2247 2893 simi-

282 2912 345 2958 lia
375 2915 613 2959 uniuntur:
646 2914 786 2973 ipsius
821 2925 972 2959 autem
1005 2931 1225 2975 personae
1257 2918 1373 2972 Filii,
1416 2918 1492 2977 qui
1529 2927 1597 2962 est
1628 2916 1833 2961 Verbum
1864 2915 1968 2971 Dei,
2000 2915 2246 2960 attenditur

282 2996 366 3026 uno
393 2981 578 3040 quidem
595 2981 714 3025 modo
734 2984 992 3026 communis
1022 2985 1339 3029 convenientia
1358 2986 1413 3029 ad
1440 2994 1587 3029 totam
1614 2994 1894 3028 creaturam:
1921 2982 2028 3042 quia
2053 2982 2244 3027 verbum

283 3047 480 3102 artificis,
506 3048 622 3093 idest
645 3059 893 3108 conceptus
921 3051 1030 3107 ejuS‚
1059 3062 1123 3095 est
1151 3052 1400 3096 similitudo
1424 3051 1695 3111 exemplaris
1722 3064 1897 3104 eorum,
1924 3062 2040 3109 quae
2057 3049 2112 3094 ab
2145 3049 2246 3095 arti·

282 3115 367 3160 fice
393 3115 529 3170 fiunt;
552 3115 670 3160 unde
698 3115 900 3160 Verbum
918 3117 1022 3171 Dei,
1041 3119 1161 3176 quod
1186 3129 1253 3163 est
1281 3130 1489 3164 aeternus
1507 3128 1757 3178 conceptus
1774 3119 1886 3177 ejus,
1903 3127 1973 3162 est
1991 3116 2244 3163 similitudo

282 3183 553 3242 exemplaris
594 3183 732 3227 totius
767 3194 1021 3238 creaturae3
1061 3195 1104 3229 et
1135 3186 1238 3230 ideo
1273 3187 1388 3231 sicut
1420 3201 1499 3245 per
1530 3186 1925 3247 participationem
1955 3185 2091 3243 hujus
2122 3185 2244 3231 simi-

280 3249 481 3295 litudinis
515 3260 747 3295 creaturae
780 3262 883 3295 sunt
925 3252 971 3294 in
1005 3252 1195 3311 propriis
1231 3254 1466 3312 speciebus
1498 3254 1743 3308 institutae,
1784 3253 1864 3298 sed
1895 3252 2149 3308 mobiliter3
2179 3252 2244 3299 ita

282 3333 363 3378 per
390 3319 609 3363 unionem
635 3318 775 3362 Verbi
802 3318 855 3362 ad
881 3329 1134 3363 creaturam
1161 3334 1254 3363 non
1282 3322 1612 3380 participatam,
1646 3321 1723 3365 sed
1750 3319 2057 3380 personalem,
2083 3333 2246 3366 conve-

280 3386 409 3430 niens
434 3385 518 3430 fuit
543 3386 740 3445 reparari
782 3397 1036 3431 creaturam
1074 3389 1118 3430 in
1167 3388 1324 3431 ordine
1353 3389 1406 3431 ad
1442 3400 1688 3443 aeternam,
1717 3398 1760 3433 et
1786 3386 2076 3433 immobilem
2100 3386 2242 3447 perfe-

283 3454 510 3499 ctionem:
536 3467 643 3497 nam
671 3464 715 3497 et
742 3453 898 3499 artifex
924 3468 1003 3513 per
1028 3452 1227 3498 formam
1255 3455 1360 3499 artis
1389 3467 1675 3515 conceptam,
1708 3470 1798 3516 qua
1823 3455 2111 3501 artificiatum
2137 3468 2244 3500 con-

281 3520 405 3575 didit,
433 3521 596 3580 ipsum,
623 3521 660 3565 si
689 3520 941 3581 collapsum
979 3519 1125 3575 fuerit,
1158 3532 1399 3566 restaurat:
1428 3524 1510 3566 alio
1551 3524 1671 3567 modo
1704 3524 1841 3568 habet
1873 3522 2240 3582 convenientiam

279 3587 537 3647 specialiter
563 3602 667 3633 cum
694 3589 896 3633 humana
922 3598 1081 3634 natura
1109 3603 1164 3634 ex
1190 3604 1261 3644 eo,
1285 3589 1405 3649 quod
1432 3590 1634 3634 Verbum
1663 3600 1730 3635 est
1755 3600 2004 3650 conceptus
2029 3599 2239 3635 aeternae

2342 3406 2352 3548 ΞΕ,
