2352 3926
300 232 408 287 520
853 230 1132 278 QUAEsno
1173 230 1303 270 an.
1343 210 1652 270 armemus
1690 231 1742 272 v.

1009 429 1444 488 ARTICULUS
1485 430 1555 486 v.
2142 459 2258 506 ‚342

460 567 654 606 UTRUM
687 565 1054 606 SACRAMENTA
1091 566 1280 606 NOVAE
1314 567 1469 605 L1-:Grs
1510 565 1767 606 HABEANT
1799 565 2086 606 VIRTUTEM

840 649 925 688 Ex
968 649 1337 689 PAssmNE
1384 648 1715 687 cHR13T1.
1923 628 1924 631 ’

294 759 426 818 (Infr.
453 773 491 817 q.
521 758 591 815 64.
619 765 702 804 art.
728 773 768 803 2.
796 764 832 803 et
862 772 904 817 4.
928 759 1040 804 Dist.
1067 774 1102 805 1.
1130 775 1168 819 q.
1195 776 1230 805 1.
1258 766 1339 805 art.
1366 772 1407 816 4.
1435 774 1473 818 q.
1496 774 1531 818 3.
1559 764 1596 803 et
1621 759 1730 802 Dist.
1753 771 1789 816 5.
1812 772 1851 816 q.
1877 772 1918 804 2.
1945 763 2026 803 art.
2052 772 2093 804 2.
2119 771 2158 830 q.
2188 759 2258 816 t.).

383 871 458 915 AD
486 884 714 921 QmNTUM
741 871 804 915 sic
831 872 1105 931 proceditur.
1133 871 1337 925 Videtur,
1366 870 1488 930 quod
1520 879 1806 914 sacramenta
1837 883 1988 914 novae
2022 868 2140 927 legis
2163 883 2259 914 non

292 938 489 982 habeant
513 939 727 983 virtutem
751 953 805 983 ex
823 939 1036 998 passione
1065 939 1259 984 Christi:
1285 939 1425 982 virtus
1449 938 1572 981 enim
1590 947 1982 982 sacramentorum
2004 946 2073 982 est
2089 935 2145 980 ad
2163 949 2260 995 gra-

291 1007 404 1049 tiam
432 1006 711 1050 causandam
727 1007 774 1050 in
798 1007 965 1059 anima,
988 1021 1068 1065 per
1085 1020 1223 1065 quam
1250 1005 1537 1065 spiritualiter
1563 1005 1694 1049 vivit:
1722 1005 1816 1058 sed,
1843 1004 1959 1049 sicut
1973 1003 2257 1062 Augustinus

294 1073 403 1116 dicit
427 1087 564 1132 super
590 1074 720 1131 Joan.
747 1071 895 1134 (tract.
928 1089 993 1132 19.
1021 1089 1046 1118 a
1072 1074 1175 1117 med.
1175 1073 1215 1130 ),
1241 1089 1264 1114 ‹<
1281 1073 1501 1126 Verbum,
1534 1082 1669 1131 prout
1689 1081 1784 1116 erat
1814 1072 1860 1115 in
1886 1071 2110 1130 principio
2136 1069 2255 1130 apud

290 1140 459 1194 Deum,
475 1140 676 1185 vivificat
702 1141 898 1195 animas;
925 1141 1178 1184 secundum
1198 1149 1351 1184 autern
1369 1140 1491 1198 quod
1514 1149 1582 1183 est
1603 1153 1710 1183 caro
1729 1138 1916 1192 factum,
1941 1137 2140 1182 vivificat
2161 1151 2257 1182 cor·
2276 1173 2279 1175 .

290 1220 402 1265 pora
424 1223 476 1262 »3
499 1222 605 1251 cum
631 1208 767 1266 igitur
799 1207 951 1267 passio
979 1206 1152 1251 Christi
1183 1207 1405 1266 pertineat
1436 1207 1492 1250 ad
1517 1205 1736 1260 Verbum,
1762 1206 2015 1250 secundum
2040 1204 2164 1264 quod
2189 1214 2258 1249 est

292 1288 398 1319 caro
416 1273 602 1329 factum,
618 1275 794 1318 videtur
812 1274 935 1334 quod
952 1288 1046 1317 non
1064 1274 1210 1332 possit
1228 1288 1414 1317 causare
1432 1274 1646 1317 virtutem
1669 1282 2077 1317 sacramentorum.

380 1354 420 1385 2.
438 1341 735 1386 PRAETEREA.
754 1342 908 1385 Virtus
925 1351 1320 1385 sacramentorum
1337 1340 1514 1384 videtur
1532 1353 1586 1383 ex
1602 1339 1689 1383 fide
1709 1339 1985 1398 dependere:
2002 1338 2123 1398 quia,
2140 1338 2257 1383 sicut

290 1408 398 1453 dicit
409 1408 529 1467 Aug.
543 1423 675 1468 super
686 1409 817 1467 Joan.
833 1409 975 1465 (tract.
993 1410 1062 1453 80.
1077 1422 1103 1452 a
1119 1407 1224 1452 med.
1221 1407 1470 1466 ),Verbum
1483 1407 1570 1451 Dei
1583 1406 1759 1465 perficit
1771 1415 2109 1451 sacramentum
2126 1419 2256 1452 «non

288 1476 393 1535 quia
411 1476 588 1529 dicitur,
606 1476 684 1519 sed
703 1476 807 1534 quia
825 1475 1021 1519 creditur
1038 1489 1087 1517 »ε
1108 1475 1185 1518 sed
1203 1474 1314 1518 fides
1331 1484 1487 1518 nostra
1504 1488 1598 1517 non
1616 1473 1768 1518 solum
1794 1473 1980 1532 respicit
1994 1473 2256 1532 passionem

290 1542 477 1596 Christi,
499 1543 579 1586 sed
613 1543 750 1586 etiam
778 1542 866 1585 alia
894 1543 1110 1602 mysteria
1135 1541 1433 1585 humanitatis
1450 1541 1614 1601 ipsius,
1637 1550 1682 1585 et
1712 1539 2006 1600 principalius
2031 1540 2171 1585 etiam
2196 1540 2259 1584 di-

287 1609 525 1653 vinitatem
553 1610 672 1667 ejus3
701 1623 811 1667 ergo
844 1609 1021 1652 videtur
1062 1609 1184 1666 quod
1212 1618 1499 1653 sacramenta
1529 1622 1624 1652 non
1656 1607 1856 1652 habeant
1885 1606 2142 1668 specialiter
2165 1608 2252 1652 vir-

286 1686 431 1721 tutem
458 1691 483 1720 a
510 1677 720 1735 passione
745 1676 932 1722 Christi.

377 1758 415 1801 3.
442 1743 739 1788 PRAETEREA.
775 1743 1074 1787 Sacramenta
1107 1743 1373 1787 ordinantur
1405 1742 1462 1787 ad
1493 1742 1739 1786 hominum
1769 1740 2156 1801 justificationem,
2187 1755 2254 1786 se-

287 1810 487 1855 cundum
509 1810 622 1854 illud
655 1823 691 1855 1.
719 1810 774 1854 ad
804 1810 912 1855 Cor.
936 1807 1003 1854 6.:
1023 1811 1172 1855 Alvluti
1187 1812 1292 1864 estis,
1311 1816 1346 1854 et
1362 1811 1582 1869 justificati
1602 1811 1721 1854 estis.-
1737 1809 1817 1854 sed
1847 1808 2115 1867 justificatio.
2135 1808 2255 1853 attri-

282 1879 434 1922 buitur
450 1878 784 1932 resurrectioni,
802 1877 1055 1922 secundum
1074 1877 1185 1921 illud
1211 1877 1348 1922 Rom.
1374 1890 1440 1932 4:
1468 1879 1710 1924 Resurrexit
1726 1882 1901 1936 propter
1910 1877 2252 1935 justificationem

283 1952 499 1995 nostram,-
526 1959 637 2003 ergo
664 1945 856 1999 videtur,
885 1945 1007 2004 quod
1040 1954 1328 2004 sacramenta
1353 1945 1500 2004 magis
1534 1945 1732 1989 habeant
1756 1944 1971 1988 virtutem
2003 1957 2030 1988 a
2060 1956 2253 1988 resurre-

284 2013 434 2057 ctione
462 2012 648 2066 Christi,
675 2027 814 2072 quam
842 2013 895 2056 ab
915 2014 1011 2071 ejus
1039 2013 1265 2072 passione.

374 2080 467 2124 SED
502 2092 698 2124 CONTRA
731 2090 813 2134 est,
847 2079 970 2138 quod
1002 2094 1136 2139 super
1168 2079 1280 2123 illud
1306 2079 1443 2123 Rom.
1472 2092 1533 2137 5.:
1556 2080 1608 2124 In
1638 2078 1951 2124 similitudinem
1970 2078 2250 2138 praevaricae

282 2148 403 2191 tionis
429 2147 562 2200 Adae,
590 2157 689 2202 ete„
716 2147 825 2191 dicit
848 2147 1016 2191 Glossa
1042 2147 1153 2205 (ord.
1153 2148 1208 2204 ):
1239 2164 1262 2189 «
1285 2147 1350 2190 Ex
1376 2145 1517 2191 latere
1547 2146 1717 2191 Christi
1743 2145 2013 2190 dormientis
2038 2146 2084 2190 in
2112 2158 2250 2189 cruce

280 2214 506 2258 fluxerunt
537 2225 835 2269 sacramenta,
868 2229 948 2274 per
975 2229 1090 2273 quae
1113 2213 1285 2258 salvata
1312 2223 1379 2258 est
1404 2213 1611 2258 Ecclesia
1638 2230 1678 2258 >›.
1713 2213 1789 2257 Sic
1823 2226 1935 2271 ergo
1961 2221 2249 2257 sacramenta

280 2281 492 2325 videntur
511 2281 679 2326 habere
706 2283 922 2326 virtutem
950 2297 1003 2326 ex
1029 2282 1242 2340 passione
1271 2281 1455 2325 Christi.

368 2347 657 2392 RESPONDEO
677 2348 936 2402 dicendum,
952 2348 1089 2407 quod,
1108 2349 1224 2392 sicut
1242 2348 1416 2392 dictum
1433 2359 1500 2392 est
1517 2348 1622 2406 (art.
1646 2363 1681 2393 1.
1700 2347 1789 2406 huj.
1807 2362 1845 2406 q.
1845 2346 1886 2405 ),
1905 2357 2246 2392 sacramentum

278 2424 492 2474 operatur
517 2415 573 2459 ad
600 2415 794 2473 gratiam
823 2415 1105 2460 causandam
1136 2430 1216 2474 per
1249 2415 1440 2460 modum
1467 2414 1777 2460 instrumenti:
1812 2423 1879 2458 est
1910 2423 2065 2458 autem
2095 2412 2250 2474 duplex

277 2482 655 2526 instrumentum:
679 2497 810 2526 unum
827 2482 1012 2541 quidem
1030 2491 1305 2542 separatum,
1323 2491 1372 2526 ut
1387 2481 1575 2525 baculus
1591 2497 1602 2536 ;
1621 2480 1737 2525 aliud
1759 2491 1913 2525 autem
1931 2482 2247 2540 conjunctum,

279 2557 329 2592 ut
360 2562 547 2592 manus:
575 2563 656 2607 per
681 2550 1035 2593 instrumentum
1065 2559 1217 2593 autem
1245 2549 1544 2606 conjunctum
1571 2558 1782 2592 movetur
1806 2549 2159 2593 instrumentum
2184 2562 2249 2594 se·

277 2625 503 2676 paratum,
521 2616 637 2659 sicut
662 2614 850 2659 baculus
873 2631 953 2675 per
975 2630 1179 2661 manum.
1206 2615 1475 2675 Principalis
1503 2626 1657 2659 autem
1684 2629 1820 2659 causa
1848 2613 2048 2660 efficiens
2069 2614 2248 2675 gratiae

278 2692 348 2727 est
371 2682 466 2742 ipse
495 2683 634 2738 Deus,
664 2682 719 2726 ad
746 2697 884 2741 quem
913 2693 1204 2742 comparatur
1236 2683 1497 2727 humanitas
1525 2682 1711 2736 Christi,
1744 2682 1863 2726 sicut
1891 2679 2247 2728 instrumentum

277 2750 589 2810 conjunctum,
638 2759 979 2794 sacramentum
1017 2761 1185 2806 autem,
1220 2751 1335 2795 sicut
1361 2751 1713 2794 instrumentum
1750 2759 2034 2808 separatum3
2060 2758 2106 2794 et
2137 2749 2244 2795 ideo

277 2827 472 2876 oportet,
499 2817 792 2876 quodvvirtus
819 2816 1049 2861 salutifera
1077 2833 1101 2861 a
1134 2818 1367 2862 divinitate
1398 2818 1570 2863 Christi
1603 2831 1680 2876 per
1714 2818 1810 2875 ejus
1836 2817 2171 2862 humanitatem
2195 2817 2244 2864 in

274 2885 373 2944 ipsa
400 2894 687 2929 sacramenta
715 2885 955 2929 derivetur.
985 2884 1141 2929 Gratia
1176 2896 1329 2929 autem
1356 2884 1699 2929 sacramentalis
1726 2884 1782 2927 ad
1804 2883 1884 2928 duo
1906 2884 2149 2944 praecipue
2174 2898 2244 2929 or-

276 2951 421 2996 dinari
461 2952 661 3007 videtur3
693 2951 905 2996 videlicet
947 2951 1000 2996 ad
1032 2951 1261 2996 tollendos
1303 2951 1506 2996 defectus
1543 2952 1892 3028 praeteritorum
1930 2961 2243 3011 peccatorum,

274 3019 544 3095 inquantum
571 3028 805 3063 transeunt
832 3028 950 3072 actu,
978 3028 1022 3062 et
1041 3030 1276 3063 remanent
1303 3030 1453 3074 reatu,
1478 3029 1522 3063 et
1542 3020 1708 3063 iterum
1725 3018 1780 3062 ad
1803 3017 2127 3078 perficiendam
2153 3018 2245 3063 ani·

274 3101 400 3130 marn
427 3087 473 3130 in
499 3087 586 3140 his,
613 3100 728 3146 quae
752 3086 978 3145 pertinent
1004 3086 1059 3129 ad
1089 3085 1262 3130 cultum
1279 3087 1381 3141 Dei,
1404 3087 1658 3131 secundum
1681 3085 1954 3145 religionem
1983 3086 2104 3131 vitae
2130 3085 2244 3131 chri·

274 3154 460 3198 stianae.
498 3152 793 3198 Manifestum
820 3162 887 3197 est
921 3162 1073 3196 autem
1101 3167 1153 3196 ex
1180 3154 1250 3197 his
1278 3168 1394 3213 quae
1427 3168 1562 3213 supra
1594 3153 1715 3197 dicta
1747 3162 1852 3198 sunt
1884 3151 1943 3212 (q.
1969 3153 2040 3211 48.
2067 3159 2106 3198 a
2128 3153 2244 3214 49),-

273 3221 395 3279 quod
415 3220 624 3265 Christus
642 3219 850 3265 liberavit
871 3234 957 3263 nos
984 3234 1010 3263 a
1036 3221 1234 3278 peccatis
1257 3221 1437 3274 nostris,
1461 3220 1704 3280 praecipue
1721 3234 1801 3279 per
1816 3234 1946 3265 suam
1961 3220 2241 3280 passionem,

273 3302 366 3331 non
384 3287 534 3331 solum
552 3286 813 3341 efficienter,
833 3296 878 3331 et
893 3288 1138 3340 meritorie,
1162 3287 1239 3331 sed
1265 3290 1402 3332 etiam
1421 3287 1742 3333 satisfactorie:
1771 3286 1979 3332 similiter
1999 3287 2139 3332 etiam
2161 3300 2242 3347 per

273 3370 403 3399 suam
430 3356 693 3414 passionem
720 3355 912 3399 initiavit
939 3353 1075 3397 ritum
1105 3354 1376 3399 christianae
1398 3354 1648 3414 religionis,
1672 3355 1840 3413 offerens
1863 3356 2036 3415 seipsum
2069 3354 2242 3400 oblatio-

272 3438 379 3476 nem,
409 3429 444 3466 et
476 3423 652 3467 hostiam
680 3425 788 3477 Deo,
816 3431 864 3465 ut
891 3420 1054 3465 dicitur
1080 3420 1242 3479 Ephes.
1283 3435 1317 3478 5.
1354 3422 1487 3466 Unde
1515 3421 1808 3466 manifestum
1835 3430 1915 3475 est,
1941 3421 2064 3498 quod
2090 3435 2239 3467 sacra-

272 3499 427 3533 menta
453 3488 686 3534 Ecclesiae
715 3487 971 3549 specialiter
1000 3487 1167 3531 habent
1184 3488 1397 3532 virtutem
1422 3504 1476 3533 ex
1497 3489 1709 3549 passione
1738 3488 1923 3543 Christi,
1945 3489 2072 3548 cujus
2097 3487 2239 3534 virtus

273 3557 620 3616 quodammodo
652 3557 784 3602 nobis
817 3555 1056 3616 copulatur
1088 3569 1169 3615 per
1199 3557 1540 3615 susceptionem
1578 3566 1993 3601 sacramentorum.
2028 3555 2078 3601 in
2108 3556 2237 3615 cujus

272 3623 454 3683 signum
467 3623 522 3668 de
538 3623 675 3669 latere
695 3615 867 3669 Christi
883 3622 1146 3684 pendentis'
1136 3636 1182 3666 in
1202 3636 1336 3667 cruce
1354 3622 1578 3668 fluxerunt
1597 3638 1732 3684 aqua,
1751 3633 1795 3669 et
1810 3622 2014 3683 sanguis:
2040 3635 2235 3683 quorum
