2352 3926
330 241 437 310 556
861 252 1141 298 QUAESTIO
1183 251 1329 290 LXVI.
1361 251 1686 298 ARTICULUS>
1708 253 1788 293 111.

417 355 493 400 AD
526 366 741 399 TERTIUM
768 353 1026 407 dicendum,
1059 353 1182 412 quod
1214 368 1269 399 ex
1293 352 1434 398 latere
1453 353 1627 398 Christi
1641 353 1770 399 fluxit
1785 368 1904 414 aqua
1925 355 1982 400 ad
1998 354 2292 411 abluendum,

327 422 512 480 sanguis
540 430 691 464 autem
714 420 770 463 ad
797 420 1139 475 redimendum;
1167 431 1211 464 et
1235 420 1340 465 ideo
1358 421 1543 479 sanguis
1571 421 1792 481 competit
1813 433 2101 468 sacramento
2117 422 2294 468 Eucha-

326 489 491 542 ristiae,
516 502 631 546 aqua
659 496 813 531 autem
838 497 1128 532 sacramento
1154 487 1383 547 baptismi,
1410 490 1486 547 qui
1512 498 1668 532 tamen
1694 488 1834 533 habet
1857 488 1953 532 vim
1975 489 2222 535 ablutivam
2239 504 2293 534 ex

327 556 490 599 virtute
516 554 750 612 sanguinis
779 554 964 600 Christi.

417 623 493 666 AD
513 634 750 671 QUARTUM
767 621 1028 677 dicendum,
1046 621 1170 680 quod
1186 623 1327 666 virtus
1347 621 1520 666 Christi
1536 622 1738 665 derivata
1755 632 1824 666 est
1839 622 1895 666 ad
1908 636 2097 667 omnem
2112 637 2293 682 aquam,

327 703 422 735 non
450 699 634 748 propter
661 688 1010 733 continuitatem
1036 688 1141 744 loci,
1168 689 1247 733 sed
1273 699 1457 748 propter
1475 689 1820 733 similitudinem
1838 689 2032 749 speciei3
2049 690 2169 734 unde
2186 690 2296 734 dicit

329 756 524 812 August.
551 755 598 798 in
633 755 833 813 quodam
875 769 1092 806 sermone„
1130 755 1185 799 de
1216 755 1471 814 Epiphania
1497 757 1588 814 (qai
1618 762 1676 800 est
1711 755 1778 814 36.
1805 755 1853 800 de
1892 756 2033 815 Temp.
2081 770 2109 800 a
2132 755 2292 813 med.).·

335 839 358 863 «
379 822 515 874 Quae
543 822 598 866 de
622 822 874 867 Salvatoris
886 823 1156 882 baptismate
1182 823 1441 867 benedictio
1468 822 1608 877 fluxit,
1634 832 1854 881 tanquam
1875 822 2038 867 fluvius
2053 822 2295 882 spiritualis

332 890 541 934 omnium
564 890 797 949 gurgitum
818 900 1003 944 tractus,
1029 890 1349 934 universorum
1376 889 1571 934 fontium
1598 904 1738 934 venas
1758 888 1964 948 implevit
1987 905 2026 935 ».

416 957 493 1001 AD
521 970 749 1007 QUINTUM
775 957 1035 1011 dicendum,
1063 957 1185 1016 quod
1211 957 1288 1001 illa
1313 958 1586 1011 benedictio,
1613 971 1729 1016 quae
1757 957 1995 1002 adhibetur
2019 971 2181 1017 aquae,
2198 971 2295 1002 non

331 1034 399 1068 est
424 1025 479 1068 de
505 1025 776 1069 necessitate
801 1025 1030 1084 baptismi,
1048 1025 1127 1069 sed
1155 1025 1348 1084 pertinet
1366 1025 1421 1068 ad
1440 1025 1669 1083 quandam
1687 1023 2044 1079 solemnitatem,
2062 1038 2140 1083 per
2155 1039 2295 1084 quam

332 1091 553 1135 excitatur
569 1092 753 1136 devotio
770 1091 989 1147 fidelium,
1007 1101 1051 1136 et
1066 1092 1312 1151 impeditur
1330 1093 1494 1136 astutia
1512 1092 1765 1147 daemonis,
1777 1105 1835 1136 ne
1850 1091 2070 1151 impediat
2082 1091 2297 1152 baptismi

333 1158 562 1204 effectum.

1017 1306 1453 1364 ARTICULUS
1499 1308 1596 1363 IV.
2214 1319 2297 1382 367

573 1428 769 1467 UTRUM
798 1428 873 1466 AD
907 1428 1225 1467 BAPTISMUM
1257 1408 1612 1475 REQUIRATUR
1642 1415 1798 1474 AQUA
1830 1426 2078 1467 SIMPLEX·

678 1525 742 1583 (4.
769 1525 880 1569 Dist.
902 1540 938 1584 3.
967 1531 1048 1570 art.
1070 1517 1107 1584 3’.
1135 1540 1173 1584 q.
1200 1540 1240 1570 2.
1268 1531 1307 1570 et
1332 1525 1404 1571 lib.
1431 1538 1474 1582 4.
1497 1524 1646 1570 Contr.
1670 1538 1710 1583 g.
1733 1531 1824 1584 cap.
1845 1523 1951 1584 58).
1994 1512 1999 1518 ’

422 1630 498 1674 AD
526 1642 764 1679 QUARTUM
790 1631 854 1681 sic
881 1630 1154 1690 proceditur.
1177 1630 1383 1688 Videtur,
1408 1630 1531 1689 quod
1554 1631 1609 1675 ad
1630 1630 1911 1689 baptismum
1935 1643 2031 1674 non
2048 1629 2300 1689 requiratur
2350 1641 2352 1645 ·

334 1711 450 1756 aqua
476 1697 691 1755 simplex:
720 1712 836 1756 aqua
864 1698 1002 1752 enim,
1029 1712 1146 1757 quae
1173 1699 1290 1758 apud
1311 1712 1397 1742 nos
1421 1708 1501 1752 est,
1519 1711 1614 1741 non
1641 1707 1709 1741 est
1725 1711 1843 1756 aqua
1868 1710 2006 1756 pura;
2032 1696 2155 1756 quod
2176 1709 2302 1755 prae—

335 1765 464 1823 cipue
498 1775 684 1823 apparet
715 1765 771 1808 de
804 1779 922 1824 aqua
954 1766 1107 1820 maris,
1140 1766 1188 1809 in
1220 1779 1309 1824 qua
1340 1765 1588 1825 plurimum
1622 1764 1898 1809 admiscetur
1923 1764 1980 1808 de
2004 1763 2220 1818 terrestri,
2248 1772 2301 1808 ut

333 1842 457 1891 patet
482 1847 563 1891 per
588 1832 761 1876 Philos.
788 1833 835 1876 in
862 1833 937 1877 lib.
965 1846 1004 1877 2.
1032 1833 1224 1877 Meteor.
1252 1835 1362 1893 (cap.
1391 1833 1462 1891 3.),
1486 1843 1529 1877 et
1548 1842 1704 1876 tamen
1724 1832 1771 1875 in
1792 1831 1874 1876 tali
1893 1845 2011 1891 aqua
2032 1840 2184 1891 potest
2201 1828 2302 1875 fieri
2347 1845 2352 1847 “

333 1899 609 1958 baptismus;
637 1914 748 1959 ergo
775 1915 869 1944 non
896 1901 1138 1959 requiritur
1165 1914 1281 1959 aqua
1308 1900 1515 1959 simplex,
1543 1910 1586 1944 et
1612 1913 1724 1958 pura
1751 1899 1806 1942 ad
1831 1899 2125 1957 baptismum.

425 1979 465 2010 2.
483 1967 781 2012 PRAETEREA.
799 1967 850 2011 In
868 1967 1068 2012 solemni
1086 1967 1392 2012 celebratione
1409 1967 1622 2026 baptismi
1650 1980 1794 2025 aquae
1811 1964 2060 2010 infunditur
2076 1964 2298 2010 chrisma.

335 2034 414 2078 sed
439 2035 530 2079 hoc
557 2035 733 2079 videtur
749 2035 970 2112 impedire
988 2036 1245 2094 puritatem,
1281 2046 1325 2079 et
1355 2035 1692 2094 simplicitatem
1717 2048 1886 2093 aquae;
1912 2047 2022 2093 ergo
2040 2045 2300 2093 aquaputa,
2335 2026 2352 2100 J

336 2112 380 2145 et
405 2102 598 2161 simplex
623 2117 717 2146 non
743 2102 985 2161 requiritur
1011 2103 1066 2147 ad
1093 2103 1385 2160 baptismum.
2339 2135 2347 2159 3

428 2183 465 2226 3.
504 2169 804 2214 PRAETEREA.
832 2170 968 2228 Aqua
993 2169 1139 2215 fluens
1172 2170 1227 2214 de
1261 2170 1400 2214 latere
1428 2169 1601 2215 Christi
1627 2168 1903 2227 pendentis
1891 2182 1939 2213 m
1965 2181 2100 2214 cruce
2129 2166 2215 2212 fuit
2244 2166 2303 2212 si·

338 2250 482 2294 gnum
513 2236 741 2294 baptismi,
774 2246 824 2280 ut
855 2237 1027 2280 dictum
1055 2247 1121 2281 est
1146 2239 1247 2294 (art.
1267 2245 1411 2296 praec.
1445 2237 1499 2282 ad
1524 2238 1609 2297 3.).·
1637 2235 1716 2280 sed
1749 2250 1867 2295 aqua
1894 2235 1972 2280 illa
2002 2249 2098 2280 non
2122 2234 2300 2279 videtur
2328 2254 2350 2296 >j

334 2302 472 2347 fuisse
501 2317 617 2362 aqua
642 2318 778 2362 pura3
807 2318 862 2347 eo
891 2304 1014 2362 quod
1040 2304 1087 2347 in
1115 2318 1307 2363 corpore
1335 2305 1492 2358 mixto,
1521 2303 1779 2361 cujusmodi
1810 2302 1893 2347 fuit
1918 2316 2085 2362 corpus
2113 2300 2300 2356 Christi,
2335 2315 2350 2356 ς

335 2383 430 2413 non
456 2380 560 2414 sunt
584 2369 846 2414 elementa
836 2386 882 2414 1n
910 2381 1038 2426 actu;
1064 2386 1175 2430 ergo
1202 2371 1394 2426 videtur,
1419 2372 1542 2430 quod
1563 2385 1658 2415 non
1678 2370 1931 2430 requiratur
1948 2363 2066 2429 aqua
2086 2382 2212 2428 pura,
2228 2365 2334 2413 vel*

337 2436 535 2496 simplex
563 2438 618 2480 ad
645 2437 938 2496 baptismum.

427 2517 470 2559 4.
496 2505 795 2550 PRAETEREA.
829 2506 1058 2549 Lixivium
1083 2521 1178 2551 non
1203 2506 1382 2551 videtur
1417 2520 1515 2550 esse
1553 2519 1671 2564 aqua
1707 2518 1843 2564 pura.
1880 2503 2019 2549 habet
2048 2503 2174 2549 enim
2199 2516 2306 2548 con·
2333 2542 2350 2552 ..

337 2573 497 2617 trarias
529 2572 828 2631 proprietates
862 2587 1020 2631 aquae,
1053 2573 1228 2617 scilicet
1259 2572 1571 2626 calefaciendi,
1605 2582 1649 2616 et
1680 2571 1962 2616 desiccandi.
1995 2581 2041 2616 et
2070 2582 2226 2616 tamen
2255 2569 2306 2615 in
2328 2588 2339 2627 3

338 2638 495 2683 lixivio
513 2639 689 2682 videtur
715 2653 849 2698 posse
874 2639 973 2683 fieri
998 2640 1262 2716 baptismus,
1289 2640 1406 2684 sicut
1433 2650 1478 2684 et
1498 2640 1544 2683 in
1564 2640 1689 2698 aquis
1721 2639 2007 2696 balneorum,
2030 2653 2146 2698 quae
2165 2647 2307 2683 trans-

342 2716 451 2751 eunt
475 2720 556 2766 per
580 2720 720 2750 venas
743 2706 1025 2764 sulphureas,
1043 2707 1158 2750 sicut
1181 2717 1225 2751 et
1250 2707 1454 2751 lixivium
1480 2706 1655 2750 colatur
1672 2720 1752 2765 per
1769 2706 1968 2762 cineres;
1984 2720 2095 2766 ergo
2111 2705 2304 2760 videtur,

342 2773 465 2833 quod
493 2787 610 2833 aqua
636 2772 827 2833 simplex
852 2788 946 2817 non
972 2774 1225 2833 requiratur
1247 2774 1302 2818 ad
1329 2774 1621 2833 baptismum.
2323 2806 2337 2830 4

334 2843 337 2845 ’
437 2854 473 2899 5.
501 2841 799 2885 PRAETEREA.
827 2841 961 2900 Aqua
987 2855 1175 2885 rosacea
1201 2841 1251 2885 fit
1276 2856 1355 2900 per
1380 2841 1754 2886 sublimationem
1788 2855 1814 2884 a
1845 2842 1986 2897 rosis;
2017 2812 2135 2885 sicut
2166 2840 2339 2888 etiam

344 2922 490 2968 aquae
518 2908 788 2952 alchimicae
816 2918 1088 2967 generantur
1110 2924 1190 2967 per
1212 2909 1582 2953 sublimationem
1601 2909 1654 2952 ab
1674 2908 1897 2985 aliquibus
1914 2876 2203 2967 corporibus.
2226 2900 2349 2969 sedj

342 2976 389 3020 in
416 2975 486 3019 his
511 2976 654 3034 aquis,
682 2985 731 3019 ut
754 2975 945 3030 videtur,
972 2985 1122 3034 potest
1148 2975 1244 3019 fieri
1270 2976 1535 3033 baptismus,
1562 2977 1679 3019 sicut
1705 2985 1750 3019 et
1779 2975 1828 3020 in
1859 2974 1988 3034 aquis
2019 2972 2345 3034 pluvialibus*

343 3057 459 3101 quae
487 3057 565 3101 per
591 3042 962 3086 sublimationem
989 3056 1212 3101 vaporum
1240 3053 1536 3101 generantur:
1566 3057 1671 3086 cum
1703 3041 1840 3101 igitur
1870 3041 2138 3101 hujusmodi
2162 3051 2325 3101 aquae.

343 3124 438 3154 non
464 3110 551 3154 sint
577 3124 731 3169 purae,
759 3119 804 3154 et
828 3107 1074 3168 simplices,
1100 3109 1278 3154 videtur
1304 3110 1427 3169 quod
1454 3124 1571 3169 aqua
1594 3123 1720 3169 pura,
1747 3118 1792 3153 et
1822 3108 2015 3169 simplex
2040 3121 2136 3153 non
2159 3102 2349 3169 requi*

347 3188 471 3222 ratur
498 3177 553 3220 ad
580 3177 870 3236 baptismum.
2288 3164 2352 3236 Q

439 3243 534 3289 SED
562 3257 758 3289 CONTRA
787 3253 867 3298 est,
895 3243 1017 3320 quod
1044 3244 1225 3303 propria
1259 3244 1448 3288 materia
1479 3242 1693 3303 baptismi
1719 3252 1787 3287 est
1811 3256 1944 3302 aqua,
1969 3250 2019 3287 ut
2043 3241 2217 3287 dictum
2288 3294 2310 3314 ¹
2338 3244 2347 3299 j

344 3313 448 3371 (art
473 3320 600 3372 praec
606 3312 658 3369 .:)
686 3311 764 3355 sed
791 3312 990 3369 speciem
1010 3325 1154 3369 aquae
1174 3325 1266 3354 non
1283 3311 1421 3355 habet
1437 3311 1524 3354 nisi
1543 3325 1660 3369 aqua
1677 3308 1891 3370 simplex3
1918 3322 2029 3370 ergo
2047 3322 2166 3369 aqua
2181 3294 2352 3379 putffg

347 3390 393 3424 et
417 3378 611 3438 simplex
638 3379 692 3423 de
719 3378 990 3422 necessitate
1017 3377 1258 3436 requiritur
1286 3378 1340 3421 ad
1367 3378 1661 3437 baptismum.

436 3446 726 3491 RESPONDEO
754 3445 1014 3499 dicendum,
1037 3444 1158 3503 quod
1179 3458 1294 3502 aqua
1312 3459 1441 3488 suam
1468 3445 1726 3502 puritatem,
1743 3454 1788 3488 et
1803 3442 2144 3503 simplicitatem
2158 3406 2341 3507 ροιοῄἓἼ

349 3513 556 3558 amittere
573 3513 822 3573 dupliciter:
841 3526 921 3556 uno
943 3510 1064 3556 modo
1083 3525 1162 3571 per
1179 3512 1446 3555 mixtionem
1465 3511 1647 3556 alterius
1667 3511 1895 3571 corporis:
1913 3511 1999 3557 alio
2014 3510 2139 3556 modo
2155 3501 2310 3576 pei-139

348 3580 648 3635 terationem3
666 3590 907 3639 utrumque
925 3589 1078 3623 autem
1096 3579 1262 3622 horum
1281 3579 1504 3637 contingit
1521 3577 1616 3622 fieri
1633 3578 1868 3638 dupliciter,
1881 3577 2145 3638 scilicetpar
2156 3581 2307 3634 arum
2350 3610 2352 3614 -

352 3657 396 3692 et
413 3655 492 3707 per
517 3654 731 3693 naturam.
756 3647 843 3692 Ars
867 3656 1021 3692 autem
1047 3644 1199 3691 deficit
1225 3646 1278 3690 ab
1308 3646 1572 3704 operatione
1589 3656 1792 3701 naturae,
1827 3645 1932 3705 quia
1949 3655 2111 3692 natura
2126 3643 2203 3691 dat
2220 3640 2311 3699 fos*
