2352 3926
281 230 387 285 340
688 268 691 271 ,
843 209 1122 274 QUAEsrm
1164 229 1252 268 XL.
1293 224 1605 269 ART1cuLus
1645 230 1680 269 1.

278 347 359 378 sua
387 332 736 378 conversatione
758 346 853 376 non
879 331 1031 377 solum
1053 347 1102 377 se
1118 332 1357 378 hominem
1385 333 1646 379 ostenderet
1661 348 1774 389 esse,
1796 334 1875 380 sed
1901 335 2040 381 etiam
2060 335 2248 384 Deum:

220 440 228 446 ,
277 400 356 444 sed
383 401 536 444 Deum
562 414 656 443 non
684 400 899 444 convenit
926 414 1032 444 cum
1057 399 1609 446 hominibus'conversari
1631 401 1794 446 dicitur
1810 403 1932 446 enim
1949 402 2239 450 Danielis‘2.:

277 469 471 527 Exceptis
503 467 595 520 diis,
628 482 805 525 quorum
840 482 924 511 non
960 474 1016 512 est
1051 483 1145 513 cum
1171 468 1406 513 hominibus
1437 471 1694 514 conversatio
1705 484 1721 522 ;
1757 479 1803 514 et
1837 469 2242 530 Philosoph.vdi‘cit

276 535 322 578 in
355 549 390 578 1.
413 534 633 577 Politicae
660 534 773 593 (cap.
796 549 835 579 2.
860 549 885 578 a
911 535 1051 591 med),
1079 535 1201 594 quod
1227 534 1345 580 «ille
1367 536 1445 595 qui
1471 535 1699 580 solitarius
1719 535 1846 592 vivit,
1864 547 1941 582 aut
1966 547 2035 583 est
2052 537 2237 586 bestia»

276 603 314 646 si
341 602 513 646 scilicet
539 611 724 660 propter
751 603 989 646 saevitiam
1015 603 1107 647 hoc
1123 602 1261 648 faciat
1290 619 1313 644 «
1340 613 1418 647 aut
1434 613 1503 648 est
1517 604 1645 649 Deus
1667 621 1690 646 »
1717 603 1756 647 si
1776 604 1867 648 hoc
1892 603 2031 650 faciat
2054 614 2241 665 propter

278 669 682 728 contemplandam
708 669 970 724 veritatem3
998 684 1110 729 ergo
1136 670 1328 724 videtur,
1356 671 1478 730 quod
1495 685 1590 715 non
1611 670 1750 715 fuerit
1782 672 2077 726 conveniens,
2112 671 2257 718 Chri-s

278 747 398 781 stum
421 737 537 780 inter
562 736 775 780 homines
799 737 1074 781 conversari.
1936 787 1945 793 ,-

366 817 405 847 2.
434 804 732 848 PRAETER-EA.
754 803 978 858 Christus,
996 804 1106 848 dum
1122 804 1169 848 in
1193 819 1329 849 carne
1347 804 1532 849 mortali
1547 805 1671 859 vixit,
1690 804 1845 865 debuit
1865 804 2241 865 perfectissimam

273 871 415 915 vitam
442 871 632 914 ducere:
662 870 990 929 perfectissima
1009 882 1162 916 autem
1177 873 1270 916 vita
1288 882 1354 916 est
1373 871 1744 931 contemplativa,
1762 882 1811 916 ut
1825 873 1872 916 in
1890 873 2090 918 secunda
2115 883 2241 933 parte

274 939 481 982 habitum
500 949 566 982 est
584 938 689 996 (2-2.
708 953 746 996 q.
765 939 858 986 182.
877 946 958 984 art.
977 955 1012 983 1.
1033 945 1069 984 et
1092 940 1154 997 2.)
1171 955 1184 984 .·
1204 939 1259 983 ad
1276 939 1417 984 vitam
1436 948 1588 983 autem
1612 939 2019 998 contemplativam
2041 941 2241 986 maxime

274 1006 494 1065 competit
529 1005 744 1059 solitudo,
785 1007 1037 1051 secundum
1073 1006 1185 1050 illud
1214 1007 1367 1052 Oseae
1404 1020 1466 1051 2.:
1494 1008 1665 1052 Ducam
1695 1022 1786 1052 eam
1817 1009 1862 1051 in
1893 1008 2175 1067 solitudinem,
2205 1014 2242 1054 et

273 1075 424 1132 loquar
459 1073 511 1118 ad
545 1088 617 1118 cor
652 1076 738 1132 ejus
747 1088 764 1126 ;
803 1087 914 1132 ergo
954 1074 1146 1128 videtur,
1185 1074 1307 1133 quod
1335 1074 1546 1118 Christus
1579 1075 1783 1119 debuerit
1819 1074 2073 1120 solitariam
2096 1075 2241 1120 vitam

273 1142 453 1186 ducere.

365 1224 402 1269 3.
429 1209 727 1254 PRAETEREA.
762 1208 1068 1253 Conversatio
1107 1208 1281 1253 Christi
1317 1208 1471 1252 debuit
1497 1222 1596 1252 esse
1623 1207 1890 1263 uniformis;
1922 1208 2029 1267 quia
2059 1222 2241 1268 semper

269 1277 317 1321 in
344 1291 399 1321 eo
428 1276 582 1320 debuit
608 1289 823 1335 apparere
860 1276 918 1329 id,
943 1275 1065 1334 quod
1101 1275 1328 1335 optimum
1356 1285 1442 1319 est:
1477 1275 1555 1319 sed
1588 1275 1863 1334 quandoque
1897 1274 2107 1322 Christus
2137 1275 2243 1321 soli-

270 1344 385 1388 taria
410 1343 514 1388 loca
537 1343 795 1402 quaerebat,
822 1343 975 1387 turbas
999 1342 1247 1395 declinans,
1266 1342 1386 1385 unde
1404 1342 1642 1401 Remigius
1661 1343 1770 1387 dicit
1786 1356 1925 1402 supra
1941 1342 2104 1388 Matth.
2123 1341 2239 1400 (hab.

271 1413 316 1456 in
343 1411 438 1456 Cat.
461 1412 520 1455 D.
548 1411 694 1455 Thom.
717 1412 763 1454 in
782 1412 918 1469 princ.
947 1418 1038 1469 cap.
1060 1411 1148 1469 5.):
1180 1425 1202 1451 «
1227 1409 1338 1454 Tria
1364 1408 1539 1468 refugia
1564 1409 1731 1468 legitur
1755 1410 1987 1455 Dominus
2010 1410 2240 1465 habuisse,

270 1480 441 1533 navim,
467 1489 691 1532 montem,
719 1488 763 1522 et
789 1477 1044 1532 desertum3
1073 1477 1354 1537 adquorum
1387 1477 1595 1532 alterum,
1627 1478 2007 1537 quotiescumque
2041 1491 2068 1522 a
2097 1477 2241 1523 turbis

273 1546 675 1606 comprimebatur,
711 1545 1050 1590 conscendebat
1087 1561 1136 1600 »;
1176 1558 1287 1604 ergo
1329 1555 1375 1590 et
1406 1559 1584 1605 semper
1620 1545 1776 1590 debuit
1809 1543 2063 1590 solitariam
2095 1544 2241 1590 vitam

275 1628 427 1674 agere.

363 1682 457 1726 SED
485 1693 682 1726 CONTRA
710 1689 790 1735 est,
829 1679 952 1739 quod
980 1679 1143 1724 dicitur
1168 1679 1350 1724 Baruch
1380 1694 1440 1739 3.:
1470 1680 1566 1725 Post
1597 1680 1695 1726 haec
1725 1681 1771 1725 in
1801 1681 1927 1726 terris
1956 1681 2071 1726 visus
2097 1685 2167 1735 est,
2203 1685 2242 1726 et

272 1764 367 1794 cum
393 1749 629 1792 hominibus
655 1753 919 1792 conversatus
941 1752 1007 1791 est.

361 1815 652 1860 RESPONm-:o
680 1814 940 1868 dicendum,
960 1813 1083 1874 quod
1101 1812 1391 1858 conversatio
1419 1812 1592 1858 Christi
1617 1812 1720 1858 talis
1747 1813 1902 1858 debuit
1926 1827 2040 1869 esse,
2062 1822 2113 1858 ut
2134 1827 2241 1858 con·

273 1883 450 1927 veniret
474 1881 553 1925 fini
572 1882 919 1936 Incarnationis‚
947 1881 1199 1926 secundum
1223 1895 1360 1940 quem
1383 1881 1505 1925 venit
1528 1881 1574 1924 in
1597 1881 1846 1936 mundum3
1872 1881 1998 1926 venit
2019 1891 2174 1926 autem
2190 1881 2239 1925 in

274 1950 513 2003 mundum,
526 1951 669 2009 primo
688 1949 874 2008 quidem
893 1949 948 1992 ad
967 1948 1352 1992 manifestandum
1373 1948 1629 2002 veritatem,
1644 1948 1868 2008 sicutipse
1890 1948 2137 2007 dicitJoan.
2156 1948 2238 1992 18.:

274 2019 325 2062 In
349 2019 422 2061 hoc
448 2023 570 2061 natus
595 2032 699 2070 sum,
728 2023 764 2061 et
791 2016 844 2060 ad
876 2017 950 2061 hoc
975 2018 1071 2060 veni
1096 2018 1141 2060 in
1167 2015 1383 2069 mundum,
1408 2022 1452 2060 ut
1478 2017 1754 2060 testimonium
1774 2016 2016 2074 perhibeam
2041 2015 2214 2060 veritati
2218 2029 2237 2068 ;

276 2096 318 2129 et
336 2085 439 2128 ideo
463 2099 556 2127 non
576 2084 767 2128 debebat
784 2092 838 2128 se·
851 2082 1098 2137 occultare,
1117 2083 1258 2126 vitam
1281 2082 1532 2126 solitariam
1557 2096 1711 2140 agens-3.
1730 2082 1808 2126 sed
1829 2082 1875 2125 in
1889 2081 2124 2140 publicum
2139 2095 2241 2142 pro-

277 2153 452 2205 cedere,
479 2150 659 2210 publice
685 2150 1018 2209 praedicand03
1041 2151 1161 2194 unde
1188 2150 1341 2194 Lucae
1366 2162 1408 2204 4.
1433 2150 1542 2193 dixit
1567 2149 1656 2193 illis
1688 2149 1766 2208 qui
1790 2148 2007 2193 volebant
2031 2163 2136 2193 eum
2165 2149 2238 2194 de·
2267 2183 2278 2186 a

272 2216 442 2263 tinere:
479 2219 596 2275 Quia
622 2224 657 2262 et
689 2219 785 2263 aliis
811 2219 1050 2262 civitatibus
1084 2223 1238 2277 oportet
1268 2232 1332 2261 me
1363 2217 1650 2275 evangelizare
1685 2231 1858 2275 regnum
1888 2217 1990 2271 Dei,
2017 2217 2120 2276 quia
2148 2215 2239 2260 ideo

273 2288 419 2330 missus
448 2301 541 2329 sum
550 2300 567 2338 ;
599 2285 775 2329 secundo
797 2285 922 2328 venit
945 2285 1000 2328 ad
1027 2285 1133 2338 hoc,
1161 2294 1210 2328 ut
1234 2284 1448 2328 homines
1475 2298 1501 2327 a
1524 2293 1716 2343 peccato
1743 2283 1967 2338 liberaret,
1985 2282 2240 2329 secundum

271 2353 385 2397 illud
418 2367 453 2396 1.
483 2353 538 2396 ad
567 2351 774 2396 Timoth.
807 2366 867 2395 1.:
900 2353 1088 2397 Christus
1108 2353 1225 2409 Jesus
1255 2353 1373 2396 venit
1397 2353 1442 2395 in
1473 2352 1582 2396 hunc
1614 2350 1816 2395 mundum
1841 2356 2076 2411 peccatores
2103 2350 2242 2396 salvos

273 2422 423 2477 facere.
443 2419 499 2463 Et
514 2419 634 2473 ideo,
653 2429 702 2463 ut
719 2419 958 2478 Chrysost.
983 2419 1092 2464 dicit
1109 2420 1224 2477 (hab.
1247 2420 1293 2462 in
1323 2419 1418 2464 Cat.
1445 2433 1539 2463 aur.
1563 2419 1623 2462 D.
1649 2418 1795 2462 Thom.
1820 2425 1908 2477 sup.
1924 2417 2031 2463 illud
2044 2417 2149 2464 Luc.
2165 2431 2239 2475 4..-

274 2489 391 2545 Quia
414 2484 455 2531 et
481 2487 575 2530 aliis
615 2487 874 2544 civitatib),
913 2486 1021 2531 licet
1051 2502 1074 2527 <c
1095 2487 1142 2530 in
1170 2486 1335 2530 eodem
1372 2485 1479 2531 loco
1507 2485 1738 2529 manendo
1764 2494 1920 2545 posset
1946 2484 2157 2530 Christus
2183 2483 2240 2529 ad

270 2570 318 2599 se
346 2568 508 2599 omnes
537 2553 776 2607 attrahere,
799 2563 848 2597 ut
875 2551 1392 2612 ejus'praedicationem
1432 2553 1662 2607 audirent;
1688 2566 1782 2596 non
1808 2562 1963 2597 tamen
1995 2552 2086 2597 hoc
2117 2550 2259 2607 fecit,.

270 2622 491 2682 praebens
516 2621 648 2665 nobis
677 2620 955 2679 exemplum,
983 2630 1031 2664 ut
1056 2620 1442 2680 perambulemus,
1460 2629 1505 2664 et
1520 2620 1805 2679 requiramus
1822 2618 2240 2678 pereuntem58icut

269 2699 425 2750 pastor
448 2702 584 2732 ovem
611 2687 849 2746 perditam,
877 2698 920 2731 et
938 2688 1142 2731 medicus
1171 2687 1347 2731 accedit
1373 2687 1428 2730 ad
1447 2686 1679 2730 infirmum
1696 2702 1748 2741 »ς
1775 2687 1897 2731 tertio
1914 2685 2054 2741 venit,
2085 2694 2136 2734 ut
2158 2698 2239 2745 per

269 2758 421 2816 ipsum
438 2755 691 2799 habeamus
714 2769 950 2798 accessum
971 2755 1026 2798 ad
1054 2755 1222 2808 Deum,
1250 2763 1298 2798 ut
1318 2754 1481 2797 dicitur
1507 2753 1642 2798 Rom.
1671 2766 1707 2810 5.
1724 2768 1735 2807 ;
1755 2762 1799 2796 et
1825 2752 1930 2797 ideo
1955 2751 2239 2798 familiariter

276 2839 383 2867 cum
409 2822 674 2867 hominibus
697 2822 1028 2874 conversando,
1067 2821 1344 2864 conveniens
1372 2820 1469 2874 fuit,
1497 2831 1546 2864 ut
1570 2819 1833 2864 hominibus
1866 2819 2080 2864 fiduciam
2112 2820 2241 2866 daret

271 2891 328 2935 ad
356 2905 403 2935 se
431 2889 703 2942 accedendi;
732 2889 850 2933 unde
874 2888 1038 2932 dicitur
1063 2888 1225 2932 Matth.
1253 2902 1316 2948 9.:
1354 2890 1530 2932 Factum
1556 2894 1612 2932 est
1643 2888 1916 2932 discumbente
1945 2902 1991 2932 eo
2022 2889 2070 2933 in
2099 2887 2236 2943 dome,

270 2974 357 3004 ecce
384 2957 509 3001 multi
533 2956 768 3016 publicani,
806 2962 842 3000 et
867 2961 1104 3015 peccatores
1135 2956 1339 2999 venientes
1371 2955 1679 2999 discumbebant
1706 2970 1799 2999 cum
1822 2955 2002 3012 Je5u‚}et
2030 2955 2240 3016 discipulis

269 3029 367 3083 ejus.
390 3024 530 3076 Quod
553 3037 786 3081 exponens
807 3023 928 3066 Hier.
949 3022 1080 3066 dicit:
1109 3037 1132 3062 <c
1149 3021 1376 3066 Videbant
1394 3021 1687 3080 publicanum
1705 3035 1730 3065 a
1747 3023 1946 3081 peccatis
1965 3022 2020 3066 ad
2042 3021 2237 3068 meliora

270 3106 559 3144 conversum,
587 3090 743 3134 locum
770 3090 996 3134 invenisse
1023 3089 1354 3148 poenitentiae3
1382 3099 1426 3133 et
1453 3089 1509 3132 ob
1533 3089 1577 3133 id
1605 3089 1743 3133 etiam
1775 3089 1864 3149 ipsi
1879 3103 1974 3134 non
1992 3089 2235 3149 desperant

270 3159 464 3204 salutem
493 3175 533 3202 ».

360 3228 435 3271 AD
462 3238 650 3271 PRIMUM
678 3238 787 3283 ergo
815 3223 1074 3277 dicendum,
1102 3222 1224 3282 quod
1249 3222 1458 3267 Christus
1477 3237 1554 3281 per
1571 3223 1906 3269 humanitatem
1931 3237 2064 3269 suam
2089 3221 2236 3270 voluit

268 3293 558 3338 manifestare
581 3293 887 3336 divinitatem:
916 3301 960 3335 et
985 3290 1089 3334 ideo
1119 3290 1432 3334 conversando
1462 3305 1566 3333 cum
1592 3290 1856 3335 hominibus
1880 3290 2024 3351 (quod
2047 3300 2115 3336 est
2134 3303 2236 3351 pro-

267 3363 414 3421 prium
443 3361 666 3417 hominis)
694 3358 1000 3404 manifestavit
1027 3359 1238 3401 omnibus
1266 3373 1395 3401 suam
1425 3358 1706 3403 divinitatem
1745 3357 2066 3418 praedicando,
2088 3366 2133 3403 et
2154 3348 2236 3404 mi-

267 3430 419 3474 racula
447 3429 673 3482 faciendo,
702 3439 745 3473 et
771 3428 1039 3472 innocenter
1065 3435 1108 3469 et
1134 3428 1246 3483 juste
1276 3426 1390 3469 inter
1417 3427 1627 3470 homines
1652 3426 1983 3472 conversando.

358 3498 431 3540 Ar)
444 3509 703 3541 SECUNDUM
723 3495 981 3548 dicendum,
995 3493 1314 3553 quod‚sicutin
1335 3494 1534 3537 secunda
1552 3505 1677 3552 parte
1697 3493 1869 3538 dictum
1889 3503 1956 3538 est
1967 3493 2073 3552 (2·5.
2086 3508 2125 3552 q.
2139 3493 2232 3539 182.

269 3571 351 3609 art.
372 3580 405 3609 r.
425 3570 462 3608 et
487 3579 525 3622 q.
542 3565 634 3608 188.
652 3570 732 3608 art.
748 3564 826 3619 6.),
843 3561 934 3606 vita
951 3560 1307 3618 contemplativa
1333 3560 1599 3619 simpliciter
1616 3572 1683 3605 est
1700 3560 1878 3614 melior,
1905 3573 2041 3620 quam
2070 3560 2232 3614 activa,

271 3645 387 3690 quae
414 3641 663 3690 occupatur
690 3631 809 3674 circa
837 3627 1098 3688 corporales
1126 3637 1274 3672 actus:
1303 3627 1382 3671 sed
1404 3628 1497 3672 vita
1524 3630 1686 3684 activa,
1713 3628 1966 3673 secundum
1991 3640 2131 3687 quam
2152 3625 2235 3672 tali·
