2352 3926
731 196 1009 249 QUABSTIO
1050 199 1105 242 x.
1146 198 1453 241 Anrrcums
1491 198 1572 240 111.
2021 197 2044 234 1
2059 197 2123 253 19

76 300 99 366 «ᾖ
155 297 329 349 dicitur
346 301 574 348 infinitum
590 302 842 348 secundum
859 301 1086 348 rationem
1103 302 1346 348 materiae:
1364 301 1488 362 quod
1504 299 1690 361 quidem
1713 297 1876 344 dicitur
1891 297 2127 358 privative,

80 396 82 398 v
165 383 220 417 ex
238 370 331 415 hoc
352 369 526 415 scilicet
544 369 668 430 quod
692 383 787 415 non
812 370 951 415 habet
973 369 1188 425 formam,
1214 383 1354 429 quam
1374 379 1534 414 natum
1552 377 1622 413 est
1634 365 1827 411 habere:
1843 374 1890 411 et
1906 379 1987 424 per
2001 365 2125 409 hunc

82 447 90 463 ⁸
155 438 355 485 modum
381 438 544 483 dicitur
567 438 832 483 infinitum
820 453 867 483 m
889 438 1164 498 quantitate:
1197 436 1287 481 tale
1315 445 1468 481 autem
1499 435 1728 480 infinitum
1760 448 1815 478 ex
1846 432 1917 478 sui
1947 431 2125 476 ratione

74 504 93 527 ³
160 515 231 552 at
253 506 489 566 ignotum3
516 506 620 565 quia
646 505 822 550 scilicet
846 515 915 550 est
947 506 1075 564 quasi
1108 504 1298 548 materia
1335 518 1440 547 cum
1473 502 1727 562 privatione
1758 499 1952 554 formae,
1984 507 2034 542 ut
2065 499 2126 542 di-

62 590 93 628 ς
113 574 277 620 citur
305 587 341 632 3.
367 573 506 633 Phys.
533 573 635 631 (tex.
663 574 712 632 65
716 573 777 631 ..·)
805 572 956 617 omnis
984 581 1136 616 autem
1162 570 1367 648 cognitio
1392 580 1460 614 est
1483 584 1564 627 per
1590 569 1803 622 formam,
1834 565 1910 612 vel
1943 576 2123 621 actum;

59 670 77 692 4
161 639 226 687 sic
253 653 364 700 ergo
395 641 431 685 si
463 640 730 700 hujusmodi
762 639 991 685 infinitum
1023 638 1245 698 cognosci
1276 637 1440 682 debeat
1470 637 1725 681 secundum
1757 634 1950 680 modurn
1979 634 2123 695 ipsius

73 706 93 768 J
154 707 348 767 cogniti,
373 707 658 768 impossibile
683 717 753 752 est
778 706 901 767 quod
923 716 1254 766 cognoscatur:
1288 714 1357 750 est
1389 705 1511 749 enim
1542 703 1708 748 modus
1740 703 1898 763 ipsius,
1929 712 1978 747 ut
2010 701 2125 746 acci-

146 774 307 836 ·'piatur
330 789 432 834 pars
461 777 559 835 eius
584 785 689 835 post
714 786 905 834 partem,
933 784 982 819 ut
1007 774 1170 819 dicitur
1194 773 1241 817 in
1271 785 1309 832 3.
1336 771 1475 832 Phys.
1502 771 1605 830 (tex.
1638 771 1709 816 62.
1740 777 1779 816 et
1809 770 1920 830 63.).·
1956 779 2001 814 et
2029 769 2122 814 hoc

158 840 301 887 modo
325 855 486 887 verum
512 852 593 896 est,
620 842 742 901 quod
766 844 862 902 eJus
890 843 1188 901 quantitatem
1215 839 1556 899 accipientibus,
1583 838 1759 883 scilicet
1782 848 1909 897 parte
1932 846 2122 897 accepta

156 916 261 969 post
285 918 475 968 partem,
501 924 684 969 semper
709 919 778 954 est
803 909 971 968 aliquid
998 918 1122 953 extra
1144 908 1374 967 accipere:
1403 906 1482 951 sed
1504 906 1622 950 sicut
1647 904 1898 949 materialia
1930 914 2124 964 possunt

157 976 305 1035 accipi
330 976 384 1020 ab
411 975 646 1022 intellectu
668 976 1045 1030 immaterialiter,
1073 985 1118 1021 et
1138 974 1282 1020 multa
1304 974 1453 1019 unite:
1481 974 1543 1017 ita
1570 972 1744 1017 infinita
1768 982 1959 1032 possunt
1977 971 2123 1031 accipi

73 1045 81 1096 ζ
156 1043 213 1089 ab
238 1043 471 1089 intellectu
497 1058 591 1089 non
616 1060 697 1104 per
722 1045 914 1089 modum
939 1042 1116 1097 infiniti,
1145 1043 1223 1087 sed
1251 1042 1380 1102 quasi
1405 1040 1554 1095 finite;
1577 1050 1626 1084 ut
1651 1040 1715 1084 sic
1739 1053 1793 1083 ea
1816 1053 1931 1098 quae
1954 1049 2059 1083 sunt
2074 1038 2121 1082 in

155 1110 315 1170 seipsis
355 1111 545 1166 infinita,
578 1112 669 1156 sint
702 1113 747 1156 in
778 1110 1012 1156 intellectu
1046 1109 1372 1170 cognoscentis
1405 1108 1558 1162 finita3
1592 1115 1636 1151 et
1666 1106 1757 1150 hoc
1791 1106 1933 1150 modo
1969 1106 2121 1149 anima

64 1180 84 1240 [J
142 1176 329 1224 Christi
349 1179 436 1224 scit
459 1179 660 1234 infinita,
685 1178 1158 1238 inquantum-scilicet
1180 1178 1266 1222 scit
1291 1191 1344 1221 ea
1370 1190 1464 1220 non
1491 1174 1787 1219 discurrendo
1815 1188 1895 1232 per
1927 1172 2121 1232 singula,

153 1240 235 1291 sed
256 1246 302 1290 in
328 1243 482 1305 aliquo
509 1260 627 1300 uno;
649 1256 756 1306 puta
783 1246 829 1290 in
856 1245 1007 1306 aliqua
1029 1255 1250 1299 creatura,
1273 1244 1320 1288 in
1343 1244 1471 1302 cujus
1490 1241 1695 1303 potentia
1718 1241 1916 1285 existunt
1931 1238 2120 1293 infinita,

57 1318 61 1356 J
78 1311 86 1359 ⁵]
154 1321 201 1358 et
223 1312 532 1372 principaliter
556 1313 604 1357 in
625 1314 727 1372 ipso
754 1313 925 1358 Verbo.

239 1379 317 1425 AD
335 1393 595 1426 SECUNDUM
622 1381 880 1436 dicendum,
907 1380 1030 1441 quod
1055 1380 1170 1426 nihil
1195 1379 1419 1440 prohibet,
1448 1376 1617 1437 aliquid
1645 1390 1742 1421 esse
1769 1374 1998 1420 infinitum
2024 1389 2117 1419 uno

64 1449 85 1507 J
148 1447 307 1502 modo,
329 1448 451 1508 quod
479 1457 546 1493 est
572 1447 664 1492 alio
691 1449 833 1494 modo
859 1449 1063 1493 finitum:
1091 1449 1208 1494 sicut
1232 1448 1271 1492 si
1295 1446 1604 1505 imaginemur
1629 1446 1677 1489 in
1703 1442 2026 1503 quantitatibus
2049 1456 2119 1486 su-

53 1512 89 1581 ,ξιΓ
149 1513 400 1575 perficiem,
425 1528 542 1574 quae
568 1516 625 1560 sit
656 1516 909 1561 secundum
942 1516 1280 1576 longitudinem
1316 1513 1506 1568 infinita,
1545 1511 1800 1557 secundum
1830 1509 2119 1554 latitudinem

59 1610 70 1625 κ,
150 1590 306 1626 autem
325 1581 476 1637 finita3
499 1583 565 1627 sic
586 1583 723 1641 igitur
748 1585 783 1628 si
811 1593 964 1629 essent
999 1583 1162 1628 infiniti
1198 1582 1412 1627 homines
1439 1594 1652 1633 numero,
1676 1569 1898 1623 haberent
1930 1578 2117 1637 quidem

74 1664 80 1689 a
145 1647 420 1694 infinitatem
455 1651 707 1694 secundum
745 1650 930 1710 aliquid,
965 1650 1140 1696 scilicet
1175 1649 1430 1695 secundum
1463 1646 1829 1692 multitudinem·
1861 1645 2119 1690 secundum

146 1725 306 1761 tamen
338 1718 561 1762 essentiae
600 1718 826 1763 rationem
857 1718 1079 1763 haberent
1116 1717 1363 1773 finitatem3
1411 1728 1468 1762 eo
1516 1714 1640 1774 quod
1678 1713 1886 1758 omnium
1923 1712 2119 1757 essentia

3 1845 6 1851 ι
149 1793 271 1828 esset
290 1783 484 1828 limitata
504 1785 588 1828 sub
611 1786 787 1830 ratione
807 1786 939 1830 unius
967 1786 1158 1845 speciei:
1187 1785 1267 1830 sed
1284 1785 1330 1829 id
1351 1783 1475 1844 quod
1493 1792 1562 1827 est
1586 1780 1854 1840 simpliciter
1874 1779 2116 1834 infinitum,

2 1891 5 1915 s
149 1850 402 1896 secundum
429 1853 652 1896 essentiae
678 1853 918 1909 rationem,
945 1863 1012 1898 est
1028 1853 1168 1907 Deus,
1186 1863 1235 1897 ut
1250 1853 1296 1896 in
1325 1864 1362 1897 1.
1377 1851 1551 1895 dictum
1574 1858 1642 1893 est
1659 1848 1718 1906 (q.
1743 1861 1781 1907 7.
1804 1853 1886 1891 art.
1913 1846 1990 1904 2.).
2008 1846 2118 1891 Pro-

1 1924 4 1932 *
144 1918 295 1979 prium
324 1928 477 1963 autem
504 1919 738 1977 objectum
770 1916 1027 1965 intellectus
1059 1930 1127 1965 est
1151 1919 1259 1979 quod
1284 1919 1384 1979 quid
1408 1924 1479 1973 est,
1507 1926 1556 1960 ut
1587 1916 1751 1959 dicitur
1785 1929 1822 1973 3.
1856 1914 1912 1958 de
1943 1914 2116 1958 Anima

143 1984 250 2044 (tex.
274 1985 395 2044 26.)-‚·
423 1986 479 2029 ad
512 1986 635 2045 quod
666 1988 860 2045 pertinet
891 1988 1007 2033 ratio
1039 1988 1228 2047 speciei3
1262 1987 1326 2031 sic
1358 1986 1494 2045 igitur
1526 1984 1679 2027 anima
1712 1981 1900 2035 Christi,
1932 1990 2115 2040 propter

56 2060 86 2118 ᾗ
147 2051 238 2097 hoc
263 2053 387 2112 quod
412 2052 550 2098 habet
575 2056 874 2112 capacitatem
899 2055 1089 2113 finitam,
1116 2055 1160 2099 id
1186 2054 1308 2114 quod
1329 2062 1397 2099 est
1413 2051 1677 2110 simpliciter
1703 2048 1930 2093 infinitum
1955 2062 2116 2092 secun-

147 2118 258 2166 dum
283 2120 544 2175 essentiam,
571 2121 745 2166 scilicet
762 2123 930 2177 Deum,
949 2123 1128 2182 attingit
1150 2122 1349 2182 quidem,
1377 2119 1457 2165 sed
1478 2132 1571 2163 non
1596 2115 1957 2176 comprehendit,
1983 2125 2034 2159 ut
2054 2115 2115 2159 di-

143 2192 271 2232 {stum
288 2197 356 2231 est
371 2188 476 2246 (art.
502 2203 539 2233 1.
563 2189 648 2247 huj.
667 2203 691 2248 q
696 2190 760 2247 .).·
778 2189 821 2234 id
849 2199 1002 2235 autem
1017 2189 1260 2244 infinitum,
1286 2188 1442 2249 quod
1431 2203 1478 2231 1n
1505 2185 1721 2231 creaturis
1740 2194 1807 2228 est
1830 2183 1876 2227 in
1893 2182 2112 2242 potentia,

60 2277 108 2314 5²
141 2260 295 2315 petest
327 2255 657 2314 comprehendi
674 2256 728 2300 ab
747 2257 898 2301 anima
926 2256 1120 2302 Christi.
1154 2259 1259 2316 quia
1293 2264 1586 2314 comparatur
1612 2252 1696 2296 ad
1685 2266 1832 2328 ipsam
1858 2250 2112 2295 secundum

18 2369 24 2377 ,
142 2321 365 2368 “sentiae
382 2324 629 2367 rationem:
650 2338 704 2368 ex
727 2339 816 2384 qua
833 2335 960 2385 parte
982 2325 1253 2370 infinitatem
1269 2339 1363 2369 non
1381 2324 1542 2368 habet:
1570 2334 1680 2364 nam
1697 2319 1836 2363 etiam
1853 2317 2109 2363 intellectus

142 2397 299 2434 noster
322 2389 536 2450 intelligit
566 2391 835 2447 universale,
853 2402 960 2451 puta
985 2403 1197 2437 naturam
1227 2393 1420 2452 generis,
1442 2390 1517 2435 vel
1539 2387 1722 2449 speciei,
1743 2386 1866 2446 quod
1893 2386 2111 2446 quodam-

146 2456 287 2501 modo
313 2456 451 2502 habet
475 2457 761 2514 infinitatem,
787 2460 1058 2519 inquantum
1085 2470 1236 2520 potest
1259 2460 1316 2504 de
1343 2459 1527 2504 infinitis
1552 2455 1820 2516 praedicari.

58 2549 81 2589 'i
233 2522 311 2569 An
327 2535 543 2569 TERTmM
565 2525 822 2581 dicendum,
849 2527 972 2586 quod
1004 2527 1049 2571 id
1082 2527 1205 2587 quod
1232 2537 1301 2572 est
1324 2525 1552 2571 infinitum
1584 2522 1796 2568 omnibus
1823 2522 1988 2577 modis,
2013 2536 2108 2566 non

50 2591 66 2644 ᾗ,
144 2599 293 2654 potest
307 2605 409 2637 esse
428 2592 516 2637 nisi
533 2606 702 2649 unum;
727 2595 848 2640 unde
872 2604 915 2640 et
930 2594 1103 2640 Philos.
1130 2596 1265 2640 d1c1t
1254 2610 1300 2640 m
1332 2609 1367 2641 1.
1395 2594 1451 2639 de
1478 2591 1630 2638 Coelo
1648 2591 1750 2648 (tex.
1766 2604 1807 2634 2.
1828 2595 1868 2635 et
1887 2605 1909 2649 3
1913 2591 1961 2648 )‚
1985 2589 2107 2649 quod

49 2685 109 2723 25.
144 2657 251 2717 quia
275 2672 440 2718 corpus
468 2669 536 2704 est
562 2660 617 2704 ad
635 2675 825 2705 omnem
850 2671 1026 2720 partem
1048 2662 1452 2716 dimensionatum,
1467 2657 1750 2720 impossibile
1774 2666 1843 2701 est
1863 2670 1961 2702 esse
1978 2657 2107 2716 plura

52 2727 70 2772 ῥ’
144 2730 337 2784 corpora
367 2725 560 2771 infinita.
594 2727 631 2772 si
661 2737 816 2773 tamen
848 2728 1017 2789 aliquid
1051 2741 1168 2775 esset
1200 2729 1427 2775 infinitum
1460 2743 1553 2773 uno
1584 2725 1728 2770 modo
1766 2732 1959 2779 tantum,
1991 2723 2106 2769 nihil

143 2790 404 2850 prohiberet
432 2807 531 2838 esse
557 2793 688 2853 plura
717 2795 823 2840 talia
855 2796 1045 2851 infinita,
1079 2797 1196 2842 sicut
1227 2797 1265 2842 si
1295 2797 1654 2855 intelligeremus
1687 2791 1837 2852 plures
1869 2791 2012 2837 lineas
2043 2794 2107 2837 in-

1 2919 2 2922 *
141 2856 288 2905 finitas
319 2861 572 2906 secundum
602 2862 938 2922 longitudinem
971 2873 1222 2924 protractas
1255 2866 1301 2909 in
1336 2864 1486 2924 aliqua
1520 2863 1757 2923 superficie
1793 2863 1918 2909 finita
1950 2875 2106 2907 secun-

8 2971 13 2974 .
126 2923 253 2971 dum
283 2925 582 2973 latitudinem.
618 2929 742 2982 Quia
760 2931 894 2990 igitur
926 2931 1152 2976 infinitum
1181 2946 1276 2977 non
1303 2942 1370 2978 est
1391 2933 1639 2977 substantia
1666 2933 1907 2992 quaedam,
1933 2930 2011 2975 sed
2036 2944 2106 2973 ac-

6 3000 69 3055 μζ.-
141 2993 248 3038 cidit
276 2994 422 3049 rebus,
454 3010 570 3055 quae
603 2997 813 3042 dicuntur
844 2998 1060 3052 infinitae,
1090 3011 1138 3043 ut
1169 3000 1334 3044 dicitur
1363 3014 1399 3059 3.
1426 3000 1732 3058 Physicorum
1753 2999 1851 3057 (tex.
1866 3013 1928 3059 37.
1948 3005 1985 3043 et
1996 2996 2100 3057 38),

4 3095 16 3122 3
39 3114 48 3131 Γ
142 3059 258 3106 sieut
281 3060 510 3107 infinitum
526 3063 853 3122 multiplicatur
869 3067 1121 3111 secundum
1139 3067 1317 3112 diversa
1342 3068 1559 3126 subjecta,
1591 3068 1653 3112 ita
1678 3081 1865 3112 necesse
1888 3076 1955 3111 est
1980 3065 2103 3124 quod

141 3127 394 3186 proprietas
425 3129 585 3175 infiniti
617 3131 957 3191 multiplicetur,
993 3134 1054 3178 ita
1095 3134 1217 3193 quod
1256 3135 1500 3179 conveniat
1536 3135 1780 3194 unicuique
1817 3134 2001 3178 illorum
2038 3145 2102 3176 se-

2 3194 40 3239 zil.
141 3193 340 3239 cundum
369 3195 481 3240 illud
513 3198 788 3277 subjectum:
816 3210 884 3244 est
909 3210 1062 3245 autem
1101 3201 1326 3260 quaedam
1365 3202 1616 3260 proprietas
1642 3201 1819 3255 infiniti,
1853 3199 1976 3259 quod
2007 3198 2102 3242 infi-

142 3259 241 3304 nito
264 3275 359 3306 non
390 3262 448 3308 sit
473 3262 642 3324 aliquid
669 3267 841 3325 majus3
874 3267 938 3311 sic
965 3267 1103 3325 igitur
1125 3268 1163 3312 si
1190 3268 1468 3328 accipiamus
1495 3282 1634 3312 unam
1666 3268 1835 3312 lineam
1861 3266 2100 3320 infinitam,

50 3392 51 3395 Ἰ
138 3323 203 3370 in
225 3326 303 3372 ina
342 3342 436 3373 non
472 3340 542 3375 est
583 3330 750 3391 aliquid
790 3335 939 3392 majus
979 3334 1180 3379 infinito:
1215 3345 1259 3380 et
1299 3335 1507 3379 similiter
1548 3338 1584 3379 si
1627 3335 1903 3413 accipiamus
1946 3346 2102 3392 quam-

140 3403 335 3453 cumque
366 3395 559 3441 aliarum
583 3397 809 3444 linearum
839 3399 1132 3457 infinitarum,
1167 3401 1459 3446 manifestum
1492 3412 1560 3447 est
1591 3402 1713 3460 quod
1747 3401 2098 3460 uniuscuiusque

39 3522 43 3525 Δ
141 3472 296 3505 earum
322 3472 472 3519 partes
497 3472 601 3508 sunt
626 3464 848 3521 infinitae;
882 3477 1063 3525 oportet
1098 3482 1224 3527 ergo,
1257 3469 1380 3528 quod
1407 3469 1619 3512 omnibus
1651 3467 1740 3512 illis
1772 3468 1973 3527 partibus
2004 3466 2100 3511 infi-

139 3525 244 3571 nitis
273 3540 368 3572 non
399 3528 456 3572 sit
486 3528 654 3588 aliquid
684 3534 835 3591 majus
866 3533 912 3577 in
943 3532 1022 3577 illa
1047 3533 1192 3579 linea:
1229 3545 1384 3579 tamen
1416 3536 1460 3578 in
1505 3534 1590 3578 alia
1623 3534 1757 3588 linea,
1795 3544 1839 3579 et
1881 3535 1926 3579 in
1966 3534 2098 3580 tertia

0 3601 57 3649 ,ἢ
142 3602 273 3639 erunt
295 3593 447 3652 plures
466 3605 615 3655 partes
636 3597 774 3643 etiam
798 3598 1000 3645 infinitae
1025 3610 1202 3660 praeter
1221 3601 1354 3656 istas3
1381 3611 1426 3646 et
1451 3601 1541 3646 hoc
1565 3601 1704 3646 etiam
1720 3601 1964 3646 videmus
1954 3616 1999 3646 1n
2021 3616 2101 3646 nu-
