2352 3926
548 201 828 248 QUAESTIO
868 200 1015 240 LXIV.
1053 199 1364 241 ARTICULUS
1402 197 1516 238 vm.
1905 197 2007 252 541

2 292 6 295 μ
52 307 354 369 corporalem,
376 316 422 353 et
443 306 499 351 ad
520 305 695 359 ludum,
725 313 770 349 et
791 304 848 350 ad
871 303 1015 349 multa
1041 302 1130 348 alia
1150 302 1440 360 hujusmodi:
1469 311 1513 347 et
1537 300 1642 346 ideo
1675 309 1871 360 oportet,
1893 299 2016 360 quod

52 374 376 423 determinetur
402 374 457 417 ad
490 387 647 426 unum,
678 372 795 416 idest
831 371 886 415 ad
919 370 1301 416 sacramentalem
1341 368 1557 415 effectum
1598 382 1678 428 per
1713 368 2016 414 intentionem

54 441 304 491 abluentis:
329 451 374 485 et
394 441 509 485 haec
541 438 734 484 intentio
756 438 1019 496 exprimitur
1041 452 1120 496 per
1141 438 1292 491 verba,
1325 451 1441 496 quae
1468 439 1514 480 in
1540 435 1838 480 sacramentis
1861 435 2019 479 dicun-

51 520 126 555 tur
142 524 157 554 :.
181 519 288 569 puta
311 522 416 553 cum
438 507 570 552 dicit:
596 522 619 548 α
642 506 742 565 Ego
768 515 812 550 te
838 505 1022 565 baptizo
1044 505 1091 548 in
1118 504 1309 549 nomine
1342 503 1501 556 Patris,
1529 513 1614 547 etc.
1633 519 1674 547 n.

141 576 219 622 AD
245 587 433 622 numum
459 587 571 632 ergo
603 572 862 628 dicendum,
895 572 1018 629 quod
1045 572 1398 615 instrumentum
1424 570 1727 614 inanimatum
1758 583 1854 613 non
1879 568 2020 613 habet

55 642 257 702 aliquam
289 641 592 686 intentionem
626 649 834 697 respectu
866 637 1076 690 effectus;
1103 638 1181 682 sed
1208 637 1315 682 loco
1342 638 1606 682 intentionis
1633 647 1701 681 est
1726 646 1894 690 motus,
1927 649 2019 695 quo

54 720 266 755 movetur
288 723 313 754 a
335 706 572 767 principali
594 717 777 765 agente:
800 706 878 750 sed
900 705 1253 749 instrumentum
1278 707 1547 758 animatum,
1570 706 1686 749 sicut
1707 715 1776 749 est
1797 705 2021 758 minister,

54 791 150 824 non
173 775 326 821 solum
347 784 571 826 movetur,
593 773 672 817 sed
699 773 837 817 etiam
859 772 1205 830 quodammodo
1234 777 1389 815 movet
1410 772 1627 830 seipsum,
1649 772 1921 831 inquantum
1938 785 2022 816 sua

55 842 291 890 voluntate
312 851 471 886 movet
492 840 698 884 membra
716 840 772 884 ad
801 839 1108 898 operandum;
1131 848 1176 883 et
1195 839 1301 882 ideo
1328 839 1568 898 requiritur
1591 840 1686 897 ejus
1709 839 1914 892 intentio,
1933 851 2023 897 qua

56 910 335 968 sesubjiciat
359 906 597 968 principali
622 906 790 965 agenti,
827 916 876 949 ut
897 905 1073 950 scilicet
1094 905 1298 950 intendat
1319 904 1484 959 facere,
1517 906 1640 964 quod
1661 905 1771 949 facit
1792 905 2021 959 Christus,

57 987 105 1024 et
122 976 343 1023 Ecclesia.

147 1045 225 1089 AD
257 1054 518 1088 SECUNDUM
559 1039 817 1093 dicendum,
850 1039 974 1098 quod
1011 1039 1133 1084 circa
1174 1039 1264 1083 hoc
1303 1049 1371 1084 est
1406 1038 1570 1098 duplex
1623 1039 1809 1098 opinio:
1846 1038 2020 1097 quidam

0 1148 2 1150 .
60 1111 184 1160 enim
210 1110 380 1163 dicunt,
405 1107 527 1167 quod
546 1107 784 1166 requiritur
806 1105 1018 1151 mentalis
1043 1106 1237 1151 intentio
1254 1107 1299 1150 in
1317 1106 1551 1160 ministro;
1578 1121 1694 1165 quae
1717 1107 1755 1150 si
1778 1106 1908 1159 desit,
1925 1119 2021 1150 non

0 1209 3 1212 -
61 1177 291 1239 perficitur
316 1185 676 1220 sacramentum:
705 1174 782 1218 sed
809 1174 931 1218 hunc
959 1173 1187 1218 defectum
1214 1175 1258 1218 in
1286 1174 1450 1232 pueris,
1469 1174 1547 1233 qui
1571 1188 1666 1217 non
1691 1174 1862 1218 habent
1882 1173 2025 1217 inten-

0 1239 2 1272 ἶ
59 1247 236 1292 tionem
261 1242 511 1288 accedendi
543 1242 599 1286 ad
625 1250 979 1294 sacramentum,
1011 1241 1190 1299 supplet
1221 1240 1447 1295 ChristuS,
1479 1241 1557 1300 qui
1587 1241 1775 1285 interius
1805 1241 2025 1299 baptizat;

61 1313 110 1358 in
135 1310 299 1357 adultis
326 1319 494 1363 autem,
520 1309 598 1368 qui
622 1308 862 1353 intendunt
887 1319 1224 1353 sacramentum
1257 1308 1502 1367 suscipere,
1533 1308 1715 1367 supplet
1743 1307 1876 1353 illum
1908 1306 2027 1351 defe-

1 1390 4 1391 ’
61 1389 187 1424 ctum
209 1377 334 1430 fides,
361 1387 405 1420 et
430 1376 628 1420 devotio.
666 1375 756 1419 Sed
792 1376 882 1419 hoc
909 1375 1017 1420 satis
1043 1386 1196 1434 posset
1222 1375 1326 1429 dici,
1352 1386 1574 1434 quantum
1602 1375 1658 1419 ad
1684 1375 1897 1420 ultimum
1924 1374 2028 1419 effe-

0 1443 7 1497 }
63 1456 204 1500 ctum,
231 1444 309 1503 qui
326 1453 392 1488 est
408 1442 668 1502 justificatio
692 1457 718 1486 a
739 1443 960 1500 peccatis;
987 1442 1067 1487 sed
1090 1451 1311 1501 quantum
1337 1443 1394 1487 ad
1421 1441 1650 1497 effectum,
1676 1443 1754 1502 qui
1780 1453 1848 1487 est
1872 1456 1958 1495 res,
1982 1451 2028 1486 et

0 1510 17 1571 5
64 1521 419 1564 sacramentum,
445 1510 620 1556 scilicet
645 1520 863 1569 quantum
893 1511 949 1554 ad
976 1510 1303 1564 characterem,
1329 1524 1423 1555 non
1440 1511 1617 1555 videtur
1638 1511 1762 1570 quod
1784 1525 1865 1570 per
1891 1511 2028 1554 devo-

0 1574 17 1616 3*
63 1581 240 1628 tionem
266 1577 524 1623 accedentis
549 1579 693 1635 possit
717 1576 934 1636 suppleri:
957 1577 1063 1636 quia
1090 1577 1325 1622 character
1350 1592 1585 1636 nunquam
1619 1578 1908 1637 imprimitur,
1940 1577 2028 1621 nisi

0 1627 19 1709 Ξῖ
65 1662 144 1708 per
168 1655 538 1698 sacramentum3
566 1654 610 1689 et
635 1644 740 1688 ideo
768 1644 845 1688 alii
870 1642 1033 1688 melius
1061 1645 1229 1698 dicunt,
1252 1645 1374 1703 quod
1400 1645 1606 1689 minister
1631 1645 1906 1690 sacramenti
1931 1646 2027 1704 agit

0 1717 15 1775 J?
65 1715 114 1762 in
138 1726 334 1774 persona
349 1712 488 1756 totius
515 1710 765 1764 Ecclesiae,
784 1713 913 1770 cujus
940 1720 1007 1755 est
1033 1711 1262 1765 minister3
1280 1712 1326 1756 in
1352 1712 1500 1756 verbis
1518 1723 1686 1766 autem,
1708 1726 1824 1771 quae
1844 1710 2031 1771 profert,

0 1781 19 1834 I„
67 1780 331 1841 exprimitur
355 1778 547 1823 intentio
574 1778 832 1832 Ecclesiae3
860 1792 976 1837 quae
1003 1777 1168 1822 sufficit
1202 1779 1257 1823 ad
1280 1778 1609 1838 perfectionem
1636 1779 1910 1823 sacramenti
1940 1778 2030 1823 nisi

68 1847 349 1901 contrarium
365 1845 560 1890 exterius
577 1846 855 1903 exprimatur
872 1859 925 1889 ex
942 1855 1068 1903 parte
1088 1846 1294 1899 ministri,
1312 1846 1387 1890 vel
1401 1847 1658 1904 recipientis
1675 1856 2030 1891 sacramentum.

0 1894 21 1966 {L
157 1914 234 1961 AD
267 1925 484 1959 TERTmM
520 1912 781 1966 dicendum,
823 1913 945 1971 quod
978 1911 1085 1956 licet
1115 1911 1192 1956 ille
1226 1914 1302 1971 qui
1344 1912 1466 1957 aliud
1509 1914 1695 1972 cogitat,
1735 1928 1831 1957 non
1862 1913 2032 1958 habeat

7 1972 29 2030 ῗΪ
69 1980 298 2033 actualem
319 1980 637 2034 intentionem,
661 1980 799 2024 habet
822 1990 976 2024 tamen
998 1980 1301 2026 intentionem
1323 1980 1618 2034 habitualem,
1645 1995 1761 2040 quae
1788 1979 1953 2025 sufficit
1975 1981 2032 2025 ad

4 2011 43 2111 ξ
71 2041 403 2111 perfectionem
429 2047 725 2092 sacramenti:
758 2056 866 2106 puta
899 2061 1006 2091 cum
1032 2047 1246 2091 sacerdos
1278 2047 1500 2092 accedens
1534 2048 1589 2092 ad
1615 2047 1940 2107 baptizandum
1970 2047 2035 2091 in·

0 2110 34 2159 ἵζ’·
70 2116 217 2170 tendit
239 2115 389 2161 facere
411 2114 532 2159 circa
557 2114 892 2173 baptizandum,
918 2114 1041 2173 quod
1066 2113 1176 2158 facit
1201 2114 1428 2159 Ecclesia:
1457 2116 1576 2159 unde
1598 2115 1637 2159 si
1662 2125 1822 2174 postea
1858 2115 1906 2158 in
1931 2115 2032 2174 ipso

0 2143 44 2271 ξῖ,
70 2182 288 2235 exercitio
313 2191 440 2227 actus
473 2182 693 2240 cogitatio
720 2181 815 2238 ejus
852 2181 908 2225 ad
935 2180 1023 2225 alia
1049 2182 1261 2240 rapiatur,
1287 2196 1342 2226 ex
1366 2182 1532 2227 virtute
1557 2184 1731 2240 primae
1766 2182 2033 2226 intentionis

0 2248 37 2314 ξές
69 2249 299 2312 perficitur
315 2259 668 2294 sacramentum.
689 2247 918 2301 Quamvis
934 2248 1136 2293 studiose
1154 2262 1311 2293 curare
1334 2249 1497 2293 debeat
1517 2251 1791 2294 sacramenti
1812 2249 2035 2302 minister,

71 2328 123 2366 ut
147 2318 283 2363 etiam
311 2316 539 2362 actualem
564 2317 867 2361 intentionem
893 2316 1131 2361 adhibeat:
1160 2316 1239 2361 sed
1266 2317 1357 2360 hoc
1383 2331 1478 2361 non
1505 2326 1573 2361 est
1596 2316 1797 2361 totaliter
1827 2316 2030 2376 positum

0 2359 35 2434 1}
70 2384 341 2439 inwhominis
365 2393 615 2444 potestate3
642 2384 748 2442 quia
770 2393 948 2442 praeter
974 2383 1292 2437 intentionem,
1320 2397 1427 2428 cum
1452 2384 1597 2428 homo
1623 2383 1721 2428 vult
1742 2384 1939 2429 multum
1964 2384 2033 2428 in-

0 2434 45 2510 ἓ
73 2452 275 2507 tendere,
291 2451 449 2510 incipit
469 2450 558 2496 alia
575 2450 792 2510 cogitare,
810 2450 1062 2495 secundum
1084 2450 1196 2495 illud
1218 2451 1337 2495 Psal.
1360 2465 1443 2511 39.:
1465 2452 1552 2497 Cor
1568 2467 1706 2496 meum
1722 2451 1940 2511 dereliquit
1955 2466 2035 2497 me.

785 2626 1221 2685 ARTICULUS
1255 2628 1353 2684 1x.
1953 2643 2036 2703 358

190 2761 383 2802 UTRUM
419 2753 575 2803 1²1D'Es
615 2762 858 2803 MINlSTRI
898 2764 983 2803 SIT
1025 2765 1098 2802 DE
1136 2764 1512 2804 NECESSITATE
1553 2764 1919 2805 SACRAMENTI.

685 2871 747 2929 (4.
773 2873 886 2918 Dist.
915 2873 956 2918 6.
984 2888 1021 2932 q.
1049 2889 1084 2918 1.
1112 2879 1193 2918 art.
1221 2888 1255 2919 r.
1284 2889 1321 2933 q.
1350 2874 1428 2932 2.).

41 3017 43 3047 3
57 3015 94 3047 393
169 2982 248 3029 An
274 2994 453 3028 nomm
476 2980 542 3027 sic
568 2982 841 3040 proceditur.
865 2983 1070 3039 Videtur,
1097 2985 1219 3044 quod
1246 2985 1356 3030 fides
1382 2986 1578 3031 ministri
1603 2986 1660 3030 sit
1681 2985 1737 3030 de
1762 2984 2035 3030 necessitate

43 3056 47 3112 'J
58 3049 67 3095 ἕ
79 3050 377 3103 sacramenti:
402 3049 518 3094 sicut
534 3049 656 3094 enim
677 3049 848 3096 dictum
866 3061 934 3096 est
953 3053 1055 3109 (art.
1073 3054 1254 3112 praec),
1275 3053 1467 3098 intentio
1485 3053 1678 3098 ministri
1694 3063 1762 3097 est
1782 3051 2040 3097 necessaria

82 3118 141 3177 ad
165 3116 439 3163 sacramenti
459 3114 810 3175 perfectionem:
842 3117 921 3163 sed
951 3134 975 3160 α
1001 3118 1125 3165 fides·
1143 3120 1446 3166 intentionem
1474 3121 1625 3179 dirigit
1647 3137 1689 3173 »,
1716 3130 1765 3164 ut
1790 3120 1910 3177 Aug.
1931 3117 2041 3164 dicit

45 3124 243 3245 {contra
262 3183 494 3243 Julianum
519 3182 702 3243 (implic.
728 3183 798 3228 lib.
829 3197 872 3241 4.
898 3193 990 3245 cap.
1011 3201 1047 3245 3.
1081 3186 1135 3232 ad
1159 3188 1240 3246 fin.
1263 3195 1302 3233 ct
1326 3197 1504 3248 expresse
1530 3190 1576 3231 in
1597 3188 1736 3246 praef.
1764 3186 1819 3231 ad
1844 3186 1955 3231 Psal.
1977 3201 2039 3245 31.

50 3242 236 3315 &parum
261 3257 355 3296 ante
379 3250 504 3308 med.)
518 3265 535 3303 ;
563 3263 674 3309 ergo
700 3251 737 3294 si
762 3250 878 3295 desit
901 3266 1009 3298 vera
1034 3252 1145 3299 fides
1177 3254 1223 3298 in
1250 3255 1474 3308 ministro,
1506 3268 1601 3299 non
1634 3253 1863 3313 perficitur
1893 3266 2041 3297 sacra·

52 3306 308 3378 {intentum

79 3411 85 3420 „
106 3429 123 3443 ς,
175 3398 217 3431 2.
244 3385 547 3431 Pium-enm.
581 3382 631 3428 Si
666 3382 872 3428 minister
901 3384 1133 3431 Ecclesiae
1164 3401 1320 3432 veram
1360 3387 1498 3432 fidem
1525 3401 1617 3431 non
1653 3386 1834 3440 habeat,
1865 3386 2042 3432 videtur

72 3492 83 3513 ς,
108 3502 113 3509 ,
211 3452 467 3499 haereticus
484 3466 498 3495 2
523 3450 601 3496 sed
626 3450 858 3505 haeretici,
875 3460 924 3496 ut
947 3452 1138 3508 videtur,
1163 3468 1257 3499 non
1284 3465 1475 3514 possunt
1500 3463 1786 3500 sacramenta
1809 3452 2040 3500 conferre:

58 3490 198 3577 55licit
219 3518 345 3565 enirn
372 3517 630 3578 Cyprianus
660 3517 708 3562 in
740 3517 869 3575 epist.
900 3528 1060 3564 contra
1099 3520 1356 3567 haereticos
1387 3522 1482 3578 (sub
1498 3522 1579 3579 fin.
1606 3526 1643 3565 et
1672 3526 1728 3567 est
1757 3534 1821 3568 12.
1848 3520 1920 3566 lib.
1946 3520 2007 3578 r.)
2024 3534 2039 3565 .·

60 3573 75 3589 ’1

61 3590 119 3663 ζμ
144 3585 332 3642 Omnia,
353 3598 671 3645 quaecumque
695 3582 866 3631 faciunt
881 3584 1114 3641 haeretici,
1133 3587 1335 3634 carnalia
1359 3597 1477 3641 sunt,
1494 3597 1540 3632 et
1563 3587 1731 3641 inania,
1757 3597 1803 3634 et
1825 3585 1955 3643 falsa,
1977 3587 2042 3635 ita
