2352 3926
35 3497 47 3542 ᾗ.

35 3542 52 3577 Σ»

36 3578 47 3607 tl

665 217 947 272 Quassrto
988 216 1156 257 Lxxn.
1194 179 1504 257 ant-mutus
1544 215 1600 254 11.
2001 199 2070 267 63
2076 214 2102 268 3

151 318 308 367 oleum
341 321 562 380 competit
597 320 814 366 materiae
849 320 984 380 huius
1019 318 1307 366 sacramenti.
1343 316 1637 363 Admiscetur
1674 324 1827 360 autem
1852 313 2111 358 balsamum

150 397 335 448 propter
368 386 663 447 fragrantiam
698 387 868 443 odoris,
903 402 1019 448 quae
1055 386 1278 431 redundat
1311 385 1366 430 ad
1404 384 1547 439 alios;
1584 384 1702 428 unde
1738 382 1901 442 Apost.
1933 380 2044 425 dicit
2070 394 2110 424 2.

152 452 363 499 Corinth.
393 468 454 499 2.:
483 454 642 499 Christi
663 456 790 499 bonus
821 454 924 499 odor
948 469 1088 499 sumus
1113 455 1221 508 Deo,
1250 462 1334 497 etc.
1362 452 1418 496 Et
1443 451 1550 495 licet
1571 449 1715 495 multa
1742 448 1829 494 alia
1851 449 1940 493 sint
1966 446 2115 492 odori-

151 518 264 575 fera,
300 531 454 565 tamen
481 522 721 581 praecipue
749 522 968 580 accipitur
993 521 1248 564 balsamum
1277 530 1458 579 propter
1491 520 1596 573 hoc,
1630 518 1752 578 quod
1785 518 1921 576 habet
1947 514 2116 576 praeci-

152 603 293 648 puum
322 589 529 644 odorem,
547 598 591 633 et
608 589 713 648 quia
733 589 870 632 etiam
888 588 1278 647 incorruptionem
1297 596 1515 646 praestat;
1540 586 1659 630 unde
1677 584 1817 630 Eccli.
1835 597 1904 639 24.
1923 582 2086 627 dicitur
2104 598 2113 626 :

128 712 132 717 1
155 657 291 713 Quasi
317 656 547 700 balsamum
578 670 660 700 non
693 657 871 699 mixtum
905 655 1007 698 odor
1037 670 1161 699 meus.

244 723 320 766 AD
346 736 533 767 PRIMUM
550 737 659 781 ergo
678 721 938 775 dicendum,
965 722 1087 780 quod
1106 721 1315 765 Christus
1335 736 1387 765 ex
1404 730 1627 779 potestate
1645 719 1956 773 excellentiae,
1974 731 2113 778 quarn

156 784 293 833 habet
318 789 363 832 in
391 789 701 842 sacramentis,
735 788 927 832 contulit
959 787 1179 847 apostolis
1212 802 1309 831 rem
1341 788 1476 846 hujus
1509 788 1799 841 sacramenti,
1832 787 1949 830 idest
1980 784 2118 844 pleni-

154 856 362 900 tudinem
390 856 581 915 Spiritus
609 856 765 900 Sancti
782 855 879 899 sine
895 865 1209 909 sacrament03
1237 869 1292 898 eo
1313 855 1435 913 quod
1451 857 1532 914 ipsi
1543 857 1763 914 primitias
1776 855 1955 913 Spiritus
1973 853 2117 898 Sancti

155 929 417 983 acceperunt,
439 923 555 967 sicut
580 923 742 966 dicitur
759 922 956 966 Roman.
984 922 1025 965 8.
1052 921 1363 966 Nihilominus
1390 932 1545 966 tamen
1574 922 1742 980 aliquid
1770 920 2008 965 conforme
2026 933 2118 963 ma-

155 989 296 1034 teriae
327 989 461 1048 hujus
494 988 768 1034 sacramenti
803 988 1054 1033 exhibitum
1089 987 1174 1032 fuit
1219 987 1439 1047 apostolis
1477 988 1747 1032 sensibiliter
1786 989 1834 1033 in
1866 987 2114 1032 conatione

158 1055 350 1116 Spiritus
377 1055 546 1101 Sancti.
577 1055 717 1109 Quod
744 1055 867 1100 enim
894 1054 1166 1100 sensibiliter
1192 1055 1385 1114 Spiritus
1413 1055 1608 1100 Sanctus
1634 1069 1769 1114 super
1786 1069 1864 1100 eos
1885 1054 2119 1100 descendit

156 1123 205 1167 in
229 1123 380 1183 specie
395 1123 528 1182 ignis,
554 1123 611 1167 ad
628 1123 840 1168 eamdem
866 1122 1248 1182 significationem
1271 1121 1474 1177 refertur,
1493 1123 1548 1166 ad
1571 1137 1710 1182 quam
1731 1122 1920 1167 refertur
1941 1122 2117 1166 oleum:

157 1189 245 1235 nisi
270 1191 392 1249 quod
417 1186 536 1249 ignis
567 1189 705 1234 habet
735 1190 831 1234 vim
864 1190 1076 1244 activam,
1110 1190 1266 1234 oleum
1299 1199 1452 1234 autem
1485 1189 1622 1234 habet
1654 1189 1748 1234 vim
1779 1189 2025 1248 passivam,
2056 1187 2120 1231 in-

158 1266 379 1316 quantum
406 1266 473 1302 est
498 1257 703 1311 materia,
730 1267 775 1301 et
799 1256 1057 1302 fomentum
1082 1257 1225 1316 ignis;
1253 1267 1298 1301 et
1329 1257 1420 1301 hoc
1446 1257 1554 1302 satis
1581 1257 1885 1316 competebat,
1910 1270 2019 1300 nam
2041 1269 2121 1315 per

162 1322 396 1383 apostolos
433 1324 578 1383 gratia
614 1323 807 1383 Spiritus
842 1324 999 1368 Sancti
1036 1334 1132 1369 erat
1159 1325 1214 1368 ad
1251 1324 1365 1368 alios
1407 1324 1664 1369 derivanda.
1699 1324 1846 1383 Super
1886 1322 2121 1383 apostolos

158 1390 297 1435 etiam
315 1387 508 1449 Spiritus
525 1390 719 1435 Sanctus
746 1391 979 1435 descendit
1002 1391 1051 1435 in
1076 1390 1221 1450 figura
1247 1391 1453 1450 linguae:
1481 1392 1604 1451 quod
1632 1391 1688 1435 ad
1714 1391 1838 1436 idem
1865 1389 2119 1449 significan-

160 1457 271 1501 dum
297 1456 501 1512 refertur,
527 1457 650 1517 quod
671 1457 897 1517 significat
921 1457 1198 1513 balsamum3
1227 1458 1315 1502 nisi
1339 1458 1462 1518 quod
1484 1458 1638 1517 lingua
1656 1473 1737 1518 per
1752 1458 2038 1503 locutionem
2055 1467 2125 1502 est

111 1524 123 1534 ‘
163 1524 551 1568 communicativa
578 1525 634 1569 ad
661 1524 870 1579 alterum,
895 1524 1152 1569 balsamum
1176 1540 1288 1570 vero
1315 1540 1395 1585 per
1417 1526 1627 1580 odorem,
1671 1526 1778 1585 quia
1804 1524 1980 1582 scilicet
2016 1538 2123 1584 apo-

163 1590 271 1636 stoli
296 1590 583 1650 replebantur
610 1591 778 1651 Spiritu
805 1591 991 1646 Sancto,
1009 1602 1058 1636 ut
1073 1591 1177 1636 fidei
1205 1593 1444 1648 doctores3
1472 1592 1548 1640 alii
1575 1603 1727 1637 autem
1753 1591 1924 1646 fideles,
1952 1602 2001 1636 ut
2021 1605 2126 1651 ope-

162 1668 337 1703 ratores
360 1672 535 1712 eorum,
562 1673 677 1718 quae
704 1658 928 1718 pertinent
953 1659 1008 1703 ad
1037 1659 1402 1704 aedificationem
1421 1659 1638 1704 fidelium.
1669 1659 1888 1703 Similiter
1910 1659 2048 1704 etiam
2068 1658 2124 1702 ad

163 1725 508 1785 impositionem
542 1740 703 1770 manus
737 1725 1065 1785 apostolorum,
1099 1736 1143 1770 et
1175 1727 1314 1771 etiam
1348 1727 1403 1771 ad
1437 1741 1598 1771 eorum
1632 1726 2022 1786 praedicationem
2054 1725 2128 1770 de·

166 1792 411 1850 scendebat
431 1791 662 1852 plenitudo
691 1792 883 1852 Spiritus
911 1793 1068 1837 Sancti
1093 1808 1226 1851 super
1253 1793 1408 1838 fideles
1436 1795 1516 1837 sub
1543 1793 1792 1838 visibilibus
1818 1794 1974 1852 signis,
2007 1793 2125 1838 sicut

167 1871 212 1905 et
229 1875 255 1904 a
271 1860 494 1919 principio
513 1860 809 1905 descenderat
835 1876 972 1920 super
1002 1860 1250 1920 apostolos.
1274 1861 1405 1905 Unde
1422 1861 1580 1906 Petrus
1614 1861 1723 1905 dicit
1753 1861 1856 1904 Act.
1893 1874 1982 1904 11.:
2018 1860 2126 1904 Cum

165 1929 380 1988 coepissem
416 1927 546 1986 loqui,
580 1927 724 1972 cecidit
761 1928 940 1987 Spiritus
971 1929 1146 1973 Sanctus
1169 1936 1292 1987 super
1323 1943 1402 1983 eos,
1435 1930 1540 1973 sicut
1575 1934 1612 1972 et
1647 1930 1692 1971 in
1719 1943 1792 1972 nos
1822 1929 1867 1971 in
1902 1928 2038 1971 initio.
2070 1926 2127 1970 Et

164 1993 270 2039 ideo
311 2008 406 2038 non
449 2004 545 2038 erat
583 1997 840 2049 necessaria
879 1995 1101 2040 sensibilis
1151 1996 1343 2040 materia
1384 1995 1742 2050 sacramentalis,
1779 1996 1856 2039 ubi
1897 1993 2125 2039 sensibilia

165 2061 297 2120 signa
317 2060 591 2105 miraculose
614 2061 939 2106 exhibebantur
965 2062 1192 2107 divinitus.
1221 2063 1475 2107 Utebantur
1506 2073 1659 2107 tamen
1701 2061 1899 2121 apostoli
1921 2075 2126 2106 commu-

168 2127 286 2173 niter
308 2127 554 2172 chrismate
578 2130 623 2172 in
650 2128 926 2173 exhibitione
952 2129 1241 2183 sacramenti,
1268 2130 1450 2189 quando
1476 2130 1743 2188 hujusmodi
1772 2128 1966 2173 visibilia
1998 2128 2128 2188 signa

167 2209 263 2240 non
290 2195 628 2240 exhibebantur.
646 2196 771 2240 Dicit
796 2196 918 2240 enim
941 2185 1138 2256 Dionys.
1154 2209 1196 2252 4.
1216 2211 1314 2255 cap.
1337 2197 1511 2242 Eccles.
1530 2197 1767 2241 Hierarch.
1787 2196 1883 2253 (eir.
1898 2196 2127 2256 princip.).·

105 2309 111 2313 ,
172 2279 196 2305 α
220 2262 302 2307 Est
326 2263 550 2322 quaedam
577 2261 824 2322 perfectiva
849 2264 1071 2323 operatio,
1099 2279 1236 2324 quam
1264 2265 1403 2309 duces
1433 2264 1578 2309 nostri
1603 2264 1740 2322 (idest
1767 2262 1982 2323 apostoli)
2017 2261 2131 2307 chri-

171 2330 330 2376 smatis
357 2330 556 2374 hostiam
582 2330 824 2375 nominant
848 2348 890 2374 ».

258 2397 336 2443 AD
369 2410 631 2443 SECUNDUM
667 2397 926 2452 dicendum,
968 2398 1090 2457 quod
1130 2398 1382 2458 baptismus
1417 2399 1546 2443 datur
1578 2398 1635 2442 ad
1677 2396 1958 2457 spiritualem
1989 2395 2130 2440 vitam

171 2463 438 2526 simpliciter
465 2464 851 2523 consequendam,
870 2474 915 2509 et
930 2465 1034 2509 ideo
1062 2466 1284 2525 competit
1307 2465 1376 2510 illi
1400 2474 1687 2510 sacramento
1710 2466 1901 2509 materia
1918 2462 2130 2522 simplex:

172 2530 253 2575 sed
275 2531 367 2576 hoc
389 2541 728 2575 sacramentum
755 2531 885 2576 datur
911 2533 967 2576 ad
992 2532 1321 2591 plenitudinem
1350 2533 1721 2592 consequendam
1745 2532 1937 2591 Spiritus
1961 2529 2132 2584 Sancti,

173 2597 300 2656 cujus
327 2607 396 2642 est
419 2597 711 2643 multiformis
738 2599 960 2659 operatio,
992 2600 1245 2644 secundum
1276 2599 1387 2644 illud
1421 2600 1527 2660 Sap.
1557 2614 1621 2658 7.:
1647 2601 1724 2645 Est
1738 2601 1848 2645 enim
1879 2601 1925 2643 in
1941 2598 2015 2643 illa
2045 2598 2133 2656 Spi-

172 2665 277 2708 ritus
306 2664 592 2723 intelligentiae
622 2672 799 2720 sanctus,
838 2668 999 2721 unicus,
1025 2668 1261 2727 multiplex,
1289 2677 1334 2712 et
1364 2682 1399 2711 1.
1429 2667 1484 2711 ad
1514 2667 1722 2712 Corinth.
1756 2679 1821 2711 12.
1844 2665 2030 2710 dicitur:
2053 2665 2133 2709 Di-

172 2731 374 2775 visionem
403 2733 649 2790 gratiarum
674 2739 782 2787 sunt,
814 2733 922 2778 idem
949 2740 1084 2780 autem
1105 2735 1296 2795 Spiritus.
1330 2734 1386 2778 Et
1410 2734 1515 2779 ideo
1550 2734 1874 2779 convenienter
1898 2733 2034 2791 hujus
2067 2745 2134 2775 sa-

176 2797 398 2842 cramenti
422 2808 491 2842 est
514 2799 704 2843 materia
731 2802 1000 2859 composita.

265 2864 342 2908 AD
360 2876 577 2910 TERTIUM
594 2864 853 2921 dicendum,
871 2868 991 2926 quod
1009 2868 1308 2928 proprietates
1334 2867 1441 2923 olei,
1459 2868 1620 2927 quibus
1642 2867 1920 2927 significatur
1939 2864 2132 2924 Spiritus

178 2930 387 2985 Sanctus,
414 2932 558 2990 magis
575 2931 867 2977 inveniuntur
891 2934 938 2977 in
965 2933 1070 2979 oleo
1097 2935 1338 2989 olivarum,
1361 2950 1498 2995 quam
1525 2936 1571 2979 in
1589 2948 1878 2994 quocumque
1898 2933 1987 2976 alio
2006 2930 2132 2976 oleo:

177 2998 296 3042 unde
323 3008 367 3042 et
382 2998 478 3057 ipsa
504 2997 626 3042 oliva
643 3013 823 3059 semper
839 2999 1072 3046 frondibus
1089 3002 1254 3056 virens,
1270 3003 1485 3056 virorem,
1504 3013 1547 3046 et
1565 3000 1925 3045 misericordiam
1942 2997 2134 3057 Spiritus

176 3065 335 3109 Sancti
361 3064 601 3123 significat.
628 3065 728 3109 Hoc
756 3065 896 3111 etiam
923 3067 1078 3112 oleum
1096 3070 1275 3128 proprie
1295 3070 1457 3114 dicitur
1474 3068 1644 3122 oleum,
1664 3079 1708 3112 et
1725 3068 1923 3111 maxime
1940 3066 2134 3110 habetur

176 3133 224 3176 in
250 3146 348 3186 usu,
375 3132 451 3175 ubi
476 3132 632 3176 haberi
658 3142 828 3191 potest:
863 3134 1049 3193 quilibet
1082 3147 1234 3181 autem
1269 3136 1381 3181 alius
1409 3137 1557 3195 liquor
1591 3150 1643 3179 ex
1676 3132 1971 3179 similitudine
2004 3132 2137 3190 hujus

178 3199 336 3245 oleum
361 3200 651 3253 nominatur;
677 3214 762 3244 nec
782 3201 912 3245 estin
938 3216 1021 3246 usu
1045 3205 1296 3258 communi,
1313 3204 1400 3248 nisi
1415 3204 1462 3246 in
1491 3202 1874 3261 supplementum,
1901 3198 2019 3258 apud
2042 3213 2138 3253 eos,

179 3266 341 3326 quibus
368 3267 493 3310 deest
519 3266 674 3310 oleum
701 3266 940 3312 olivarum.
967 3268 1023 3313 Et
1045 3269 1151 3314 ideo
1177 3270 1267 3315 hoc
1295 3270 1451 3314 oleum
1477 3268 1628 3313 solum
1656 3267 1899 3312 assumitur
1920 3266 1968 3310 in
2002 3280 2135 3310 usum

178 3335 329 3393 hujus,
352 3343 395 3377 et
417 3334 721 3393 quorumdam
744 3334 940 3379 aliorum
962 3347 1367 3381 sacramentorum.

271 3401 349 3446 AD
381 3414 618 3451 QUARTUM
645 3401 904 3455 dicendum,
930 3403 1052 3461 quod
1078 3403 1326 3463 baptismus
1355 3414 1422 3448 est
1448 3402 1783 3446 sacramentum
1811 3399 2044 3445 absolutae
2066 3415 2141 3445 ne-

183 3468 421 3522 cessitatis,
454 3478 499 3512 et
533 3468 638 3512 ideo
665 3469 761 3525 ejus
799 3467 988 3513 materia
1014 3469 1147 3514 debet
1171 3470 1364 3514 inveniri
1397 3469 1574 3527 ubique.
1605 3466 1781 3511 Sufficit
1813 3477 1982 3522 autem,
2015 3467 2139 3526 quod

182 3534 374 3580 materia
398 3534 533 3593 hujus
561 3534 855 3588 sacramenti,
881 3536 1004 3594 quod
1029 3550 1123 3581 non
1149 3548 1217 3582 est
1242 3547 1393 3581 tantae
1427 3535 1722 3589 necessitatis,
1754 3533 1910 3593 possit·
1928 3533 1984 3579 de
2016 3532 2140 3579 facili

185 3601 242 3646 ad
267 3601 423 3646 omnia
449 3600 552 3647 loca
578 3612 799 3646 terrarum
826 3599 999 3646 deferri.
2051 3600 2053 3602 ’
