2352 3926
644 230 920 279 QUAEs‘rIo
959 230 1107 271 mx.
1147 228 1471 271 sanemus-
1495 226 1571 269 rx.
1989 215 2096 287 607

132 333 392 381 Ecclesiae:
418 341 569 394 quarto
595 333 715 379 modo
741 345 821 394 per
845 333 953 389 hoc,
979 332 1103 393 quod
1128 332 1293 393 aliquis
1317 331 1534 378 indevote
1570 331 1779 380 accedite.
1800 331 1922 378 unde
1954 333 2098 378 mani-

131 399 300 448 Festum
325 413 407 456 est,
433 402 556 462 quod
582 401 705 446 fictio
731 400 922 461 impedit
946 399 1159 445 effectum
1184 400 1412 460 baptismi.

222 469 299 515 AD
331 483 519 515 ptumum
553 483 664 528 ergo
702 469 961 523 dicendum,
1004 468 1126 527 quod
1158 467 1378 527 baptizari
1413 467 1460 511 in
1491 466 1682 512 Christo
1715 476 1867 526 potest
1903 465 2098 527 intelligi

131 534 378 597 dupliciter:
395 552 479 581 uno
495 537 614 581 modo
632 536 678 580 in
697 535 898 589 Christo,
916 534 1031 579 idest
1048 534 1094 578 in
1114 534 1286 579 Christi
1309 533 1654 579 conformitate:
1673 544 1718 579 et
1737 534 1803 579 sic
1819 534 2098 594 quicumque

46 602 55 609 ’
129 602 414 662 baptizantur
438 604 485 647 in
512 602 713 655 Christo,
743 601 1017 647 conformati
1042 601 1083 645 ei
1110 615 1190 660 per
1215 601 1369 656 fidem,
1397 611 1443 646 et
1468 602 1738 646 charitatem
1755 601 1951 646 induunt
1968 600 2099 646 Chri-

130 679 252 714 stum
278 684 358 730 per
383 670 600 729 gratiam:
627 670 711 713 alio
738 668 856 712 modo
883 669 1094 712 dicuntur
1121 667 1260 726 aliqui
1285 668 1503 727 baptizari
1523 669 1570 711 in
1599 668 1800 722 Christo,
1826 668 2098 728 inquantum

131 736 362 796 accipiunt
380 745 718 781 sacramentum
744 735 935 779 Christi:
963 744 1008 779 et
1032 735 1095 778 sic
1121 748 1282 778 omnes
1308 735 1502 779 induunt
1529 735 1767 780 Christum
1792 748 1873 795 per
1896 734 2098 795 configu-

129 803 354 848 rationem
382 803 669 856 characteris,
695 816 789 846 non
813 812 966 846 autem
991 815 1072 860 per
1097 802 1468 846 conformitatem
1495 803 1681 860 gratiae.

218 870 296 915 AD
313 883 573 915 SECUNDUM
590 869 848 923 dicendum,
871 868 993 927 quod
1011 868 1193 927 quando
1211 868 1338 912 Deus
1355 868 1641 913 voluntatem
1662 870 1866 915 hominis
1889 870 1944 915 de
1967 868 2094 915 malo

127 937 176 983 in
200 937 375 982 bonum
401 947 560 992 mutat,
586 947 693 981 tunc
720 936 865 980 homo
897 950 992 980 non
1025 935 1201 979 accedit
1226 935 1376 979 fictus:
1404 936 1483 979 sed
1510 950 1605 980 non
1631 950 1812 996 semper
1842 937 1934 982 hoc
1966 937 2094 982 Deus

126 1003 254 1050 facit:
281 1019 367 1050 nec
394 1005 449 1049 ad
474 1005 566 1049 hoc
593 1013 931 1048 sacramentum
963 1002 1212 1056 ordinatur,
1239 1011 1288 1046 ut
1313 1002 1369 1046 de
1396 1002 1504 1047 ficto
1531 1002 1610 1047 fiat
1635 1003 1797 1063 aliquis
1822 1018 1919 1049 non
1944 1003 2094 1059 fictus,

126 1071 208 1117 sed
233 1081 283 1117 ut
306 1086 401 1117 non
425 1071 556 1116 fictus
582 1070 743 1130 aliquis
769 1070 992 1114 accedens
1016 1069 1296 1128 justificetur.

216 1139 296 1185 AD
321 1151 537 1185 TERTIUM
558 1138 818 1192 dicendum,
841 1137 964 1197 quod
985 1137 1116 1181 fictus
1142 1136 1306 1181 dicitur
1322 1137 1483 1196 aliquis
1502 1151 1556 1181 ex
1577 1152 1647 1191 eo,
1666 1138 1788 1196 quod
1811 1138 2095 1184 demonstrat

126 1219 179 1252 se
203 1205 374 1266 aliquid
398 1206 532 1260 velle,
549 1205 672 1266 quod
697 1219 792 1250 non
817 1205 936 1248 vult:
965 1205 1242 1264 quicumque
1270 1214 1423 1248 autem
1442 1204 1618 1249 accedit
1640 1205 1696 1248 ad
1721 1205 2014 1264 baptismum,
2038 1220 2093 1251 ex

124 1273 219 1319 hoc
249 1273 350 1332 ipso
376 1274 573 1318 ostendit
598 1287 646 1318 se
672 1283 843 1317 rectam
872 1272 1011 1316 fidem
1035 1271 1208 1316 Christi
1232 1271 1414 1326 habere,
1441 1281 1486 1316 et
1510 1281 1850 1316 sacramentum
1870 1274 2094 1329 venerari,

126 1350 173 1385 et
194 1340 314 1385 velle
338 1354 387 1386 se
405 1341 591 1386 Christo
618 1339 923 1393 conformare,
950 1348 994 1383 et
1016 1338 1133 1383 velle
1153 1354 1178 1384 a
1194 1349 1385 1397 peccato
1408 1339 1641 1383 recedere:
1671 1339 1792 1383 unde
1819 1340 2093 1400 cuicumque

125 1417 318 1467 peccato
342 1406 440 1451 vult
463 1406 609 1451 homo
635 1406 890 1459 inhaerere,
912 1406 948 1449 si
982 1405 1037 1449 ad
1063 1405 1340 1464 baptismum
1368 1405 1557 1459 accedit,
1584 1405 1715 1450 fictus
1743 1405 1942 1460 accedit3
1969 1408 2092 1466 quod

126 1483 195 1518 est
219 1474 433 1519 indevote
461 1474 702 1518 accedere:
730 1473 808 1517 sed
835 1472 927 1516 hoc
953 1471 1301 1531 intelligendum
1333 1481 1402 1516 est
1432 1472 1488 1516 de
1520 1482 1711 1530 peccato
1744 1472 1942 1527 mortali,
1969 1474 2093 1533 quod

125 1542 298 1601 gratiae
324 1541 637 1595 contrariatur,
663 1539 758 1584 non
785 1549 938 1584 autem
961 1539 1016 1584 de
1038 1549 1230 1600 peccato
1255 1538 1447 1594 veniali3
1474 1539 1595 1584 unde
1620 1539 1746 1584 fictio
1771 1540 1848 1584 hic
1875 1541 2094 1600 quodam-

125 1609 268 1653 modo
294 1608 484 1653 includit
509 1622 648 1653 omne
673 1617 928 1667 peccatum.

850 1767 1283 1826 ARTICULUS
1317 1768 1387 1823 X.
2002 1795 2087 1842 405

273 1906 517 1946 UTRUM
569 1905 1016 1956 BAPTISMUS,
1056 1904 1424 1943 FICTIONE
1463 1903 1938 1956 RECEDENTE,

628 1988 777 2027 SUUM
815 1987 1109 2026 EFFECTUM
1150 1985 1578 2033 CONSEQUATUR.

433 2098 495 2156 (4.
527 2099 635 2143 Dist.
661 2111 704 2156 4.
731 2113 770 2157 q.
796 2113 828 2156 3.
861 2103 942 2142 art.
969 2112 1010 2142 2.
1038 2112 1076 2156 q.
1098 2112 1135 2156 3.
1163 2103 1199 2142 et
1226 2098 1337 2142 Dist.
1372 2110 1435 2156 17.
1463 2112 1501 2155 q.
1523 2112 1560 2156 3.
1593 2103 1675 2142 art.
1693 2097 1769 2155 2.).

212 2209 289 2255 AD
314 2222 538 2255 DECIMUM
563 2209 628 2254 sic
655 2207 927 2268 proceditur.
945 2207 1150 2263 Videtur,
1174 2207 1310 2267 quod,
1343 2207 1528 2253 fictione
1555 2208 1810 2264 recedente,
1834 2209 2087 2268 baptismus

121 2291 257 2323 suum
283 2276 497 2321 effectum
530 2290 624 2320 non
651 2286 979 2335 consequatur:
1007 2289 1122 2334 opus
1149 2276 1269 2319 enirn
1299 2286 1547 2330 mortuum,
1575 2277 1696 2335 quod
1725 2286 1793 2320 est
1818 2277 1915 2320 sine
1942 2276 2089 2321 chari-

11 2325 22 2357 ‘⁵
118 2353 228 2399 tate,
252 2356 348 2389 non
373 2352 524 2404 potest
548 2357 750 2403 unquam
776 2342 1018 2387 vivificari:
1046 2343 1126 2387 sed
1150 2341 1227 2387 ille
1255 2343 1332 2402 qui
1356 2342 1487 2387 fictus
1506 2344 1683 2388 accedit
1704 2343 1760 2387 ad
1790 2344 2087 2403 baptismum,

121 2411 281 2472 recipit
297 2421 636 2456 sacramentum
654 2411 752 2455 sine
770 2410 1015 2465 charitate;
1034 2425 1144 2470 ergo
1162 2425 1398 2470 nunquam
1415 2420 1567 2470 potest
1582 2410 1802 2455 vivificari
1817 2410 1908 2456 hoc
1927 2412 2085 2467 mod0‚

121 2487 172 2523 ut
194 2479 387 2537 gratiam
414 2476 632 2523 conferat.

211 2559 252 2590 2.
284 2545 581 2591 PRAETEREA.
607 2545 753 2590 Fictio
778 2545 956 2590 videtur
982 2559 1082 2589 esse
1107 2544 1269 2606 fortior
1294 2559 1433 2604 quam
1458 2545 1726 2605 baptismus,
1746 2560 1852 2589 cum
1869 2546 2089 2605 impediat

124 2612 226 2671 ejus
253 2610 492 2657 effectum:
525 2612 605 2657 sed
634 2611 796 2658 fortius
827 2626 922 2657 non
953 2611 1127 2656 tollitur
1154 2626 1179 2656 a
1205 2612 1440 2667 debiliori'3
1472 2627 1583 2672 ergo
1616 2623 1859 2672 peccatum
1888 2613 2086 2659 fictionis

122 2690 219 2723 non
243 2688 393 2738 potest
415 2678 517 2723 tolli
547 2693 628 2739 per
657 2679 934 2739 baptismum
962 2694 987 2724 a
1012 2679 1199 2724 fictione
1224 2679 1519 2739 impeditum:
1555 2689 1598 2724 et
1625 2680 1690 2724 sic
1715 2680 1966 2740 baptismus
1991 2695 2086 2726 non

124 2754 428 2804 consequetur
452 2758 585 2790 suum
612 2745 841 2801 effectum,
868 2747 946 2806 qui
971 2755 1039 2792 est
1063 2747 1272 2791 remissio
1300 2747 1509 2791 omnium
1536 2757 1845 2806 peccatorum.

216 2827 254 2872 3.
271 2812 567 2858 PRAETEREA.
585 2811 826 2872 Contingit
850 2814 972 2873 quod
999 2813 1160 2873 aliquis
1183 2813 1286 2858 ficte
1312 2814 1502 2858 accedat
1519 2813 1581 2859 ad'
1600 2814 1893 2873 baptismum,
1916 2823 1961 2859 et
1980 2822 2086 2874 post

122 2880 399 2939 baptismum
434 2878 578 2923 multa
603 2890 792 2939 peccata
825 2874 1096 2936 committat,
1134 2895 1249 2940 quae
1275 2891 1429 2926 tamen
1464 2897 1546 2942 per
1579 2882 1857 2940 baptismum
1883 2896 1977 2925 non
2002 2880 2086 2926 tol-

10 2986 33 3004 ,3
123 2946 186 2991 lut·
204 2957 298 3001 tur;
324 2947 429 3006 quia
453 2946 704 3005 baptismus
729 2945 849 2991 tollit
873 2956 1062 3007 peccata
1085 2948 1340 3006 praeterita,
1372 2962 1467 2992 non
1493 2948 1665 3003 futura3
1690 2962 1799 3007 ergo
1832 2948 2084 3007 baptismus

121 3013 226 3059 talis
249 3026 485 3073 nunquam
512 3022 814 3072 consequetur
838 3026 973 3058 suum
998 3013 1226 3070 effectum,
1253 3016 1331 3075 qui
1363 3025 1432 3060 est
1454 3017 1664 3060 remissio
1690 3018 1901 3059 omnium
1927 3029 2086 3073 pecca-

31 3083 46 3115 ’ἶ
121 3086 288 3127 torum.

45 3199 47 3201 ,
212 3147 307 3193 SED
334 3158 530 3193 CONTRA
556 3156 636 3200 est,
663 3146 784 3206 quod
802 3146 996 3206 August.
1023 3146 1132 3192 dicit
1155 3147 1201 3191 in
1219 3148 1293 3193 lib.
1316 3162 1352 3193 1.
1371 3148 1428 3194 de
1445 3148 1680 3207 Baptismo
1697 3150 1852 3206 (contr.
1870 3149 2083 3196 Dona-list.

122 3223 216 3277 cap.
242 3229 306 3261 12.
324 3222 482 3274 parum
508 3228 535 3258 a
555 3214 739 3274 princ.).·
774 3228 797 3254 t<
824 3211 957 3258 Tunc
989 3213 1142 3259 valere
1173 3214 1338 3275 incipit.
1357 3215 1413 3260 ad
1446 3215 1640 3259 salutem
1676 3215 1942 3274 baptismus,
1975 3229 2083 3261 cum

38 3321 47 3327 ,
121 3281 201 3327 illa
225 3281 350 3327 fictio
376 3280 529 3326 veraci
556 3279 844 3324 confessione
868 3281 1118 3336 recesserit,
1144 3295 1260 3341 quae
1288 3282 1425 3326 corde
1451 3282 1497 3325 in
1524 3281 1712 3336 malitia,
1738 3282 1813 3326 vel
1837 3282 2081 3342 sacrilegio

39 3355 48 3395 ‘J
122 3357 454 3410 perseverante,
480 3356 775 3406 peccatorum
802 3345 1100 3392 abolitionem
1125 3362 1220 3392 non
1246 3348 1422 3392 sinebat
1447 3348 1543 3392 fieri
1565 3365 1606 3392 ».

211 3414 501 3460 stponnno
529 3413 786 3467 dicendum,
813 3413 951 3473 quod,
982 3413 1098 3458 sicut
1129 3429 1264 3474 supra
1296 3415 1467 3459 dictum
1495 3425 1562 3459 est
1588 3415 1649 3474 (q.
1677 3415 1750 3460 66.
1776 3422 1857 3460 art.
1884 3416 1965 3476 9.),
2004 3417 2082 3462 ba-

30 3485 50 3509 4
122 3481 314 3542 ptismus
346 3491 416 3526 est
446 3481 672 3540 quaedam
697 3478 940 3538 spiritualis
965 3482 1275 3540 regeneratio:
1304 3496 1410 3525 cum
1437 3491 1590 3526 autem
1624 3481 1792 3541 aliquid
1825 3493 2080 3541 generatur,

122 3546 260 3594 simul
285 3563 388 3594 cum
416 3547 565 3592 forma
592 3547 751 3606 recipit
776 3545 989 3591 effectum
1014 3545 1206 3603 formae,
1228 3548 1315 3593 nisi
1336 3548 1393 3592 sit
1419 3547 1587 3607 aliquid
1613 3548 1881 3608 impediens,
1898 3564 1990 3610 quo
2016 3565 2081 3596 re-

123 3623 269 3671 moto,
292 3613 442 3661 forma
467 3615 532 3660 rei
558 3623 799 3674 generatae
826 3612 1000 3672 perficit
1030 3627 1163 3659 suum
1196 3614 1434 3669 effectum;
1460 3615 1578 3660 sicut
1607 3614 1745 3660 simul
1776 3630 1882 3661 cum
1915 3631 2080 3678 corpus
