2352 3926
221 215 332 272 244
728 211 1007 259 QUAESTIO
1047 211 1238 251 xxvm.
1277 211 1587 253 ARTICULUS
1626 213 1663 254 1.

218 328 318 362 tum
343 317 511 361 habere
538 330 631 360 non
650 315 815 372 debuit,
832 328 912 374 per
934 329 1073 374 quam
1087 325 1330 374 peccatum
1345 316 1504 361 mundi
1522 315 1781 371 tollebatur,
1806 316 2059 361 secundum
2073 308 2187 363 illud

216 385 347 443 Joan.
379 398 440 428 1.:
468 385 573 428 Ecce
599 397 729 440 agnus
753 382 852 435 Dei,
882 381 1056 426 scilicet
1081 382 1318 437 innocens,
1335 384 1407 442 qui
1425 383 1530 429 tollit
1554 390 1771 443 peccatum
1791 383 1966 440 mundi;
1989 392 2086 429 non
2110 397 2190 444 po-

220 462 337 496 terat
363 461 515 495 autem
539 464 652 503 esse,
681 449 803 508 quod
830 449 877 492 in
898 460 1061 493 natura
1076 451 1171 508 iam
1199 461 1411 510 corrupta
1439 466 1494 496 ex
1516 451 1762 495 concubitu
1791 465 1897 496 caro
1923 462 2187 497 nasceretur

223 520 320 563 sine
347 517 594 561 infectione
623 515 857 575 originalis
885 517 1082 575 peccati:
1105 517 1226 561 unde
1249 517 1532 576 Augustinus
1562 518 1671 562 dicit
1695 518 1742 561 in
1760 517 1836 562 lib.
1861 533 1896 564 1.
1915 518 1970 563 de
1988 518 2184 578 Nuptiis,

222 597 265 630 et
292 585 677 642 Concupiscentia
710 584 824 643 (cap.
859 599 920 629 12.
940 586 986 628 in
1012 584 1211 644 princ.):
1243 600 1267 626 «
1300 584 1437 629 Solus
1462 585 1675 644 nuptialis
1703 584 1971 629 concubitus
2001 585 2065 629 ibi
2093 598 2189 630 non

220 653 358 707 fuit»,
381 651 556 695 scilicet
581 652 626 694 in
654 651 950 695 matrimonio
977 651 1165 705 Mariae,
1193 661 1238 695 et
1263 651 1451 711 Joseph,
1483 668 1506 693 «
1525 653 1630 711 quia
1655 652 1702 695 in
1727 666 1862 696 carne
1894 653 2070 711 peccati
2094 651 2192 697 fieri

223 734 317 763 non
345 728 522 777 poterat
549 718 645 762 sine
671 717 750 761 illa
773 719 919 762 carnis
943 718 1153 777 pudenda
1171 719 1557 778 concupiscentia,
1583 733 1700 778 quae
1723 718 1888 763 accidit
1910 733 1963 764 ex
1983 728 2190 779 peccato,

223 787 321 831 sine
345 801 434 845 qua
463 785 643 844 concipi
661 785 819 839 voluit,
838 786 915 844 qui
931 785 1106 830 futurus
1135 795 1232 830 erat
1257 786 1354 830 sine
1380 798 1570 844 peccato
1594 803 1635 831 »z
1662 793 1810 845 quarto
1833 796 2018 846 propter
2038 786 2190 845 ipsum

224 854 363 898 finem
396 853 727 896 Incarnationis
763 853 949 907 Christi,
977 867 1092 911 quae
1121 853 1175 896 ad
1204 853 1294 896 hoc
1322 848 1419 906 fflit,
1455 863 1504 897 ut
1535 854 1748 897 homines
1774 864 2119 899 renascerentur
2142 853 2190 898 in

226 921 344 964 filios
366 919 469 973 Dei,
496 933 590 963 non
618 934 671 963 ex
692 919 927 964 voluntate
953 922 1115 973 carnis,
1138 934 1286 979 neque
1313 935 1368 964 ex
1386 920 1621 964 voluntate
1646 921 1747 974 viri,
1773 920 1852 965 sed
1870 934 1924 964 ex
1939 921 2060 975 De0‚
2075 920 2192 966 idest

224 1003 277 1032 ex
303 988 400 1046 ipsa
421 987 512 1032 Dei
535 988 722 1031 virtute:
752 988 878 1044 cujus
904 988 971 1032 rei
1003 986 1237 1046 exemplar
1259 1002 1476 1046 apparere
1502 987 1656 1032 debuit
1680 988 1727 1031 in
1759 988 1856 1047 ipsa
1889 987 2191 1048 conceptione

232 1054 428 1109 Christi3
456 1054 576 1098 unde
604 1054 799 1112 August.
827 1054 936 1098 dicit
959 1055 1007 1098 in
1033 1054 1108 1098 lib.
1135 1054 1191 1098 de
1227 1054 1395 1098 Sancta
1420 1054 1692 1112 Virginitate
1719 1055 1832 1115 (cap.
1856 1055 1898 1100 6.
1930 1061 2024 1100 ante
2044 1054 2190 1105 med.).·

232 1138 255 1163 «
281 1122 552 1181 Oportebat,
581 1131 716 1179 caput
731 1131 941 1165 nostrum
957 1121 1124 1180 insigni
1143 1121 1368 1165 miraculo
1392 1122 1643 1165 secundum
1673 1136 1856 1165 carnem
1874 1121 2002 1166 nasci
2032 1122 2088 1167 de
2109 1121 2194 1166 vir-

225 1189 345 1249 gine,
373 1203 463 1248 quo
501 1188 780 1246 significaret
805 1189 1013 1232 membra
1044 1202 1126 1232 sua
1159 1188 1215 1232 de
1250 1188 1426 1247 virgine
1463 1188 1669 1233 Ecclesia
1701 1188 1952 1234 secundum
1982 1188 2192 1249 spiritum

226 1257 455 1301 nascitura
481 1273 522 1299 >›.

316 1324 393 1368 AD
425 1336 614 1368 PRIMUM
648 1336 758 1380 ergo
794 1321 1055 1377 dicendum,
1078 1322 1216 1381 quod,
1240 1322 1357 1366 sicut
1382 1320 1506 1365 Beda
1539 1321 1647 1366 dicit
1673 1336 1807 1380 super
1839 1322 2016 1367 Lucam
2035 1323 2131 1382 (lib.
2155 1337 2194 1369 1.

227 1399 316 1450 cap.
346 1404 383 1450 7.
410 1392 520 1435 inter
545 1389 648 1433 med.
676 1395 711 1433 et
726 1390 804 1448 fin.
804 1390 844 1446 ),
877 1405 900 1430 «
922 1400 1051 1448 pater
1073 1388 1324 1433 Salvatoris
1348 1388 1600 1447 appellatur
1615 1389 1804 1447 Joseph,
1830 1403 1923 1434 non
1943 1390 2065 1449 quod
2087 1403 2194 1435 vere

228 1460 351 1517 juxta
377 1458 678 1501 Photinianos
704 1466 832 1516 pater
858 1456 992 1500 fuerit
1019 1456 1075 1510 ei,
1102 1457 1181 1500 sed
1207 1456 1331 1514 quod
1360 1455 1415 1499 ad
1442 1454 1617 1498 famam
1642 1455 1816 1500 Mariae
1834 1456 2196 1502 conservandam

229 1535 358 1584 pater
386 1526 443 1569 sit
466 1525 519 1568 ab
555 1524 768 1568 omnibus
796 1524 1059 1567 aestimatus
1082 1540 1122 1568 »z
1147 1523 1268 1567 unde
1286 1532 1330 1566 et
1356 1523 1467 1567 Luc.
1494 1537 1531 1581 3.
1552 1522 1738 1567 dicitur:
1774 1524 1831 1568 Ut
1838 1525 2071 1583 putabatur
2079 1524 2197 1583 filius

222 1593 397 1652 Joseph,·
426 1591 513 1645 vel,
557 1591 672 1635 sicut
709 1590 991 1649 Augustinus
1029 1590 1138 1635 dicit
1172 1590 1219 1633 in
1252 1590 1328 1633 lib.
1357 1602 1398 1633 2.
1439 1589 1494 1634 de
1523 1589 1766 1634 Consensu
1798 1590 2196 1650 Evangelistarum

230 1661 341 1719 (cap.
369 1660 439 1714 1.),
478 1674 502 1699 <c
531 1672 587 1702 eo
616 1657 758 1701 modo
796 1668 924 1717 pater
959 1657 1131 1701 Christi
1157 1657 1319 1701 dicitur
1346 1657 1533 1716 Joseph,
1560 1671 1651 1715 quo
1680 1666 1725 1701 et
1749 1657 1816 1701 vir
1839 1658 2012 1702 Mariae
2036 1657 2199 1703 intelli-

227 1728 346 1786 gitur
371 1726 469 1770 sine
493 1725 823 1769 commixtione
848 1724 1010 1778 carnis,
1029 1725 1127 1784 ipsa
1154 1724 1447 1783 copulatione
1466 1724 1683 1783 conjugii,
1701 1724 1846 1769 multo
1862 1723 2198 1771 videlicetcon·

227 1794 440 1853 junctius,
468 1807 606 1852 quam
633 1793 671 1837 si
698 1802 816 1836 esset
847 1792 1028 1836 aliunde
1065 1792 1326 1851 adoptatus;
1363 1805 1511 1850 neque
1546 1793 1667 1835 enim
1701 1802 1943 1851 propterea
1973 1805 2069 1837 non
2100 1801 2198 1838 erat

232 1860 528 1921 appellandus
541 1859 711 1918 Joseph
729 1869 856 1918 pater
875 1859 1060 1913 Christi,
1079 1859 1184 1918 quia
1201 1873 1294 1903 non
1313 1873 1419 1902 eum
1437 1868 1655 1917 genuerat
1667 1859 2038 1904 concumbendOt
2054 1872 2196 1920 quan-

234 1929 482 1988 doquidem
509 1938 636 1987 pater
663 1936 781 1971 esset
803 1927 943 1971 etiam
976 1927 1032 1981 ei,
1050 1941 1184 1986 quem
1208 1941 1302 1970 non
1322 1940 1376 1970 ex
1392 1940 1474 1970 sua
1491 1927 1687 1985 conjuge
1704 1936 1992 1986 procreatum
2013 1926 2197 1972 aliunde

235 1997 494 2055 adoptasset
519 2012 561 2038 ».

321 2064 397 2107 AD
422 2075 683 2107 SECUNDUM
711 2061 970 2116 dicendum,
1004 2062 1142 2121 quod,
1169 2061 1286 2105 sicut
1312 2062 1502 2106 Hieron.
1530 2061 1639 2105 dicit
1664 2075 1800 2120 super
1824 2061 1986 2106 Matth.
2009 2061 2124 2122 (cap.
2154 2077 2191 2109 1.

230 2138 356 2189 super
373 2129 502 2174 illud:
540 2130 700 2174 Christi
723 2131 932 2187 generatio
951 2131 1008 2174 sic
1030 2130 1155 2187 erat),
1187 2145 1210 2170 ‹<
1234 2143 1340 2172 cum
1352 2128 1522 2186 Joseph
1539 2142 1633 2172 non
1655 2129 1713 2172 sit
1738 2138 1864 2187 pater
1884 2129 2077 2173 Domini
2102 2128 2199 2174 Sal·

232 2198 416 2251 vatoris,
440 2197 553 2240 ordo
582 2197 888 2255 generationis
916 2197 1010 2254 ejus
1038 2211 1180 2255 usque
1208 2196 1263 2239 ad
1285 2196 1456 2255 Joseph
1484 2196 1720 2239 deducitur
1745 2210 1796 2239 »z
1820 2197 1966 2256 primo
1998 2197 2197 2256 quidem,

234 2266 339 2324 quia
369 2281 391 2305 (e.
415 2278 508 2308 non
542 2273 610 2308 est
643 2263 984 2307 consuetudinis
1019 2263 1369 2321 Scripturarum‚
1403 2273 1451 2306 ut
1482 2262 1727 2307 mulierum
1757 2263 1805 2306 in
1830 2264 2199 2322 generationibus

236 2333 349 2376 ordo
376 2341 574 2385 texatur3
599 2331 760 2374 deinde
784 2331 889 2389 quia
916 2345 968 2374 ex
997 2345 1086 2374 una
1111 2331 1229 2374 tribu
1255 2330 1338 2374 fuit
1354 2331 1524 2389 Joseph
1548 2340 1592 2374 et
1612 2330 1772 2384 Maria,
1795 2331 1915 2376 unde
1939 2340 1986 2376 et
2010 2344 2065 2376 ex
2095 2330 2199 2390 lege

238 2414 342 2444 eam
367 2402 571 2457 accipere
591 2399 837 2456 cogebatur
856 2409 905 2442 ut
921 2399 1224 2457 propinquam
1248 2414 1290 2453 »3
1318 2409 1375 2452 et,
1394 2408 1443 2442 ut
1467 2398 1661 2456 August.
1684 2398 1794 2442 dicit
1812 2399 1858 2442 in
1875 2397 1952 2443 lib.
1973 2412 2010 2444 1.
2026 2398 2199 2444 de'Nu-

235 2468 353 2526 ptiis,
382 2477 426 2510 et
448 2466 834 2525 Concupiscentia
863 2468 971 2524 (cap.
999 2481 1057 2510 11.
1083 2466 1135 2510 ad
1157 2466 1266 2523 fin),
1298 2482 1321 2507 ‹<
1343 2465 1426 2509 fuit
1452 2466 1801 2523 generationum
1824 2466 1961 2510 series
1976 2478 2120 2526 usque
2141 2465 2198 2511 ad

231 2535 404 2594 Joseph
432 2534 736 2594 perducenda,
754 2548 811 2578 ne
837 2534 883 2576 in
901 2533 981 2577 illo
1001 2534 1217 2592 conjugio
1234 2533 1353 2577 virili
1373 2534 1499 2577 sexui
1516 2534 1670 2592 utique
1686 2533 1855 2592 potiori
1875 2533 2002 2578 fieret
2021 2533 2199 2593 injuria,

236 2617 342 2646 cum
368 2602 547 2646 veritati
572 2601 686 2644 nihil
709 2601 946 2659 deperiret,
965 2601 1070 2659 quia
1089 2615 1143 2645 ex
1160 2602 1334 2645 semine
1351 2600 1500 2644 David
1529 2611 1573 2645 et
1588 2601 1759 2660 Joseph
1787 2611 1898 2655 erat,
1922 2610 1967 2646 et
1987 2600 2134 2645 Maria
2153 2617 2196 2645 x.

324 2670 401 2714 AD
429 2682 650 2713 TERTIUM
678 2668 937 2722 dicendum,
971 2669 1108 2726 quod,
1136 2669 1252 2712 sicut
1280 2667 1431 2712 Gloss.
1463 2668 1572 2724 (ord.
1590 2669 1701 2727 Aug.
1720 2669 1790 2712 lib.
1817 2683 1876 2727 23.
1902 2674 2033 2720 contr.
2055 2669 2198 2713 Faust-

233 2744 326 2798 cap.
354 2738 412 2796 7.)
434 2737 542 2779 dicit
560 2735 741 2789 ibidem,
757 2751 779 2775 κ
798 2734 1038 2778 mulierem
1056 2749 1138 2793 pro
1153 2734 1356 2779 foemina
1374 2736 1539 2793 posuit,
1557 2748 1688 2778 more
1703 2733 1950 2779 locutionis
1971 2734 2200 2780 Hebraeo·

234 2818 350 2858 rum,
377 2818 484 2848 usus
527 2803 649 2847 enim
675 2803 899 2847 hebraeae
927 2802 1174 2847 locutionis
1200 2802 1414 2846 mulieres
1432 2802 1541 2846 dicit
1562 2816 1655 2845 non
1672 2802 1930 2861 virginitate
1947 2812 2199 2864 corruptas,

235 2872 313 2916 sed
340 2871 565 2917 foeminas
587 2887 627 2915 ›>.

323 2940 398 2984 AD
427 2951 663 2989 QUARTUM
690 2938 948 2991 dicendum,
971 2937 1094 2997 quod
1117 2939 1232 2981 ratio
1259 2936 1337 2981 illa
1363 2937 1501 2980 habet
1526 2936 1684 2980 locum
1711 2938 1756 2981 in
1783 2937 1870 2992 his,
1897 2951 2014 2997 quae
2039 2951 2200 2998 proce-

235 3009 346 3052 dunt
371 3009 416 3051 in
442 3022 540 3052 esse
567 3021 646 3065 per
671 3007 793 3050 viam
813 3017 1022 3050 naturae:
1054 3021 1108 3050 eo
1129 3006 1250 3065 quod
1269 3016 1428 3050 natura
1446 3006 1563 3049 sicut
1581 3015 1647 3049 est
1664 3005 1960 3052 determinata
1978 3006 2034 3051 ad
2056 3019 2199 3051 unum

193 3127 195 3129 ¹
236 3076 463 3129 effectum,
492 3077 551 3119 ita
578 3075 716 3119 etiam
745 3085 812 3119 est
839 3074 1137 3118 determinata
1155 3074 1211 3117 ad
1238 3088 1381 3117 unum
1404 3074 1596 3116 modum
1630 3074 1914 3132 producendi
1938 3074 2092 3119 illum:
2119 3073 2199 3119 sed

234 3144 373 3187 virtus
412 3141 764 3201 supernaturalis
803 3142 967 3195 divina,
1004 3156 1108 3184 cum
1142 3141 1196 3184 sit
1229 3141 1417 3194 infinita,
1451 3141 1566 3184 sicut
1593 3154 1685 3184 non
1713 3152 1781 3185 est
1813 3140 2112 3186 determinata
2143 3140 2199 3185 ad

234 3225 376 3254 uuum
407 3209 636 3263 effectum,
663 3210 725 3253 ita
748 3224 840 3253 non
869 3218 935 3252 est
958 3209 1256 3252 determinata
1275 3208 1329 3251 ad
1354 3208 1544 3251 modum
1564 3209 1844 3266 producendi
1861 3220 2199 3268 quemcumque

235 3278 471 3322 effectum:
501 3287 544 3321 et
569 3278 672 3321 ideo
701 3277 815 3320 sicut
842 3277 1003 3319 virtute
1032 3276 1183 3318 divina
1216 3275 1313 3319 fieri
1346 3275 1506 3333 potuit,
1542 3286 1587 3319 ut
1622 3276 1793 3335 primus
1825 3275 1973 3320 homo
1998 3275 2054 3320 de
2085 3274 2198 3320 limo

232 3354 376 3389 terrae
404 3345 696 3388 formaretur:
726 3346 786 3387 ita
814 3344 950 3387 etiam
978 3342 1073 3386 fieri
1102 3343 1261 3400 potuit,
1286 3352 1333 3386 ut
1356 3342 1507 3385 divina
1531 3342 1693 3387 virtute
1721 3357 1886 3402 corpus
1909 3342 2083 3388 Christi
2106 3341 2200 3387 for-

235 3423 434 3456 maretur
461 3413 515 3456 de
542 3412 716 3470 virgine
741 3412 907 3470 absque
935 3410 1050 3454 virili
1078 3410 1266 3455 semine.

321 3481 396 3523 AD
425 3493 648 3529 QUlNTUM
673 3479 932 3532 dicendum,
965 3477 1101 3537 quod,
1129 3478 1379 3521 secundum
1408 3475 1744 3536 Philosophum
1782 3477 1828 3520 in
1853 3476 1930 3522 lib.
1962 3489 1998 3522 1.
2025 3476 2082 3522 de
2106 3475 2200 3522 Ge-

235 3548 471 3591 neratione
500 3546 697 3591 Animal.
729 3546 839 3606 (cap.
874 3561 912 3590 2.
938 3558 1000 3590 10.
1024 3551 1059 3589 et
1092 3545 1200 3602 aa),
1229 3558 1386 3587 semen
1421 3544 1558 3588 maris
1581 3558 1674 3587 non
1703 3554 1769 3588 est
1795 3545 1912 3589 sicut
1936 3543 2127 3588 materia
2152 3544 2199 3588 in

231 3615 531 3674 conceptione
555 3613 779 3668 animalis,
805 3613 883 3658 sed
904 3610 1055 3658 solum
1081 3612 1196 3656 sicut
1221 3625 1382 3670 agens:
1411 3611 1509 3655 sola
1544 3621 1695 3655 autem
1729 3610 1929 3655 foemina
1952 3610 2191 3655 materiam
