2352 3926
293 234 398 289 422
780 230 1063 276 Quaem-10
1100 230 1248 267 xmx.
1291 205 1613 271 amem-us*
1636 230 1688 269 v.

293 336 415 394 quod
442 335 602 393 Apost.
632 332 738 376 dicit
766 332 879 376 Heb.
902 346 944 391 9.
970 323 1094 391 quod
1123 331 1311 376 Christus
1337 332 1520 376 assistens
1546 331 1741 390 Pontifex
1755 331 2010 390 futurorum
2028 333 2250 391 bamma,

285 411 365 461 per
386 403 611 461 proprium
634 401 896 457 sanguinem,
922 400 1118 443 introivit
1136 398 1257 443 semel
1281 400 1326 442 in
1350 404 1496 443 sancta
1515 403 1683 443 aeterna
1699 397 1978 457 redemptione
1990 400 2253 463 inventaffiet

293 469 383 512 hoc
409 468 628 526 figuratur
649 466 838 510 Numer.
859 478 926 523 35.
949 467 1027 510 ubi
1051 466 1232 520 dicitur,
1254 466 1377 543 qu.⁰d
1399 464 1607 509 homicida
1626 465 1807 510 manebit
1826 466 1918 519 ibi,
1930 464 2111 512 scilicet
2121 465 2254 527 ᾔει-

291 537 430 579 vitate
455 534 629 592 refugii,
657 533 781 578 donec
808 533 1007 578 Sacerdos
1028 547 1219 592 magnus,
1247 535 1320 593 qui
1342 534 1427 578 oleo
1451 538 1590 577 sancto
1622 537 1769 577 unctus
1800 537 1870 587 est,
1901 533 2141 587 moriatur,
2171 546 2252 594 8³⁴9

290 608 468 655 mortim,
490 603 645 660 poterit
666 602 711 644 in
737 600 906 644 domum
931 615 1050 644 suam
1075 600 1224 645 redire.

382 668 459 712 AD
485 680 674 712 PRIMUM
701 681 811 725 ergo
839 667 1098 723 dicendum,
1124 667 1247 726 quod
1273 666 1424 712 sancti
1443 666 1602 710 Patres
1624 664 1869 743 operando
1883 636 2024 725 opera
2037 634 2253 726 ‚juant-tae,

292 745 555 779 meruerunt
581 735 817 778 introitum
843 734 972 792 regni
998 734 1211 778 coelestis
1237 749 1316 792 per
1353 734 1490 779 fidem
1523 733 1746 792 passionis
1783 732 1983 787 Christi,
1995 733 2254 794 seeundum

292 802 401 845 illud
425 802 540 845 Heb.
572 815 662 846 11.:
691 802 834 846 Sancti
859 802 1076 860 perfidem
1101 803 1296 846 mearunt
1311 815 1456 860 regna,
1476 803 1636 860 operati
1657 806 1752 845 sunt
1763 801 2253 861 justitiamaperquam

290 871 426 912 etiam
446 868 755 927 unusquisque
775 878 1007 927 apeccato
1030 869 1319 928 purgabatur,
1342 878 1562 927 quantum
1581 869 1776 926 pertinet
1799 868 1857 911 ad
1879 868 2252 926 emundationem

291 937 500 994 propriae
528 950 775 994 personae3
802 950 895 979 non
923 945 1080 980 tamen
1108 936 1297 994 alicujus
1320 935 1446 989 fides,
1472 934 1547 978 vel
1568 935 1734 992 justitia
1761 933 2013 979 sufficiebat
2035 934 2091 979 ad
2107 948 2255 980 remo-

289 1003 489 1046 vendum
515 1003 912 1060 impedimentum,
945 1003 1066 1061 quod
1101 1013 1196 1047 erat
1226 1017 1307 1060 per
1342 1012 1520 1046 reatum
1555 1002 1694 1045 totius
1729 1001 1960 1045 humanae
1993 1011 2251 1056 creaturae3

288 1070 411 1128 quod
437 1070 623 1128 quidem
645 1079 874 1113 remotum
902 1079 970 1113 est
994 1070 1139 1128 pretio
1167 1069 1399 1128 sanguinis
1427 1068 1620 1122 Christi;
1649 1079 1691 1112 et
1717 1068 1821 1111 ideo
1855 1077 1978 1112 ante·
1991 1068 2251 1127 passionem

292 1137 464 1181 Christi
489 1135 641 1179 nullus
667 1137 833 1180 intrare
861 1146 1038 1212 poterat
1061 1151 1256 1213 regnum
1290 1135 1504 1189 coeleste,
1538 1135 1830 1194 adipiscendo
1863 1134 2036 1180 scilicet
2066 1135 2255 1218 beatitu-

263 1197 267 1200 ⁴
288 1203 440 1247 dinem
469 1212 715 1257 aeterna-m,
743 1217 858 1262 quae
886 1203 1094 1247 consistit
1118 1204 1165 1246 in
1187 1202 1321 1262 plena
1347 1202 1436 1246 Dei
1459 1201 1686 1246 fruitione.
2067 1214 2071 1220 ’
2222 1215 2225 1221 ’

378 1270 454 1314 AD
488 1283 748 1314 SECUNDUM
776 1270 1034 1324 dicendum,
1057 1270 1179 1328 quod
1211 1269 1333 1313 Elias
1367 1268 1625 1314 sublevatus
1660 1278 1727 1312 est
1758 1268 1803 1311 in
1836 1267 2019 1328 coelum
2051 1282 2252 1326 aereum,

288 1350 382 1380 non
411 1345 562 1381 autem
589 1337 635 1380 in
663 1336 846 1381 coelum
874 1350 1158 1396 empyreum,
1184 1336 1262 1396 qui
1279 1345 1346 1380 est
1361 1334 1491 1379 locus
1510 1335 1809 1379 Sanctorum:
1830 1344 1875 1379 et
1890 1325 2102 1380 similiter
2113 1335 2253 1380 etiam

288 1404 450 1447 Enoch
474 1414 623 1463 raptus
652 1414 718 1447 est
746 1404 801 1447 ad
828 1404 1088 1462 paradisum
1115 1412 1388 1458 terrestrem,
1416 1401 1493 1445 ubi
1526 1415 1632 1446 cum
1663 1392 1763 1446 Elia
1794 1400 1933 1446 simul
1964 1401 2162 1447 creditur
2191 1403 2254 1447 vi·
2340 1408 2352 1467 j

286 1485 394 1515 vere
421 1485 563 1529 usque
591 1470 645 1514 ad
674 1470 920 1514 adventum
946 1470 1235 1514 Antichristi

380 1538 456 1581 AD
490 1550 707 1582 TERTmM
750 1538 1009 1591 dicendum,
1051 1537 1188 1596 quod,
1230 1536 1347 1581 sicut
1383 1550 1519 1594 supra
1555 1535 1729 1580 dictum
1764 1545 1832 1581 est
1865 1535 1935 1595 (q.
1954 1550 2037 1600 39.
2062 1541 2158 1593 art,
2174 1537 2251 1599 ᾗ),
2334 1582 2344 1595 ,

291 1605 477 1648 Christo
503 1605 745 1663 baptizato,
772 1605 913 1662 aperti
941 1614 1045 1648 sunt
1071 1603 1205 1657 coeli,
1227 1617 1322 1648 non
1344 1613 1528 1663 propter
1547 1603 1699 1680 ipsum
1716 1602 1968 1665 Christum,
1976 1603 2255 1665 misempet

290 1671 470 1715 coelum
490 1671 647 1730 patuit,
665 1671 742 1714 sed
765 1672 822 1714 ad
839 1671 1206 1730 significandum,
1224 1671 1347 1747 quod
1365 1670 1548 1714 coelum
1560 1671 1758 1730 aperitur
1772 1670 2010 1733 baptizatis
2025 1671 2253 1734 baptismo
2331 1691 2338 1727 g

293 1737 478 1790 Christi,
506 1738 583 1796 qui
608 1738 746 1781 habet
771 1737 1025 1782 efficaciam
1052 1753 1106 1782 ex
1132 1739 1344 1797 passione
1366 1739 1519 1797 ipsius.
2328 1743 2337 1747 ”

381 1805 456 1848 AD
491 1817 728 1854 QUARTUM
756 1805 1016 1856 dicendum,
1044 1805 1165 1863 quod
1194 1805 1403 1849 Christus
1425 1819 1506 1848 sua
1526 1804 1738 1863 passione
1760 1804 1927 1850 meruit
1945 1799 2112 1854 nobis
2095 1774 2253 1867 ,introi-
2331 1849 2340 1858 ,

288 1881 385 1915 tum
413 1873 540 1930 regni
568 1872 792 1926 coelestis,
820 1882 864 1916 et
889 1872 1271 1930 impedimentum
1296 1872 1511 1918 removit:
1539 1871 1619 1916 sed
1651 1885 1729 1930 per
1765 1885 1897 1917 suam
1933 1872 2252 1922 ascensionem

289 1952 373 1981 nos
401 1941 526 1996 quasi
554 1939 601 1982 in
627 1939 968 1997 possessionem
993 1939 1124 1997 regni
1151 1938 1362 1983 coelestis
1397 1938 1668 1983 introduxit:
1702 1947 1747 1982 et
1781 1938 1886 1999 ideo
1920 1938 2101 1994 dicitur,
2129 1939 2252 2001 quod
2281 1942 2287 1946 '
2326 1965 2330 1974 ,-

290 2006 494 2049 ascendit
519 2006 721 2063 pandens
747 2007 830 2050 iter
857 2015 960 2051 ante
987 2019 1084 2051 eos..

1009 2180 1443 2239 ARTICULUS
1477 2182 1575 2238 VI.
2117 2167 2251 2262 ,βπ
2308 2185 2323 2228 ‚³

365 2314 557 2357 UTRUM‘
600 2316 867 2357 CHRISTUS
909 2319 1007 2358 PER
1048 2318 1194 2356 SUAM
1232 2317 1539 2359 PASSIONEM
1578 2317 1857 2358 MERUEmT
1894 2311 2187 2379 fixAffl'itm·
2314 2285 2322 2341 ἕ

959 2427 1011 2487 (3.
1038 2429 1148 2473 Dist.
1176 2429 1241 2474 18.
1266 2435 1349 2472 art.
1375 2442 1418 2485 4.
1446 2443 1484 2487 q.
1507 2429 1581 2488 3..)

375 2539 452 2583 AD
480 2551 672 2583 SEXTUM
699 2538 762 2582 sic
786 2539 1057 2598 proceditur
1085 2539 1288 2594 Videtur,
1318 2540 1440 2599 quod
1469 2540 1676 2584 Christus
1713 2554 1794 2599 per
1825 2538 1956 2596 suam
1989 2552 2251 2617 passionem
2270 2533 2309 2598 ᾗ·

283 2620 377 2650 non
404 2606 621 2649 meruerit
647 2605 855 2649 exaltari:
885 2606 1001 2650 sicut
1027 2607 1148 2651 enim
1177 2608 1380 2665 cognitio
1407 2607 1607 2652 veritatis
1635 2617 1703 2652 est
1728 2604 1962 2666 proprium
1983 2601 2143 2675 Deo,
2125 2617 2189 2658 lta
2205 2614 2252 2669 et
2277 2598 2306 2655 ‘s

285 2673 555 2726 sublimitas,
582 2674 833 2716 secundum
861 2672 972 2718 illud
1000 2673 1117 2718 Psal.
1151 2688 1166 2717 1
1182 2687 1245 2717 12.
1262 2675 1493 2719 :Excelsus
1514 2682 1634 2734 super
1656 2689 1792 2719 omnes
1810 2680 1943 2733 gentes
1962 2668 2194 2734 Dominus,
2213 2674 2252 2719 εὶ

283 2748 409 2800 super
435 2739 563 2785 coelos
587 2739 726 2798 gloria
751 2742 864 2797 ejus:
899 2741 978 2784 sed
1013 2740 1236 2794 Christus,
1270 2741 1523 2784 secundum
1557 2742 1679 2801 quod
1712 2741 1873 2796 homo,
1901 2735 2074 2800 habuit
2094 2741 2250 2820 ςοβιιὶ,

282 2807 459 2852 tionem
486 2807 636 2851 omnis
662 2807 878 2860 veritatis,
904 2821 997 2851 non
1025 2822 1077 2850 ex
1106 2807 1258 2867 aliquo
1277 2809 1439 2852 merito
1459 2809 1775 2867 praecedente,
1790 2808 1868 2853 sed
1880 2808 2069 2874 exipsa
2079 2804 2251 2886 ιιιιιοιιξζ
2283 2820 2301 2846 12

284 2875 388 2928 Dei,
415 2884 458 2918 et
484 2873 699 2927 hominis,
726 2874 975 2917 secundum
1004 2873 1113 2917 illud
1135 2874 1266 2931 Joan.
1295 2889 1329 2918 1.
1346 2876 1577 2920 :Vidimus
1601 2875 1781 2934 gloriam
1807 2877 1913 2935 ejus,
1931 2868 2115 2937 gloriam
2158 2866 2251 2951 μασῖ
2272 2876 2292 2930 jj
2323 2893 2325 2896 ·

283 2943 487 3000 unigeniti
513 2955 539 2985 a
569 2941 706 2994 Patre,
727 2941 897 3000 plenum
923 2943 1097 2999 gratiae,
1126 2948 1163 2986 et
1188 2943 1403 2995 veritatis,-
1440 2956 1550 3002 ergo
1577 2956 1726 3001 neque
1748 2941 2075 2997 exaltationem
2090 2940 2152 3019 ha
2160 2930 2251 3014 ugt'

283 3022 338 3052 ex
365 3008 528 3052 merito
556 3007 794 3067 passionis,
821 3007 898 3051 sed
927 3022 980 3051 ex
1002 3007 1101 3051 sola
1128 3008 2297 3063 unione.

374 3089 413 3119 2.
442 3075 738 3120 PRAETEREA.
768 3074 976 3119 Christus
1003 3075 1169 3118 meruit
1195 3076 1278 3119 sibi
1302 3090 1323 3118 a
1349 3077 1498 3135 primo
1521 3076 1704 3121 instanti
1723 3088 1830 3120 suae
1849 3073 2195 3141 conceptionis,
2229 3062 2293 3133 ’ᾗ

281 3157 416 3201 supra
444 3142 650 3186 habitum
676 3150 743 3185 est
772 3141 828 3199 (q.
848 3156 913 3200 34.
941 3148 1023 3186 art
1047 3142 1134 3200 3):
1163 3156 1256 3185 non
1286 3153 1438 3187 autern
1467 3145 1614 3219 major
1640 3143 1837 3190 charitas
1851 3140 1983 3195 fuit'
1971 3158 2019 3188 m
2041 3157 2097 3205 eo
2129 3153 2175 3194 te
2349 3151 2352 3193 ς

280 3224 390 3269 pore
414 3209 653 3269 passionis,
681 3223 818 3268 quam
847 3218 972 3263 ante3
1001 3222 1105 3252 curn
1126 3223 1236 3284 ergo
1257 3210 1451 3254 charitas
1470 3210 1526 3254 sit
1545 3210 1750 3255 merendi
1766 3207 2051 3271 principium,
2067 3209 2144 3266 vid
2167 3200 2203 3267 J’
2236 3238 2267 3277 <25

279 3277 401 3336 quod
430 3291 523 3321 non
550 3276 697 3336 magis
726 3276 942 3321 meruerit
967 3290 1047 3335 per
1074 3276 1337 3334 passionem
1364 3292 1494 3321 suam
1521 3277 1859 3333 exaltationem,
1880 3291 2050 3341 quam
2046 3287 2166 3325 ante.
2188 3268 2273 3348 ιζ

373 3359 408 3401 3.
437 3343 734 3389 PRAETEREA.
765 3341 925 3389 Gloria
953 3343 1157 3401 corporis
1184 3342 1371 3387 resultat
1398 3358 1451 3387 ex
1479 3343 1626 3403 gloria
1646 3346 1841 3399 animae,
1858 3354 1908 3390 ut
1924 3330 2118 3405 August.
2136 3334 2229 3397 disi
2328 3363 2330 3365 ·

276 3412 322 3454 in
350 3412 476 3470 epist.
506 3410 561 3455 ad
603 3410 884 3455 Dioscorum
914 3409 1035 3468 (quae
1054 3415 1107 3454 ast
1129 3410 1196 3468 56.
1225 3416 1315 3454 ante
1343 3425 1405 3453 me
1396 3411 1433 3454 d
1437 3411 1499 3468 .;)
1540 3412 1619 3455 sed
1650 3410 1858 3456 Christus
1884 3415 1977 3472 per
1982 3406 2268 3472 passione‘

276 3492 405 3522 suam
434 3492 527 3522 non
554 3479 719 3522 meruit
738 3476 1058 3523 exaltationem
1086 3487 1306 3535 quantum
1327 3477 1381 3521 ad
1401 3477 1598 3536 gloriam
1626 3479 1829 3534 animae;
1857 3475 1959 3539 quia
1978 3475 2155 3536 anima

278 3544 362 3588 fuit
387 3546 521 3589 beata
549 3560 572 3589 a
600 3545 749 3604 primo
776 3544 959 3589 instanti
985 3558 1092 3588 suae
1117 3543 1454 3602 conceptionis;
1483 3559 1592 3603 ergo
1618 3560 1767 3605 neque
1795 3545 1935 3593 etiam
1969 3557 2052 3604 pet·
2077 3558 2152 3606 pa

279 3626 384 3655 nem
416 3612 580 3657 meruit
605 3610 929 3657 exaltationem
955 3619 1176 3671 quantum
1202 3611 1256 3654 ad
1284 3609 1481 3669 gloriam
1509 3612 1729 3671 corporis.
