2352 3926
635 168 915 217 Quansrro
955 169 1196 209 Lxxxvn.
1237 169 1547 210 Alimentus
1587 170 1622 209 1.
1999 156 2106 229 809

685 453 1132 532 QUAESTIO
1183 454 1568 516 LXXXVII.

452 607 535 648 DE
580 607 945 651 REMISSIONE
992 608 1336 650 VENIALIUM
1382 609 1799 661 PECCATORUM,

623 696 690 737 IN
721 696 1009 748 QUATUOR
1041 697 1372 740 ARTICULOS
1405 698 1625 740 DIVISA.

233 869 413 916 Deinde
439 869 821 923 considerandum
847 880 915 916 est
940 871 996 916 de
1021 871 1292 916 remissione
1314 872 1563 917 venialium
1589 883 1899 932 peccatorum.

710 984 767 1029 Et
796 985 911 1030 circa
943 984 1017 1029 hoc
1049 990 1311 1044 quaeruntur
1336 990 1529 1043 quatuor.

235 1071 408 1117 Primo.
431 1073 598 1118 Utrum
624 1073 721 1117 sine
747 1073 1028 1131 poenitentia
1052 1083 1295 1133 peccatum
1315 1073 1497 1119 veniale
1523 1074 1667 1133 possit
1691 1074 1871 1120 dimitti.

234 1138 464 1184 Secundo.
491 1139 660 1184 Utrum
685 1141 828 1200 possit
853 1140 1019 1185 dimitti
1043 1141 1141 1185 sine
1168 1140 1338 1200 gratiae
1363 1140 1606 1186 infusione.

235 1204 411 1251 Tertio.
439 1206 607 1251 Utrum
631 1217 820 1266 peccata
838 1206 1035 1251 venialia
1060 1208 1348 1252 remittantur
1371 1222 1454 1267 per
1475 1208 1787 1266 aspersionem
1810 1222 1955 1268 aquae
1979 1209 2114 1253 bene·

145 1272 310 1327 dictae,
337 1283 382 1319 et
406 1273 719 1334 episcopalem
744 1274 1129 1329 benedictionem,
1162 1284 1207 1320 et
1235 1276 1498 1320 tunsionem
1529 1275 1742 1335 pectoris,
1775 1285 1820 1320 et
1851 1276 2111 1321 orationem

145 1339 458 1395 Dominicam‚
484 1351 530 1386 et
554 1341 643 1385 alia
667 1341 946 1400 hujusmodi.

237 1407 481 1462 Quartum.
509 1409 676 1454 Utrum
701 1408 879 1453 veniale
904 1419 1146 1468 peccatum
1171 1410 1316 1469 possit
1340 1410 1510 1455 remitti
1535 1410 1633 1455 sine
1658 1410 1859 1456 mortali.

856 1557 1294 1615 ARTICULUS
1338 1559 1380 1614 1.
2031 1588 2112 1634 532

182 1677 375 1717 UTRUM
399 1678 716 1717 *PECCATUM
746 1679 982 1718 VENIALE
1020 1679 1213 1718 POSSIT
1246 1680 1478 1720 REMITTI
1519 1680 1639 1719 SINE
1678 1679 2074 1720 POENITENTIA.

659 1772 786 1832 (Insr.
814 1779 896 1820 art.
922 1787 962 1819 2.
989 1773 1046 1818 ad
1069 1788 1109 1819 2.
1137 1781 1176 1819 et
1195 1789 1231 1833 3.
1259 1780 1296 1819 et
1321 1780 1402 1819 art.
1425 1789 1462 1834 3.
1485 1783 1601 1835 corp.

291 1845 331 1885 et
353 1853 398 1898 4.
422 1840 536 1886 Dist.
562 1840 629 1886 16.
656 1855 695 1900 q.
722 1854 762 1886 2.
790 1846 871 1886 art.
898 1855 938 1886 2.
966 1855 1003 1900 q.
1031 1855 1071 1886 2.
1100 1840 1154 1886 ad
1178 1856 1218 1886 2.
1247 1848 1286 1887 et
1309 1843 1420 1887 Dist.
1448 1856 1512 1887 21.
1539 1857 1578 1901 q.
1605 1857 1646 1888 2.
1673 1849 1756 1888 art.
1782 1858 1817 1888 1.
1847 1850 1958 1902 corp.

790 1914 828 1953 et
853 1907 960 1952 Mal.
987 1923 1025 1967 q.
1053 1922 1092 1968 7.
1119 1914 1200 1954 art.
1227 1923 1291 1954 12.
1319 1910 1470 1968 corp).

235 2012 311 2057 AD
336 2025 527 2058 PRmUM
542 2012 607 2057 sic
625 2013 900 2072 proceditur.
917 2012 1124 2068 Videtur,
1141 2013 1264 2073 quod
1290 2014 1470 2058 veniale
1507 2024 1749 2074 peccatum
1775 2015 1920 2074 possit
1944 2016 2116 2060 remitti

145 2079 244 2124 sine
267 2080 572 2139 poenitentia:
592 2080 785 2139 pertinet
810 2079 950 2135 enim,
976 2090 1026 2124 ut
1050 2095 1186 2140 supra
1211 2081 1385 2125 dictum
1411 2091 1479 2126 est
1503 2083 1561 2140 (q.
1585 2083 1657 2139 84.
1681 2089 1764 2127 art.
1787 2097 1850 2128 10.
1871 2082 1926 2127 ad
1946 2084 2028 2141 4.),
2058 2083 2116 2128 ad

144 2146 372 2192 rationem
396 2160 531 2191 verae
556 2147 878 2206 poenitentiae,
897 2147 1021 2207 quod
1042 2161 1138 2191 non
1163 2147 1316 2192 solum
1342 2148 1487 2192 homo
1515 2148 1669 2193 doleat
1694 2149 1750 2192 de
1777 2159 1968 2208 peccato
1990 2165 2116 2210 prae·

143 2216 295 2269 terito,
321 2215 399 2259 sed
425 2215 566 2259 etiam
597 2224 826 2274 proponat
851 2228 1013 2259 cavere
1039 2214 1094 2258 de
1119 2213 1298 2260 futuro:
1326 2216 1406 2260 sed
1432 2215 1530 2260 sine
1555 2215 1635 2260 tali
1662 2218 1899 2275 proposito
1926 2228 2115 2276 peccata

145 2281 343 2326 venialia
373 2281 674 2335 dimittuntur,
712 2295 818 2326 cum
850 2291 1027 2326 certum
1059 2283 1130 2335 sit,
1163 2282 1286 2341 quod
1312 2282 1459 2326 homo
1492 2282 1589 2326 sine
1631 2283 1831 2342 peccatis
1861 2283 2116 2329 venialibus

144 2358 432 2408 praesentem
456 2348 600 2392 vitam
625 2348 791 2392 ducere
817 2362 912 2393 non
938 2358 1109 2408 potest3
1137 2362 1248 2407 ergo
1275 2359 1464 2408 peccata
1489 2349 1687 2394 venialia
1719 2359 1913 2408 possunt
1944 2351 2115 2396 remitti

145 2417 243 2462 sine
268 2417 563 2476 poenitentia.

234 2496 276 2528 2.
302 2483 601 2530 PRAETEREA.
628 2484 918 2529 Poenitentia
942 2498 1038 2528 non
1064 2495 1131 2529 est
1157 2485 1254 2529 sine
1282 2485 1450 2530 actuali
1476 2484 1763 2545 displicentia
1789 2496 2114 2544 peccatorum:

147 2550 227 2595 sed
243 2561 432 2610 peccata
442 2550 640 2597 venialia
655 2561 848 2611 possunt
863 2552 1028 2597 dimitti
1047 2553 1143 2596 sine
1163 2551 1448 2610 displicentia
1472 2552 1640 2598 actuali
1661 2567 1839 2607 eorum,
1855 2553 1973 2598 sicut
1994 2563 2117 2611 patet

147 2618 195 2662 in
227 2631 299 2672 eo,
332 2618 409 2677 qui
440 2618 674 2663 dormiens
711 2619 997 2663 occideretur
1029 2629 1213 2679 propter
1240 2618 1500 2676 Christum3
1534 2620 1689 2664 statim
1725 2620 1849 2664 enim
1887 2619 2114 2666 evolaret:

148 2684 272 2744 quod
302 2698 396 2730 non
430 2685 670 2744 contingit,
700 2686 990 2731 manentibus
1023 2686 1223 2745 peccatis
1248 2686 1526 2742 venialibus;
1559 2701 1669 2746 ergo
1703 2696 1892 2746 peccata
1917 2687 2115 2732 venialia

148 2761 339 2812 possunt
363 2751 533 2798 remitti
558 2752 655 2797 sine
680 2753 976 2812 poenitentia.

242 2833 279 2878 3.
306 2818 603 2864 PRAETEREA.
620 2819 818 2864 Peccata
843 2819 1040 2864 venialia
1066 2830 1361 2880 opponuntur
1385 2821 1553 2866 fervori
1580 2821 1829 2875 charitatis,
1856 2830 1905 2865 ut
1929 2821 1977 2865 in
1996 2834 2036 2866 2.
2055 2822 2117 2867 di·

147 2895 274 2930 ctum
301 2896 368 2930 est
395 2885 497 2942 (2-2.
516 2900 555 2945 q.
573 2900 642 2943 24·
660 2893 742 2932 art.
760 2888 874 2948 ro.).·
902 2887 980 2931 sed
1008 2901 1150 2932 unum
1177 2890 1495 2948 oppositorum
1521 2887 1696 2932 tollitur
1720 2903 1802 2946 per
1828 2888 1975 2943 aliud3
2004 2903 2114 2949 ergo

151 2965 230 3012 per
253 2952 481 2997 fervorem
508 2953 754 3007 charitatis,
773 2968 910 3012 quem
937 2954 1161 3013 contingit
1187 2969 1285 3000 esse
1311 2955 1408 2999 sine
1432 2954 1600 2999 actuali
1626 2954 1912 3014 displicentia
1938 2957 2115 3015 peccati

147 3019 353 3073 venialis,
385 3018 435 3064 fit
459 3019 668 3064 remissio
694 3030 989 3080 peccatorum
1015 3022 1277 3066 venialium.

238 3086 333 3130 SED
361 3098 557 3131 CONTRA
590 3095 671 3142 est,
704 3087 826 3146 quod
853 3087 1046 3147 August.
1079 3088 1189 3133 dicit
1219 3089 1265 3132 in
1299 3088 1375 3132 lib.
1414 3088 1469 3132 de
1496 3087 1674 3133 Poenit.
1711 3092 1797 3146 (seu
1830 3091 1898 3135 De
1928 3105 2048 3145 vera,
2081 3097 2118 3136 et

137 3152 255 3211 salsa
280 3155 503 3212 poenitent.
530 3161 620 3213 cap.
646 3155 688 3199 8.
709 3159 746 3198 et
767 3153 877 3199 hom.
899 3168 967 3214 27.
993 3156 1104 3201 inter
1119 3170 1187 3215 50.
1214 3164 1305 3215 cap.
1338 3170 1378 3201 2.
1411 3161 1451 3200 et
1475 3156 1583 3200 hom.
1606 3156 1681 3201 ult.
1700 3163 1796 3202 ante
1819 3157 1964 3215 med),
1994 3159 2116 3217 quod

153 3235 177 3260 «
203 3230 271 3265 est
296 3220 522 3280 quaedam
549 3220 844 3280 poenitentia,
871 3236 987 3281 quae
1013 3224 1216 3282 quotidie
1244 3223 1391 3281 agitur
1413 3223 1459 3266 in
1481 3222 1686 3268 Ecclesia
1713 3238 1795 3282 pro
1822 3225 2023 3283 peccatis
2045 3239 2118 3270 ve-

147 3286 342 3331 nialibus
374 3302 424 3331 »2
458 3302 574 3347 quae
606 3286 769 3333 frustra
802 3299 933 3344 esset,
965 3289 1004 3334 si
1034 3290 1131 3335 sine
1164 3290 1444 3349 poenitentia
1475 3301 1665 3350 peccata
1696 3291 1894 3336 venialia
1925 3303 2115 3351 possent

148 3354 339 3418 dimitti;
364 3355 542 3400 videtur
567 3370 694 3415 ergo,
721 3356 845 3416 quod
870 3367 1059 3417 peccata
1085 3358 1281 3403 venialia
1306 3372 1401 3403 non
1423 3358 1599 3416 possint
1624 3359 1720 3404 sine
1748 3360 2027 3419 poenitentia
2051 3361 2116 3405 di-

151 3423 283 3468 mitti.

238 3489 528 3540 RESPONDEQ
560 3491 820 3546 dicendum,
853 3492 976 3551 quod
1008 3493 1217 3538 remissio
1245 3492 1421 3552 culpae,
1447 3493 1565 3539 sicut
1590 3494 1763 3539 dictum
1790 3505 1859 3539 est
1890 3495 1951 3553 (q.
1971 3502 2113 3554 praec.

150 3562 231 3602 art.
254 3558 334 3616 2.),
367 3557 417 3602 fit
440 3573 521 3618 per
546 3559 922 3619 conjunctionem
953 3558 1156 3604 hominis
1187 3559 1244 3604 ad
1271 3559 1440 3615 Deum,
1468 3575 1494 3605 a
1519 3575 1611 3621 quo
1647 3561 1903 3621 aliqualiter
1933 3573 2115 3621 separat
