2352 3926
535 208 814 256 QUAESTIO
854 208 1061 248 xxxvn.
1100 207 1407 249 ARTICULUS
1448 206 1524 247 111.
1905 209 2008 264 319

139 313 218 361 AD
250 324 467 359 TERTIUM
493 310 755 364 dicendum,
782 310 921 370 quod,
947 321 1132 371 propter
1165 310 1256 356 hoc
1282 310 1434 370 ipsum
1459 309 1607 355 voluit
1635 308 1809 356 hostias
1840 307 2011 368 legales

50 393 135 442 pro
160 394 209 427 se
235 379 405 435 offerri,
430 380 506 439 qui
533 387 628 424 erat
653 391 760 423 vera
791 378 956 435 hostia,
990 388 1039 424 ut
1068 378 1213 437 figura
1244 378 1424 423 veritati
1456 378 1824 437 conjungeretur,
1857 386 1903 422 et
1933 391 2013 436 per

50 448 289 495 veritatem
314 446 460 506 figura
485 445 823 506 approbaretur,
849 454 1009 490 contra
1034 444 1140 489 illos
1166 445 1245 504 qui
1269 445 1422 490 Deum
1448 443 1562 503 legis
1583 454 1755 504 negant
1775 458 1801 488 a
1824 443 2012 491 Christo

47 514 188 565 fuisse
217 515 266 560 in
301 512 554 572 Evangelio
590 511 924 573 praedicatum:
959 526 984 553 α
1006 511 1113 556 Non
1141 511 1265 555 enim
1298 511 1549 570 putandum
1573 521 1679 556 est»
1709 521 1757 556 ut
1785 510 2013 570 Origenes

51 581 161 628 dicit
184 583 314 639 (hom.
341 595 406 639 14.
438 583 481 625 in
509 582 612 625 Luc.
637 594 663 624 a
688 579 813 636 med.)
849 595 872 620 «
890 578 1011 639 quod
1039 577 1185 623 filium
1212 593 1346 622 suum
1371 578 1519 623 bonus
1545 579 1671 624 Deus
1698 578 1779 623 sub
1806 578 1909 639 lege
1934 579 2015 623 ini-

0 648 5 654 '
50 649 159 696 mici
182 648 354 702 fecerit,
380 662 519 708 quam
544 648 640 707 ipse
666 661 761 692 non
793 646 979 691 dederat
999 662 1041 692 ».

138 715 215 763 AD
233 729 472 767 QUARTUM
487 714 747 769 dicendum,
766 714 888 773 quod
907 714 1051 758 Levit.
1081 726 1147 760 12.
1166 713 1453 773 praecipitur,
1467 723 1515 757 ut
1531 714 1607 772 qui
1624 725 1823 772 possent,
1841 727 2013 774 agnum

50 797 134 844 pro
160 783 271 838 filio,
297 794 375 829 aut
399 783 506 837 filia,
532 781 670 828 simul
695 792 740 826 et
765 791 1002 835 turturem,
1020 781 1116 826 sive
1143 779 1407 825 columbam
1426 780 1667 836 offerrent3
1694 782 1771 841 qui
1791 796 1901 827 vero
1918 795 2013 826 non

49 849 309 897 sufficerent
333 850 389 895 ad
416 848 700 895 offerendum
729 863 915 907 agnum,
943 848 1058 892 duos
1075 858 1285 901 turtures,
1301 846 1376 891 vel
1392 848 1507 892 duos
1527 847 1846 893 columbarum
1863 848 2013 908 pullos

51 916 286 963 offerrent:
313 917 543 962 Dominus
571 930 696 975 ergo,
723 916 800 975 qui
833 931 926 960 cum
952 915 1064 960 dives
1095 921 1200 968 esset,
1230 921 1405 974 propter
1435 929 1511 958 nos
1535 930 1677 973 egenus
1698 917 1842 974 factus
1866 922 1936 968 est,
1969 922 2015 960 ut

48 985 161 1031 illius
184 986 330 1045 inopia
353 984 498 1030 divites
521 999 704 1039 essemus,
731 993 780 1028 ut
803 983 966 1028 dicitur
993 995 1032 1027 2.
1053 983 1109 1027 ad
1132 982 1241 1028 Cor.
1266 983 1321 1036 8,,
1345 996 1427 1041 pro
1454 997 1501 1027 se
1523 997 1774 1042 pauperum
1810 983 2012 1029 hostiam

49 1050 195 1101 voluit
229 1050 405 1096 offerri:
442 1051 558 1095 sicut
593 1061 637 1095 et
666 1050 713 1094 in
740 1050 837 1110 ipsa
863 1050 1098 1095 nativitate
1129 1050 1290 1110 pannis
1315 1049 1576 1104 involvitur,
1613 1059 1658 1094 et
1692 1050 1935 1096 reclinatur
1965 1051 2013 1095 in

50 1119 308 1178 praesepio:
334 1117 633 1162 nihilominus
645 1127 802 1162 tamen
819 1117 1085 1175 hujusmodi
1102 1131 1206 1162 aves
1224 1117 1397 1175 figurae
1416 1127 1693 1175 congruunt:
1711 1127 1857 1162 turtur
1875 1119 1997 1163 enim

50 1184 156 1244 quia
182 1194 251 1230 est
276 1185 372 1229 avis
396 1183 578 1244 loquax,
605 1184 1009 1244 praedicationem,
1043 1194 1087 1228 et
1114 1183 1452 1228 confessionem
1488 1183 1594 1227 fidei
1619 1184 1874 1242 significat:
1908 1186 2014 1244 quia

49 1265 160 1296 vero
186 1262 255 1298 est
285 1251 456 1296 animal
487 1262 679 1306 castum,
711 1251 936 1310 significat
969 1251 1246 1296 castitatem:
1282 1251 1387 1310 quia
1419 1265 1528 1295 vero
1562 1261 1631 1295 est
1662 1251 1832 1296 animal
1865 1252 2015 1296 solita-

49 1318 185 1373 rium,
209 1318 435 1378 significat
461 1317 913 1378 contemplationem.
942 1317 1174 1364 Columba
1199 1333 1311 1362 vero
1341 1328 1407 1363 est
1434 1318 1606 1379 animal
1637 1329 1944 1374 mansuetum,
1971 1330 2016 1365 et

48 1384 256 1444 simplex,
282 1386 694 1440 mansuetudinem,
723 1396 767 1431 et
788 1385 1130 1444 simplicitatem
1155 1385 1440 1444 significans:
1468 1395 1537 1430 est
1562 1386 1700 1430 etiam
1717 1386 1889 1436 animal
1921 1402 2017 1446 gre-

8 1451 10 1453 ’
44 1452 173 1512 gale:
201 1453 319 1502 unde
346 1453 573 1512 significat
598 1453 739 1498 vitam
767 1454 978 1507 activam,
1006 1462 1051 1497 et
1075 1452 1180 1497 ideo
1206 1452 1473 1510 hujusmodi
1498 1453 1650 1497 hostia
1675 1453 1899 1512 figurabat
1920 1468 2017 1512 per-

49 1520 299 1569 fectionem
325 1519 511 1574 Christi,
538 1530 582 1565 et
604 1520 917 1574 membrorum
945 1521 1066 1577 ejus:
1093 1530 1338 1579 utrumque
1359 1520 1498 1564 etiam
1521 1520 1691 1564 animal
1711 1530 1896 1580 propter
1911 1536 2018 1566 con-

51 1587 338 1632 suetudinem
365 1587 580 1645 gemendi
601 1596 862 1646 praesentes
887 1587 1165 1631 Sanctorum
1188 1587 1335 1632 luctus
1359 1587 1589 1646 designat:
1618 1589 1695 1632 sed
1718 1598 1876 1643 turtur,
1899 1603 2015 1649 quae

51 1664 120 1699 est
143 1653 362 1708 solitaria,
389 1653 615 1713 significat
640 1664 839 1699 secretas
867 1654 1129 1698 orationum
1156 1654 1408 1713 lacrymas:
1438 1655 1652 1699 columba
1669 1670 1794 1710 vero,
1813 1670 1930 1715 quae
1947 1667 2016 1702 est

51 1721 264 1781 gregalis,
290 1721 515 1781 significat
539 1721 742 1781 publicas
769 1722 1000 1766 orationes
1037 1721 1296 1777 Ecclesiae3
1330 1731 1573 1781 utrumque
1600 1737 1709 1767 vero
1739 1723 1908 1768 animal
1940 1724 2016 1768 du-

51 1788 270 1848 plicatum
295 1787 498 1844 offertur,
524 1799 573 1834 ut
598 1789 812 1834 sanctitas
839 1789 897 1834 sit
922 1803 1015 1833 non
1042 1788 1194 1833 solum
1219 1789 1266 1833 in
1294 1789 1460 1844 anima,
1478 1789 1557 1834 sed
1581 1790 1719 1834 etiam
1735 1790 1783 1835 in
1806 1805 2013 1852 corpore.

746 1951 1184 2008 ARTICULUS
1224 1952 1321 2008 IV.
1927 1982 2012 2028 207

680 2087 927 2126 UTRUM
980 2087 1214 2127 MATER
1267 2088 1382 2127 DEI

0 2116 23 2247 ζ
253 2168 678 2208 CONVENIENTER
718 2169 791 2206 AD
827 2169 1092 2207 TEMPLUM
1126 2170 1425 2208 PURGANDA
1458 2170 1807 2210 ACCESSERIT.

0 2246 24 2308 ’ἓ
793 2287 968 2346 (Opusc.
994 2286 1065 2332 60.
1099 2294 1192 2346 cap.
1214 2286 1275 2346 3.)

0 2374 7 2398 ⁵
139 2395 217 2440 An
258 2408 496 2446 QUARTUM
528 2396 593 2442 sic
630 2397 903 2456 proceditur,
946 2397 1152 2452 Videtur,
1188 2397 1310 2457 quod
1345 2398 1720 2443 inconvenienter
1751 2409 1897 2444 mater
1927 2400 2016 2445 Dei

0 2444 22 2541 ἰ
50 2463 286 2522 purganda
312 2463 367 2508 ad
392 2464 616 2540 templum
644 2465 906 2510 accesserit:
935 2465 1145 2525 purgatio
1170 2466 1291 2509 enim
1315 2480 1410 2510 non
1432 2466 1609 2510 videtur
1632 2480 1730 2510 esse
1750 2467 1837 2510 nisi
1860 2466 1947 2511 ab'
1936 2482 2018 2511 lm-

0 2551 28 2584 ιι
52 2529 297 2575 munditia:
338 2530 418 2575 sed
450 2531 497 2575 in
535 2531 585 2575 B.
612 2530 803 2591 Virgine
835 2531 962 2576 nulla
997 2531 1080 2576 fuit
1106 2532 1412 2587 immunditia,
1438 2543 1487 2577 ut
1513 2547 1568 2577 ex
1593 2533 1861 2592 supradictis
1894 2545 2017 2594 patet

0 2575 33 2759 Ξ
52 2594 158 2656 (art.
173 2605 317 2657 praec.
344 2598 399 2643 ad
421 2614 458 2644 1.
490 2605 527 2644 et
557 2614 596 2659 q.
617 2612 685 2659 27.
704 2606 785 2645 art.
810 2614 854 2658 4.
877 2607 915 2646 et
930 2615 968 2660 5.
985 2616 1023 2660 q.
1042 2601 1097 2647 28
1100 2601 1160 2658 )
1185 2614 1296 2660 ergo
1321 2615 1417 2646 non
1449 2601 1603 2647 debuit
1629 2610 1678 2646 ut
1701 2603 1936 2661 purganda
1960 2603 2015 2647 ad

51 2663 276 2723 templum
302 2666 533 2711 accedere.

143 2743 184 2775 2.
215 2730 512 2777 PRAETEREA.
547 2733 692 2778 Levit.
734 2746 799 2778 12.
837 2734 1026 2778 dicitur:
1069 2735 1242 2789 Mulier,
1278 2750 1383 2794 quae
1415 2743 1594 2796 suscepto
1628 2739 1779 2783 semine
1810 2739 2018 2815 pepererit

17 2797 299 2853 masculum,
322 2799 542 2844 immunda
562 2802 646 2845 erit
668 2807 817 2860 septem
849 2801 1013 2847 diebus:
1037 2811 1082 2847 et
1106 2802 1212 2846 ideo
1236 2802 1278 2847 ei
1300 2804 1590 2863 praecipitur,
1611 2805 1734 2863 quod
1755 2819 1849 2850 non
1872 2805 2017 2864 ingre-

27 2861 200 2909 sdiatur
224 2867 545 2923 sanctuarium,
571 2867 718 2912 donec
754 2867 1030 2927 impleantur
1065 2868 1160 2914 dies
1193 2871 1476 2929 purgationis
1514 2873 1636 2931 eJus:
1673 2872 1751 2916 sed
1786 2873 1837 2916 B.
1869 2872 2014 2931 Virgo

0 2927 227 3002 {peperit
259 2933 517 2980 masculum
548 2934 644 2980 sine
676 2935 794 2980 virili
826 2936 1025 2990 semine3
1056 2951 1152 2981 non
1185 2951 1294 2996 ergo
1329 2937 1483 2983 debuit
1515 2939 1571 2983 ad
1603 2938 1828 2998 templum
1859 2939 2014 2984 venire

0 2996 37 3049 ἲ
36 2999 300 3058 purganda

149 3078 184 3124 3.
211 3065 508 3112 PRAETEREA.
535 3068 752 3146 Purgatio
782 3070 834 3113 ab
862 3069 1153 3114 immunditia
1179 3086 1272 3115 non
1300 3071 1349 3116 fit
1373 3072 1461 3116 nisi
1487 3087 1565 3131 per
1592 3074 1809 3149 gratiam:
1844 3073 1922 3116 sed
1950 3087 2016 3116 sa-

56 3142 288 3178 eramenta
313 3136 476 3179 veteris
502 3134 615 3194 legis
643 3137 835 3195 gratiam
861 3151 955 3181 non
984 3137 1299 3183 conferebant:
1329 3140 1444 3184 sed
1433 3155 1528 3198 1psa
1558 3141 1707 3198 potius
1735 3154 1891 3183 secum
1915 3154 2011 3197 gra-

2 3193 145 3242 hae
172 3210 404 3245 auctorem
431 3201 646 3259 habebat3
673 3219 767 3248 non
794 3219 904 3263 ergo
943 3206 1220 3250 conveniens
1247 3205 1343 3261 fuit,
1371 3217 1420 3251 ut
1451 3207 1506 3250 ad
1532 3206 1756 3265 templum
1778 3206 2013 3265 purganda

19 3263 242 3327 {veniret

27 3337 35 3341 ”
147 3331 241 3377 SED
268 3345 463 3380 CONTRA
490 3346 558 3380 est
583 3338 827 3382 auctoritas
857 3338 1131 3397 Scripturae‚
1159 3354 1247 3398 qua
1281 3339 1441 3384 dicitur
1468 3339 1577 3384 Luc.
1613 3351 1667 3394 2.,
1701 3340 1822 3398 quod
1855 3341 2016 3399 impleti

12 3388 148 3447 ’ἷξειιηί
171 3399 254 3444 dies
267 3404 528 3460 purgationis
555 3404 724 3448 Mariae
743 3405 965 3450 secundum
988 3407 1111 3465 legem
1141 3407 1288 3465 Mojsi.

146 3462 432 3513 RESPONDEO
459 3469 719 3523 dicendum,
746 3470 867 3528 quod
895 3471 1010 3515 sicut
1037 3471 1272 3531 plenitudo
1306 3473 1476 3531 gratiae
1509 3487 1534 3515 a
1567 3471 1753 3515 Christo
1788 3473 2015 3517 derivatur

12 3528 116 3594 ζῶ
130 3542 346 3580 matrem:
373 3535 434 3578 ita
459 3535 626 3590 decuit,
649 3546 698 3581 ut
719 3547 865 3581 mater
886 3537 1133 3583 humilitati
1150 3539 1230 3582 filii
1249 3538 1625 3583 conformaretur.
1643 3539 1922 3584 Humilibus
1903 3541 2013 3584 enim

12 3582 173 3645 {Deus
192 3597 264 3644 dat
279 3601 480 3659 gratiam,
503 3612 553 3646 ut
577 3602 741 3647 dicitur
760 3602 920 3661 Jacobi
944 3616 1002 3659 4.·
976 3638 1004 3659 .,
1027 3616 1071 3650 et
1095 3605 1201 3650 ideo
1228 3605 1344 3650 sicut
1375 3604 1601 3659 Christus,
1632 3604 1740 3650 licet
1770 3619 1864 3650 non
1895 3616 2014 3651 esset

14 3461 42 3495 3235

25 3500 39 3514 ν,
