2352 3926
259 217 371 273 754
755 210 1040 259 QUAESTIO
1071 210 1279 251 Lxxxu.
1320 209 1630 252 ARTIanus
1668 209 1744 250 rx.

352 333 390 379 3.
418 318 717 363 Pium-mm.
742 314 890 359 Multa
914 323 1106 374 peccata
1126 322 1231 359 sunt
1251 312 1478 373 graviora,
1496 325 1640 372 quam
1655 311 1930 359 fornicatio.
1928 312 2147 359 »sednon
2162 322 2232 359 est

257 386 539 447 prohibitum
557 383 711 428 audire
729 382 892 426 missas
910 381 1202 426 sacerdotum
1219 380 1349 425 aliter
1365 379 1683 440 peccantium3
1698 392 1813 439 ergo
1833 379 1972 425 etiam
1982 391 2082 425 non
2096 378 2233 464 debet

258 468 357 499 esse
384 451 666 512 prohibitum
693 449 850 493 audire
876 449 1041 493 missas
1067 447 1362 493 sacerdotum
1385 446 1753 492 fornicariorum.
2118 472 2120 474 ν

354 521 448 565 s-En
478 531 675 564 CONTRA
702 527 783 571 est,
811 516 939 575 quod
968 530 1118 561 canon
1150 514 1262 560 dicit
1294 514 1375 575 (32²
1402 515 1512 560 Dist.
1555 522 1648 575 cap.
1676 515 1765 574 5)
1800 531 1830 556 (τ
1844 513 2011 560 Nunus
2040 513 2233 560 missam

260 587 413 632 audiat
438 584 704 638 sacerdotis,
733 598 870 643 quem
903 583 1209 627 indubitanter
1235 582 1542 627 concubinam
1567 582 1697 626 novit
1726 581 1959 638 habere»,
1987 591 2033 627 et
2057 581 2236 642 Grego-

259 656 350 698 rius
378 653 487 697 dicit
512 652 559 696 in
590 665 627 711 3.
655 650 841 710 Dialog.
867 649 978 710 (cap.
1002 665 1060 710 31.
1073 657 1075 661 “
1079 658 1239 711 parum
1266 664 1292 695 a
1314 649 1491 710 princ),
1526 649 1650 709 quod
1684 666 1708 692 «
1725 659 1854 710 pater
1884 648 2081 709 perfidus
2106 649 2236 694 Aria·

258 735 370 766 num
405 720 675 779 episcopum
711 718 837 762 misit
868 717 925 762 ad
957 717 1118 773 filium,
1151 728 1201 763 ut
1225 718 1281 762 de
1315 718 1412 777 ejus
1437 731 1579 762 manu
1610 716 1835 776 sacrilega
1872 716 2234 763 consecrationis

262 787 642 833 communionem
682 786 959 845 perciperet:
998 785 1077 830 sed
1113 785 1182 830 vir
1217 785 1321 830 Deo
1360 784 1536 830 deditus
1567 784 1743 829 Ariano
1782 784 2010 844 episcopo*
2033 783 2237 829 venient-i

261 854 562 915 exprobravit,
590 863 639 897 ut
665 853 820 897 debuit
838 870 881 896 ³).

352 922 644 966 RESPONDEO
672 920 933 975 dicendum,
961 920 1097 980 quod,
1125 920 1242 965 sicut
1266 934 1403 980 supra
1430 919 1603 964 dictum
1630 929 1698 964 est
1723 918 1828 977 (art.
1856 931 1894 979 7.
1926 925 1966 965 et
1988 919 2030 965 85.
2050 919 2234 982 praec-2,

261 989 540 1042 sacerdotes,
574 988 619 1032 siv
644 988 739 1033 sint
769 987 1003 1042 haeretici,
1035 986 1112 1032 vel
1142 987 1439 1042 schismatici,
1465 986 1541 1032 vel
1572 985 1974 1041 excommunicati,
1995 985 2078 1031 ver
2097 986 2236 1032 etiam

262 1067 542 1117 peccatores,
557 1056 768 1116 quamvis
778 1055 978 1100 habeant
994 1064 1271 1116 potestatem
1289 1054 1591 1100 consecrandi
1607 1054 1958 1108 Eucharistiam;
1973 1062 2237 1098 non-tamen

263 1139 318 1169 ea
341 1134 466 1169 recte
493 1133 693 1178 utuntur,
719 1123 803 1168 sed
826 1124 1020 1183 peccant
1040 1132 1246 1167 utentes:
1272 1124 1550 1182 quicumque
1577 1131 1731 1166 autem
1759 1121 2075 1166 communicat
2100 1119 2240 1166 alicui

263 1193 311 1237 in
338 1202 546 1252 peccato,
567 1191 664 1250 ipse
691 1191 917 1251 particeps
944 1189 1123 1250 peccati
1149 1188 1365 1244 efficitur3
1391 1189 1513 1233 unde
1540 1198 1586 1234 et
1609 1189 1657 1232 in
1679 1202 1720 1234 2.
1754 1188 1869 1234 Can.
1895 1188 2028 1247 Ioan.
2060 1187 2239 1244 dicitur,

264 1259 388 1319 quod
417 1275 441 1300 «
464 1259 542 1318 qui
572 1258 736 1303 dixerit
768 1258 837 1302 ei:
872 1259 967 1303 Ave
993 1257 1192 1316 (scilicet
1215 1256 1488 1314 haeretico),
1522 1255 1839 1300 communIcat
1869 1255 2085 1315 operibus
2115 1253 2238 1300 ilfi‘us

265 1325 480 1386 malignis
501 1343 554 1381 n,
543 1341 553 1351 ·
577 1336 622 1371 et
641 1325 746 1370 ideo
769 1339 864 1370 non
886 1325 996 1370 licet
1016 1339 1042 1368 a
1063 1323 1306 1385 praedictis
1324 1324 1707 1399 communionem
1735 1323 1959 1383 accipere,
1977 1333 2239 1368 auteomm

266 1394 456 1439 missam
483 1393 653 1438 audire.
679 1391 846 1437 Differt
877 1402 1034 1437 tamen
1055 1391 1174 1436 inter
1195 1391 1450 1451 praedictas
1472 1401 1641 1446 sectas;
1666 1403 1777 1435 nam
1800 1389 2048 1445 haeretiei,
2058 1399 2105 1436 et
2116 1389 2245 1436 schi-

266 1461 462 1515 smatici,
490 1470 536 1505 et
562 1459 952 1505 excommunicati
977 1469 1082 1504 sunt
1106 1473 1188 1517 per
1212 1458 1486 1503 sententiam
1511 1457 1751 1503 Ecclesiae
1779 1457 2051 1503 executione
2083 1469 2250 1503 conse·-

271 1528 430 1573 crandi
461 1528 650 1587 privati3
684 1537 728 1571 et
758 1527 864 1571 ideo
896 1536 1072 1587 peccat,
1105 1525 1383 1585 quicumque
1416 1538 1578 1570 eorum
1609 1525 1800 1569 missam
1821 1524 1960 1576 audit,
1986 1523 2063 1569 vel
2093 1515 2158 1570 'ab'
2175 1523 2242 1569 eis

269 1595 436 1655 accipit
459 1604 760 1639 sacramenta.
786 1594 877 1638 Sed
899 1608 994 1638 non
1011 1608 1174 1638 omnes
1196 1603 1464 1653 peccatores
1481 1603 1586 1637 sunt
1611 1599 1697 1670 per
1708 1592 1990 1637 sententiam
2006 1590 2242 1637 Ecclesiae

270 1661 541 1707 executione
566 1661 702 1721 hujus
728 1661 964 1722 potestatis
990 1660 1168 1720 privati,
1196 1670 1240 1705 et
1266 1660 1331 1705 sic
1358 1660 1567 1719 quamvis
1593 1659 1684 1704 sint
1708 1659 1920 1719 suspensi
1936 1669 2165 1719 quantum
2183 1657 2242 1704 ad

268 1744 317 1774 se
346 1744 401 1774 ex
427 1729 650 1774 sententia
676 1729 843 1783 divina,
870 1743 965 1774 non
996 1739 1153 1774 tamen
1179 1738 1400 1788 quantum
1429 1728 1485 1772 ad
1512 1727 1627 1772 alios
1654 1743 1709 1773 ex
1734 1727 1959 1773 sententia
1982 1726 2240 1783 Ecclesiam

271 1807 316 1842 et
351 1797 456 1841 ideo
484 1810 628 1856 usque
655 1797 710 1841 ad
737 1799 1010 1842 sententiam
1035 1795 1268 1840 Ecclesiae
1294 1795 1401 1840 licet
1428 1796 1482 1839 ab
1506 1795 1571 1840 eis
1605 1795 1986 1841 communionem
2015 1795 2249 1854 accipere„

271 1875 316 1909 et
342 1878 504 1909 eorum
527 1865 717 1909 missam
736 1864 910 1920 audire3
944 1864 1064 1909 unde
1095 1877 1233 1924 super
1259 1862 1372 1908 illud
1394 1877 1431 1909 1.
1459 1863 1670 1910 Corinth.
1702 1876 1760 1921 5.:
1788 1862 2250 1922 Cumhujusmodinec·

273 1934 412 1978 cibum
435 1948 611 1987 sumere,
637 1932 748 1977 dicit
775 1931 928 1978 Gloss.
957 1932 1150 1991 August.
1174 1931 1306 1990 (hom.
1333 1931 1406 1976 ult.
1433 1932 1541 1976 inter
1561 1945 1628 1990 50.
1652 1945 1678 1975 a
1702 1930 1849 1989 med.):
1879 1945 1905 1972 ιτ
1921 1928 2024 1975 Hoc
2046 1929 2241 1975 dicendo

270 1999 420 2044 noluit
443 1999 686 2044 hominem
708 2000 762 2044 ab
784 1999 976 2044 homine
998 1997 1195 2058 judicari
1207 2013 1263 2043 ex
1280 1998 1464 2043 arbitrio
1491 1998 1778 2057 suspicionis,
1794 1997 1877 2042 vel
1885 1996 2025 2042 et'i'am
2046 2006 2244 2043 extraor-

274 2068 451 2113 dinario
478 2078 695 2128 usurpato
721 2068 908 2127 judicio,
935 2067 1015 2112 sed
1041 2067 1193 2127 potius
1219 2081 1273 2111 ex
1298 2066 1402 2126 lege
1434 2066 1538 2121 Dei,
1573 2066 1828 2111 secundum
1852 2065 2069 2111 ordinem
2087 2063 2248 2142 Eccle-

273 2135 384 2190 siae,
410 2134 505 2180 sive
531 2135 653 2180 ultro
680 2134 959 2190 confessum,
987 2135 1082 2180 sive
1111 2146 1394 2190 accusatum,
1419 2146 1464 2180 et
1490 2137 1755 2180 convictum
1781 2150 1823 2180 κ.

365 2203 443 2248 An
468 2217 659 2248 PRIMUM
685 2217 794 2262 ergo
822 2203 1083 2258 dicendum,
1111 2202 1274 2262 quod
1261 2218 1308 2247 in
1333 2202 1426 2263 hoc
1453 2203 1582 2262 quod
1602 2201 1854 2262 refugimus
1885 2202 2053 2248 audire
2071 2214 2241 2248 nassas

273 2269 436 2314 talium
462 2270 767 2325 sacerdotum,
795 2280 871 2315 aut
903 2270 957 2314 ab
994 2270 1058 2315 eis
1092 2259 1474 2314 communionem
1505 2270 1723 2329 recipere,
1754 2284 1850 2314 non
1875 2268 2125 2330 refugimus
2150 2267 2244 2314 Dei

276 2347 578 2392 sacramenta,
605 2337 685 2382 sed
712 2338 863 2396 potius
881 2352 935 2382 ea
955 2351 1227 2382 veneramur
1249 2338 1390 2396 (unde
1412 2337 1563 2382 hostia
1585 2351 1611 2381 a
1631 2337 1795 2382 talibus
1811 2337 2122 2383 sacerdotibus
2139 2351 2245 2382 con·

277 2414 453 2449 sectata
471 2414 538 2449 est
555 2404 810 2459 adoranda3
831 2415 876 2449 et
891 2405 930 2449 si
947 2415 1214 2460 reservetur,
1232 2405 1354 2450 licite
1372 2414 1523 2464 potest
1544 2404 1664 2449 sumi
1682 2419 1708 2449 a
1729 2405 1966 2450 sacerdote
1982 2403 2213 2464 legitimo)
2228 2419 2241 2460 ;

275 2471 355 2516 sed
381 2469 634 2530 refugimus
661 2470 844 2531 culpam
866 2472 1051 2531 indigne
1078 2472 1449 2519 ministrantium.

365 2538 444 2584 An
470 2551 737 2584 SECUNDUM,
765 2539 1024 2593 dicendum,
1051 2539 1174 2598 quod
1206 2540 1356 2585 unitas
1388 2540 1595 2600 corporis
1626 2539 1807 2600 mystici
1840 2549 1920 2585 est.
1938 2538 2112 2585 fructus
2140 2551 2242 2591 cor-

275 2606 400 2664 poris
425 2606 522 2650 veri
546 2605 762 2665 percepti.
790 2605 859 2650 Illi
887 2616 1042 2652 autem
1065 2606 1144 2666 qui
1166 2606 1352 2665 indigne
1378 2607 1650 2667 percipiunt,
1675 2606 1750 2652 vel
1775 2607 2047 2662 ministrant,
2068 2607 2244 2668 privan-

274 2683 348 2718 tur
373 2673 534 2728 fructu‚
553 2683 602 2718 ut
627 2687 762 2733 supra
783 2673 956 2718 dictum
983 2683 1051 2718 est
1069 2675 1168 2729 (art.
1193 2687 1231 2733 7.
1259 2674 1346 2732 huj.
1374 2689 1412 2733 q.
1436 2681 1528 2733 etq.
1554 2675 1625 2720 80.
1644 2681 1727 2720 art.
1753 2676 1835 2734 4),
1864 2684 1910 2720 et
1933 2669 2038 2719 ideo
2058 2688 2155 2719 non
2176 2683 2245 2719 est

274 2740 552 2785 sumendum
578 2755 632 2785 ex
649 2755 811 2785 eorum
828 2741 1165 2799 dispensatione
1191 2752 1530 2786 sacramentum
1548 2742 1601 2786 ab
1630 2742 1710 2797 eis,
1726 2742 1805 2802 qui
1825 2751 1932 2818 sunt
1957 2741 2034 2801 [al.
2056 2743 2242 2802 quinon

277 2809 402 2867 sunt]
430 2808 477 2852 in
504 2808 677 2853 unitate
704 2807 954 2853 Ecclesiae.

366 2876 443 2920 An
463 2888 679 2922 TERTIUM
698 2875 958 2931 dicendum,
976 2874 1099 2935 quod
1121 2856 1228 2920 licet
1251 2874 1493 2920 fornicatio
1520 2889 1614 2920 non
1637 2875 1695 2921 sit
1720 2876 1906 2936 gravior
1929 2875 2128 2923 caeteris
2141 2889 2245 2937 pec·

278 2943 405 2998 catis,
431 2953 587 2988 tamen
611 2942 667 2987 ad
686 2957 788 2988 eam
811 2943 1048 3003 proniores
1065 2952 1170 2987 sunt
1195 2942 1406 2988 homines
1428 2952 1613 3003 propter
1634 2944 1782 2989 carnis
1801 2943 2244 3004 concupiscentiam3

278 3020 323 3055 et
347 3011 452 3055 ideo
479 3010 741 3070 specialiter
761 3011 851 3055 hoc
878 3019 1120 3070 peccatum
1147 3011 1458 3055 sacerdotibus
1483 3012 1857 3070 prohibitum-est·
1884 3011 1940 3056 ab
1961 3010 2245 3068 Ecclesimet

276 3091 335 3122 ne
363 3077 524 3137 aliquis
552 3078 705 3123 audiat
730 3077 921 3122 missam
949 3077 1262 3122 concubinarii
1288 3077 1559 3123 sacerdotis:
1583 3079 1663 3123 sed
1683 3079 1776 3124 hoc
1802 3078 2245 3139 intelligendum-est

278 3145 333 3189 de
354 3146 555 3200 notorio,
582 3145 656 3190 vel
678 3160 757 3205 per
784 3145 1057 3190 sententiam
1091 3158 1207 3204 quae
1240 3143 1381 3190 fertur
1405 3145 1452 3189 in
1480 3146 1760 3201 convictum,
1791 3145 1867 3192 vel
1890 3159 1974 3207 per
1997 3145 2247 3202 confessio-

275 3227 383 3258 nem
410 3213 456 3257 in
478 3214 575 3272 jure
600 3212 786 3267 factam,
811 3212 886 3258 vel
905 3226 985 3273 per
1018 3212 1294 3258 evidentiam
1326 3211 1448 3267 facti,
1480 3213 1666 3272 quando
1699 3227 1794 3259 non
1817 3222 1979 3273 potest
2001 3219 2242 3274 peccatum

276 3280 428 3340 aliqua
453 3281 829 3341 tergiversatione
857 3279 1008 3325 celari.
2306 3278 2308 3280 ’
