2352 3926
572 212 849 260 Quaasuo
890 200 1117 251 Lxxxm.
1155 209 1466 252 ARTmULUs
1506 209 1584 250 1112
1942 198 2053 266 761

21 304 27 355 Ῐ
90 330 161 358 -11--11
186 329 232 377 q.
267 317 566 364 Pium-nm.
604 316 733 363 Sicut
767 330 931 362 aurum
967 315 1209 375 pretiosius
1248 325 1316 361 est
1340 315 1457 360 inter
1492 314 1706 360 materias
1736 312 1970 369 vasorum,
2002 314 2065 359 ita

88 385 241 446 spanni
257 386 392 431 serici
416 385 709 444 pretiosiores
734 386 981 430 sunt-inter
1007 383 1121 429 alios
1145 397 1352 443 pannos;
1378 396 1490 443 ergo
1516 382 1634 428 sicut
1658 381 1776 427 calix
1795 380 1848 427 fit
1864 382 1920 426 de
1936 395 2064 437 auro,

90 451 163 498 *itu
192 452 341 512 pallae
367 452 520 498 altaris
547 452 714 497 debent
736 452 792 497 de
818 452 965 497 serico
1001 451 1114 505 fieri,
1141 461 1187 496 et
1209 464 1305 496 non
1331 449 1483 495 solum
1509 451 1565 495 de
1588 463 1741 509 panno
1766 448 1906 494 lineo.

9 577 12 581 .
89 556 93 559 ,
189 519 231 565 8.
267 519 564 565 Pium-enm.
602 519 898 579 Dispensatio
931 528 1340 572 sacramentorum,
1376 527 1420 562 et
1455 516 1682 562 ordinatio
1711 515 1990 562 eorumdem
2007 515 2065 561 ad

48 584 55 590 “
99 585 330 632 ministros
355 586 588 631 Ecclesiae
613 587 822 646 pertinet,
858 586 977 631 sicut
1007 586 1286 646 dispensatio
1313 599 1468 630 rerum
1501 583 1830 642 temporalium
1852 582 2068 643 *subjacet

90 653 375 699 ordinationi
407 654 664 713 principum
698 653 1030 707 saecularium3
1059 654 1179 697 unde
1205 663 1251 697 et
1274 651 1528 712 Apostolus
1561 651 1671 696 dicit
1701 665 1736 696 1.
1764 651 1874 696 Cor.
1899 663 1965 707 4:
1997 651 2067 698 Sic

97 735 172 766 nos
194 723 396 767 existimet
427 722 564 776 homo,
583 727 628 765 ut
643 723 854 765 ministros
889 721 1062 774 Christi,
1086 726 1123 764 et
1144 721 1439 780 dispensatores
1469 721 1761 778 mysteriorum
1782 719 1868 764 Dei
1882 735 1898 763 .-
1926 719 2006 763 sed
2029 718 2067 763 si

97 787 219 832 circa
243 787 632 847 dispensationem
663 801 815 831 rerum
837 787 1164 844 temporalium
1192 786 1361 845 aliquid
1398 786 1476 830 fiat
1508 796 1668 830 contra
1703 795 1870 831 statuta
1905 786 2067 845 princi-

95 868 224 914 pum,
250 854 442 899 habetur
457 855 660 909 irritum;
687 868 798 913 ergo
821 854 859 898 si
875 854 991 898 haec
1008 867 1125 913 quae
1142 854 1263 898 dicta
1284 863 1402 908 sunt,
1421 854 1748 898 convenienter
1774 863 1880 898 sunt
1899 863 2066 898 statuta

97 934 179 982 per
202 921 430 981 praelatos
466 921 713 975 Ecclesiae,
748 921 926 965 videtur
957 921 1081 980 quod
1117 921 1215 965 sine
1251 921 1323 964 his
1359 934 1525 980 corpus
1559 920 1733 965 Christi
1769 920 1936 965 confici
1968 934 2064 965 non

87 989 266 1049 possit:
293 998 340 1034 et
362 989 428 1034 sic
454 989 632 1034 videtur
656 989 800 1048 sequi,
827 989 951 1048 quod
976 989 1115 1032 verba
1141 988 1314 1032 Christi
1339 1002 1434 1032 non
1467 988 1556 1032 sint
1587 988 1857 1032 sufficientia
1883 988 1940 1032 ad
1971 987 2062 1032 hoc

88 1066 434 1102 ”sacramentum
456 1056 818 1110 conficiendum3
846 1056 969 1115 quod
996 1065 1064 1100 est
1089 1057 1458 1110 incovenientes3
1484 1069 1579 1099 non
1607 1069 1716 1114 ergo
1749 1056 1928 1100 videtur
1958 1068 2064 1100 con·

90 1123 284 1169 veniens
305 1122 458 1176 fuisse,
476 1123 600 1183 quod
616 1123 733 1168 haec
752 1124 874 1167 circa
898 1121 1256 1168 celebrationem
1280 1123 1419 1182 hujus
1445 1123 1719 1167 sacramenti
1746 1132 2062 1167 statuerentur.

91 1193 93 1195 ’
189 1190 287 1236 San
305 1203 503 1236 CONTRA
521 1201 602 1247 est,
628 1190 751 1250 quod
778 1204 832 1234 ea
858 1204 974 1249 quae
1000 1204 1080 1250 per
1105 1189 1360 1235 Ecclesiam
1382 1199 1651 1244 statuuntur,
1679 1190 1732 1233 ab
1750 1189 1851 1249 ipso
1876 1190 2062 1235 Christo

104 1257 387 1313 ordinantur,
411 1258 491 1318 qui
516 1258 624 1302 dicit
648 1257 812 1302 Matth.
844 1258 936 1302 18.:
971 1259 1230 1318 Ubicumque
1252 1258 1412 1313 fuerint
1435 1257 1533 1312 duo,
1558 1257 1625 1302 vel
1651 1263 1732 1303 tres
1755 1259 1990 1316 congregati
2019 1259 2064 1302 in

94 1326 263 1372 nomine
285 1339 392 1379 meo,
415 1326 479 1370 ibi
500 1339 594 1370 sum
624 1326 670 1370 in
700 1325 835 1370 medio
867 1340 1028 1370 eorum.

185 1393 476 1438 Respounno
502 1392 763 1450 dicendum,
804 1393 927 1452 quod
955 1393 1003 1436 in
1028 1392 1100 1437 his
1127 1406 1244 1452 quae
1271 1391 1568 1436 circumstant
1591 1391 1683 1436 hoc
1719 1401 2060 1436 sacramentum

94 1459 177 1506 duo
202 1460 571 1506 considerantur:
597 1474 795 1520 quorum
821 1472 951 1505 unum
975 1460 1171 1520 pertinet
1187 1459 1244 1503 ad
1261 1460 1728 1518 repraesentationem
1746 1473 1924 1514 eorum,
1945 1473 2060 1518 quae

96 1527 220 1573 circa
243 1528 543 1573 Dominicam
570 1521 833 1588 passionem
854 1537 963 1572 sunt
985 1538 1112 1582 acta;
1139 1527 1255 1571 aliud
1277 1537 1432 1571 autem
1457 1527 1652 1587 pertinet
1678 1527 1733 1571 ad
1760 1527 2062 1572 reverentiam

12 1647 14 1650 Α
94 1595 229 1654 hujus
259 1595 550 1650 sacramenti,
580 1595 628 1639 in
661 1609 753 1655 quo
786 1595 996 1640 Christus
1029 1596 1284 1640 secundum
1314 1595 1557 1640 veritatem
1590 1595 1862 1649 continetur,
1895 1604 1939 1639 et
1970 1609 2065 1639 non

83 1662 248 1708 ›solum
271 1663 319 1707 in
344 1663 514 1722 figura:
541 1662 661 1707 unde
688 1673 732 1708 et
757 1663 1129 1708 consecrationes
1156 1663 1426 1707 adhibentur
1453 1663 1525 1707 his
1550 1663 1697 1716 rebus,
1730 1677 1847 1722 quae
1877 1663 2066 1707 veniunt

85 1731 145 1775 in
170 1744 306 1775 usum
331 1730 467 1789 hujus
488 1730 778 1785 sacramenti,
798 1740 898 1774 tum
923 1741 1110 1790 propter
1130 1730 1408 1775 sacramenti
1433 1731 1751 1784 reverentiam,
1781 1740 1880 1775 tum
1914 1730 1969 1774 ad
2002 1743 2066 1774 re-

98 1798 481 1858 praesentandum
500 1796 715 1843 effectum
735 1797 1000 1853 sanctitatis,
1024 1812 1141 1858 quae
1159 1812 1214 1842 ex
1231 1798 1444 1857 passione
1463 1798 1636 1844 Christi
1661 1798 1884 1857 provenit,
1910 1811 2065 1842 secun-

91 1865 207 1910 dum
230 1864 342 1910 illud
358 1865 498 1910 Hebr.
523 1864 617 1911 ult:
636 1866 764 1922 Jesus,
791 1871 837 1910 ut
859 1867 1137 1925 sanctificaret
1158 1874 1234 1925 per
1257 1881 1378 1910 suum
1403 1868 1645 1924 sanguinem
1663 1866 1884 1926 populum,
1913 1876 2000 1910 ete.

190 1932 268 1978 AD
283 1946 473 1978 PRIMUM
498 1946 609 1992 ergo
636 1933 897 1987 dicendum,
922 1933 1046 1993 quod
1072 1933 1342 1992 regulariter
1364 1933 1456 1978 hoc
1479 1945 1820 1978 sacramentum
1844 1933 2065 1978 celebrari

95 2000 231 2047 debet
254 2000 300 2044 in
327 2000 484 2055 domo,
506 2014 587 2060 per
608 2014 746 2060 quarn
775 2000 1056 2060 significatur
1073 2001 1294 2056 Ecclesia,
1316 2002 1568 2046 secundum
1591 2001 1703 2046 illud
1727 2015 1762 2047 1.
1782 2000 1989 2045 Timoth.
2011 2015 2063 2060 3.:

103 2069 163 2113 Ue
181 2069 304 2122 scias,
330 2067 533 2127 quomodo
557 2074 720 2128 oportet
745 2074 781 2113 te
804 2070 852 2112 in
872 2068 993 2113 domo
1019 2070 1105 2114 Dei
1130 2071 1389 2124 conversari,
1416 2084 1520 2128 quae
1546 2076 1601 2114 est
1626 2070 1812 2114 Ecclesia
1843 2070 1932 2113 Dei
1955 2070 2063 2113 vivi.

0 2151 21 2198 g
94 2134 232 2181 Extra
255 2134 511 2180 Ecclesiam
547 2135 671 2179 enim
698 2149 805 2179 ·non
839 2146 907 2180 est
936 2135 1068 2180 locus
1092 2137 1189 2180 veri
1223 2136 1450 2190 sacrificii,
1476 2146 1526 2181 ut
1551 2137 1744 2196 August.
1772 2137 1881 2180 dicit
1907 2137 1974 2194 (in
1990 2136 2062 2180 lib.

96 2202 206 2248 sent.
231 2202 376 2261 Prosp.
402 2210 496 2262 cap.
521 2205 625 2261 15.);
644 2211 690 2247 et
710 2202 815 2262 quia
838 2202 1046 2247 Ecclesia
1069 2217 1164 2248 non
1187 2214 1285 2249 erat
1301 2203 1618 2249 concludenda
1635 2205 1717 2248 sub
1736 2203 1900 2247 finibus
1918 2203 2064 2262 gentis

93 2269 314 2330 judaicae,
340 2270 419 2314 sed
446 2279 543 2314 erat
566 2270 614 2313 in
641 2270 854 2315 universo
881 2271 1055 2315 mundo
1081 2270 1327 2325 fundanda,
1354 2272 1458 2316 ideo
1491 2272 1644 2331 passio
1672 2272 1845 2316 Christi
1875 2285 1970 2315 non
1997 2281 2065 2315 est

94 2336 326 2382 celebrata
354 2338 471 2381 intra
503 2337 736 2382 civitatem
755 2337 1051 2395 Judaeorum,
1084 2338 1163 2383 sed
1200 2339 1282 2383 sub
1320 2339 1412 2393 dio,
1449 2350 1499 2383 ut
1530 2340 1595 2384 sic
1631 2349 1755 2383 totus
1788 2339 1984 2382 mundus
2016 2353 2065 2382 se

87 2404 284 2450 ‘haberet
309 2404 367 2448 ad
391 2404 656 2464 passionem
685 2404 872 2459 Christi,
899 2415 948 2450 ut
974 2406 1168 2450 domus:
1196 2416 1241 2451 et
1265 2417 1436 2461 tamen,
1463 2417 1512 2451 ut
1533 2407 1696 2451 dicitur
1718 2407 1789 2450 De
1814 2406 2066 2451 Consecra-

88 2471 219 2518 tione
244 2472 378 2531 (Dist.
400 2487 436 2517 ι.
461 2480 585 2532 cap..·
614 2472 923 2530 Concedimus),
969 2473 1057 2518 «in
1082 2473 1243 2518 itinere
1270 2475 1430 2533 positis
1456 2474 1494 2518 si
1526 2474 1723 2520 ecclesia
1756 2473 1960 2529 defuerit,
1982 2473 2062 2518 sub

87 2539 187 2593 dio,
211 2553 293 2584 seu
318 2539 366 2584 in
389 2539 605 2593 tentorio,
631 2539 671 2584 si
694 2539 850 2584 tabula
875 2539 1029 2585 altaris
1062 2552 1344 2596 consecrata,
1382 2545 1651 2601 caeteraque
1686 2555 1815 2586 sacra
1847 2540 2063 2600 mysteria

96 2606 154 2651 ad
176 2605 224 2651 id
249 2605 454 2651 officium
478 2606 750 2666 pertinentia
775 2607 838 2651 ibi
863 2606 1088 2664 affuerint,
1115 2609 1360 2653 missarum
1392 2609 1619 2655 solemnia
1653 2608 1871 2653 celebrari
1898 2621 2064 2652 conce-

97 2674 245 2719 dimus
260 2690 303 2718 n.

182 2742 260 2786 An
286 2754 549 2786 SECUNDUM
580 2741 841 2797 dicendum,
874 2742 997 2802 quod
1030 2742 1212 2798 domus,
1245 2744 1292 2787 in
1324 2758 1414 2803 qua
1445 2744 1536 2788 hoc
1569 2751 1907 2788 sacramentum
1949 2741 2062 2787 cele·

92 2809 261 2862 bratur,
286 2808 543 2854 Ecclesiam
569 2808 811 2868 significat,
839 2819 884 2854 et
908 2808 1104 2854 ecclesia
1129 2811 1417 2856 nominatur:
1441 2811 1768 2855 convenienter
1783 2819 1938 2853 tamen
1956 2822 2063 2853 con·

92 2885 311 2931 secratur,
335 2886 436 2921 tum
453 2876 509 2920 ad
535 2877 968 2935 repraesentandam
986 2878 1413 2932 sanctificationem,
1436 2892 1573 2937 quam
1593 2877 1797 2921 Ecclesia
1814 2886 2061 2921 consecuta

94 2953 165 2989 est
199 2957 282 3002 per
306 2943 569 3003 passionem
614 2942 801 2997 Christi,
837 2954 936 2988 tum
971 2944 1111 2989 etiam
1143 2945 1199 2989 ad
1231 2946 1579 3005 significandam
1610 2944 1912 2996 sanctitatem,
1945 2957 2061 3002 quae

91 3011 338 3071 requiritur
361 3010 408 3055 in
434 3010 521 3064 his,
548 3011 624 3070 qui
656 3011 746 3055 hoc
780 3021 1120 3056 sacramentum
1152 3014 1382 3072 suscipere
1410 3013 1587 3056 debent.
1620 3012 1708 3055 Per
1735 3010 1874 3055 altare
1908 3020 2060 3055 autem

93 3076 376 3137 significatur
397 3077 493 3136 ipse
517 3077 745 3132 Christus,
771 3078 827 3122 de
854 3092 946 3137 quo
973 3079 1082 3123 dicit
1108 3080 1359 3138 Apostolus
1387 3080 1523 3123 Hebr.
1547 3078 1651 3123 ult.:
1672 3079 1752 3122 Per
1773 3080 1909 3137 ipsum
1930 3079 2063 3137 offeri-

93 3160 187 3190 mus
219 3146 397 3190 hostiam
434 3145 569 3190 laudis
609 3146 700 3190 Deo
710 3161 726 3197 ,·
763 3145 882 3190 unde
916 3156 961 3190 et
997 3148 1283 3191 consecratio
1318 3146 1470 3190 altaris
1511 3145 2060 3203 significatsanctitatem

94 3211 282 3267 Christi,
307 3212 364 3257 de
390 3226 478 3271 qua
512 3212 675 3256 dicitur
708 3212 819 3259 Luc.
861 3225 918 3257 1.:
949 3215 1045 3270 Quo
1067 3229 1117 3258 ex
1144 3220 1178 3258 te
1214 3219 1404 3257 nascetur
1437 3218 1645 3265 sanctum,
1670 3213 1893 3255 vocabitur
1925 3211 2061 3255 Filius

94 3281 203 3325 Dei:
228 3279 348 3324 unde
373 3279 447 3323 De
474 3280 837 3325 Consecratione
861 3281 994 3338 (Dist.
1022 3297 1057 3326 r.
1084 3289 1176 3340 cap.
1200 3280 1287 3339 32.)
1311 3280 1500 3322 dicitur:
1526 3277 1742 3322 «Altaria
1765 3278 1936 3337 placuit
1965 3292 2060 3322 non

94 3346 247 3391 solum
273 3347 490 3391 unctione
517 3348 791 3401 chrismatis,
819 3348 898 3392 sed
925 3349 1062 3391 etiam
1095 3346 1367 3391 sacerdotali
1398 3345 1716 3389 benedictione
1749 3346 1972 3389 sacrari».
2006 3345 2062 3389 Et

93 3413 200 3458 ideo
225 3413 493 3473 regulariter
516 3429 610 3458 non
637 3414 745 3459 licet
770 3414 1000 3460 celebrare
1027 3415 1117 3458 hoc
1145 3423 1499 3465 sacramentum,
1526 3412 1612 3455 nisi
1638 3413 1691 3455 in'
1717 3411 1928 3455 domibus
1956 3426 2062 3455 con·

95 3481 309 3534 secratis;
336 3481 470 3535 unde,
495 3483 614 3525 sicut
635 3482 831 3526 habetur
862 3482 933 3525 De
967 3481 1330 3525 Consecratione
1364 3480 1497 3537 (Dist.
1525 3494 1559 3523 ι.
1601 3487 1692 3538 cap.
1719 3481 1826 3537 15.):
1859 3478 2059 3524 «Nullus

95 3547 332 3607 presbyter
354 3549 517 3593 missas
543 3549 773 3594 celebrare
797 3558 1073 3608 praesumat,
1100 3548 1187 3592 nisi
1210 3548 1255 3590 in
1279 3547 1556 3590 consecratis
1574 3546 1628 3589 ab
1648 3546 1864 3604 episcopo
1890 3545 2058 3591 locis».

97 3614 291 3674 Propter
315 3614 439 3674 quod
465 3615 620 3670 etiam,
647 3615 753 3675 quia
774 3615 943 3674 pagani
958 3628 1054 3659 non
1070 3624 1175 3659 sunt
1201 3615 1256 3658 de
1279 3612 1499 3667 Ecclesia,
1516 3627 1602 3657 nec
1621 3612 1699 3657 alii
1715 3612 1935 3667 infideles,
1951 3613 2057 3658 ideo
