2352 3926
644 230 920 279 QUABSTIO
958 230 1052 270 vu.
1092 228 1400 271 ARTICULUS
1439 227 1513 268 1x.
1984 225 2013 278 9
2027 224 2046 262 1

808 462 1245 522 ARTICULUS
1279 463 1377 518 1x.
2003 485 2049 532 51

343 615 537 656 UTRUM
576 614 633 655 IN
673 614 913 654 CHRISTO
954 614 1152 653 FUERIT
1193 613 1512 652 PLENITUDO
1555 611 1809 652 GRATIAE.

23 733 50 807 'j
103 741 235 803 (Infr.
260 748 342 788 art.
368 757 434 789 ro.
461 748 500 788 et
522 756 587 788 12.
612 748 707 802 et3.
733 743 847 787 Dist.
873 756 928 802 13.
956 756 994 800 q.
1021 757 1056 787 1.
1084 747 1168 786 art.
1195 755 1235 786 2.
1262 755 1303 799 q.
1327 755 1362 785 1.
1386 740 1555 784 etDist.
1580 754 1634 798 15.
1657 755 1695 799 q.
1718 755 1754 784 1.
1775 743 1857 784 art.
1879 751 1920 783 2.
1944 735 2056 796 ad5.

564 816 601 855 et
625 817 763 870 opusc.
789 824 830 855 2.
856 817 948 870 cap.
975 823 1058 869 213.
1086 815 1122 854 et
1147 815 1282 868 opusc.
1309 807 1382 853 60.
1409 814 1498 866 cap.
1521 808 1594 866 3.)

150 937 266 984 As>
291 949 471 983 NONUM
502 936 567 982 sic
599 936 873 996 proceditur.
906 935 1110 990 Videtur,
1143 934 1266 995 quod
1298 949 1393 980 non
1423 905 1558 979 fuerit
1587 934 1634 978 in
1668 933 1854 978 Christo
1886 931 2059 992 gratiae

100 1002 358 1071 plenitudo.
384 1019 411 1049 a
436 1004 581 1064 gratia
607 1004 730 1048 enim
756 1003 1015 1050 derivantur
1039 1003 1241 1057 virtutes,
1269 1012 1317 1047 ut
1342 1002 1389 1046 in
1417 1015 1456 1046 2.
1485 1001 1657 1045 dictum
1684 1010 1751 1045 est
1779 1000 1838 1056 (ι-
1840 1014 1880 1045 2.
1903 1014 1941 1058 q.
1969 1014 2058 1045 110.

100 1076 182 1119 art.
206 1085 250 1130 4.
276 1070 331 1117 ad
353 1087 375 1121 1
379 1071 439 1130 ..·)
471 1071 588 1117 sed
576 1086 623 1115 m
649 1071 837 1117 Christo
863 1085 959 1115 non
983 1069 1166 1115 fuerunt
1192 1083 1354 1114 omnes
1379 1069 1590 1113 virtutes:
1622 1081 1717 1111 non
1751 1067 1874 1111 enim
1904 1065 2023 1110 fuit
2011 1080 2059 1110 m

101 1147 164 1191 en..
183 1137 319 1194 fides,
333 1153 483 1199 neque
501 1152 618 1198 spes,
635 1149 684 1184 ut
701 1149 938 1184 ostensum
955 1148 1024 1183 est
1047 1136 1147 1195 (art.
1169 1153 1206 1197 3
1229 1144 1267 1183 et
1287 1150 1330 1195 4.
1346 1137 1432 1196 huj.
1453 1151 1476 1195 q
1481 1136 1539 1193 .;)
1563 1149 1674 1195 ergo
1697 1135 1744 1179 in
1762 1133 1948 1179 Christo
1966 1146 2060 1177 non

98 1204 186 1258 fuit
207 1205 381 1267 gratiae
412 1205 662 1265 plenitudo.

0 1264 47 1332 ¹}
189 1285 231 1319 2.
262 1273 559 1319 PRAETEREA.
583 1272 712 1317 Sicut
737 1282 860 1332 patet
886 1287 939 1317 ex
962 1271 1032 1316 his
1048 1286 1165 1331 quae
1187 1272 1234 1316 in
1257 1284 1297 1316 2
1321 1270 1441 1315 dicta
1462 1279 1568 1314 sunt
1590 1269 1645 1326 (1—
1630 1284 1686 1315 -.2
1709 1284 1747 1328 q.
1770 1284 1851 1314 ΠΙ.
1875 1273 1959 1312 art.
1981 1281 2005 1312 2
2010 1266 2059 1325 .),

100 1339 246 1401 gratia
271 1339 518 1385 dividitur·
506 1354 554 1384 m
572 1349 855 1400 operantem,
883 1349 927 1384 et
950 1349 1301 1398 cooperantem:
1326 1351 1520 1397 operans
1543 1347 1695 1381 autem
1719 1335 1863 1396 gratia
1885 1334 2061 1388 dicitur,

0 1394 33 1462 {3
100 1420 182 1469 per
206 1421 345 1467 quam
359 1405 658 1465 justificatur'
647 1407 813 1465 impius
831 1421 841 1450 z
865 1406 988 1466 quod
1010 1406 1195 1465 quidem
1216 1420 1311 1450 non
1332 1404 1490 1449 habuit
1510 1403 1700 1448 locum
1689 1418 1736 1447 in
1760 1402 1962 1456 Christo,
1985 1401 2062 1461 qui

32 1496 36 1499 -
100 1487 338 1534 nunquam
363 1473 586 1533 subjacuit
607 1473 742 1518 alicui
762 1482 952 1533 peccato
970 1487 1104 1532 ;,ergo
1126 1473 1173 1518 in
1187 1471 1373 1518 Christo
1396 1485 1491 1516 non
1515 1470 1600 1516 fuit
1624 1470 1858 1531 plenitudo
1878 1469 2060 1529 gratiae.

194 1555 233 1601 3.
257 1540 556 1593 PRAETEREA.
581 1539 738 1599 Jacob.
776 1553 812 1585 1.
840 1539 1018 1585 dicitur:
1060 1540 1194 1585 Omne
1225 1539 1371 1585 datum
1412 1540 1630 1599 optimum,
1672 1545 1710 1583 et
1745 1553 1863 1583 omne
1903 1537 2057 1581 donum

95 1608 326 1670 perfectum
355 1607 564 1654 desursum
589 1614 658 1663 est,
688 1607 926 1653 ‘descendens
956 1621 982 1651 a
1014 1607 1137 1652 Patre
1168 1606 1402 1651 luminum.-
1435 1605 1514 1650 sed
1555 1605 1677 1665 quod
1709 1603 1955 1659 descendit,
1986 1603 2063 1647 ha-

102 1676 232 1720 betur
266 1674 606 1735 particulariter,
647 1684 691 1719 et
730 1689 826 1718 non
858 1673 1015 1734 plene;
1042 1687 1152 1732 ergo
1184 1672 1311 1717 nulla
1344 1682 1562 1728 creatura,
1602 1686 1687 1717 nec
1730 1672 1868 1717 etiam
1909 1671 2062 1716 anima

103 1740 289 1796 Christi,
313 1752 463 1802 potest
486 1741 654 1786 habere
679 1740 1009 1801 plenitudinem
1034 1740 1263 1784 donorum
1288 1740 1471 1799 gratiae.

191 1807 286 1855 SED
317 1820 514 1855 coum
539 1818 620 1863 est,
660 1808 784 1868 quod
825 1808 987 1853 dicitur
1020 1808 1151 1867 Joan.
1195 1822 1256 1853 1.:
1292 1807 1477 1853 Vidimus
1507 1822 1600 1853 eum
1624 1807 1799 1868 plenum
1827 1808 1991 1866 gratiae
2023 1812 2061 1851 et

20 1879 33 1924 ὓ
99 1875 304 1929 varicatis.

118 1972 121 1974 v
188 1941 477 1994 Responnzo
509 1941 770 1997 dicendum,
796 1942 920 2002 quod
946 1942 1078 2002 plene
1106 1942 1268 1987 dicitur
1293 1941 1466 1996 haberi,
1494 1942 1616 2001 quod
1642 1941 1856 2001 perfecte,
1882 1951 1928 1986 et
1950 1951 2064 1986 tota·

6 2005 53 2042 4<
99 2008 202 2055 liter
225 2008 435 2063 habetur:
462 2008 663 2054 totalitas
689 2019 858 2064 autem,
886 2020 931 2054 et
955 2009 1172 2068 perfectio
1198 2019 1349 2069 potest
1371 2009 1542 2054 attendi
1563 2008 1806 2069 dupliciter.-
1833 2024 1915 2053 uno
1940 2008 2062 2053 modo
2118 2068 2121 2070 .

100 2086 322 2136 quantum
354 2076 411 2121 ad
442 2077 740 2136 quantitatem
767 2078 864 2136 ejus
890 2077 1184 2121 intensivam:
1212 2086 1320 2136 puta
1346 2077 1384 2121 si
1416 2075 1566 2120 dicam
1599 2075 1798 2135 aliquem
1830 2075 1963 2135 plene
1987 2075 2066 2119 ha-

98 2142 205 2196 bere
230 2142 502 2200 albedinem,
529 2144 568 2188 si
591 2143 758 2188 habeat
783 2158 886 2189 eam
912 2153 1334 2203 quantumcumque
1360 2154 1466 2188 nata
1504 2153 1572 2188 est
1606 2143 1788 2188 haberi:
1827 2143 1910 2188 alio
1943 2142 2062 2187 modo

0 2228 34 2268 χχ,
97 2209 349 2265 secundum
372 2210 610 2265 virtutem3
627 2220 745 2270 puta
769 2210 808 2255 si
834 2210 995 2270 aliquis
1022 2210 1197 2254 dicatur
1222 2209 1354 2269 plene
1380 2210 1548 2254 habere
1580 2210 1738 2264 vitam,
1779 2210 1884 2269 quia
1923 2209 2061 2254 habet

0 2275 58 2323 ἐ-ἶ·
98 2290 204 2331 eam
228 2276 480 2327 secundum
517 2292 679 2323 omnes
721 2276 924 2333 effectus,
965 2277 1040 2323 vel
1072 2292 1211 2338 opera
1242 2277 1387 2332 vitae;
1415 2287 1459 2322 et
1491 2278 1555 2321 sic
1596 2277 1733 2322 habet
1757 2276 1890 2337 plene
1922 2277 2063 2321 vitam

96 2343 257 2400 homo,
282 2358 376 2389 non
403 2354 555 2389 autem
582 2345 764 2389 brutum
805 2344 990 2400 animal,
1029 2345 1104 2389 vel
1135 2344 1312 2404 planta:
1347 2351 1519 2404 utroque
1551 2350 1688 2389 autem
1719 2343 1839 2388 modo
1873 2343 2065 2390 Christus

0 2407 45 2454 fs
97 2411 244 2457 babuit
270 2413 432 2471 gratiae
451 2411 784 2472 plenitudinem:
811 2412 960 2471 primo
993 2412 1192 2472 quidem,
1225 2414 1330 2471 quia
1362 2412 1520 2456 habuit
1553 2426 1656 2456 eam
1687 2412 1734 2455 in
1766 2426 1965 2466 summo,
1998 2426 2062 2456 se-

100 2478 302 2533 cundum
326 2477 707 2539 perfectissimum
734 2479 926 2524 modum
953 2494 1043 2539 quo
1076 2479 1234 2524 haberi
1257 2490 1431 2538 potest;
1459 2489 1502 2523 et
1523 2479 1613 2524 hoc
1641 2479 1826 2538 quidem
1853 2489 2061 2539 apparet:

0 2534 1 2537 ¹
28 2532 49 2598 f
92 2546 238 2606 primo
264 2560 320 2592 ex
345 2545 680 2606 propinquitate
708 2547 889 2592 animae
916 2546 1088 2592 Christi
1114 2546 1170 2590 ad
1197 2561 1384 2591 causam
1410 2547 1603 2605 gratiae:
1631 2547 1803 2590 dictum
1836 2556 1903 2591 est
1940 2546 2062 2591 enim

98 2612 203 2672 (aa.
234 2629 269 2660 1.
302 2613 391 2674 huj·
416 2613 495 2673 q·)‚
523 2613 646 2673 quod
672 2624 843 2673 quanto
878 2613 1062 2673 aliquod
1089 2614 1371 2673 receptivum
1396 2614 1693 2674 propinquius
1719 2623 1787 2659 est
1812 2628 1975 2659 causae
2001 2613 2064 2657 in-

0 2686 1 2740 }
33 2685 46 2734 J
97 2678 269 2736 fluenti,
293 2689 421 2725 tanto
455 2681 755 2726 abundantius
781 2681 963 2740 recipit;
996 2691 1042 2726 et
1072 2681 1176 2726 ideo
1210 2682 1363 2725 anima
1397 2680 1582 2735 Christi,
1617 2695 1732 2740 quae
1765 2681 2062 2740 propinquius

0 2749 1 2811 J
39 2752 57 2807 ,ἦ
101 2747 393 2806 conjungitur
417 2748 520 2792 Deo
546 2748 663 2792 inter
689 2762 850 2793 omnes
877 2758 1104 2793 creaturas
1130 2747 1390 2802 rationales,
1418 2748 1668 2792 maximam
1695 2748 1855 2807 recipit
1879 2747 2064 2792 influen-

36 2811 56 2877 ζ
97 2813 211 2859 tiam
234 2815 406 2874 gratiae
432 2816 556 2873 ejus:
581 2814 754 2860 secundo
782 2829 837 2860 ex
863 2815 1208 2875 comparatione
1235 2816 1330 2874 ejus
1359 2814 1415 2858 ad
1448 2814 1692 2860 effectum:
1715 2815 1779 2860 sic
1806 2815 1928 2860 enim
1956 2815 2064 2859 reci-

0 2902 3 2944 3
43 2879 44 2882 ’
97 2880 249 2941 piebat
269 2881 423 2926 anima
445 2880 617 2926 Christi
638 2882 847 2941 gratiam,
870 2892 920 2927 ut
939 2897 994 2927 ex
1012 2897 1065 2927 ea
1084 2883 1430 2942 quodammodo
1447 2882 1835 2928 transfunderetur
1853 2884 1899 2927 in
1923 2882 2062 2938 alios;

0 2947 3 3001 J
41 2960 60 3002 :J
98 2956 145 2992 et
167 2947 273 2993 ideo
299 2947 513 3008 oportuit,
541 2949 663 3008 quod
689 2949 877 2993 haberet
902 2950 1153 2994 maximam
1180 2950 1397 3009 gratiam:
1426 2950 1542 2994 sicut
1565 2950 1698 3009 ignis,
1727 2951 1804 3010 qui
1837 2961 1904 2995 est
1926 2963 2063 2994 causa

31 3013 52 3085 s4'
99 3012 265 3068 caloris
290 3014 338 3058 in
363 3015 576 3060 omnibus
600 3015 774 3070 calidis,
802 3026 869 3060 est
894 3017 1092 3062 maxime
1121 3017 1308 3063 calidus.
1337 3016 1556 3061 Similiter
1582 3017 1720 3061 etiam
1754 3027 1973 3076 quantum
2006 3016 2061 3060 ad

42 3089 50 3130 ζ
97 3082 311 3126 virtutem
342 3084 528 3141 gratiae,
562 3081 695 3141 plene
726 3083 884 3127 habuit
916 3085 1128 3143 gratiam:
1164 3084 1269 3144 quia
1303 3084 1461 3128 habuit
1492 3098 1595 3128 eam
1629 3085 1684 3128 ad
1717 3098 1875 3128 omnes
1910 3097 2064 3142 opera-

39 3152 51 3197 j
98 3147 263 3204 tiones,
294 3147 368 3193 vel
399 3147 588 3194 effectus
619 3150 814 3209 gratiae3
857 3160 902 3195 et
936 3151 1026 3195 hoc
1063 3151 1184 3205 ideo,
1221 3151 1326 3210 quia
1359 3150 1676 3196 conferebatur
1708 3151 1749 3195 ei
1781 3150 1938 3209 gratia,
1970 3159 2065 3193 tan-

39 3215 55 3250 ἐ
98 3229 239 3275 quam
261 3215 443 3260 cuidam
466 3216 709 3262 universali
726 3218 946 3277 principio
965 3219 1010 3262 in
1028 3233 1193 3278 genere
1215 3219 1481 3263 habentium
1504 3219 1721 3277 gratiam:
1745 3218 1884 3261 virtus
1909 3227 2061 3261 autem

38 3299 54 3347 ,j
96 3282 235 3342 primi
259 3282 467 3342 principii
492 3282 683 3343 alicujus
709 3285 888 3344 generis
914 3285 1226 3330 universaliter
1261 3300 1310 3330 se
1350 3286 1549 3331 extendit
1586 3285 1641 3330 ad
1680 3298 1841 3328 omnes
1874 3282 2061 3328 effectus

39 3359 44 3381 -“
92 3348 219 3403 illius
248 3350 449 3409 generis:
475 3350 591 3396 sicut
617 3350 701 3406 sol,
728 3352 805 3411 qui
830 3362 898 3397 est
922 3353 1189 3398 universalis
1216 3367 1352 3398 causa
1379 3352 1699 3411 generationis,
1727 3361 1774 3395 ut
1810 3351 2060 3410 Dionysius

40 3429 53 3481 ζ
97 3416 208 3473 dicit
230 3416 278 3461 in
298 3428 342 3471 4.
362 3430 461 3477 cap.
483 3416 538 3462 de
559 3417 663 3462 Div.
686 3418 824 3464 Nom.
849 3419 979 3480 (part.
997 3436 1032 3466 1.
1052 3420 1139 3465 lect.
1154 3422 1228 3479 3.),
1248 3421 1345 3478 ejus
1363 3421 1502 3463 virtus
1522 3434 1570 3463 se
1588 3418 1785 3462 extendit
1807 3417 1862 3461 ad
1889 3418 2060 3472 omnia,

38 3515 54 3533 2
98 3497 216 3543 quae
242 3483 323 3528 sub
350 3483 643 3543 generatione
670 3486 860 3541 cadunt3
888 3497 931 3531 et
957 3487 1021 3531 sic
1048 3488 1248 3532 secunda
1273 3486 1508 3546 plenitudo
1542 3484 1712 3544 gratiae
1745 3484 1988 3529 attenditur
2012 3484 2060 3529 in

31 3553 54 3607 ‘J
100 3549 314 3605 Christo;
338 3550 607 3610 inquantum
634 3565 681 3596 se
708 3552 906 3599 extendit
937 3553 1034 3611 ejus
1070 3554 1214 3613 gratia
1250 3553 1305 3597 ad
1343 3566 1505 3598 omnes
1542 3551 1711 3610 gratiae
1748 3549 1950 3607 effectus,
1983 3550 2059 3611 qui

36 3623 48 3639 ³
96 3626 206 3671 sunt
226 3616 429 3672 virtutes,
455 3628 501 3664 et
523 3616 659 3674 dona,
686 3627 731 3664 et
755 3618 844 3664 alia
868 3619 1148 3679 hujusmodi.
