2352 3926
324 202 431 257 800
821 210 1101 259 QUAESTIO
1132 209 1362 251 mxxxvr.
1401 203 1710 250 annotinus
1748 210 1786 250 1.

871 540 1322 620 QUAESTIO
1374 539 1734 602 LXXXVI.

717 697 812 736 DE
870 695 1225 737 EFFECTU
1287 694 1890 736 POENITENTIAE
1931 678 1944 686 ‘

521 786 733 838 QUOAD
787 784 1153 826 MORTALIUM
1198 784 1598 826 PECCATORUM
1645 783 2076 835 REMrssroNEM‚

858 875 926 915 IN
971 874 1082 916 SEX
1128 874 1460 948 ARTreULos
1507 874 1730 939 minsa.

409 1051 589 1096 Deinde
616 1050 1000 1096 considerandum
1026 1061 1096 1097 est
1121 1051 1176 1096 de
1199 1051 1363 1096 effectu
1387 1051 1716 1111 poenitentiae:
1751 1061 1796 1096 et
1811 1053 1955 1111 primo
1981 1059 2203 1111 quantum
2224 1049 2286 1094 ad

321 1120 643 1164 remissionem
667 1128 966 1179 peccatorum
992 1118 1286 1163 mortalium:
1309 1119 1482 1164 secundo
1509 1129 1730 1178 quantum
1757 1119 1814 1163 ad
1840 1118 2163 1164 remissionem
2186 1131 2290 1178 pec·

322 1198 533 1232 catorum
565 1186 838 1231 venialium:
883 1188 1004 1232 tertio
1048 1196 1269 1245 quantum
1311 1186 1368 1230 ad
1393 1186 1590 1231 reditum
1631 1196 1928 1246 peccatorum
1967 1186 2286 1232 dimissorum:

320 1261 472 1315 quarto
499 1264 720 1315 quantum
750 1254 805 1299 ad
828 1254 1163 1300 restitutionem
1187 1254 1422 1298 virtutum.

938 1364 1069 1410 Circa
1087 1366 1281 1425 primum
1308 1371 1569 1424 quaeruntur
1593 1380 1693 1411 sex.

411 1455 584 1500 Prim0.
612 1455 780 1500 Utrum
807 1455 964 1500 omnia
985 1464 1178 1532 peccata
1204 1454 1419 1499 mortalia
1444 1469 1526 1515 per
1549 1454 1882 1514 poenitentiam
1897 1422 2182 1501 aufem.

412 1523 643 1567 Secundo.
677 1522 846 1567 Utrum
871 1523 1051 1581 possint
1075 1523 1173 1568 sine
1198 1522 1479 1581 poenitentia
1506 1521 1622 1566 tolli.

411 1590 587 1635 Tertio.
615 1590 784 1634 Utrum
811 1605 956 1634 unum
981 1590 1125 1649 possit
1150 1590 1321 1634 remitti
1342 1591 1439 1634 sine
1467 1589 1587 1634 aiio..
1633 1627 1636 1629 .

418 1657 612 1710 Quarto.
640 1658 807 1702 Utrum
832 1658 1115 1717 poenitentia
1142 1657 1317 1701 auferat
1343 1657 1542 1716 culpam,
1568 1667 1836 1703 remanente
1858 1663 2001 1703 reatu.

417 1726 608 1779 Quinto.
636 1726 804 1771 Utrum
830 1735 1099 1770 remaneant
1117 1725 1336 1803 reliquiae
1362 1735 1673 1785 peccatorum
2186 1758 2187 1761 η

417 1794 570 1838 Sexto.
599 1794 767 1838 Utrum
790 1793 965 1838 auferre
998 1803 1241 1853 peccatum
1267 1793 1326 1837 sit
1352 1792 1539 1838 effectus
1571 1793 1895 1852 poenitentiae,
1920 1776 2212 1854 inquantum
2221 1803 2291 1839 est

321 1862 478 1916 virtus,
507 1876 565 1906 an
589 1862 862 1922 inquantum
889 1871 957 1906 est
982 1869 1336 1906 sacramentum.

1049 2062 1484 2121 ARTICULUS
1521 2063 1564 2120 1.
1868 2090 1889 2112 ·
2063 2130 2068 2135 ,
2208 2077 2291 2145 526.

417 2214 611 2253 UTRUM
649 2215 750 2253 PER
789 2213 1212 2254 POENITENTIAM
1252 2213 1432 2254 OMNIA
1471 2212 1727 2253 PECCATA
1765 2210 2196 2254 REMOVEANTUR.
2218 2218 2228 2275 ‘b

324 2339 456 2399 (Infr.
484 2354 523 2398 q.
546 2339 615 2399 87.
642 2345 724 2383 art.
750 2355 786 2384 r.
813 2347 851 2384 et
874 2354 917 2397 4.
944 2341 1055 2385 Dist.
1082 2353 1148 2397 14.
1172 2355 1210 2399 q.
1237 2355 1276 2385 2.
1305 2346 1386 2385 art.
1417 2355 1449 2385 t.
1476 2354 1515 2398 q.
1539 2354 1575 2384 Ι.
1602 2345 1641 2384 et
1664 2339 1776 2383 Dist.
1803 2338 1870 2384 16.
1888 2350 1935 2397 q.
1960 2343 2106 2384 Lart-
2129 2350 2172 2384 2.
2194 2352 2237 2399 q.
2254 2352 2292 2398 3.

679 2413 717 2452 et
748 2407 819 2452 lib.
843 2423 880 2467 3.
909 2408 1055 2453 Contr.
1080 2423 1120 2467 g.
1148 2415 1240 2467 cap.
1273 2407 1359 2467 156.
1388 2413 1425 2452 et
1449 2415 1588 2466 opusc.
1611 2421 1651 2451 2.
1679 2413 1773 2466 cap.
1797 2405 1932 2463 146).

410 2535 488 2580 AD
514 2547 704 2581 mmmm
721 2535 786 2579 sic
805 2535 1078 2593 proceditur.
1088 2535 1294 2590 Videtur,
1309 2534 1431 2594 quod
1448 2548 1529 2594 per
1550 2534 1881 2594 poenitentiam
1897 2547 1994 2579 non
2014 2533 2172 2580 omnia
2188 2547 2294 2595 pec-

327 2613 429 2648 cata
455 2611 802 2647 removeantur:
831 2603 939 2647 dicit
965 2603 1088 2647 enim
1115 2604 1278 2662 Apost.
1306 2603 1444 2646 Hebr.
1477 2615 1542 2646 12.
1570 2603 1692 2662 quod
1718 2604 1834 2647 Esau
1860 2617 1945 2647 non
1968 2604 2131 2649 invenit
2148 2604 2294 2664 pomi·

326 2673 474 2717 tentiae
492 2672 644 2724 locum,
669 2671 910 2729 quanqziam
927 2685 1023 2715 cum
1041 2670 1238 2729 lacrymis
1254 2671 1487 2729 inquisisset
1502 2685 1610 2722 eam;
1631 2669 1785 2715 Gloss.
1805 2671 1960 2727 (interl.
1959 2669 2137 2729 λίπει
2155 2683 2290 2716 «non

329 2740 502 2784 invenit
533 2737 692 2782 locum
713 2738 891 2791 veniae,
919 2746 962 2781 et
988 2737 1320 2781 benedictionis
1346 2751 1427 2796 per
1447 2738 1779 2796 poenitentiam
1805 2754 1848 2793 »,
1865 2747 1911 2783 et
1934 2750 1978 2783 2.
2000 2737 2215 2784 Machab.
2247 2751 2290 2798 9.

328 2806 492 2851 dicitur
518 2805 574 2850 de
601 2805 862 2849 Antiocho:
891 2805 1057 2850 Orabat
1080 2805 1261 2850 scelestus
1286 2805 1443 2859 Deum,
1462 2819 1489 2850 a
1514 2820 1593 2864 quo
1609 2820 1694 2849 non
1719 2811 1811 2851 erat
1841 2804 2175 2852 misericordiam
2199 2819 2297 2851 con·-

325 2880 563 2926 5ecuturu5;
592 2887 688 2917 non
713 2886 824 2931 ergo
850 2872 1042 2927 videtur,
1070 2872 1192 2931 quod
1219 2887 1300 2931 per
1317 2873 1646 2931 poenitentiam
1663 2873 1822 2918 omnia
1840 2882 2032 2933 peccata
2055 2871 2290 2919 tenantur.

419 2954 460 2985 2.
484 2941 784 2986 PRAETEREA.
811 2940 1094 2999 Augustinus
1121 2939 1230 2984 dicit
1264 2940 1310 2984 in
1336 2940 1412 2985 lib.
1445 2955 1481 2985 1.
1509 2941 1565 2985 de
1593 2941 1818 2986 Sermone
1842 2940 2035 2986 Domini
2055 2941 2110 2986 in
2127 2951 2292 2987 monte

330 3009 443 3070 (cap.
466 3025 535 3055 22.
562 3025 589 3054 a
608 3010 747 3069 princ.
747 3009 788 3066 )‚
817 3008 939 3068 quod
971 3023 994 3050 «
1014 3016 1140 3052 tanta
1165 3007 1291 3052 labes
1314 3018 1381 3052 est
1405 3007 1526 3053 illius
1544 3009 1779 3068 peccati»,
1805 3007 1994 3063 scilicet,
2017 3026 2043 3051 t<
2058 3022 2171 3054 cum.
2186 3011 2296 3068 post

327 3077 611 3136 agnitionem
628 3076 717 3120 Dei
734 3090 814 3135 per
831 3077 1025 3134 gratiam
1045 3075 1217 3120 Christi
1234 3084 1468 3135 oppugnat
1485 3076 1646 3136 aliquis
1662 3076 2005 3131 fraternitatem,
2018 3084 2063 3122 et
2079 3075 2294 3123 adversus
2346 3128 2348 3130 ‚

327 3145 475 3204 ipsam
503 3144 697 3204 gratiam
715 3142 910 3188 invidiae
928 3142 1102 3187 facibus
1122 3142 1329 3201 agitatur,
1350 3154 1398 3187 ut
1419 3143 1690 3203 deprecandi
1706 3142 2015 3195 humilitatem
2035 3143 2184 3189 subire
2198 3155 2294 3188 non
2344 3135 2352 3173 .'

329 3212 488 3271 possit,
521 3211 702 3256 etiarnsi
734 3221 974 3270 peccatum
1008 3224 1142 3255 suum
1175 3210 1297 3254 mala
1330 3211 1610 3255 conscientia
1651 3223 1919 3270 agnoscere,
1950 3220 1996 3256 et
2025 3209 2294 3256 annuntiare

330 3288 521 3338 cogatur
542 3295 593 3334 >›;
620 3292 714 3323 non
742 3293 852 3337 ergo
880 3291 1020 3323 omne
1045 3286 1285 3336 peccatum
1313 3287 1464 3337 potest
1488 3293 1567 3336 per
1593 3277 1923 3338 poenitentiam
1946 3276 2064 3324 tom.
2265 3304 2269 3310 ‹
2333 3278 2352 3338 ἶ

421 3361 457 3405 3.
485 3346 782 3391 PRAErEREA.
811 3345 1040 3390 Dominus
1067 3345 1176 3390 dicit
1200 3344 1936 3403 Matth.12.:Quidirer1tcontra
1958 3344 2167 3406 Spin‘tum
2190 3344 2294 3391 San·

330 3421 440 3460 ctum
460 3415 648 3466 verbum,
677 3429 760 3457 non
784 3415 1017 3458 remittetur
1042 3414 1079 3458 ei
1104 3428 1230 3471 neque
1255 3414 1301 3457 in
1328 3413 1402 3457 hoc
1429 3414 1604 3467 saecula,
1628 3428 1754 3473 neque
1779 3414 1824 3458 in
1851 3413 2024 3465 futur05
2057 3425 2152 3458 non
2184 3425 2294 3473 ergo
2318 3426 2352 3481 ᾖ

330 3495 469 3526 omne
493 3491 731 3539 peccatum
760 3481 927 3525 remitti
954 3490 1104 3540 potest
1130 3494 1209 3539 per
1235 3480 2352 3541 poenitentiam.

421 3549 516 3593 SED
544 3560 739 3593 CONTRA
773 3557 853 3603 est,
880 3548 1003 3607 quod
1031 3547 1193 3591 dicitur
1218 3546 1384 3593 Ezech.
1415 3548 1507 3594 18..
1537 3548 1741 3594 Omnium
1770 3547 2043 3608 iniquitatum
2066 3549 2169 3607 ejus,
2194 3559 2324 3608 quas
2331 3579 2352 3607 ἲ

332 3622 521 3675 operatus
547 3622 617 3670 est,
645 3630 729 3661 non
755 3615 1007 3661 recordabor
1033 3614 1223 3674 amplius.
