2352 3926
614 195 892 243 Quansno
933 195 1116 235 Lxxvi.
1156 195 1464 236 Aru-murus
1504 195 1539 234 1.
1962 182 2066 251 669

109 312 259 360 neque
283 300 331 344 in
357 300 453 358 ejus
480 298 707 354 animam3
731 313 837 344 curn
862 313 973 359 ergo
1001 298 1211 344 Christus
1238 300 1399 344 existat
1431 312 1484 344 ex
1514 298 1656 343 tribus
1688 297 1963 352 substantiis,
1989 299 2071 343 sci-

109 367 218 416 licet
241 367 489 422 divinitate,
517 367 685 421 anima,
711 376 756 412 et
781 380 988 426 corpore,
1016 377 1064 411 ut
1090 381 1224 425 supra
1250 367 1456 412 habitum
1475 376 1543 412 est
1559 366 1619 426 (q.
1642 366 1722 425 2.),
1748 364 2069 425 videturfquod

109 439 234 482 totus
259 434 469 480 Christus
494 449 589 479 non
615 435 672 479 sit
694 434 773 479 sub
801 434 892 479 hoc
919 443 1223 478 sacramento.

201 514 242 547 2.
268 502 565 548 Parim-snm.
594 501 805 547 Christus
832 510 898 546 est
923 501 968 544 in
995 501 1085 545 hoc
1109 511 1412 556 sacramento,
1430 500 1684 546 secundum
1701 501 1824 560 quod
1851 499 2074 560 competit

111 568 351 615 refectioni
376 568 596 622 fidelium,
629 582 745 628 quae
777 568 823 611 in
858 568 975 622 cib0,
1003 578 1046 612 et
1072 578 1182 627 potu
1215 569 1435 622 consistit,
1470 569 1586 613 sicut
1621 581 1756 627 supra
1794 567 1968 612 dIctum
2004 576 2074 611 est

113 641 172 696 (q.
200 650 268 696 74.
291 643 374 682 art.
399 638 477 694 1.):
500 636 579 680 sed
604 636 833 679 Dominus
859 635 968 679 dicit
987 635 1117 692 Joan.
1147 634 1211 679 6.:
1237 635 1351 680 Caro
1376 650 1468 680 mea
1493 650 1588 679 vere
1613 641 1670 679 est
1692 636 1820 690 cibus,
1846 641 1883 679 et
1905 635 2074 693 sanguis

111 718 225 749 meus
247 718 345 749 vere
374 709 430 748 est
450 710 600 763 potas-‚⁰
634 716 746 761 ergo
772 701 924 746 solum
946 715 1068 755 caro,
1091 711 1135 746 et
1161 703 1344 761 sanguis
1373 701 1546 746 Christi
1580 702 1870 746 continentur
1901 701 1949 746 in
1981 701 2072 745 hoc

111 780 423 818 sacramento:
458 780 562 814 sunt
598 779 752 813 autem
787 768 957 812 multae
991 769 1107 812 aliae
1141 779 1291 828 partes
1324 770 1529 828 corporis
1557 769 1759 823 Christi3
1789 778 1900 828 puta
1930 769 2073 821 nervi,

112 850 232 891 ossa,
258 846 304 882 et
328 837 415 881 alia
441 836 733 895 hujusmodi;
765 849 860 879 non
887 848 998 893 ergo
1023 845 1146 879 totus
1174 835 1385 880 Christus
1412 837 1670 880 continetur
1695 836 1778 880 sub
1806 836 1896 880 hoc
1924 848 2074 879 sacra-

118 914 290 950 mento.

207 985 244 1030 3.
271 971 568 1016 PRAETEREA.
596 969 778 1028 Corpus
795 968 983 1027 majoris
1001 969 1263 1027 quantitatis
1285 983 1380 1013 non
1402 979 1552 1028 potest
1573 979 1722 1013 totum
1747 969 1971 1014 contineri
1991 968 2072 1012 sub

114 1037 304 1082 minoris
329 1037 591 1096 quantitatis
617 1050 851 1080 mensura:
880 1036 959 1080 sed
986 1050 1199 1080 mensura
1225 1036 1367 1095 panis,
1386 1036 1539 1080 etvini
1558 1037 1813 1081 consecrati
1836 1046 1904 1081 est
1925 1034 2072 1079 multo

113 1104 279 1158 minor,
305 1118 442 1163 quam
468 1105 649 1162 propria
675 1117 888 1148 mensura
916 1104 1120 1162 corporis
1148 1104 1347 1158 Christi;
1374 1118 1467 1148 non
1495 1114 1645 1163 potest
1666 1118 1778 1162 ergo
1812 1117 1924 1158 esse,
1948 1102 2071 1162 quod

111 1180 236 1218 totus
257 1170 468 1216 Christus
491 1171 574 1214 sub
601 1170 691 1214 hoc
719 1179 1011 1214 sacramento
1040 1170 1339 1215 contineatur.

204 1237 299 1284 SED
321 1250 511 1283 CONTRA
535 1247 615 1291 est,
644 1238 766 1296 quod
793 1237 1008 1281 Ambros.
1035 1237 1144 1282 dicit
1167 1238 1214 1281 in
1237 1237 1310 1281 lib.
1339 1237 1394 1282 de
1414 1237 1550 1283 Offic.
1571 1237 1686 1295 (hab.
1710 1238 1780 1282 lib.
1808 1237 1855 1282 de
1871 1237 2074 1282 Initiand.

114 1313 206 1366 cap.
233 1320 274 1364 9.
299 1306 372 1350 sub
388 1305 519 1364 fin.).·
549 1320 573 1346 «
596 1305 647 1348 In
672 1304 753 1348 illo
781 1315 1069 1349 sacramento
1099 1304 1307 1349 Christus
1331 1315 1399 1349 est
1420 1322 1461 1349 ».

205 1372 495 1417 Rnsponmzo
522 1371 781 1426 dicendum,
798 1372 920 1431 quod
943 1372 1134 1416 omnino
1151 1386 1339 1417 necesse
1357 1383 1425 1417 est
1442 1372 1648 1417 confiteri
1666 1372 1917 1416 secundum
1936 1371 2074 1415 fi'dem

115 1438 408 1492 catholicam,
435 1438 556 1496 quod
589 1447 711 1481 totus
738 1437 947 1482 Christus
981 1438 1038 1482 sit
1072 1438 1119 1481 in
1154 1438 1245 1482 hoc
1272 1449 1576 1483 sacramento.
1618 1439 1869 1483 Sciendum
1904 1447 2077 1490 tamen,

115 1505 238 1565 quod
265 1504 432 1564 aliquid
461 1504 632 1548 Christi
653 1512 725 1548 vest
749 1504 796 1548 in
822 1505 913 1549 hoc
937 1515 1226 1550 sacramento
1250 1505 1500 1565 dupliciter:
1532 1520 1615 1550 uno
1642 1505 1763 1550 modo
1797 1505 1927 1564 quasi
1954 1518 2008 1549 ex
2032 1505 2079 1547 vi

115 1572 411 1617 sacramenti:
439 1571 523 1615 alio
539 1571 659 1615 modo
684 1586 738 1615 ex
759 1571 954 1615 naturali
977 1573 1355 1616 concomitantia:
1381 1586 1434 1616 ex
1450 1573 1496 1616 vi
1513 1573 1696 1631 quidem
1720 1572 1993 1616 sacramenti
2010 1581 2080 1615 est

116 1639 196 1684 sub
233 1639 469 1698 speciebus
503 1639 637 1695 hujus
670 1640 942 1682 sacramenti
974 1639 1034 1691 id,
1070 1639 1116 1681 in
1153 1639 1275 1697 quod
1311 1639 1480 1683 directe
1515 1639 1795 1683 convertitur
1830 1637 2079 1682 substantia

117 1706 259 1766 panis,
277 1715 322 1750 et
336 1705 431 1749 vini
452 1705 779 1764 praeexisten33
803 1715 938 1764 prout
959 1705 1238 1762 significatur
1258 1720 1339 1765 per
1355 1707 1491 1750 verba
1508 1705 1700 1759 formae,
1719 1719 1834 1764 quae
1852 1714 1956 1748 sunt
1978 1702 2080 1748 effe-

118 1773 236 1818 ctiva
260 1773 307 1816 in
332 1772 424 1816 hoc
450 1782 754 1826 sacramento,
772 1773 889 1816 sicut
910 1781 955 1815 et
975 1772 1021 1815 in
1045 1772 1233 1816 caeteris
1261 1773 1615 1826 mutationibus3
1643 1782 1750 1831 puta
1769 1786 1875 1815 cum
1891 1770 2077 1815 dicitur:

122 1857 146 1883 α
164 1840 266 1884 Hoc
291 1849 358 1884 est
381 1853 546 1898 corpus
564 1853 779 1898 meum»,
806 1838 902 1883 vel:
934 1856 956 1881 «
976 1839 1062 1882 Hic
1089 1849 1156 1883 est
1185 1841 1369 1897 sanguis
1389 1853 1518 1883 meus
1536 1857 1576 1882 n.
1600 1840 1665 1883 Ex
1697 1837 1892 1882 naturali
1925 1847 2078 1881 autem

119 1906 479 1952 concomitantia
501 1916 566 1950 est
590 1907 636 1949 in
662 1906 752 1949 hoc
780 1916 1068 1950 sacramento
1095 1905 1221 1960 illud,
1249 1907 1370 1964 quod
1398 1905 1577 1950 realiter
1603 1915 1671 1949 est
1698 1907 1995 1963 conjunctum
2022 1905 2077 1957 ei,

117 1973 166 2019 in
190 1973 311 2033 quod
331 1972 818 2031 praedicta·conversio
845 1975 1134 2017 terminatur:
1155 1973 1191 2016 si
1219 1973 1342 2016 enim
1369 1972 1520 2031 aliqua
1538 1972 1629 2016 duo
1649 1982 1754 2016 sunt
1775 1971 1957 2016 realiter
1975 1984 2080 2014 con-

118 2042 288 2100 juncta,
313 2039 587 2098 ubicumque
610 2049 678 2083 est
708 2054 852 2083 unum
877 2040 1070 2093 realiter,
1098 2049 1280 2098 oportet
1311 2049 1356 2083 et
1389 2039 1510 2083 aliud
1542 2053 1664 2083 esse:
1694 2038 1793 2083 sola
1821 2038 1946 2083 enirn
1973 2050 2078 2097 ope-

118 2107 295 2153 ratione
322 2106 501 2150 animae
526 2106 855 2160 discernuntur,
882 2120 998 2165 quae
1024 2106 1204 2150 realiter
1229 2115 1333 2150 sunt
1358 2107 1615 2163 conjuncta.

208 2174 285 2220 AD
309 2187 498 2220 PRIMUM
530 2187 640 2232 ergo
667 2173 924 2227 dicendum,
957 2174 1077 2232 quod
1112 2173 1216 2232 quia
1239 2173 1478 2217 conversio
1512 2173 1654 2231 panis,
1681 2183 1726 2217 et
1755 2172 1850 2216 vini
1871 2186 1966 2216 non
1991 2181 2081 2216 ter·

121 2241 319 2287 minatur
356 2240 413 2285 ad
440 2240 740 2294 divinitatem,
766 2239 841 2285 vel
866 2240 1068 2284 animam
1091 2239 1278 2294 Christi,
1297 2253 1582 2299 consequens
1615 2250 1682 2283 est
1707 2239 1830 2298 quod
1856 2238 2082 2291 divinitas,

120 2308 195 2353 vel
219 2308 374 2352 anima
394 2305 574 2351 ‘Christi
601 2321 694 2351 non
721 2307 778 2351 sit
808 2307 855 2350 in
886 2307 976 2351 hoc
1004 2317 1292 2351 sacramento
1316 2321 1370 2351 ex
1391 2307 1438 2350 vi
1470 2307 1757 2360 sacramenti,
1784 2306 1863 2350 sed
1890 2319 1944 2350 ex
1970 2305 2082 2349 reali

120 2374 500 2420 concomitantia:
543 2374 648 2432 quia
686 2374 808 2418 enim
836 2373 1043 2418 divinitas
1077 2388 1242 2432 corpus
1276 2383 1559 2432 assumptum
1586 2387 1822 2432 nunquam
1855 2373 2080 2432 deposuit,

123 2442 399 2500 ubicumque
427 2450 494 2485 est
514 2454 679 2500 corpus
707 2440 894 2494 Christi,
916 2454 1103 2484 necesse
1122 2452 1189 2484 est
1211 2451 1255 2484 et
1280 2442 1375 2498 ejus
1402 2441 1685 2484 divinitatem
1713 2454 1827 2494 esse,
1844 2450 1889 2484 et
1904 2439 2010 2484 ideo
2037 2439 2084 2483 in

121 2509 213 2554 hoc
228 2518 516 2554 sacramento
533 2521 720 2552 necesse
737 2517 805 2552 est
829 2521 927 2551 esse
955 2507 1237 2551 divinitatem
1257 2507 1443 2561 Christi,
1463 2507 1854 2551 concomitantem
1875 2508 1970 2564 ejus
1989 2520 2086 2550 cor-

123 2574 424 2635 pus3undein
441 2574 776 2634 Symb.Ephes.
797 2575 954 2634 (gener.
978 2590 1013 2633 3.
1035 2581 1153 2634 part.
1171 2590 1206 2619 r.
1221 2582 1311 2634 cap.
1330 2575 1401 2620 26.
1429 2576 1473 2618 in
1490 2576 1604 2633 epist.
1631 2575 1763 2633 Cyril.
1783 2582 1873 2634 cap.
1893 2576 1951 2633 7.)
1975 2573 2084 2632 legi-

123 2652 217 2688 tur:
238 2641 521 2700 «Participes
546 2641 769 2686 efficimur
794 2642 1014 2701 corporis,
1042 2652 1086 2686 et
1106 2642 1338 2700 sanguinis
1359 2641 1545 2696 Christi,
1572 2656 1667 2686 non
1699 2651 1748 2686 ut
1779 2654 2077 2686 communem

126 2722 312 2755 carnem
336 2708 648 2768 percipientes,
679 2723 763 2753 nec
789 2720 839 2753 ut
872 2710 957 2753 viri
988 2709 1271 2763 sanctificati,
1304 2720 1348 2754 et
1378 2710 1531 2754 Verbo
1565 2710 1797 2768 conjuncti
1823 2708 2081 2753 secundum

125 2775 354 2836 dignitatis
378 2775 614 2829 unitatem,
630 2775 709 2819 sed
729 2790 835 2820 vere
852 2776 1209 2831 vivificatricem,
1223 2787 1267 2821 et
1291 2778 1428 2835 ipsius
1443 2778 1582 2822 Verbi
1600 2778 1830 2836 propriam
1847 2775 2017 2820 factam
2037 2792 2083 2821 ».

126 2843 298 2888 Anima
321 2856 430 2886 vero
450 2840 629 2886 realiter
653 2853 858 2901 separata
873 2842 958 2887 fuit
983 2858 1009 2887 a
1031 2858 1239 2903 corpore,
1266 2854 1315 2888 ut
1339 2858 1473 2903 supra
1492 2845 1664 2889 dictum
1687 2854 1755 2888 est
1780 2844 1840 2902 (q.
1860 2857 1926 2902 50.
1941 2848 2023 2887 art.
2048 2857 2084 2902 3.

126 2916 164 2956 et
186 2909 269 2968 4.),
296 2919 339 2954 et
362 2908 469 2953 ideo
495 2908 533 2952 si
557 2910 603 2953 in
628 2908 709 2953 illo
745 2909 895 2954 triduo
937 2911 1096 2955 mortis
1120 2910 1278 2956 fuisset
1307 2911 1399 2956 hoc
1422 2921 1760 2956 sacramentum
1788 2909 2085 2963 celebratum,

128 2991 224 3023 non
248 2976 405 3021 fuisset
429 2975 491 3019 ibi
516 2975 668 3019 anima
691 2974 862 3020 Christi
886 2990 972 3022 nec
990 2991 1043 3021 ex
1067 2978 1113 3021 vi
1135 2979 1432 3033 sacramenti;
1459 2992 1543 3022 nec
1562 2993 1616 3023 ex
1638 2977 1748 3022 reali
1771 2977 2085 3022 concomitan-

129 3045 214 3090 tia:
238 3044 318 3089 sed
337 3044 442 3102 quia
471 3042 657 3087 Christus
681 3057 892 3101 resurgens
911 3059 960 3088 ex
984 3046 1159 3090 mortuis
1178 3049 1273 3104 jam
1298 3061 1383 3090 non
1403 3048 1599 3099 moritur,
1614 3055 1663 3089 ut
1684 3045 1847 3088 dicitur
1867 3044 2004 3088 Rom.
2028 3042 2087 3098 6.,

0 3107 5 3116 ’”
69 3174 74 3180 .
130 3111 286 3157 anima
310 3111 406 3168 ejus
438 3123 618 3168 semper
645 3120 714 3154 est
732 3108 913 3155 realiter
929 3114 1111 3170 corpori
1137 3113 1232 3171 ejus
1250 3113 1392 3167 unita3
1422 3122 1466 3156 et
1491 3112 1596 3156 ideo
1617 3111 1663 3155 in
1681 3112 1771 3155 hoc
1798 3121 2086 3156 sacramento

133 3191 297 3238 corpus
324 3175 509 3236 quidem
535 3175 708 3221 Christi
733 3185 801 3221 est
825 3190 879 3221 ex
913 3178 960 3222 vi
991 3180 1292 3234 sacramenti;
1319 3181 1471 3223 anima
1505 3189 1658 3222 autem
1691 3177 1864 3223 Christi
1889 3192 1943 3222 ex
1976 3177 2087 3223 reali

134 3243 507 3291 concomitantia.

221 3312 297 3357 An
314 3322 577 3356 SECUNDUM
593 3309 851 3364 dicendum,
869 3312 991 3370 quod
1010 3325 1063 3357 ex
1073 3312 1119 3356 vi
1135 3313 1408 3358 sacramenti
1426 3312 1505 3356 sub
1524 3311 1614 3356 hoc
1633 3322 1923 3356 sacramento
1947 3311 2090 3357 conti-

133 3387 311 3432 nentur,
337 3387 558 3437 quantum
585 3377 639 3421 ad
656 3378 831 3436 species
853 3379 995 3437 paniS‚
1011 3393 1106 3423 non
1128 3380 1279 3424 solum
1298 3393 1419 3432 car0,
1442 3379 1520 3423 sed
1541 3388 1690 3423 totum
1718 3392 1883 3438 corpus
1901 3378 2087 3434 Christi,

135 3444 311 3490 scilicet
331 3458 450 3498 ossa,
475 3444 617 3500 nervi,
635 3453 679 3488 et
706 3442 794 3487 alia
815 3443 1101 3502 hujusmodi:
1129 3457 1173 3490 et
1197 3447 1288 3490 hoc
1316 3455 1500 3505 apparet
1532 3460 1585 3489 ex
1612 3445 1761 3489 forma
1786 3446 1919 3503 hujus
1944 3460 2090 3492 sacra-

137 3511 295 3566 menti,
316 3512 364 3556 in
395 3525 484 3570 qua
504 3509 608 3555 ‘non
641 3510 826 3554 dicitur:
864 3526 887 3552 α
914 3512 1040 3556 Haec
1066 3522 1136 3558 est
1161 3527 1266 3557 caro
1294 3527 1396 3556 mea
1420 3529 1459 3565 >›,
1502 3512 1604 3557 sed:
1637 3526 1661 3554 ‹
1691 3513 1792 3556 Hoc
1830 3522 1897 3557 est
1923 3526 2088 3573 corpus

138 3591 296 3625 meum
306 3594 349 3635 »3
371 3589 417 3624 et
441 3578 545 3623 ideo
572 3592 679 3623 cum
704 3577 934 3623 Dominus
959 3578 1068 3624 dixit
1086 3578 1217 3638 Joan.
1255 3578 1325 3625 6.:
1355 3579 1468 3624 Caro
1493 3592 1585 3624 mea
1608 3593 1702 3624 vere
1738 3585 1796 3625 est
1817 3581 1945 3635 cibus,
1979 3594 2086 3627 caro
