2352 3926
690 207 970 256 Quaesrro
1012 207 1085 246 ιν.
1125 205 1433 247 Annoutus
1459 204 1519 245 v.
2010 189 2077 257 65

213 581 405 621 UTRUM
442 579 619 618 F1L1us
658 578 753 617 DEI
792 576 1061 616 NATURAM
1102 575 1380 614 HUMANAM
1418 574 1696 613 assuMERE
1736 539 2008 612 nssnussm'r

39 653 47 667 ⁷
744 660 800 699 IN
841 658 1084 698 OMNIBUS
1126 657 1451 696 INDIVIDUIS.

414 785 562 845 (Supr.
589 799 628 844 q.
654 799 696 830 2.
722 791 805 830 art.
826 798 865 844 5.
892 783 946 829 ad
970 799 1011 830 2.
1038 789 1075 829 et
1095 799 1132 845 3.
1158 784 1273 829 Dist.
1298 797 1339 828 2.
1361 797 1400 843 q.
1426 796 1461 827 r.
1489 787 1571 827 art.
1593 797 1629 842 3.
1656 797 1695 842 q.
1721 782 1793 838 r.).

23 960 48 974 Α
190 910 288 962 ,ΑΒ
320 922 548 961 QUINTUM
571 909 635 954 sic
662 909 934 970 proceditur.
966 909 1165 964 Videtur,
1192 907 1314 968 quod
1340 906 1480 952 Filius
1495 906 1585 951 Dei
1601 905 1854 950 humanam
1875 913 2087 949 naturam

125 973 358 1025 assumere
385 976 589 1022 debuerit
607 977 652 1021 in
681 976 893 1022 omnibus
921 977 1185 1021 individuis:
1212 975 1322 1021 illud
1355 974 1478 1020 enim
1505 973 1628 1033 quod
1659 973 1824 1031 prim0‚
1857 981 1902 1016 et
1926 984 2006 1030 per
2038 984 2086 1015 se

124 1054 410 1105 assumptum
437 1052 517 1098 est,
544 1054 612 1089 est
636 1054 797 1089 natura
822 1043 1050 1088 humana:
1078 1044 1156 1088 sed
1184 1042 1306 1103 quod
1333 1041 1548 1086 convenit
1573 1055 1652 1100 per
1669 1054 1716 1084 se
1734 1038 1869 1083 alicui
1885 1048 2086 1093 naturae,

126 1112 342 1161 convenit
366 1111 579 1157 omnibus
603 1111 651 1156 in
678 1111 839 1156 eadem
865 1122 1027 1156 natura
1053 1110 1366 1165 existentibus;
1391 1122 1501 1168 ergo
1529 1106 1806 1152 conveniens
1832 1104 1929 1161 fuit,
1951 1115 1999 1150 ut
2013 1119 2089 1148 na-

48 1182 52 1191 *
125 1190 226 1227 tura
250 1176 453 1224 humana
479 1190 784 1223 assumeretur
811 1194 837 1223 a
862 1179 951 1223 Dei
977 1179 1131 1223 Verbo
1157 1178 1203 1222 in
1232 1177 1444 1222 omnibus
1471 1175 1564 1220 suis
1589 1172 1847 1234 suppositis.

216 1258 261 1293 2.
283 1246 581 1292 PRAETEREA.
603 1245 862 1290 Incarnatio
879 1246 1031 1290 divina
1048 1246 1271 1305 processit
1287 1259 1342 1288 ex
1358 1244 1507 1288 divina
1529 1242 1748 1286 charitate
1762 1255 1774 1296 ;
1790 1239 1910 1284 unde
1927 1238 2089 1284 dicitur

74 1309 81 1353 ἷ
122 1313 255 1375 Jnau.
280 1327 342 1373 3.:
369 1314 437 1359 Sic
462 1314 576 1358 Deus
601 1313 747 1358 dilexit
767 1313 987 1368 mundum,
1020 1319 1065 1357 ut
1090 1313 1254 1358 Filium
1278 1327 1398 1357 suum
1423 1312 1683 1370 unigenitum
1709 1308 1853 1353 daret:
1876 1307 1953 1351 sed
1988 1307 2092 1350 cha-

0 1419 2 1432 2
129 1381 238 1427 ritas
262 1379 384 1434 facit,
410 1390 461 1424 ut
484 1380 645 1439 aliquis
670 1395 719 1424 se
746 1376 1059 1425 communicet
1083 1380 1257 1434 amicis,
1284 1389 1505 1439 quantum
1532 1388 1600 1422 est
1615 1375 1853 1436 possibile:
1875 1375 2091 1434 possibile

15 1456 61 1472 ‘⁶
131 1457 286 1493 autem
309 1445 395 1491 fuit
418 1445 534 1491 Filio
561 1446 664 1500 Dei,
692 1456 738 1490 ut
759 1446 910 1506 plures
935 1458 1119 1492 naturas
1147 1447 1374 1491 humanas
1401 1454 1666 1498 assumeret,
1691 1453 1741 1487 ut
1766 1456 1900 1502 supra
1918 1442 2091 1485 dictum

20 1511 27 1521 ⁶
60 1537 62 1539 >
132 1524 201 1560 est
227 1513 286 1573 (q.
312 1528 350 1573 3.
376 1519 460 1559 art.
487 1515 562 1572 7.),
591 1523 636 1557 et
662 1513 823 1557 eadem
850 1514 1026 1558 ratione
1049 1528 1237 1569 omnes;
1265 1527 1376 1572 ergo
1405 1512 1680 1558 conveniens
1696 1510 1794 1565 fuit,
1812 1509 1935 1569 quod
1951 1508 2091 1553 Filius

132 1579 223 1626 Dei
248 1590 496 1625 assumeret
521 1589 729 1624 naturam
755 1580 1007 1624 humanam
1033 1581 1079 1624 in
1105 1581 1318 1625 omnibus
1344 1581 1436 1624 suis
1461 1578 1720 1639 suppositis.

181 1644 199 1663 ‘⁴
225 1661 264 1707 3.
290 1647 588 1693 PRAETEREA.
616 1647 808 1706 Sapiens
835 1658 1048 1707 operator
1072 1647 1247 1706 perficit
1268 1661 1381 1707 opus
1407 1661 1541 1691 suum
1566 1645 1763 1690 breviori
1779 1644 1868 1698 via,
1895 1656 1985 1703 qua
2015 1656 2094 1702 po-

132 1723 245 1760 test:
263 1714 341 1758 sed
359 1713 540 1758 brevior
554 1713 628 1757 via
642 1713 814 1767 fuisset,
831 1714 867 1758 si
890 1728 1051 1758 omnes
1073 1715 1286 1758 homines
1313 1714 1533 1772 assumpti
1551 1712 1739 1757 fuissent
1761 1711 1818 1755 ad
1838 1709 2094 1755 naturalem

133 1779 414 1833 filiationem,
441 1793 581 1838 quam
606 1780 729 1839 quod
747 1795 827 1839 per
848 1795 991 1824 unum
1008 1781 1153 1824 filium
1170 1780 1426 1825 naturalem
1444 1779 1576 1824 multi
1597 1781 1644 1824 in
1669 1778 1965 1838 adoptionem
1981 1776 2096 1820 filio-

135 1860 239 1895 rum
265 1845 559 1900 adducantur,
585 1857 635 1891 ut
659 1847 823 1891 dicitur
849 1847 952 1892 Gal.
984 1862 1046 1906 3.;
1069 1862 1179 1906 ergo
1207 1848 1409 1892 humana
1434 1858 1596 1892 natura
1622 1846 1775 1891 debuit
1801 1860 1827 1889 a
1857 1844 1973 1889 Filio
2006 1843 2095 1888 Dei

135 1916 306 1960 assumi
329 1914 378 1958 in
403 1915 615 1959 omnibus
641 1915 899 1974 suppositis.

0 2021 1 2046 ἶ
224 1981 319 2028 SED
346 1982 542 2027 CONTRA
560 1992 641 2036 est,
668 1983 792 2042 quod
811 1983 1028 2027 Damasc.
1051 1983 1160 2027 dicit
1184 1983 1230 2027 in
1261 1998 1298 2042 3.
1325 1982 1400 2026 lib.
1428 1983 1578 2040 (Orth.
1604 1981 1699 2026 Fid.
1733 1989 1825 2041 cap.
1857 1981 1936 2038 Η.)
1970 1979 2094 2038 quod

0 2058 2 2110 ζ
137 2065 162 2092 κ
186 2048 328 2096 Filius
353 2049 444 2104 Dei
466 2063 562 2094 non
588 2051 832 2110 assumpsit
858 2051 1109 2094 humanam
1135 2059 1360 2106 naturam,
1388 2064 1505 2109 quae
1524 2050 1571 2092 in
1587 2049 1740 2108 specie
1758 2047 2094 2092 consideratur:

0 2113 2 2158 ἱ
134 2129 283 2177 neque
309 2118 431 2161 enim
458 2129 620 2162 omnes
645 2117 915 2177 hypostases
942 2119 1037 2177 ejus
1064 2118 1307 2177 assumpsit
1329 2133 1370 2162 ».

172 2182 510 2235 »2RESP0NDEO
538 2185 795 2239 dicendum,
821 2185 943 2244 quod
966 2199 1062 2229 non
1085 2185 1168 2229 fuit
1196 2185 1489 2239 conveniens,
1512 2184 1634 2244 quod
1651 2183 1854 2227 humana
1871 2191 2031 2226 natura
2049 2181 2095 2224 in

133 2250 346 2298 omnibus
366 2251 460 2298 suis
479 2252 723 2311 suppositis
743 2266 769 2296 a
789 2252 929 2296 verbo
952 2263 1279 2297 assumeretur:
1295 2255 1454 2312 primo,
1473 2252 1580 2311 quia
1594 2250 1831 2295 tolleretur
1850 2248 2094 2294 multitudo

133 2318 474 2381 suppositorum
499 2319 730 2364 humanae
755 2330 957 2375 naturae,
985 2334 1102 2379 quae
1128 2330 1196 2364 est
1222 2320 1264 2364 ei
1289 2318 1620 2364 connaturalis:
1650 2333 1755 2362 cum
1788 2317 1911 2361 enim
1942 2316 1989 2360 in
2019 2330 2097 2359 na-

102 2428 105 2429 .
133 2394 235 2434 tura
260 2395 491 2446 assumpta
515 2400 610 2431 non
636 2389 693 2431 sit
718 2388 1006 2432 considerare
1032 2388 1153 2432 aliud
1179 2388 1466 2447 suppositum
1493 2397 1668 2446 praeter
1699 2399 1944 2444 personam
1978 2399 2098 2428 assu-

71 2492 76 2514 :
134 2462 353 2508 mentem,
379 2462 429 2497 ut
452 2467 588 2512 supra
620 2454 793 2498 dictum
825 2464 894 2499 est
926 2454 1025 2510 (art.
1053 2470 1089 2515 3.
1123 2455 1211 2514 huj.
1243 2456 1321 2515 q.)‚
1355 2455 1393 2499 si
1423 2469 1518 2499 non
1554 2464 1673 2498 esset
1702 2454 1906 2497 humana
1935 2462 2098 2496 natura

135 2519 223 2568 n‘ssi
247 2530 494 2580 assumpta,
518 2531 796 2580 sequeretur,
822 2522 946 2581 quod
977 2536 1073 2566 non
1105 2531 1222 2567 esset
1252 2523 1341 2567 nisi
1372 2537 1516 2566 unum
1547 2521 1833 2581 suppositum
1865 2520 2096 2564 humanae

134 2596 341 2641 naturae,
360 2588 481 2647 quod
514 2597 582 2633 est
613 2603 810 2648 persona
841 2603 1100 2634 assumens:
1132 2590 1321 2645 secundo,
1355 2590 1460 2649 quia
1491 2590 1583 2634 hoc
1617 2590 1858 2647 derogaret
1889 2585 2098 2645 dignitati

134 2652 236 2703 Filii
259 2654 346 2699 Dei
372 2655 608 2710 incarnati,
633 2666 770 2715 prout
794 2666 862 2701 est
874 2658 1179 2716 primogenitus
1203 2659 1248 2701 in
1268 2658 1409 2702 multis
1423 2658 1636 2716 fratribus
1662 2655 1914 2701 secundum
1939 2655 2098 2698 huma-

135 2734 245 2767 nam
270 2731 497 2776 n-aturam‚
523 2723 640 2767 sicut
665 2733 733 2767 est
750 2725 1051 2783 primogenitus
1077 2726 1209 2769 omnis
1241 2731 1454 2770 creaturae
1485 2726 1704 2783 (quoniam
1733 2725 1779 2767 in
1810 2725 1897 2782 ipso
1931 2722 2097 2767 condita

78 2809 96 2842 5.
134 2794 229 2836 sunt
251 2790 461 2834 universa.
491 2790 644 2835 Coloss.
671 2791 730 2847 r.)
757 2791 1010 2835 secundum
1028 2791 1254 2837 divinam:
1273 2802 1423 2836 essent
1439 2792 1562 2836 enim
1577 2801 1685 2835 tunc
1703 2804 1867 2834 omnes
1883 2788 2097 2833 homines

66 2894 83 2910 ,,
137 2854 338 2915 aequalis
363 2856 616 2915 dignitatis:
643 2859 776 2912 tertio,
804 2857 910 2917 quia
936 2859 1212 2903 conveniens
1240 2868 1320 2911 est,
1347 2859 1469 2918 quod
1495 2859 1612 2903 sicut
1637 2872 1780 2902 unum
1811 2856 2097 2916 suppositum

65 2936 92 2966 vz,
137 2921 342 2968 divinum
368 2932 434 2969 est
458 2923 764 2980 incarnatum,
787 2925 850 2969 ita
876 2939 1014 2969 unam
1047 2925 1195 2971 solam
1225 2937 1437 2971 naturam
1467 2927 1720 2972 humanam
1751 2934 2016 2977 assumeret,
2048 2932 2098 2967 ut

63 3001 73 3027 2
138 3002 194 3034 ex
218 2998 409 3050 utraque
434 3001 561 3050 parte
582 2992 730 3036 unitas
755 2993 1024 3037 inveniatur.

226 3056 304 3102 AD
328 3070 517 3104 numm
544 3073 655 3118 ergo
682 3059 942 3114 dicendum,
964 3061 1087 3120 quod
1106 3061 1277 3106 assumi
1298 3062 1513 3107 convenit
1533 3060 1785 3106 secundum
1802 3074 1850 3105 se
1865 3059 2096 3103 humanae

71 3133 92 3187 'j
137 3132 324 3171 naturae
337 3139 357 3180 ;.
375 3126 481 3184 quia
506 3125 682 3171 scilicet
705 3140 800 3171 non
827 3128 1044 3172 convenit
1069 3129 1112 3173 ei
1137 3129 1311 3174 ratione
1328 3143 1564 3188 personae,
1579 3129 1698 3174 sicut
1714 3137 1905 3172 naturae
1918 3125 2096 3169 divinae

86 3236 99 3245 ,
138 3191 356 3247 convenit
386 3205 619 3238 assumere
649 3194 826 3239 ratione
856 3208 1102 3254 personae:
1133 3210 1229 3240 non
1261 3207 1414 3241 autern
1446 3196 1662 3241 convenit
1692 3197 1732 3239 ei
1763 3193 2017 3238 secundum
2048 3203 2097 3235 se

70 3270 98 3298 'a
138 3255 259 3310 ficut
281 3258 511 3317 pertinens
533 3260 590 3304 ad
606 3261 827 3320 principia
842 3262 1102 3306 essentialia
1123 3263 1234 3322 ejus,
1250 3263 1325 3308 vel
1342 3264 1460 3308 sicut
1475 3262 1692 3308 naturalis
1711 3263 1806 3320 ejus
1822 3260 2097 3319 proprietas;

140 3337 221 3384 per
245 3339 384 3384 quem
409 3325 600 3375 moffim
628 3329 894 3374 conveniret
914 3330 1127 3375 omnibus
1153 3332 1249 3389 ejus
1275 3331 1532 3390 suppositis.

73 3391 106 3450 'sss
126 3410 130 3414 »
153 3409 192 3458 3³2*
230 3391 309 3437 AD
340 3405 602 3439 SECUNDUM
627 3394 887 3450 dicendum,
914 3396 1037 3455 quod
1054 3397 1237 3442 dilectio
1259 3398 1349 3442 Dei
1367 3397 1422 3441 ad
1439 3397 1651 3441 homines
1674 3392 1986 3439 manifestatur
2002 3405 2097 3436 non

66 3466 93 3524 ’J
141 3444 296 3512 *um
311 3458 359 3504 in
374 3460 471 3519 ipsa
489 3461 800 3521 assumptione
817 3462 1045 3508 humanae
1065 3474 1269 3519 naturae,
1286 3465 1364 3508 sed
1381 3464 1623 3523 praecipue
1638 3476 1719 3522 per
1735 3475 1788 3505 ea
1805 3474 1920 3519 quae
1938 3473 2096 3519 passus

125 3592 309 3644 :mandat
407 3609 472 3640 em
496 3595 612 3642 Deus
636 3596 881 3641 charitatem
905 3611 1025 3643 suam
1050 3599 1096 3641 in
1120 3599 1252 3652 nobis,
1280 3599 1379 3657 quia
1404 3612 1499 3643 cum
1524 3597 1689 3648 inimici
1710 3609 1893 3649 essemus,
1912 3594 2097 3640 Christus

322 3696 360 3732 S.
385 3696 540 3731 Tuomst
565 3696 698 3731 Summa
729 3697 933 3743 Theologua.
961 3698 1044 3732 Vol.
1072 3697 1135 3734 IV.
1904 3707 1919 3740 5

817 425 1254 484 ARTICULUS
1295 426 1364 479 v.
2027 448 2076 494 31
2120 379 2128 389 ’

76 3528 99 3574 Α,
136 3526 212 3570 'est
233 3525 282 3570 in
306 3526 338 3570 h
423 3540 510 3572 ana
534 3537 695 3573 natura
725 3543 809 3587 pro
842 3528 941 3575 aliis
972 3530 1250 3584 hominibus,
1282 3531 1530 3575 secundum
1563 3529 1674 3574 illud
1706 3528 1843 3572 Rom.
1880 3539 1942 3585 5.:
1977 3527 2099 3572 Com·
