2352 3926
250 198 357 269 728
748 209 1027 257 QUAESTIO
1068 209 1231 249 Lxxx.
1272 191 1582 250 amenius
1620 208 1716 247 vn.

337 315 624 360 RESPONDEo
651 312 910 366 dicendum,
943 311 1067 371 quod
1100 311 1222 356 circa
1261 309 1568 370 pollutionem
1602 319 1878 355 nocturnam
1903 310 1984 355 duo
2019 319 2212 371 possunt

247 382 547 427 considerari:
576 395 706 424 unum
727 379 928 438 quidem,
955 379 1132 423 ratione
1160 379 1287 436 cujus
1315 392 1370 422 ex
1395 377 1665 422 necessitate
1691 376 1882 436 impedit
1907 377 2147 423 hominem
2181 391 2208 422 a

248 451 505 508 sumptione
532 448 665 504 hujus
692 447 990 490 sacramenti:
1015 445 1132 489 aliud
1159 454 1328 499 autem,
1356 445 1533 488 ratione
1567 445 1694 502 cujus
1726 457 1822 487 non
1855 458 1909 488 ex
1939 445 2208 490 necessitate

249 515 438 575 impedit
462 514 703 558 hominem
731 513 783 556 ab
811 512 1079 571 hujusmodi
1097 511 1373 556 sacramenti
1389 511 1698 570 perceptione,
1722 510 1801 555 sed
1819 525 1875 554 ex
1891 510 2089 570 quadam
2105 524 2212 556 con-

249 582 465 642 gruentia.
495 581 559 624 Ex
585 580 856 624 necessitate
883 579 1070 638 quidem
1095 579 1287 638 impedit
1311 579 1554 623 hominem
1581 578 1634 622 ab
1661 578 1796 636 hujus
1822 577 2096 622 sacramenti
2117 591 2215 638 per-

249 650 457 707 ceptione
485 647 636 691 solum
678 656 920 705 peccatum
954 645 1173 700 mortale3
1201 655 1245 689 et
1285 646 1495 704 quamvis
1531 655 1756 688 nocturna
1789 644 1887 702 ipsa
1920 643 2113 703 pollutio
2150 658 2215 688 se-

250 715 448 758 cundum
467 729 513 758 se
533 714 819 758 considerata
842 723 1083 772 peccatum
1111 712 1304 756 mortale
1319 727 1416 757 esse
1435 726 1529 756 non
1551 712 1707 771 possit,
1740 710 2040 755 nihilominus
2056 721 2212 755 tamen

250 783 426 826 ratione
445 795 553 825 suae
577 795 741 824 causae
768 780 1043 839 quandoque
1067 780 1206 824 habet
1231 790 1472 839 peccatum
1498 777 1743 822 mortalem
1770 792 2025 831 annexum3
2050 787 2095 822 et
2108 777 2212 822 ideo

253 848 581 893 consideranda
610 857 678 892 est
703 861 841 891 causa
867 847 1133 906 pollutionis
1164 857 1430 891 nocturnae.
1467 845 1759 904 Quandoque
1791 845 1914 889 enim
1945 845 2153 905 provenit
2185 858 2210 888 a

253 930 390 961 causa
422 915 673 959 extrinseca
709 914 944 973 spirituali,
969 914 1144 959 scilicet
1167 927 1221 958 ex
1259 914 1539 958 daemonum
1576 912 1804 967 illusione,
1836 911 1928 971 qui,
1957 911 2074 956 sicut
2099 911 2146 956 in
2177 925 2214 956 1.

252 984 459 1027 habitum
477 992 544 1026 est
572 982 629 1041 (q.
652 998 733 1028 111.
761 988 842 1027 art.
856 997 891 1041 3.
891 982 929 1039 )‚
962 982 1280 1041 phantasmata
1304 994 1602 1025 commovere
1623 989 1828 1040 possunt,
1847 993 1902 1024 ex
1923 992 2120 1039 quorum
2143 992 2216 1038 ap-

251 1050 474 1110 paritione
501 1049 696 1109 pollutio
722 1049 954 1093 interdum
987 1049 1287 1108 subsequitur.
1318 1047 1609 1107 Quandoque
1634 1061 1744 1092 vero
1777 1046 1988 1106 provenit
2017 1044 2212 1106 pollutio

253 1133 308 1162 ex
335 1131 471 1162 causa
497 1118 742 1161 intrinseca
768 1115 1002 1175 spirituali,
1030 1116 1206 1160 scilicet
1233 1130 1287 1160 ex
1319 1115 1693 1174 praecedentibus
1721 1113 2090 1174 cogitationibus.
2122 1112 2215 1158 Ali-

251 1184 434 1243 quando
469 1195 622 1228 autem
647 1199 700 1228 ex
727 1198 865 1228 causa
890 1184 1135 1236 intrinseca
1164 1181 1406 1241 corporali,
1432 1182 1507 1227 vel
1535 1197 1588 1226 ex
1620 1181 1942 1241 superfluitate,
1968 1180 2064 1226 sive
2098 1179 2217 1224 debi-

252 1252 377 1295 litate
403 1261 607 1304 naturae,
634 1251 730 1294 sive
758 1251 896 1294 etiam
930 1264 983 1293 ex
1016 1248 1326 1308 superfluitate
1359 1249 1462 1302 cibi,
1494 1248 1569 1293 vel
1604 1259 1752 1308 potus.
1792 1247 2039 1300 Quaelibet
2063 1256 2218 1292 autem

252 1319 417 1362 harum
448 1318 585 1362 trium
623 1332 863 1363 causarum
895 1327 1046 1376 potest
1078 1326 1122 1360 et
1154 1316 1250 1360 sine
1277 1326 1483 1375 peccato,
1511 1326 1556 1360 et
1581 1330 1688 1360 cum
1714 1325 1905 1375 peccato
1930 1314 2113 1369 veniali,
2143 1313 2219 1359 vel

255 1385 439 1430 mortali
464 1385 678 1430 existere:
708 1395 752 1429 et
778 1385 814 1429 si
838 1384 1024 1444 quidem
1046 1384 1103 1428 sit
1125 1384 1221 1428 sine
1240 1393 1446 1441 peccato,
1471 1383 1546 1427 vel
1572 1394 1677 1427 cum
1703 1392 1896 1442 peccato
1921 1381 2106 1436 veniali,
2121 1395 2217 1426 non

252 1467 307 1497 ex
328 1453 597 1497 necessitate
623 1452 814 1511 impedit
844 1453 1154 1511 sumptionem
1177 1450 1310 1508 hujus
1328 1450 1616 1504 sacramenti,
1634 1450 1697 1494 ita
1729 1449 1903 1494 scilicet
1924 1449 2047 1508 quod
2072 1449 2218 1493 homo

252 1520 476 1565 sumendo
504 1521 560 1564 sit
591 1534 693 1563 reus
721 1519 940 1577 corporis,
975 1528 1017 1562 et
1050 1518 1283 1576 sanguinis
1315 1518 1531 1562 Domini:
1569 1518 1608 1562 si
1642 1531 1752 1562 vero
1789 1517 1846 1562 sit
1883 1530 1990 1561 cum
2027 1526 2218 1576 peccato

254 1588 451 1641 mortali,
477 1587 667 1645 impedit
693 1600 747 1630 ex
774 1585 1057 1630 necessitate.
1084 1584 1242 1629 Illusio
1266 1585 1388 1629 enim
1410 1585 1692 1630 daemonum
1714 1583 1989 1644 quandoque
2010 1583 2221 1644 provenit

254 1669 307 1698 ex
333 1655 621 1714 praecedenti
647 1653 927 1712 negligentia
953 1652 1310 1711 praeparationis
1345 1652 1400 1696 ad
1433 1652 1753 1706 devotionem;
1786 1665 1903 1711 quae
1934 1659 2085 1710 potest
2117 1664 2216 1696 esse

254 1731 299 1766 et
324 1720 533 1775 mortale,
561 1731 605 1765 et
628 1720 807 1764 veniale
834 1730 1097 1779 peccatum:
1127 1719 1401 1779 quandoque
1426 1734 1537 1764 vero
1565 1718 1775 1778 provenit
1806 1732 1860 1763 ex
1884 1716 1983 1763 sola
2013 1717 2217 1778 nequitia

255 1789 537 1832 daemonum
574 1787 830 1832 volentium
856 1787 1077 1845 impedire
1110 1787 1351 1831 hominem
1386 1801 1412 1830 a
1449 1786 1709 1846 sumptione
1750 1786 1899 1845 huius
1922 1785 2218 1831 sacramenti:

255 1857 374 1899 unde
402 1855 566 1914 legitur
591 1855 638 1899 in
662 1854 999 1900 Collationibus
1025 1854 1214 1898 Patrum
1241 1854 1400 1912 (collat.
1433 1869 1501 1900 22.
1525 1862 1616 1914 cap.
1645 1854 1686 1899 6.
1686 1854 1726 1912 ),
1761 1853 1884 1913 quod
1906 1867 2013 1897 cum
2034 1853 2220 1913 quidam

253 1922 390 1968 frater
417 1933 644 1981 pateretur
667 1921 969 1981 pollutionem
990 1936 1171 1980 semper
1186 1922 1233 1965 in
1250 1920 1390 1976 festis,
1407 1921 1453 1965 in
1475 1922 1637 1981 quibus
1655 1930 1750 1965 erat
1767 1919 2219 1975 communicandum,

256 1991 458 2034 seniores
486 1999 724 2049 comperto
752 1989 875 2048 quod
901 1988 1028 2032 nulla
1052 2003 1189 2033 causa
1217 1989 1269 2032 ab
1296 1989 1397 2047 ipso
1424 1997 1749 2048 praecesserat,
1775 1987 2074 2032 decreverunt
2097 1988 2220 2047 quod

255 2067 440 2116 propter
465 2057 555 2100 hoc
575 2071 600 2100 a
627 2057 957 2101 communione
983 2070 1079 2100 non
1107 2065 1326 2111 cessaret;
1354 2066 1399 2100 et
1429 2056 1492 2099 ita
1525 2055 1720 2100 cessavit
1744 2053 1898 2099 illusio
1924 2054 2219 2099 daemonum.

257 2124 478 2168 Similiter
503 2124 641 2168 etiam
667 2123 991 2183 praecedentes
1021 2123 1325 2182 cogitationes
1357 2122 1556 2167 lascivae
1591 2122 1864 2182 quandoque
1897 2130 2089 2181 possunt
2119 2135 2220 2166 esse

258 2192 449 2235 omnino
477 2191 573 2235 sine
596 2200 812 2250 peccato;
835 2201 942 2250 puta
970 2204 1075 2234 cum
1103 2190 1264 2249 aliquis
1292 2204 1429 2234 causa
1461 2189 1686 2243 lectionis,
1713 2189 1787 2234 vel
1809 2188 2127 2248 disputationis
2149 2202 2223 2233 co·

257 2259 376 2316 gitur
397 2258 452 2302 de
478 2258 642 2302 talibus
670 2258 898 2316 cogitare:
925 2267 970 2301 et
1001 2258 1038 2301 si
1069 2257 1161 2302 hoc
1193 2257 1243 2302 fit
1275 2258 1372 2301 sine
1406 2257 1794 2316 concupiscentia,
1828 2266 1872 2301 et
1903 2254 2221 2311 delectatione,

255 2339 350 2368 non
377 2335 508 2369 erunt
533 2325 834 2383 cogitationes
861 2325 1142 2379 immundae,
1169 2325 1248 2369 sed
1281 2324 1528 2379 honestae3
1563 2339 1618 2368 ex
1652 2324 1813 2383 quibus
1838 2332 1995 2368 tamen
2026 2322 2221 2383 pollutio

256 2392 384 2451 sequi
416 2402 578 2450 potest,
611 2391 727 2435 sicut
758 2401 883 2449 patet
914 2406 969 2435 ex
1006 2392 1275 2436 auctoritate
1313 2391 1508 2450 August.
1540 2405 1676 2450 supra
1707 2390 1890 2434 inducta
1929 2390 1994 2447 (in
2024 2404 2118 2450 arg.
2146 2390 2222 2449 1.)-

260 2458 552 2518 Quandoque
569 2473 679 2503 vero
697 2459 1020 2516 praecedentes
1045 2459 1346 2517 cogitationes
1364 2467 1467 2502 sunt
1489 2472 1543 2501 ex
1567 2457 1952 2516 concupiscentia,
1970 2467 2015 2502 et
2030 2456 2223 2502 delecta-

256 2527 404 2571 tione:
434 2537 478 2570 et
504 2528 540 2570 si
568 2526 682 2570 adsit
714 2540 979 2579 consensus,
1010 2527 1093 2570 erit
1124 2535 1365 2585 peccatum
1398 2524 1616 2579 mortale;
1645 2525 1682 2569 si
1708 2534 1862 2569 autem
1887 2524 2016 2579 desit,
2043 2525 2127 2570 erit
2150 2538 2225 2570 ve-

257 2593 392 2638 niale.
422 2593 641 2638 Similiter
668 2593 807 2637 etiam
834 2602 879 2637 et
906 2607 1043 2637 causa
1071 2592 1322 2652 corporalis
1351 2592 1623 2651 quandoque
1657 2601 1725 2636 est
1752 2593 1848 2636 sine
1875 2601 2095 2651 peccato;
2113 2602 2223 2651 puta

260 2675 367 2704 cum
394 2670 462 2705 est
488 2674 541 2704 ex
567 2659 828 2704 infirmitate
854 2670 1058 2714 naturae,
1085 2661 1204 2704 unde
1233 2659 1417 2718 quidam
1445 2659 1583 2714 etiam
1608 2659 1655 2703 in
1670 2658 1905 2718 vigilando
1932 2659 2102 2719 absque
2123 2673 2225 2718 pec—

261 2738 365 2772 cato
388 2727 561 2772 fluxum
587 2727 774 2771 seminis
801 2727 1053 2785 patiuntur:
1081 2726 1155 2771 vel
1178 2727 1316 2770 etiam
1333 2726 1370 2770 si
1393 2726 1448 2770 sit
1472 2741 1524 2770 ex
1542 2725 1851 2785 superfluitate
1872 2735 2084 2782 naturae;
2106 2727 2224 2772 sicut

262 2795 385 2839 enim
413 2794 635 2853 contingit
660 2794 930 2853 sanguinem
957 2793 1096 2838 fluere
1125 2794 1292 2852 absque
1321 2803 1525 2852 peccato,
1552 2794 1614 2837 ita
1641 2804 1686 2838 et
1708 2807 1882 2848 semen,
1908 2793 2031 2853 quod
2065 2803 2133 2839 est
2152 2806 2223 2839 su-

260 2862 490 2922 perfluitas
517 2861 764 2920 sanguinis,
792 2861 1044 2905 secundum
1077 2860 1249 2906 Philos.
1285 2861 1379 2919 (lib.
1413 2876 1448 2906 ι.
1486 2860 1531 2905 de
1572 2861 1722 2906 Gener.
1757 2861 1948 2906 Animal.
1974 2868 2067 2921 cap.
2097 2876 2165 2921 19.
2196 2875 2224 2907 a

251 2929 430 2989 princ).
461 2928 754 2988 Quandoque
785 2942 895 2972 vero
929 2937 996 2972 est
1028 2941 1134 2972 cum
1166 2938 1377 2987 peccato;
1406 2938 1513 2986 puta
1541 2942 1648 2972 cum
1674 2927 1886 2988 provenit
1910 2942 1964 2973 ex
1990 2927 2220 2988 superflui·

260 3006 352 3041 tate
381 2997 482 3051 cibi,
508 2995 582 3041 vel
607 3005 755 3055 potus,
782 3005 826 3040 et
850 2995 941 3039 hoc
970 2995 1110 3039 etiam
1137 3004 1285 3054 potest
1309 3010 1406 3039 esse
1430 3005 1669 3054 peccatum
1695 2994 1890 3049 veniale,
1911 2993 1986 3040 vel
2005 2993 2222 3050 mortale3

261 3065 367 3109 licet
392 3063 672 3123 frequentius
697 3073 940 3123 peccatum
967 3061 1161 3106 mortale
1185 3062 1360 3121 accidat
1388 3062 1507 3106 circa
1524 3071 1678 3121 turpes
1702 3062 2019 3121 cogitationes,
2040 3071 2224 3122 propter

260 3130 526 3175 facilitatem
553 3144 817 3184 consensus,
836 3143 975 3189 quam
999 3129 1119 3173 circa
1141 3131 1451 3188 sumptionem
1479 3129 1580 3184 cibi,
1609 3139 1653 3173 et
1678 3139 1836 3188 potus;
1863 3129 1982 3174 unde
2004 3138 2050 3174 et
2079 3128 2218 3190 Greg.

262 3198 360 3256 (loc.
383 3206 472 3257 sup.
490 3198 596 3255 cia),
630 3197 829 3242 scribens
846 3196 1105 3256 Augustino
1121 3195 1381 3255 Anglorum
1407 3197 1625 3256 episcopo
1643 3197 2056 3251 dicit‚’cessandum
2083 3210 2182 3242 esse
2195 3209 2222 3242 a

264 3266 608 3317 communione,
636 3264 818 3324 quando
837 3279 893 3309 ex
914 3263 1116 3323 turpibus
1135 3264 1487 3322 cogitationibus
1506 3264 1728 3323 provenit,
1750 3277 1846 3308 non
1863 3271 2017 3308 autem
2037 3263 2221 3323 quando

264 3333 473 3391 provenit
499 3347 552 3376 ex
578 3331 885 3391 superfluitate
915 3331 1017 3385 cibi,
1042 3330 1116 3375 vel
1143 3342 1290 3390 potus,
1326 3331 1593 3389 praesertim
1627 3331 1665 3376 si
1705 3330 1949 3376 necessitas
1983 3330 2111 3376 adsit.
2145 3330 2222 3376 Sic

265 3400 401 3458 igitur
428 3415 481 3445 ex
508 3413 644 3444 causa
678 3399 943 3458 pollutionis
977 3398 1254 3443 considerari
1286 3408 1448 3457 potest,
1481 3396 1888 3443 utrum'nocturna
1920 3396 2115 3458 pollutio
2142 3397 2224 3442 im-

267 3467 418 3526 pediat
444 3481 497 3512 ex
528 3467 799 3512 necessitate
833 3466 1144 3526 sumptionem
1179 3465 1312 3523 hujus
1350 3466 1637 3510 sacramenti.
1664 3465 1730 3510 Ex
1756 3464 1954 3525 quadam
1978 3478 2090 3511 vero
2117 3478 2223 3510 con-

268 3535 475 3593 gruentia
506 3534 697 3594 impedit
733 3544 954 3594 quantum
986 3533 1041 3579 ad
1074 3533 1182 3578 duo.-
1218 3546 1414 3592 quorum
1450 3548 1580 3578 unum
1621 3546 1802 3592 semper
1833 3531 2012 3587 accidit,
2049 3531 2225 3578 scilicet

267 3602 493 3660 quaedam
517 3601 710 3647 foeditas
735 3601 1000 3661 corporalis,
1028 3614 1132 3646 cum
1155 3613 1259 3660 qua,
1286 3609 1469 3659 propter
1490 3599 1792 3645 reverentiam
1814 3597 2104 3655 sacramenti,
2125 3611 2221 3644 non

2347 1789 2352 1798 .
2343 1723 2352 1764 ,xm
2324 1368 2352 1713 *antumant-adegit,
2344 1343 2352 1349 τ
2348 1319 2352 1332 ..
2349 1297 2352 1303 .
2350 1234 2352 1256 Α,
2348 1207 2352 1213 t
