2352 3926
293 225 401 280 730
775 222 1058 268 QUAESTIO
1095 222 1257 262 Lxxx,
1298 222 1606 262 ARTI'CULUS
1644 222 1758 263 vm.

957 417 1394 476 ARTICULUS
1435 417 1593 476 VIII.
1954 475 1959 479 .
2092 475 2096 478 .
2124 469 2142 492 „
2158 376 2244 494 455

289 557 481 596 UTRUM
523 554 695 606 ctBUS,
730 553 834 592 VEL
867 554 1048 593 porus
1089 554 1546 593 PRAEASSUMPTUS
1579 554 1845 594 1MPED1A‘r
1885 539 2246 610 sumom

983 636 1150 690 HUJus
1193 637 1558 683 sAcRAMENTI.

704 748 834 806 (Infr.
862 754 943 792 art.
971 763 1012 808 9.
1040 756 1151 808 corp.
1180 754 1218 793 et
1240 763 1322 793 2-2.
1351 763 1389 807 q.
1416 762 1508 807 174.
1536 754 1618 792 art.
1646 748 1688 793 6.
1715 747 1769 792 ad
1792 763 1834 794 2.

554 820 591 860 et
614 829 655 872 4.
683 816 796 860 Dist.
824 816 864 861 8.
892 830 930 874 q.
957 831 992 861 1.
1020 821 1101 860 art.
1128 829 1172 873 4.
1198 830 1237 874 q.
1262 831 1297 861 1.
1325 822 1364 861 et
1387 830 1427 861 2.
1455 821 1492 860 et
1515 831 1550 861 1.
1579 814 1679 860 Cor.
1706 830 1765 861 11.
1793 815 1882 860 lect.
1913 817 1993 875 4.).

377 924 453 969 AD
482 937 723 970 OCTAVUM
753 925 818 970 sic
843 926 1118 985 proceditur.
1143 925 1349 980 Videtur,
1376 925 1501 985 quod
1527 925 1667 981 cibus,
1698 924 1774 970 vel
1803 934 1945 985 potus·
1967 939 2251 985 praeassum-

289 1001 392 1051 ptus
416 1006 512 1036 non
542 993 762 1051 impediat
802 993 1114 1052 sumptionem
1145 993 1280 1052 hujus
1313 994 1613 1038 sacramenti:
1639 993 1730 1037 hoc
1764 993 1889 1038 enim
1913 1002 2251 1038 sacramentum

288 1068 356 1103 est
388 1074 413 1103 a
443 1060 650 1104 Domino
683 1060 939 1105 institutum
970 1061 1017 1104 in
1057 1075 1226 1105 coena:
1261 1060 1339 1105 sed
1365 1061 1610 1115 Dominus,
1632 1071 1877 1120 postquam
1906 1060 2131 1115 coemittit,
2155 1059 2250 1105 hoc

287 1137 625 1172 sacramentum
651 1128 882 1188 discipulis
899 1129 992 1173 suis
1007 1128 1205 1182 tradidit,
1231 1128 1349 1172 sicut
1373 1138 1509 1188 patet,
1528 1128 1639 1172 Luc.
1663 1140 1733 1172 22.
1755 1139 1800 1172 et
1826 1142 1866 1173 1.
1887 1128 2001 1174 Cor.
2023 1141 2127 1184 111.;,¹
2137 1141 2249 1188 ergo

285 1195 477 1250 videtur,
504 1196 628 1255 quod
660 1197 801 1242 etiam
829 1206 933 1257 post
966 1196 1081 1241 alios
1114 1197 1240 1241 cibos
1274 1206 1532 1256 assumptos
1557 1210 1644 1241 nos
1670 1196 1919 1241 debeamus
1948 1208 2133 1243 sumere
2154 1195 2248 1240 hoc
2328 1247 2331 1249 ,

286 1273 639 1309 sacramentum.

377 1343 417 1377 2.
444 1331 741 1377 PRAETEREA.
774 1346 809 1376 1.
830 1332 938 1378 Cor.
959 1346 1024 1377 ιτ.
1042 1332 1227 1376 dicitur:
1259 1331 1369 1376 Cum
1392 1333 1619 1376 convenitis
1636 1330 1691 1376 ad
1705 1329 2060 1386 manducandum,
2077 1328 2252 1376 scilieet
2335 1375 2338 1378 ⁴

260 1412 262 1415 ·
288 1413 454 1458 corpus
479 1399 686 1453 Domini,
709 1401 891 1445 invicem
921 1406 1155 1459 expectate:
1179 1401 1215 1444 si
1241 1401 1331 1458 quis
1362 1405 1499 1443 autem
1525 1399 1666 1453 esurit,
1699 1398 1813 1442 domi
1843 1397 2092 1443 manducat:
2115 1407 2164 1442 et
2188 1397 2252 1442 ita
2332 1418 2336 1454 j

284 1466 475 1520 videtur,
493 1466 615 1525 quod
634 1475 878 1526 postquam
904 1467 1065 1526 aliquis
1084 1466 1213 1511 dorni
1238 1466 1596 1522 manducaverit,
1622 1465 1766 1525 possit
1789 1465 1838 1509 in
1853 1463 2066 1510 Ecclesia,
2085 1477 2251 1525 corpus

288 1533 456 1578 Christi
483 1534 776 1578 manducare.
2329 1571 2331 1575 ,

381 1615 418 1660 3.
452 1601 750 1646 PRAETEREA.
784 1602 843 1646 In
871 1601 1086 1647 Concilio
1121 1601 1477 1660 Carthaginensi
1505 1601 1676 1658 (scilicet
1702 1616 1740 1660 3.
1766 1614 1864 1646 can.
1885 1599 1978 1660 29.)
2002 1597 2181 1659 legitur,
2207 1608 2254 1659 et
2330 1614 2334 1617 ·

283 1667 476 1712 habetur
492 1669 564 1713 De
584 1669 802 1713 Consecr.
821 1670 957 1727 (Dist.
978 1686 1012 1715 I.
1031 1677 1124 1730 cap.
1140 1669 1238 1727 49.)
1251 1682 1266 1711 .·
1297 1684 1321 1710 ι(
1340 1669 1640 1713 Sacramenta
1664 1668 1817 1712 altaris
1833 1681 1928 1711 non
1943 1666 2072 1711 nisia
2086 1665 2250 1725 ieiunis

284 1735 548 1780 hominibus
591 1735 890 1791 celebrentur,
924 1747 1113 1797 excepto
1147 1750 1240 1780 uno
1273 1736 1346 1780 die
1394 1736 1719 1790 anniversario,
1752 1749 1843 1794 quo
1880 1748 2026 1779 coena
2058 1733 2250 1778 Domini

285 1801 536 1847 celebratur
561 1820 612 1859 >›;
646 1818 757 1863 ergo
784 1803 948 1849 saltem
972 1804 1051 1848 illa
1093 1804 1165 1848 die
1199 1802 1360 1863 aliquis
1391 1813 1544 1863 potest
1582 1817 1748 1863 corpus
1787 1801 1961 1847 Christi
1996 1810 2107 1861 post
2133 1798 2250 1844 alios

285 1870 634 1930 cibos-sumere.
1995 1887 2001 1891 ⁴

373 1950 416 1993 4.
448 1938 746 1984 PRAETEREA.
775 1939 986 1999 Sumptio
1014 1953 1172 1999 aquae,
1197 1937 1272 1982 vel
1289 1938 1558 1994 medicinae,
1583 1937 1656 1982 vel
1684 1936 1870 1981 alterius
1885 1934 1990 1990 cibi,
2014 1932 2090 1979 vel
2113 1943 2248 1994 potus

284 2004 332 2049 in
358 2006 550 2050 minima
567 2007 831 2065 quantitate,
846 2006 922 2051 vel
938 2006 1232 2066 reliquiarum
1252 2006 1341 2050 cibi
1366 2006 1413 2050 in
1441 2021 1520 2051 ore
1547 2004 1847 2058 manentium,
1862 2016 2012 2062 neque
2026 2001 2249 2062 jejunium
2325 2001 2339 2048 J

283 2071 517 2118 Ecclesiae
543 2073 694 2128 solvit,
718 2089 867 2134 neque
893 2075 1188 2119 sobrietatem
1209 2073 1343 2129 tollit,
1376 2088 1492 2133 quae
1520 2074 1712 2132 exigitur
1737 2071 1794 2115 ad
1818 2071 1912 2115 hoc
1937 2069 2060 2130 quod
2087 2068 2249 2128 aliquis

283 2151 541 2185 reverenter
556 2151 709 2186 sumat
732 2142 824 2186 hoc
843 2152 1206 2197 sacramentum;
1235 2155 1346 2201 ergo
1363 2156 1445 2200 per
1459 2141 1690 2201 praedicta
1707 2153 1802 2184 non
1819 2137 2064 2198 impeditur
2087 2135 2249 2196 aliquis
2328 2157 2331 2161 <

284 2221 310 2252 a
335 2209 596 2267 sumptione
620 2209 755 2268 hujus
782 2210 1070 2254 sacramenti.
2332 2246 2335 2247 ν

377 2287 413 2333 5.
430 2275 729 2321 PRAETEREA.
759 2276 964 2328 Quidam
990 2277 1047 2321 de
1071 2287 1209 2321 nocte
1234 2275 1458 2336 profunda
1484 2275 1748 2332 comedunt,
1776 2282 1854 2317 aut
1866 2271 2039 2326 bibunt,
2065 2269 2248 2317 etforte

280 2351 428 2386 totam
453 2353 639 2388 noctem
663 2343 926 2388 insomnem
959 2344 1192 2399 ducentes,
1212 2344 1268 2388 de
1286 2357 1422 2387 mane
1448 2343 1703 2402 percipiunt
1728 2354 1858 2385 sacra
1889 2339 2109 2399 mysteria
2133 2351 2246 2383 non·-

283 2410 394 2454 dum
415 2409 548 2469 plene
574 2411 760 2469 digesti:
787 2412 938 2455 minus
975 2422 1130 2456 autem
1164 2411 1461 2470 impediretur
1486 2410 1709 2454 sobrietas
1733 2407 1950 2461 hominis,
1976 2407 2021 2451 si*¹
2039 2408 2087 2451 in
2111 2419 2247 2451 mane
2332 2454 2336 2466 ¹

284 2491 446 2537 parum
473 2478 749 2532 comederet,
777 2490 822 2522 et
852 2489 1012 2538 postea
1045 2479 1165 2523 circa
1195 2492 1369 2523 nonam
1403 2487 1605 2522 sumeret
1635 2476 1726 2520 hoc
1754 2483 2109 2528 sacramentum,
2140 2486 2248 2518 cum
2326 2482 2335 2492 ⁴

286 2544 426 2589 etiam
451 2545 509 2590 sit
533 2545 807 2604 quandoque
834 2547 982 2604 maj0r
1008 2545 1220 2589 distantia
1250 2545 1494 2604 temporis3
1522 2557 1632 2603 ergo
1657 2543 1849 2597 videtur,
1876 2541 2001 2602 quod
2023 2539 2128 2586 talis
2159 2539 2249 2585 cibi
2329 2553 2338 2558 ·’

285 2613 648 2671 praeassumptio
674 2626 769 2656 non
794 2613 1011 2671 impediat
1034 2612 1276 2657 hominem
1303 2612 1356 2656 ab
1382 2612 1475 2655 hoc
1502 2620 1805 2655 sacramento.
2041 2645 2043 2647 .

375 2677 415 2725 6.
434 2679 733 2724 PRAETEREA.
750 2679 858 2724 Non
875 2680 1028 2723 minor
1042 2680 1294 2724 reverentia
1307 2679 1493 2723 debetur
1503 2678 1610 2722 huic
1630 2685 1919 2722 sacramento
1933 2674 2029 2737 jam
2044 2683 2246 2735 sumpto,
2323 2707 2332 2730 3

285 2759 424 2806 quarn
446 2757 551 2792 ante
577 2746 911 2806 sumptionem:
940 2747 1017 2790 sed
1034 2757 1218 2806 sumpto
1251 2755 1556 2800 sacramentO,
1582 2745 1690 2790 licet
1716 2745 1884 2799 cibum,
1901 2752 1978 2789 aut
1999 2752 2162 2804 potum
2177 2755 2247 2788 su·
2328 2798 2332 2806 ,

285 2813 437 2869 mere;
463 2828 574 2874 ergo
601 2823 646 2859 et
672 2824 775 2858 ante
801 2814 1125 2873 sumptionem.
2325 2817 2331 2820 ’“

376 2882 471 2927 SED
499 2895 695 2928 CONTRA
727 2891 808 2936 est,
835 2881 957 2941 quod
983 2881 1175 2940 August.
1203 2881 1313 2925 dicit
1337 2881 1384 2925 in
1410 2880 1486 2925 lib.
1509 2879 1884 2939 Responsionum
1910 2876 2242 2937 adJanuarium

283 2949 418 3010 (epist.
441 2952 529 2996 118.
563 2958 656 3011 cap.
681 2949 722 2995 6.
751 2955 838 2995 ant.
866 2949 989 3007 med.)
1007 2966 1020 2994 .·
1052 2965 1074 2990 <t
1098 2949 1275 2993 Placuit
1302 2949 1490 3008 Spiritui
1517 2948 1704 3002 Sancto,
1730 2957 1780 2991 ut
1804 2948 1851 2991 in
1875 2945 2110 2991 honorem*
2126 2946 2242 2990 tanti

284 3018 559 3063 sacramenti
583 3018 705 3078 prius
732 3017 777 3061 in
805 3031 858 3061 os
884 3016 1118 3061 christiani
1144 3030 1308 3076 corpus
1340 3016 1644 3061 Dominicum
1675 3015 1876 3071 intraret,
1903 3026 2042 3074 quam
2075 3010 2244 3058 caeteri

285 3085 374 3130 cibi
391 3102 432 3129 >›.
2247 3136 2259 3145 .

370 3152 661 3198 REsponnEo
698 3151 957 3207 dicendum,
995 3150 1116 3210 quod
1154 3150 1321 3210 aliquid
1359 3151 1550 3211 impedit
1586 3149 1897 3210 sumptionem
1930 3146 2067 3208 hujus
2098 3158 2246 3192 sacra>

283 3221 427 3265 menti
443 3220 688 3281 dupliciter:
715 3234 798 3264 uno
824 3218 944 3264 modo
971 3218 1223 3263 secundum
1242 3233 1312 3273 se3
1343 3219 1458 3262 sicut
1470 3228 1711 3278 peccatum
1738 3215 1948 3271 mortale,
1968 3215 2091 3276 quod
2106 3213 2246 3259 habet

283 3288 633 3348 repugnantiam
652 3287 707 3331 ad
726 3286 1031 3346 significatum
1049 3285 1183 3344 hujus
1201 3287 1488 3340 sacramenti,
1501 3295 1550 3330 ut
1567 3299 1701 3345 supra
1714 3284 1887 3329 dictum
1904 3291 1972 3328 est
1988 3282 2089 3341 (m.
2099 3289 2242 3342 praec.

283 3361 319 3399 et
344 3363 423 3400 art.
442 3370 484 3414 4.
508 3356 594 3415 huj.
614 3370 651 3415 q.
651 3356 697 3412 ):
721 3354 806 3399 alio
829 3352 953 3399 'modo
981 3362 1163 3413 propter
1190 3352 1548 3411 prohibitionem
1566 3351 1814 3396 Ecclesiae.
1833 3349 1974 3396 Etsic
1996 3348 2243 3410 impeditur

286 3422 445 3483 aliquis
474 3438 499 3467 a
525 3423 785 3482 sumptione
825 3415 960 3482 hujus
987 3420 1260 3466 sacramenti
1286 3429 1390 3478 post
1416 3420 1582 3474 cibum,
1601 3430 1645 3464 et
1660 3429 1821 3479 potum
1847 3426 2145 3477 assumptum,
2171 3418 2244 3462 iri-

278 3491 383 3549 plici
403 3492 603 3535 ratione:
614 3492 757 3551 primo
777 3489 976 3549 quidem,
1003 3487 1116 3532 sicut
1142 3486 1337 3546 August.
1366 3486 1473 3531 dicit
1500 3486 1597 3544 (loc.
1625 3485 1728 3544 cit),
1763 3484 1846 3529 «in
1865 3485 2091 3530 honorem
2107 3482 2242 3543 hujus

284 3559 556 3604 sacramenti
574 3575 614 3614 »,
631 3567 680 3603 ut
705 3556 879 3602 scilicet
903 3556 949 3600 in
973 3569 1024 3601 os
1041 3553 1242 3599 hominis
1260 3553 1393 3598 intret
1413 3554 1620 3598 nondum
1647 3553 1801 3612 aliquo
1824 3551 1942 3607 cibo,
1958 3549 2032 3596 vel
2047 3560 2158 3612 potu
2178 3550 2241 3595 in·

286 3624 455 3670 fectum
470 3641 480 3671 :
497 3624 667 3672 secundo
686 3633 871 3685 propter
896 3621 1294 3683 significationem,
1320 3629 1368 3665 ut
1394 3621 1568 3666 scilicet
1584 3620 1715 3666 detur
1739 3617 1950 3677 intelligi,
1966 3617 2089 3679 quod
2111 3616 2242 3663 Chri·
