2352 3926
255 190 365 259 746
744 201 1023 248 QUAESTIO
1064 200 1271 239 Lxxxn.
1312 191 1622 240 ART1cULUS
1661 201 1722 240 11.

343 305 632 350 Rsssponnno
651 303 910 357 dicendum,
927 302 1066 362 quod,
1093 303 1209 347 sicut
1237 302 1409 347 dictum
1436 313 1504 348 est
1528 304 1634 361 (art.
1653 304 1835 363 praec),
1859 305 2088 360 sacerdos,
2110 315 2220 351 cum

254 372 500 426 ordinatur,
527 371 814 415 constituitur
839 370 885 413 in
913 370 1055 427 gradu
1079 384 1254 423 eorum,
1273 370 1351 429 qui
1373 385 1398 413 a
1414 371 1622 415 Domino
1649 382 1925 431 acceperunt
1938 383 2221 432 potestatem

253 439 551 484 consecrandi
578 439 623 481 in
652 451 819 482 coena:
848 447 891 480 et
917 437 1022 481 ideo
1049 437 1303 481 secundum
1330 439 1710 482 consuetudinem
1748 439 2052 498 quarumdam
2069 439 2222 487 Ecule-

251 508 436 559 siarum,
468 506 583 548 sicut
626 503 823 563 apostoli
857 504 1043 547 Christo
1082 504 1296 548 coenanti
1334 515 1750 560 concoenaverunn
1784 506 1848 550 ita
1876 506 1988 550 novi
2027 504 2223 552 ordinati

251 573 465 630 episcopo
494 572 721 615 ordinanti
746 570 1083 615 concelebrant.
1110 571 1207 615 Nec
1235 582 1422 631 propter
1447 572 1537 617 hoc
1564 572 1752 617 iteratur
1779 573 2071 619 consecratio
2087 588 2223 634 super

251 639 462 683 eamdem
488 639 703 692 hostiam,
745 638 864 696 quia,
891 638 1009 682 sicut
1044 638 1341 682 Innocentius
1367 639 1444 683 III.
1473 639 1583 684 dicit
1607 640 1705 696 (lib.
1735 654 1778 697 4.
1810 640 1860 685 de
1892 641 2019 699 Myst.
2051 641 2222 696 Missae,

249 717 338 767 cap.
356 722 417 766 25.
435 709 480 750 in
497 707 640 764 mad),
661 722 685 748 α
699 707 908 750 omniurn
924 707 1118 750 intentio
1136 706 1271 751 debet
1285 706 1391 751 ferri
1409 707 1465 751 ad
1482 707 1607 751 idem
1618 707 1791 753 instans
1805 707 2164 754 consecrationis
2177 724 2222 753 a.

338 776 414 819 AD
441 788 629 819 PRIMUM
656 788 767 833 ergo
794 774 1054 829 dicendum,
1081 775 1204 834 quod
1238 774 1450 820 Christus
1485 789 1580 820 non
1613 775 1779 834 legitur
1803 775 1943 821 simul
1965 776 2220 836 baptizasse

250 850 357 886 cum
381 841 616 901 apostolis,
638 841 821 901 quando
843 842 1037 900 injunxit
1053 842 1117 886 eis
1136 840 1340 886 officium
1356 842 1635 901 baptizandi;
1658 853 1704 887 et
1726 843 1832 889 ideo
1848 857 1946 888 non
1969 854 2038 889 est
2060 843 2224 889 similis

250 910 381 954 ratio.
2144 913 2151 963 ,’

339 978 416 1022 AD
449 990 712 1022 SECUNDUM
740 977 998 1031 dicendum,
1026 977 1149 1036 quod
1176 977 1215 1022 si
1241 977 1430 1037 quilibet
1455 978 1747 1023 sacerdotum
1780 989 2044 1039 operaretur
2066 979 2114 1024 in
2137 978 2224 1024 vir-

248 1056 343 1091 tute
370 1047 568 1105 propria,
600 1045 930 1105 superfluerent
963 1044 1041 1089 alii
1073 1045 1368 1100 celebrantes,
1401 1060 1494 1090 uno
1528 1045 1804 1091 sufficienter
1830 1046 2117 1093 celebrante:¹¹
2136 1047 2222 1093 sed
2259 1066 2273 1086 x

251 1114 357 1173 quia
384 1114 599 1158 sacerdos
625 1127 720 1158 non
739 1124 978 1157 consecrat
1003 1113 1091 1157 nisi
1115 1113 1162 1156 in
1189 1127 1385 1172 persona
1409 1114 1596 1168 Christi,
1623 1114 1756 1159 multi
1774 1124 1928 1159 autem
1946 1125 2059 1160 sunt
2078 1128 2222 1160 unum

250 1183 296 1225 in
325 1181 528 1235 Christo,
554 1182 660 1225 ideo
686 1195 781 1224 non
807 1179 957 1235 refert,
985 1191 1136 1224 utrum
1164 1194 1244 1239 per
1269 1195 1426 1236 unum,
1455 1190 1531 1225 aut
1552 1195 1632 1240 per
1657 1181 1829 1227 multos
1854 1182 1947 1227 hoc
1967 1183 2224 1228 sacramen-

249 1259 349 1293 tum
372 1259 677 1306 consecretur,
703 1250 792 1292 nisi
818 1248 941 1307 quod
969 1258 1151 1307 oportet
1175 1248 1313 1292 ritum
1339 1247 1574 1292 Ecclesiae
1600 1250 1785 1294 servari.

338 1317 414 1361 AD
442 1329 660 1362 TERTIUM
687 1316 948 1370 dicendum,
975 1315 1097 1374 quod
1120 1315 1405 1360 Eucharistia
1428 1326 1498 1360 est
1518 1320 1859 1361 sacramentum
1878 1317 2063 1363 unitatis
2077 1316 2224 1363 eccle-

248 1385 471 1440 siasticae,
497 1399 615 1444 quae
643 1384 887 1429 attenditur
912 1384 1167 1428 secundum
1192 1383 1299 1438 hoc,
1325 1383 1449 1443 quod
1481 1383 1615 1429 multi
1639 1394 1746 1429 sunt
1770 1398 1914 1429 unum
1938 1386 1986 1430 in
2018 1384 2222 1433 Christo,

947 1547 1386 1606 ARTICULUS
1421 1547 1523 1605 111.
1889 1607 1893 1609 ,
2055 1535 2085 1550 ”
2122 1536 2222 1626 49⁷6

346 1687 539 1726 UTRUM
581 1685 944 1727 DISPENSATIO
986 1685 1154 1739 Hujus
1197 1683 1546 1725 SACRAMENTI
1585 1682 1897 1725 PERTmr-:AT
1937 1675 2127 1738 soLUM
2158 1673 2161 1678 '

988 1770 1063 1807 AD
1092 1768 1480 1808 SACERDOTEM.

457 1880 523 1939 (4.
542 1880 653 1925 Dist.
672 1894 730 1925 rr.
749 1893 788 1939 q.
806 1893 846 1924 2.
865 1884 945 1924 art.
964 1894 998 1924 ι.
1017 1893 1056 1939 q.
1074 1894 1109 1924 1.
1129 1878 1183 1923 ad
1193 1893 1231 1939 3.
1249 1883 1285 1923 et
1300 1879 1414 1924 Dist.
1432 1893 1487 1938 13.
1506 1892 1544 1937 q.
1563 1893 1598 1923 r.
1618 1883 1700 1923 art.
1713 1893 1750 1938 3.
1768 1892 1807 1937 q.
1824 1892 1860 1924 r.
1877 1883 1915 1923 et
1929 1877 2006 1935 2.).

338 1993 414 2038 An
442 2004 661 2038 TERTIUM
687 1992 752 2036 sic
778 1992 1053 2051 proceditur.
1079 1991 1286 2047 Videtur,
1313 1991 1436 2052 quod
1462 2006 1557 2036 non
1582 1991 1806 2051 pertineat
1826 1989 1981 2036 solum
1998 1989 2056 2035 ad
2077 2003 2223 2036 sacer-

249 2062 406 2106 dotem
433 2059 712 2119 dispensatio
744 2060 879 2118 hujus
912 2062 1214 2104 sacramenti:
1243 2060 1429 2119 sanguis
1462 2060 1586 2104 enim
1620 2059 1792 2104 Christi
1823 2073 1920 2103 non
1951 2059 2103 2104 minus
2127 2072 2224 2118 per-

247 2129 361 2173 tinet
387 2128 443 2172 ad
467 2128 559 2172 hoc
587 2137 941 2183 sacramentum,
969 2142 1109 2187 quam
1136 2141 1322 2187 corpus:
1345 2127 1425 2172 sed
1447 2127 1633 2186 sanguis
1653 2126 1828 2172 Christi
1843 2127 2129 2186 dispensatur
2139 2140 2223 2186 per

247 2198 483 2252 diaconos,
505 2197 626 2241 unde
653 2206 698 2241 et
721 2197 880 2242 beatus
909 2197 1182 2242 Laurentius
1209 2197 1322 2241 dixit
1344 2197 1480 2241 beato
1500 2197 1649 2242 Sixto:
1677 2195 1942 2256 «Experire,
1958 2205 2112 2241 utrum
2127 2194 2226 2240 ido-

245 2280 384 2310 neum
401 2265 661 2309 ministrum
680 2264 886 2324 elegeris,
901 2266 973 2309 cui
987 2265 1261 2309 commisisti
1277 2265 1515 2309 Dominici
1530 2263 1764 2323 sanguinis
1777 2263 2166 2324 dispensationem
2176 2278 2220 2318 »3

250 2348 361 2393 ergo
390 2343 436 2378 et
460 2332 558 2392 pari
589 2334 765 2377 ratione
798 2333 1076 2392 dispensatio
1110 2332 1317 2393 corporis
1353 2332 1525 2378 Christi
1555 2346 1650 2376 non
1683 2331 1879 2392 pertinet
1910 2331 1967 2376 ad
1999 2330 2126 2376 solos
2156 2345 2224 2376 sa-

247 2401 469 2446 cerdotes.

339 2482 379 2513 2.
407 2469 707 2514 PRAETEREA.
737 2467 1010 2512 Sacerdotes
1028 2468 1367 2513 constituuntur
1383 2466 1578 2512 ministri
1595 2476 2014 2512 sacramentorum:
2032 2466 2112 2512 sed
2128 2466 2221 2513 hoc

249 2547 589 2582 sacramentum
615 2535 846 2595 perficitur
870 2536 918 2580 in
945 2537 1292 2581 consecratione
1318 2535 1552 2589 materiae,
1577 2549 1673 2580 non
1698 2535 1745 2579 in
1762 2548 1861 2590 usu,
1884 2535 1941 2579 ad
1962 2548 2100 2595 quem
2121 2548 2221 2594 per-

246 2605 360 2650 tinet
391 2604 694 2663 dispensati0;
728 2618 838 2662 ergo
869 2604 1062 2659 videtur,
1095 2603 1218 2663 quod
1258 2617 1352 2647 non
1384 2603 1609 2663 pertineat
1644 2603 1698 2647 ad
1741 2602 2029 2648 sacerdotem
2054 2615 2220 2663 corpus

247 2672 442 2717 Domini
468 2672 745 2731 dispensare.
1966 2672 1968 2675 ’

340 2754 378 2800 3.
406 2739 706 2785 PRAETEREA.
732 2738 926 2798 Dionys.
951 2738 1060 2783 dicit
1081 2740 1126 2782 in
1144 2737 1219 2782 lib.
1239 2737 1413 2783 Eccles.
1432 2738 1608 2782 Hierar.
1629 2738 1743 2798 (cap.
1752 2753 1788 2798 3.
1802 2751 1827 2782 α
1838 2738 1977 2798 princ.
1995 2742 2032 2783 et
2047 2743 2138 2798 cap.
2154 2737 2230 2797 4.).

250 2808 373 2868 quod
399 2808 490 2852 hoc
524 2815 860 2851 sacramentum
894 2805 1032 2850 habet
1063 2805 1359 2864 perfectivam
1391 2807 1622 2860 virtutem,
1655 2806 1772 2850 sicut
1803 2814 1848 2850 et
1878 2804 2107 2850 chrisma:
2139 2804 2219 2850 sed

248 2876 429 2934 signare
459 2875 705 2919 chrismate
730 2874 983 2933 baptizatos
1005 2887 1098 2917 non
1122 2873 1315 2932 pertinet
1331 2873 1387 2917 ad
1405 2873 1708 2926 sacerdotem,
1736 2873 1818 2918 sed
1837 2872 1893 2917 ad
1921 2872 2219 2935 episcopum;

250 2958 360 3003 ergo
389 2943 528 2988 etiarn
556 2943 817 3003 dispensare
843 2942 935 2987 hoc
962 2951 1302 2986 sacramentum
1328 2943 1523 3000 pertinet
1550 2942 1604 2986 ad
1632 2944 1917 3002 episcopum,
1946 2953 2044 2986 non
2070 2939 2127 2985 ad
2153 2952 2222 2986 sa-

249 3012 496 3056 cerdotem.

340 3079 434 3124 SED
454 3092 651 3124 CONTRA
671 3087 752 3132 est,
779 3077 902 3137 quod
928 3077 1093 3121 dicitur
1119 3077 1190 3120 De
1219 3076 1440 3121 Consecr.
1469 3078 1600 3134 (Dist.
1627 3092 1667 3122 2.
1700 3083 1791 3136 cap.
1818 3076 1937 3136 27⁴).-
1966 3074 2223 3120 «Pervenit

251 3147 306 3191 ad
339 3147 552 3191 notitiam
583 3156 806 3199 nostram,
839 3145 962 3204 quod
995 3144 1181 3205 quidam
1218 3144 1470 3203 presbyteri
1505 3145 1640 3198 laico,
1680 3137 1756 3189 aut
1786 3142 2018 3189 foeminae
2054 3154 2221 3201 corpus

250 3215 442 3259 Domini
467 3214 650 3258 tradunt
677 3213 731 3257 ad
759 3212 1055 3258 deferendum
1091 3211 1297 3255 infirmis.
1332 3211 1474 3270 Igitur
1504 3211 1732 3256 interdicit
1764 3210 1994 3271 Synodus,
2025 3223 2084 3254 ne
2115 3209 2219 3254 talis

248 3282 559 3341 praesumptio
596 3281 783 3326 ulterius
819 3280 910 3335 fiat,
948 3280 1025 3325 sed
1057 3279 1295 3338 presbyter
1327 3294 1404 3338 per
1423 3279 1738 3339 ·semetipsum
1775 3277 1983 3324 infirmos
2013 3291 2221 3323 commu-

246 3351 368 3394 nicet
384 3367 426 3395 n.

250 3553 344 3611 ipse
372 3561 612 3596 consecrat
636 3551 683 3595 in
707 3564 903 3611 persona
921 3549 1118 3595 Christi:
1141 3548 1238 3608 ipse
1266 3558 1419 3593 autem
1439 3549 1648 3594 Christus
1674 3550 1790 3594 sicut
1814 3547 2102 3594 consecravit
2121 3560 2218 3593 cor-

250 3633 333 3679 pus
361 3633 496 3664 suum
522 3618 568 3663 in
604 3632 765 3674 coena,
792 3618 854 3663 ita
877 3627 921 3663 et
948 3617 1046 3663 aliis
1073 3615 1349 3661 sumendum
1378 3616 1526 3672 dedit;
1559 3616 1679 3661 unde
1705 3617 1821 3661 sicut
1847 3616 1902 3661 ad
1928 3614 2215 3662 sacerdotem

337 3418 627 3462 RESPONDEO
650 3415 910 3470 dicendum,
939 3413 1061 3475 quod
1088 3413 1144 3458 ad
1171 3413 1457 3457 sacerdotem
1485 3414 1678 3473 pertinet
1705 3413 1983 3474 dispensatio
2013 3410 2218 3473 corporis

250 3485 436 3538 Christi,
463 3494 647 3544 propter
674 3486 772 3529 tria.
808 3485 954 3528 Primo
987 3480 1187 3542 quidem,
1222 3481 1340 3540 quia,
1374 3481 1491 3526 sicut
1523 3482 1695 3526 dictum
1729 3491 1798 3526 est
1830 3482 1931 3539 (art.
1957 3496 1993 3528 1.
2025 3481 2113 3540 huj.
2138 3480 2242 3541 q.),''-
