2352 3926
252 218 352 289 178
769 227 1048 274 QUAESTIO
1089 226 1219 266 XVII.
1260 226 1568 267 ARTICULUS
1607 226 1664 265 ΙΙ.

242 346 384 388 turae,
411 344 456 378 et
481 333 672 392 speciei:
700 330 780 375 sed
805 329 843 374 si
869 328 1145 387 intelligatur
1186 342 1351 388 corpus
1390 327 1640 387 perfectum
1682 341 1759 387 per
1801 328 2004 372 animam
2035 328 2203 388 absque

242 401 478 461 hypostasi
503 400 698 443 habente
726 407 984 456 utrumque,
1016 396 1110 440 hoc
1142 405 1291 440 totum
1318 395 1629 455 compositum
1655 409 1709 439 ex
1735 394 1903 449 anima,
1929 405 1973 440 et
1998 409 2204 454 corpote,

243 478 378 528 prout
403 467 682 532 significatur
707 464 896 508 nomine
928 463 1238 518 humanitatis,
1263 477 1357 507 non
1401 462 1681 521 significatur
1717 468 1764 506 ut
1793 462 1902 520 quod
1933 470 2014 515 est,
2050 462 2129 508 sed
2160 468 2206 507 ut

243 551 322 595 quo
356 534 522 593 aliquid
556 543 642 586 est;
667 542 711 576 et
731 532 836 576 ideo
863 531 1014 590 ipsum
1041 545 1140 575 esse
1156 537 1213 575 est
1233 544 1455 590 personae
1481 529 1778 582 subsistentis,
1803 527 2057 573 secundum
2076 528 2203 588 quod

243 603 378 646 habet
404 600 715 644 habitudinem
743 598 797 642 ad
824 597 964 642 talem
984 606 1214 642 naturam:
1244 598 1370 655 cujus
1396 596 1670 640 habitudinis
1698 610 1834 640 causa
1859 605 1928 640 est
1954 595 2134 650 anima,
2140 595 2207 648 in,—

245 679 461 729 quantum
496 667 671 726 perficit
702 666 954 710 humanam
985 674 1196 710 naturam
1227 663 1518 708 informando
1552 678 1728 723 corpus.

1098 854 1342 861 .----

860 1030 1308 1110 QUAESTIO
1358 1028 1583 1090 va.

510 1189 590 1228 DE
622 1184 1092 1228 PERTINENTIBUS
1125 1186 1208 1225 AD
1240 1184 1553 1226 UNITATEM
1585 1184 1651 1224 IN
1682 1179 1936 1227 CHRISTO

779 1276 1078 1327 QUANTUM
1107 1276 1190 1315 AD
1222 1274 1652 1324 VOLUNTATEM,

690 1366 770 1406 IN
817 1364 946 1406 SEX
1000 1361 1406 1405 ARTICULOS
1475 1361 1754 1404 DIVISA.

330 1535 508 1580 Deinde
535 1533 915 1579 considerandum
944 1542 1012 1577 est
1037 1532 1092 1576 de
1120 1534 1288 1576 unitate
1314 1541 1535 1591 quantum
1563 1532 1618 1577 ad
1645 1531 1947 1579 voluntatem.

863 1648 922 1692 Et
953 1649 1067 1691 circa
1098 1646 1172 1691 hoc
1205 1653 1464 1705 quaeruntur
1494 1662 1576 1691 sex.

330 1739 502 1782 Primo.
527 1737 695 1782 «Utrum
722 1737 768 1780 in
796 1736 982 1781 Christo
1010 1737 1067 1780 sit
1093 1735 1181 1779 alia
1206 1735 1418 1780 voluntas
1445 1735 1612 1790 divina,
1639 1745 1684 1780 et
1709 1734 1798 1780 alia
1823 1735 2040 1787 humana.

332 1805 558 1850 Secundo.
587 1805 753 1849 Utrum
779 1804 826 1847 in
852 1804 1055 1847 humana
1081 1813 1241 1848 natura
1269 1802 1442 1847 Christi
1466 1803 1523 1846 sit
1545 1802 1632 1847 alia
1653 1801 1866 1847 voluntas
1886 1802 2205 1857 sensualitatis,

244 1882 290 1917 et
321 1872 407 1916 alia
440 1871 642 1916 rationis.

332 1938 505 1983 Tertio.
534 1939 700 1982 Utrum
727 1952 782 1984 ex
806 1948 932 1998 parte
959 1937 1146 1982 rationis
1172 1936 1373 1981 fuerint
1362 1952 1408 1980 m
1436 1936 1623 1981 Christo
1650 1936 1802 1996 plures
1826 1936 2099 1985 voluntates.

333 2006 526 2058 Quarto.
554 2005 758 2050 Utrum
747 2019 794 2048 ιιι
822 2005 1007 2049 Christo
1033 2003 1167 2048 fuerit
1193 2004 1386 2048 liberum
1414 2004 1661 2047 arbitrium

333 2073 524 2149 Quinto.
548 2073 716 2117 Utrum
735 2071 948 2116 voluntas
969 2071 1172 2115 humana
1196 2070 1368 2115 Christi
1384 2065 1517 2114 fuerit
1533 2069 1726 2115 omnino
1751 2069 2001 2117 conformis
2023 2070 2204 2121 divi-nae

239 2139 503 2184 voluntati
493 2154 540 2183 ιιι
571 2139 730 2184 volito.

330 2207 486 2252 Sexto.
514 2205 717 2251 Utrum
707 2221 753 2250 m
781 2206 967 2251 Christo
994 2204 1127 2250 fuerit
1153 2204 1304 2264 aliqua
1331 2205 1624 2249 contrarietas
1651 2204 1956 2250 voluntatum.

956 2355 1389 2414 ARTICULUS
1431 2356 1474 2410 I.
2118 2368 2202 2428 '1²14

567 2476 759 2516 UTRUM
791 2477 846 2515 IN
881 2475 1119 2515 cnmsro
1154 2476 1277 2515 smT
1311 2475 1462 2513 DUAE
1493 2474 1876 2513 VOLUNTATES.
1935 2501 1936 2504 η
2196 2461 2198 2465 ’

240 2573 294 2631 (3.
324 2575 434 2618 Dist.
465 2585 532 2630 14.
559 2579 639 2617 art.
667 2589 700 2618 1.
729 2588 766 2630 q.
795 2589 828 2617 ι.
854 2579 964 2630 corp.
984 2578 1019 2615 et
1042 2572 1151 2615 Dist.
1179 2585 1240 2630 17.
1268 2577 1351 2616 art.
1380 2588 1413 2616 ι.
1442 2586 1479 2628 q.
1504 2587 1536 2615 1.
1565 2577 1603 2615 et
1624 2571 1694 2614 lib.
1717 2584 1758 2627 4.
1788 2569 1937 2615 Contr.
1961 2584 2001 2629 g.
2027 2553 2118 2631 (grip.
2135 2570 2204 2631 36.

388 2647 427 2685 et
447 2641 537 2684 Pot.
565 2656 602 2698 q.
630 2655 693 2685 ro.
722 2646 802 2683 art.
830 2654 870 2696 4.
899 2638 954 2683 ad
979 2655 1032 2697 13,
1057 2645 1095 2683 et
1117 2646 1254 2698 opusc.
1280 2653 1319 2683 2.
1343 2646 1433 2697 cap.
1457 2653 1549 2683 102.
1578 2644 1615 2682 et
1630 2639 1754 2694 Joan.
1779 2638 1820 2683 6.
1848 2638 1938 2683 lech
1963 2632 2043 2695 4.).

328 2745 405 2790 Ao
431 2758 618 2790 PR1MUM
645 2744 708 2788 sic
735 2743 1008 2803 proceditur.
1034 2741 1238 2796 Videtur,
1265 2742 1387 2800 quod
1419 2742 1464 2785 in
1493 2741 1678 2786 Christo
1711 2755 1806 2785 non
1846 2740 1939 2787 sint
1957 2760 1960 2764 ·
1977 2740 2095 2786 duae
2127 2755 2205 2786 vo-

239 2812 450 2867 luntates,
483 2825 572 2856 una
599 2811 765 2865 divina,
793 2821 838 2856 et
864 2810 952 2854 alia
978 2810 1200 2854 humana:
1227 2809 1437 2853 voluntas
1464 2809 1586 2852 enim
1610 2819 1679 2853 est
1699 2809 1901 2868 primum
1925 2822 2134 2864 movens,
2159 2818 2206 2854 et

239 2880 468 2940 imperans
501 2880 548 2923 in
581 2892 859 2937 unoquoque
892 2876 1099 2921 volente:
1143 2876 1222 2921 sed
1265 2877 1310 2919 in
1353 2875 1539 2920 Christo
1572 2877 1772 2935 primum
1805 2889 2013 2931 movens,
2049 2885 2093 2921 et
2123 2876 2203 2921 im·

239 2961 400 3007 perans
427 2946 511 2990 fuit
535 2945 747 2990 voluntas
773 2945 948 2989 divina:
977 2944 1081 3003 quia
1109 2945 1263 2988 omnia
1295 2943 1530 2986 humana
1521 2958 1566 2987 m
1595 2943 1780 2988 Christo
1813 2943 2120 2995 movebantur
2140 2957 2205 2989 se-

241 3013 442 3058 cundum
474 3012 758 3058 voluntatem
791 3012 1014 3065 divinam;
1047 3025 1157 3069 ergo
1189 3010 1379 3064 videtur,
1407 3010 1529 3069 quod
1556 3012 1601 3054 in
1631 3010 1817 3056 Christo
1840 3024 1939 3056 non
1963 3009 2099 3056 fuerit
2117 3010 2204 3055 nisi

239 3095 331 3126 una
362 3080 589 3134 voluntas,
623 3079 798 3124 scilicet
830 3079 994 3123 divina.

330 3161 369 3192 2.
396 3148 693 3193 PRAETEREA.
721 3147 1077 3190 Instrumentum
1105 3159 1197 3189 non
1225 3155 1436 3189 movetur
1461 3145 1644 3204 propria
1669 3144 1920 3200 voluntate,
1946 3145 2026 3191 sed
2047 3144 2205 3193 volun·

238 3226 330 3260 tate
358 3215 609 3259 moventis:
637 3214 714 3259 sed
741 3223 901 3261 natura
927 3213 1129 3256 humana
1157 3211 1270 3256 fuit·
1274 3214 1317 3255 in
1347 3211 1534 3256 Christo
1561 3213 1676 3256 sicut
1710 3213 2063 3259 instrumentum
2097 3213 2206 3259 divi-
2214 3218 2241 3246 ’ἕ

239 3284 390 3328 nitatis
418 3284 534 3340 ejus;
562 3297 672 3341 ergo
699 3291 858 3326 natura
884 3281 1086 3325 humana
1113 3281 1157 3323 in
1187 3280 1372 3324 Christo
1399 3294 1492 3323 non
1520 3281 1791 3325 movebatur
1830 3280 2013 3340 propria
2047 3279 2206 3333 volun-

238 3361 344 3405 tate,
378 3351 455 3395 sed
489 3350 653 3393 divina
2045 3368 2049 3374 .

334 3432 370 3477 3
397 3418 694 3462 PRAETEREA.
729 3415 842 3460 Illud
876 3414 1025 3459 solum
1059 3413 1385 3472 multiplicatur
1425 3414 1470 3457 in
1515 3415 1715 3469 Christo,
1760 3414 1882 3474 quod
1923 3415 2133 3492 pertinet
2144 3415 2203 3465 ad

240 3495 472 3530 naturam:
500 3483 710 3528 voluntas
739 3493 891 3527 autem
917 3495 1010 3525 non
1036 3481 1213 3524 videtur
1254 3481 1308 3524 ad
1352 3491 1560 3525 naturam
1594 3483 1841 3539 pertinere3
1868 3483 1974 3541 quia
1997 3492 2202 3558 §atquae

240 3563 342 3597 sunt
367 3552 605 3607 naturalia,
632 3561 735 3596 sunt
762 3565 813 3595 ex
841 3549 1133 3595 necessitate:
1162 3549 1282 3607 quod
1312 3559 1463 3593 autem
1492 3560 1558 3593 est
1583 3549 1906 3606 voluntarium,
1926 3546 2109 3603 nofivk'tt
2129 3563 2227 3595 ne·-

242 3620 510 3673 cessarium3
544 3633 654 3676 ergo
687 3617 898 3662 voluntas
932 3627 998 3661 est
1031 3630 1118 3660 una
1152 3625 1327 3660 tantum
1361 3616 1406 3659 in
1441 3616 1640 3661 Christo.

2332 3917 2349 3926 ἶ
2338 3889 2352 3900 fi
2343 3854 2352 3860 υ
2336 3738 2352 3842 2']‹1Wv‘⁴'‘?⁴¹»“
2338 3694 2352 3724 ’τὶ
