2352 3926
592 237 869 286 QUAESTIO
911 238 1055 279 XLVI.
1095 236 1404 278 ARTICULUS
1443 237 1497 277 X.
1729 247 1734 257 ⁸
1926 237 2031 293 397

790 449 1223 508 ARTICULUS
1266 450 1335 505 X.
1950 475 2030 520 255

250 586 447 626 UTRUM
486 586 752 625 emus-rus
792 586 990 624 Fumu‘r
1032 585 1406 624 CONVENIENTI
1447 585 1600 623 Loco
1642 584 1854 622 PASSUS.

429 696 574 756 (Supr.
603 711 642 755 q.
662 710 721 755 35.
748 701 830 740 art.
858 709 898 754 7.
923 695 977 739 ad
1002 711 1037 740 Ι.
1060 700 1096 740 et
1117 695 1219 751 mfr
1243 711 1282 754 q.
1305 696 1364 754 83.
1391 701 1474 740 art.
1495 711 1532 754 3.
1560 695 1614 739 ad
1642 708 1680 739 1.

768 768 805 807 et
835 770 974 822 opusc.
1008 762 1079 807 60.
1112 769 1202 821 cap.
1240 761 1346 819 18..)

162 875 238 920 An
263 888 483 920 DECIMUM
509 876 573 920 sic
598 874 869 934 proceditur.
898 873 1101 928 Videtur,
1120 874 1242 933 quod
1253 887 1348 916 non
1376 874 1667 918 convenienti
1689 874 1796 918 loco
1822 874 2035 918 Christus

0 1001 2 1005 ι
72 956 232 1003 passus
257 941 415 987 fuerit:
445 941 655 986 Christus
681 943 804 985 enim
830 955 987 1017 passus
1021 950 1087 984 est
1114 941 1367 985 secundum
1401 954 1588 984 carnem
1621 941 1888 994 humanam,
1922 954 2038 1000 quae

0 1008 2 1019 '
72 1009 258 1070 quidem
283 1018 506 1067 concepta
527 1007 610 1051 fuit
627 1022 679 1052 ex
697 1008 871 1066 virgine
899 1008 944 1051 in
966 1007 1209 1061 Nazareth,
1244 1018 1288 1051 et
1313 1019 1418 1051 nata
1437 1009 1482 1050 in
1506 1007 1805 1062 Bethlehem,
1834 1022 1945 1084 ergo
1978 1008 2039 1051 vi·
2097 1040 2100 1044 .

0 1071 5 1120 J
71 1076 215 1129 detur,
241 1075 363 1134 quod
394 1089 488 1121 non
513 1075 560 1118 in
587 1074 888 1128 Hierusalem,
915 1075 1032 1119 sed
1021 1090 1067 1118 in
1094 1074 1336 1129 Nazareth,
1369 1073 1479 1118 vel
1468 1088 1515 1117 1n
1543 1074 1815 1118 Bethlehem
1842 1075 1935 1137 pati
1966 1075 2039 1118 de-

0 1143 7 1163 Ρ

0 1318 9 1408 ξ

73 1142 234 1187 buerit.

165 1223 206 1255 2.
232 1209 530 1254 PRAETEREA.
557 1208 737 1253 Veritas
764 1208 897 1253 debet
922 1209 1197 1268 respondere
1225 1208 1421 1267 figurae:
1449 1208 1526 1252 sed
1553 1209 1705 1267 passio
1733 1207 1904 1252 Christi
1931 1208 2042 1266 figu-

74 1276 257 1321 rabatur
280 1290 360 1335 per
386 1276 607 1320 sacrificia
631 1276 796 1320 veteris
828 1275 963 1334 legis:
999 1276 1264 1333 hujusmodi
1298 1285 1450 1319 autem
1483 1275 1705 1319 sacrificia
1737 1274 2042 1319 offerebantur

74 1343 122 1388 in
146 1342 344 1402 templo;
381 1357 493 1402 ergo
528 1343 718 1396 videtur,
746 1342 868 1402 quod
896 1352 938 1386 et
966 1342 1176 1387 Christus
1213 1344 1259 1386 in
1285 1341 1460 1402 templo
1494 1343 1586 1401 pati
1627 1342 1845 1396 debuerit,
1878 1352 1923 1386 et
1946 1357 2041 1386 non

2 1421 17 1471 >⁷5
77 1420 201 1454 extra
227 1420 408 1469 portam
436 1410 642 1454 CiVltatlS.

172 1491 208 1536 3.
235 1476 534 1522 PRAETEREA.
561 1476 790 1520 Medicina
816 1476 949 1520 debet
975 1476 1139 1520 morbo
1166 1475 1466 1535 respondere:
1491 1476 1569 1520 sed
1596 1476 1748 1535 passio
1764 1476 1935 1521 Christi
1959 1475 2045 1520 fuit

77 1544 306 1589 medicina
333 1554 492 1589 contra
518 1553 758 1603 peccatum
787 1544 937 1587 Adae.
966 1544 1118 1587 Adam
1147 1553 1299 1587 autem
1325 1557 1419 1587 non
1460 1542 1543 1588 fuit
1575 1543 1813 1602 sepultus
1802 1534 1865 1586 in‘
1886 1543 2044 1587 Hieru-

21 1628 25 1677 ζ
76 1611 239 1665 salem,
265 1612 343 1655 sed
379 1612 426 1655 in
450 1611 660 1656 Hebron.
688 1611 852 1655 dicitur
877 1612 998 1655 enim
1016 1611 1155 1668 josue
1183 1623 1268 1665 14.-
1294 1612 1459 1656 Nomen
1481 1612 1653 1655 Hebron
1689 1619 1782 1655 ante
1808 1612 2045 1655 vocabatur

12 1716 27 1734 1„
79 1677 449 1730 Chariath-Arbe;
477 1678 617 1723 Adam
648 1680 857 1722 maximus
894 1680 955 1722 ibi
981 1680 1087 1722 inter
1119 1679 1298 1722 Enacim
1329 1679 1427 1722 situs
1452 1684 1508 1722 est
1516 1693 1532 1729 ,·
1560 1692 1670 1736 ergo
1701 1678 1892 1731 videtur,
1920 1677 2041 1736 quod

80 1746 293 1791 Christus
314 1745 361 1789 in
388 1745 591 1798 Hebron,
614 1755 659 1789 et
683 1759 776 1789 non
803 1745 849 1788 in
877 1745 1166 1789 Hierusalem
1192 1747 1283 1804 pati
1306 1745 1522 1789 debuerit.

173 1812 270 1858 SED
302 1824 499 1858 CONTRA
527 1821 606 1864 est,
633 1812 754 1870 quod
782 1812 945 1855 dicitur
972 1812 1082 1861 Luc.
1112 1826 1200 1870 13.:
1221 1813 1319 1856 Non
1348 1813 1462 1870 capit
1478 1812 1728 1871 prophetam
1752 1812 1892 1870 perire
1923 1817 2043 1855 extra

25 1879 29 1934 J
78 1879 343 1925 Hierusalem
360 1895 375 1924 .·
401 1879 480 1923 sed
508 1877 718 1923 Christus
744 1877 827 1922 fuit
851 1879 1096 1937 propheta;
1125 1879 1450 1922 convenienter
1473 1893 1582 1937 ergo
1610 1893 1768 1937 passus
1790 1889 1857 1922 est
1878 1879 1922 1921 in
1941 1878 2045 1922 Hie-

24 1964 49 1990 ,μ
78 1946 295 1992 rusalem.

168 2012 458 2058 RESPONDEO
484 2011 743 2066 dicendum,
767 2012 904 2070 quod,
927 2011 1042 2056 sicut
1068 2011 1231 2055 dicitur
1269 2012 1316 2055 in
1343 2011 1418 2055 lib.
1453 2011 1565 2064 QQ.
1596 2021 1684 2056 vet.
1713 2021 1757 2056 et
1781 2026 1887 2055 nov.
1916 2010 2042 2056 Test.

32 2071 41 2124 s
82 2080 142 2141 (q.
169 2093 227 2140 55.
258 2082 368 2124 inter
391 2087 456 2139 op.
489 2079 702 2138 August),
734 2095 758 2119 c<
781 2079 937 2122 omnia
964 2079 1157 2138 propriis
1184 2078 1314 2132 locis,
1342 2089 1386 2122 et
1411 2079 1693 2137 temporibus
1721 2079 1860 2137 gessit
1887 2078 2045 2123 Salva-

27 2146 46 2209 3²
81 2156 157 2192 tor
175 2161 225 2191 »ι
253 2147 359 2206 quia
385 2147 501 2191 sicut
527 2146 683 2190 omnia
714 2155 924 2204 tempora
952 2155 1057 2189 sunt
1081 2146 1127 2188 in
1155 2160 1294 2190 manu
1307 2147 1417 2203 ejus,
1435 2146 1496 2189 ita
1515 2146 1654 2189 etiam
1681 2146 1837 2189 omnia
1855 2145 1981 2190 loca:
2002 2155 2047 2190 et

24 2216 55 2274 s,
83 2215 189 2260 ideo
205 2215 323 2260 sicut
339 2214 628 2259 convenienti
650 2224 856 2272 tempore
875 2213 1084 2257 Christus
1102 2228 1260 2272 passus
1284 2214 1437 2267 est,ita
1461 2214 1598 2257 etiam
1617 2214 1906 2257 convenienti
1924 2214 2045 2257 loco.

141 2290 148 2294 ”
171 2282 248 2326 AD
273 2294 461 2327 PRIMUM
488 2294 598 2339 ergo
626 2281 884 2334 dicendum,
918 2281 1040 2338 quod
1065 2279 1275 2324 Christus
1303 2281 1734 2324 convenientissime
1762 2281 1808 2323 in
1838 2281 2049 2324 Hierusa-

29 2340 42 2392 s
82 2347 175 2394 lem
200 2362 358 2408 passus
384 2358 479 2392 est:
499 2350 642 2406 primo
667 2347 866 2406 quidem,
885 2347 990 2406 quia
1018 2347 1305 2391 Hierusalem
1333 2358 1428 2391 erat
1450 2347 1580 2391 locus
1607 2361 1631 2390 a
1660 2348 1764 2391 Deo
1793 2347 1963 2392 electus
1991 2348 2047 2391 ad

22 2409 39 2456 ·Ῐ’ῗ
82 2416 303 2463 sacrificia
328 2417 413 2461 sibi
434 2415 691 2469 offerenda3
717 2429 834 2474 quae
867 2415 1050 2474 quidem
1083 2413 1290 2473 figuralia
1332 2414 1553 2458 sacrificia
1583 2414 1837 2473 figurabant
1876 2414 2049 2459 Christi

31 2474 58 2542 ἶ]
81 2484 359 2544 passionem,
381 2483 502 2542 quod
529 2492 597 2527 est
626 2496 786 2526 verum
812 2481 1100 2534 sacrificium,
1128 2482 1379 2525 secundum
1407 2481 1518 2524 illud
1551 2481 1718 2539 Ephes.
1757 2494 1817 2538 5.:
1851 2482 2048 2526 Tradidit

81 2553 338 2610 semetipsum
364 2551 557 2602 hostiam,
591 2556 630 2594 et
660 2549 908 2593 oblationem
933 2550 978 2592 in
1003 2547 1170 2592 odorem
1186 2548 1566 2592 suavitatis:unde
1594 2549 1717 2592 Beda
1744 2549 1853 2592 dicit
1878 2549 1923 2592 in
1943 2563 2049 2608 qua-

84 2617 191 2663 dam
226 2616 419 2662 homilia
458 2617 632 2674 (scilicet
656 2618 700 2659 in
727 2617 958 2659 Dominica
996 2616 1262 2670 Palmarum,
1297 2617 1341 2658 in
1377 2617 1557 2674 princ),
1602 2616 1723 2674 quod
1755 2631 1778 2656 «
1806 2616 2046 2675 appropin-

39 2692 61 2737 't
84 2693 253 2744 quante
277 2684 393 2728 hora
418 2683 657 2742 passionis,
683 2682 913 2726 Dominus
941 2683 1304 2741 appropinquare
1330 2681 1476 2725 voluit
1501 2681 1607 2725 loco
1635 2682 1858 2740 passionis
1884 2699 1907 2724 »
1929 2698 1940 2736 ;
1967 2682 2049 2727 sci-

44 2753 48 2755 *
85 2750 194 2799 licet
217 2749 520 2803 Hierusalem,
538 2763 629 2808 quo
646 2750 848 2809 pervenit
878 2758 981 2792 ante
1007 2763 1084 2792 sex
1117 2749 1212 2792 dies
1229 2749 1460 2803 Paschae3
1494 2749 1611 2792 sicut
1643 2763 1787 2807 agnus
1819 2749 2047 2808 paschalis

7 2863 9 2868 ,
42 2828 48 2850 ’»
89 2827 194 2862 ante
234 2830 312 2861 sex
351 2817 447 2862 dies
482 2817 702 2870 Paschae,
741 2816 856 2860 idest
896 2816 1075 2860 decima
1101 2816 1222 2869 luna,
1256 2816 1506 2860 secundum
1532 2826 1823 2875 praeceptum
1851 2816 1964 2874 legis
1993 2816 2047 2859 ad

0 2877 10 2914 ‘1'
87 2883 245 2929 locum
269 2882 600 2927 immolationis
624 2883 895 2928 ducebatur:
925 2883 1116 2941 seeundo,
1151 2883 1255 2942 quia
1280 2883 1422 2926 virtus
1445 2883 1668 2941 passionis
1695 2885 1790 2941 ejus
1818 2884 1872 2926 ad
1898 2893 2048 2927 totum

63 2944 66 2984 Ῑ
90 2950 313 2996 mundum
347 2948 637 2994 diffundenda
673 2960 781 3004 erat,
819 2950 864 2993 in
906 2938 1059 2993 medio
1086 2960 1234 2994 terrae
1265 2950 1521 2994 habitabilis
1555 2950 1647 3009 pati
1677 2949 1836 3003 voluit,
1864 2950 1978 2993 idest
2002 2949 2048 2992 in

38 3014 405 3062 Hierusalem·
431 3016 551 3060 unde
592 3016 790 3060 dicitur
779 3031 824 3060 m
857 3016 930 3060 Ps.
958 3029 1053 3074 73..
1087 3018 1201 3061 Deus
1233 3023 1368 3060 autem
1396 3031 1468 3060 rex
1493 3023 1628 3061 noster
1658 3016 1750 3061 ante
1780 3017 1942 3061 saecula
1964 3023 2051 3074 ope-

60 3087 206 3145 4'2mtus
235 3089 289 3128 est
312 3082 484 3127 salutem
509 3084 554 3126 in
584 3082 717 3127 medio
744 3089 895 3137 terrae,
928 3083 1043 3127 idest
1079 3083 1125 3126 in
1153 3083 1457 3137 Hierusalem,
1489 3097 1605 3142 quae
1631 3083 1793 3127 dicitur
1826 3097 1923 3126 esse
1955 3096 2051 3125 um·

8 3183 9 3186 ¹
62 3147 250 3214 3bilicus
280 3160 451 3194 terrae:
485 3150 618 3201 tertio,
636 3149 741 3208 quia
766 3149 856 3193 hoc
871 3150 1069 3194 maxime
1097 3150 1396 3195 conveniebat
1412 3150 1658 3194 humilitati
1684 3152 1794 3207 ejus,
1812 3159 1860 3192 ut
1876 3148 2051 3193 scilicet

10 3226 12 3234 '
59 3217 206 3275 ἶῇεἰωτ
229 3217 539 3276 turpissimum
566 3228 709 3273 genus
735 3216 894 3260 mortis
921 3216 1071 3275 elegit,
1104 3217 1165 3260 ita
1199 3217 1338 3260 etiam
1372 3217 1427 3260 ad
1455 3218 1550 3274 ejus
1582 3216 1888 3260 humilitatem
1921 3215 2053 3274 perti-

65 3284 201 3338 vnuit,
233 3283 355 3343 quod
397 3283 442 3326 in
475 3282 582 3326 loco
618 3291 713 3325 tam
741 3281 908 3326 celebri
933 3282 1250 3327 confusionem
1278 3284 1366 3342 pati
1399 3297 1493 3327 non
1531 3283 1776 3326 recusavit:
1806 3282 1925 3325 unde
1953 3281 2049 3325 Leo

48 3347 215 3413 ‘Papa
241 3350 350 3394 dicit
388 3350 434 3393 in
467 3348 667 3407 quodam
701 3362 912 3392 sermone
944 3348 1104 3407 Epiph.
1141 3350 1233 3407 (qui
1263 3356 1319 3394 est
1350 3367 1383 3394 r.
1418 3357 1507 3408 cap.
1543 3364 1580 3393 2.
1615 3363 1641 3391 a
1666 3348 1860 3406 princ.):
1898 3363 1921 3388 c<
1956 3347 2052 3399 Qui

75 3411 211 3465 'servi
254 3426 514 3476 susceperat
548 3415 761 3468 formam,
803 3414 1074 3459 Bethlehem
1114 3416 1335 3475 praelegit
1367 3416 1603 3467 nativitati,
1638 3413 1923 3457 Hierusalem
1956 3428 2052 3473 pas-

60 3483 211 3545 galoni
234 3501 276 3539 »ς
302 3490 469 3544 quarto,
498 3492 547 3527 ut
571 3481 841 3535 ostenderet,
869 3495 894 3525 a
926 3482 1200 3541 principibus
1228 3482 1383 3541 populi
1412 3482 1689 3539 Judaeorum
1718 3490 1922 3524 exortam
1950 3494 2049 3526 esse

69 3546 375 3616 {iniquitatem
409 3550 715 3595 occidentium
748 3545 912 3607 ipsum,
949 3557 993 3592 et
1017 3548 1158 3593 ideo'
1147 3563 1194 3592 in
1227 3548 1528 3600 Hierusalem,
1552 3547 1628 3591 ubi
1654 3547 1878 3606 principes
1904 3561 2052 3592 mora-

51 3606 270 3690 ff‘bantur,
293 3616 440 3663 voluit
463 3617 578 3676 pati·
606 3615 726 3660 unde
751 3615 914 3660 dicitur
945 3615 1048 3660 Act.
1069 3627 1125 3671 4·
1156 3616 1452 3661 Convenerunt
1476 3617 1520 3658 in
1552 3616 1628 3658 ista
1653 3616 1819 3659 civitate
1855 3614 2051 3660 adversus
