2352 3926
0 1792 14 2144 mgr-vnvm

0 3649 44 3708 5

0 3730 3 3731 r
7 3719 25 3748 ⁵3¹,

22 3764 29 3773 ,

638 244 918 291 QUAESTIO
959 245 1110 285 xxxl.
1147 243 1457 284 ARTICULUS
1495 242 1569 282 VI·
1960 241 2063 298 271

205 362 243 408 3.
269 347 565 393 Pmn-:Rm
585 346 796 392 Christus
823 346 878 390 ad
899 347 1154 391 humanum
1177 361 1320 406 genus
1347 346 1612 392 affinitatem
1634 345 1784 400 habet,
1800 345 2070 405 inquantum

38 464 50 470 ⁴
112 430 168 461 ex
197 415 403 461 humano
435 427 603 474 genere
636 427 821 458 carnem
854 413 1115 473 assumpsit:
1149 415 1227 458 sed
1260 415 1298 459 si
1330 428 1437 458 caro
1463 414 1542 458 illa
1569 428 1663 458 non
1698 412 1784 458 fuit
1818 413 2068 458 secundum

111 481 280 542 aliquid
306 482 534 540 signatum
560 482 607 524 in
633 481 799 534 Adam,
831 480 1005 524 nullam
1038 481 1214 524 videtur
1245 482 1414 526 habere
1442 480 1707 526 affinitatem
1734 479 1790 525 ad
1814 481 2070 524 humanum

110 566 268 612 genus,
296 552 416 611 quod
435 565 488 595 ex
514 550 666 595 Adam
689 550 929 604 derivatur,
956 550 1034 594 sed
1063 550 1208 608 magis
1237 550 1292 593 ad
1320 551 1430 594 alias
1458 565 1542 604 res,
1565 551 1683 595 unde
1710 543 1901 595 materia
1924 548 2071 592 carnis

110 620 207 679 ejus
232 629 462 678 assumpta
489 628 579 672 est;
604 618 782 662 videtur
804 630 930 675 erge,
958 617 1080 676 quod
1107 630 1213 660 caro
1238 616 1410 661 Christi
1426 617 1626 662 fueritin
1648 618 1816 672 Adam,
1843 616 1949 662 etin
1972 615 2071 660 aliis

109 687 308 748 patribus
333 686 584 731 secundum
611 685 778 744 aliquid
804 684 1049 742 signatum.

200 753 294 798 SED
329 766 525 798 CONTRA
558 761 638 806 est,
666 751 788 810 quod
820 751 1013 810 August.
1042 750 1151 795 dicit
1188 763 1252 796 10.
1286 765 1420 810 super
1448 751 1613 796 Genes.
1649 752 1703 796 ad
1735 750 1914 795 literam
1942 750 2073 807 (colli-

105 823 222 881 gitur
243 836 291 866 ex
313 828 402 879 cap.
425 835 491 878 19.
517 826 554 864 et
571 819 678 876 20.),
703 832 996 877 quocumque
1019 819 1160 862 modo
1181 818 1390 862 Christus
1407 818 1490 862 fuit
1510 819 1556 862 in
1575 819 1741 872 Adam,
1760 828 1804 863 et
1820 818 2070 872 Abraham,

109 898 154 934 et
185 887 282 932 aliis
314 886 526 946 patribus,
561 885 636 930 alii
668 885 880 929 homines
923 885 1061 929 etiam
1093 884 1155 928 ibi
1196 885 1390 938 fuerunt,
1424 884 1502 928 sed
1534 899 1628 928 non
1661 886 1966 930 convertitur:
1994 884 2071 929 alii

108 964 262 999 autem
287 953 499 998 homines
525 965 619 996 non
644 951 826 996 fuerunt
858 952 904 995 in
936 952 1104 1005 Adam,
1139 961 1183 996 et
1208 951 1445 995 Abraham
1472 952 1723 996 secundum
1751 951 1952 1010 aliquam
1978 964 2072 994 ma-

106 1021 269 1067 teriam
294 1020 535 1080 signatam,
561 1020 640 1063 sed
665 1018 817 1063 solum
843 1019 1094 1063 secundum
1123 1012 1364 1076 originem,
1399 1028 1446 1063 ut
1471 1018 1517 1062 in
1549 1032 1584 1062 1.
1613 1029 1738 1077 parte
1763 1019 1970 1063 habitum
2004 1027 2071 1062 est

110 1088 168 1148 (q.
200 1095 237 1134 et
261 1095 340 1133 art.
367 1088 442 1133 ult.
469 1086 523 1131 ad
552 1087 632 1143 4.);
661 1100 771 1144 ergo
797 1100 946 1145 neque
974 1086 1182 1131 Christus
1208 1085 1292 1130 fuit
1316 1086 1362 1129 in
1388 1086 1555 1140 Adam,
1584 1096 1627 1129 et
1653 1086 1889 1130 Abraham
1915 1099 2071 1130 secun-

107 1156 218 1200 dum
243 1154 410 1214 aliquid
433 1154 686 1212 signatum;
709 1162 753 1197 et
779 1153 941 1197 eadem
962 1153 1138 1198 ratione
1165 1167 1250 1197 nec
1276 1153 1323 1196 in
1351 1152 1448 1196 aliis
1475 1153 1687 1212 patribus.

118 1253 122 1258 -
195 1221 484 1266 Rnsronmzo
507 1220 765 1273 dicendum,
789 1220 926 1278 quod,
952 1221 1068 1263 sicut
1094 1235 1226 1279 supra
1254 1220 1426 1263 dictum
1453 1230 1521 1264 est
1545 1220 1646 1276 (art.
1668 1220 1852 1279 praec),
1880 1219 2071 1263 materia

108 1289 313 1348 corporis
336 1288 508 1333 Christi
524 1301 617 1331 non
643 1286 727 1331 fuit
752 1301 874 1342 caro,
894 1297 938 1330 et
964 1301 1016 1331 os
1043 1287 1210 1331 Beatae
1232 1286 1448 1346 Virginis,
1473 1301 1558 1331 nec
1592 1287 1775 1346 aliquid,
1798 1286 1920 1345 quod
1938 1285 2073 1330 fuerit

106 1366 211 1400 actu
236 1367 338 1415 pars
361 1354 566 1414 corporis
600 1355 710 1412 ejus,
737 1355 815 1398 sed
843 1354 1040 1412 sanguis,
1075 1354 1151 1412 qui
1178 1363 1246 1398 est
1271 1355 1472 1412 potentia
1502 1368 1633 1407 caro3
1667 1354 1884 1412 quidquid
1918 1363 2071 1397 autem

106 1423 190 1467 fuit
213 1423 260 1467 in
292 1423 432 1467 Beata
459 1422 647 1480 Virgine
682 1436 707 1464 a
730 1422 987 1479 parentibus
1022 1432 1276 1478 acceptum,
1302 1420 1386 1465 fuit
1419 1431 1521 1465 actu
1543 1435 1645 1480 pars
1668 1421 1871 1480 corporis
1905 1421 2073 1480 Beatae

105 1490 329 1549 Virginis:
357 1490 476 1533 unde
505 1488 616 1532 illud
644 1489 766 1547 quod
792 1486 875 1532 fuit
896 1488 942 1531 in
969 1489 1109 1532 Beata
1142 1489 1330 1546 Virgine
1358 1502 1383 1531 a
1409 1489 1667 1547 parentibus
1695 1498 1950 1547 acceptum,
1977 1502 2072 1531 non

104 1556 188 1601 fuit
213 1556 403 1600 materia
430 1554 855 1614 corporis‘Christi:
884 1564 928 1598 et
952 1555 1056 1598 ideo
1084 1555 1328 1598 dicendum
1351 1565 1431 1609 est,
1453 1556 1575 1614 quod
1604 1569 1767 1613 corpus
1789 1555 1959 1599 Christi
1975 1568 2071 1598 non

104 1623 188 1668 fuit
208 1624 255 1667 in
282 1624 445 1677 Adam,
479 1631 523 1666 et
555 1622 653 1666 aliis
680 1622 878 1679 patribus
906 1622 1159 1666 secundum
1186 1621 1352 1680 aliquid
1380 1622 1625 1681 signatum,
1662 1622 1723 1665 ita
1749 1621 1923 1666 scilicet
1948 1622 2070 1680 quod

106 1690 256 1749 aliqua
282 1703 385 1749 pars
411 1689 615 1748 corporis
637 1689 782 1742 Adae,
807 1688 881 1732 vel
903 1689 1092 1746 alicujus
1120 1689 1301 1733 alterius
1324 1700 1478 1748 posset
1503 1690 1731 1747 designari
1757 1689 2071 1743 determinate,

106 1767 154 1801 ut
170 1757 393 1800 diceretur
419 1756 540 1815 quod
567 1769 620 1799 ex
642 1756 728 1798 hac
752 1756 941 1799 materia
960 1755 1256 1800 determinate
1283 1755 1552 1800 formabitur
1578 1770 1743 1815 corpus
1770 1756 1963 1800 Christi:
1991 1756 2070 1800 sed

104 1823 188 1868 fuit
202 1822 266 1867 ibi
280 1823 531 1868 secundum
549 1822 789 1880 originem,
802 1822 918 1866 sicut
934 1832 978 1866 et
995 1837 1101 1866 caro
1116 1823 1311 1867 aliorum
1333 1823 1599 1867 hominum:
1622 1837 1786 1882 corpus
1805 1824 1926 1867 enim
1942 1822 2072 1867 Chri-

105 1891 162 1935 sti
192 1890 329 1934 habet
354 1889 625 1934 relationem
653 1889 709 1933 ad
736 1889 902 1943 Adam,
930 1898 974 1933 et
1000 1889 1114 1934 alios
1131 1900 1280 1948 patres
1299 1891 1527 1934 mediante
1551 1905 1742 1948 corpore
1765 1891 1922 1934 matris
1948 1891 2068 1949 ejus:

106 1957 225 2002 unde
257 1954 385 2000 nullo
411 1956 503 2000 alio
535 1956 678 2000 modo
703 1955 788 2000 fuit
811 1956 858 1999 in
890 1957 1090 2015 patribus
1124 1971 1289 2016 corpus
1323 1957 1509 2011 Christi,
1543 1972 1681 2016 quam
1715 1971 1879 2017 corpus
1910 1957 2070 2001 matris

106 2026 218 2084 ejus,
239 2025 363 2083 quod
388 2037 482 2067 non
503 2022 586 2067 fuit
606 2023 653 2066 in
676 2024 875 2082 patribus
902 2025 1155 2068 secundum
1187 2025 1426 2069 materiam
1453 2025 1696 2082 signatam,
1722 2025 1839 2069 sicut
1862 2038 1948 2068 nec
1976 2038 2072 2069 cor-

104 2104 218 2151 pora
242 2090 440 2135 aliorum
464 2089 723 2144 hominum,
750 2100 799 2134 ut
823 2090 869 2133 in
902 2104 936 2134 1.
964 2100 1090 2149 parte
1116 2091 1287 2135 dictum
1316 2101 1383 2136 est
1408 2092 1469 2150 (q.
1502 2098 1541 2136 et
1565 2098 1647 2136 art.
1674 2092 1749 2136 ult.
1777 2091 1831 2135 ad
1854 2092 1934 2149 4.).

193 2157 269 2202 AD
300 2170 490 2202 PRIMUM
517 2171 627 2216 ergo
655 2157 914 2211 dicendum,
948 2158 1070 2216 quod
1104 2172 1208 2201 cum
1242 2159 1403 2217 dicitur
1437 2158 1645 2202 Christus
1679 2157 1817 2202 fuisse
1844 2161 1889 2202 in
1916 2158 2069 2202 Adam

102 2224 327 2271 secundum
359 2224 644 2284 corpulentam
685 2226 973 2279 substantiam,
1007 2239 1103 2270 non
1136 2235 1204 2269 est
1233 2226 1582 2284 intelligendum
1614 2226 1705 2270 hoc
1749 2226 1907 2281 modo,
1948 2225 2070 2285 quod

105 2304 270 2352 corpus
296 2291 469 2336 Christi
493 2291 540 2335 in
567 2291 719 2335 Adam
737 2290 871 2335 fuerit
897 2292 1125 2350 quaedam
1153 2293 1419 2351 corpulenta
1441 2294 1714 2347 substantia;
1737 2290 1816 2336 sed
1844 2293 1949 2351 quia
1975 2307 2073 2337 cor-

104 2358 305 2419 pulentia
331 2358 580 2402 substantia
607 2361 812 2416 corporis
840 2358 1030 2413 Christi,¹
1052 2360 1169 2404 idest
1189 2362 1393 2414 materia,
1412 2375 1550 2419 quam
1568 2360 1763 2418 sumpsit
1788 2374 1842 2404 ex
1866 2359 2071 2418 Virgine,

103 2425 189 2471 fuit
212 2426 258 2470 in
284 2426 436 2470 Adam
455 2425 574 2469 sicut
598 2426 644 2469 in
666 2426 891 2485 principio
910 2426 1075 2480 activo,
1092 2441 1186 2470 non
1205 2437 1359 2471 autem
1375 2427 1492 2471 sicut
1513 2428 1559 2471 in
1582 2427 1806 2471 materiali
1824 2427 2071 2485 principio;

105 2493 211 2553 quia
236 2492 410 2537 scilicet
434 2507 515 2552 per
548 2493 761 2536 virtutem
794 2493 1105 2551 generativam
1137 2494 1282 2548 Adae,
1316 2504 1360 2538 et
1391 2494 1586 2538 aliorum
1620 2494 1673 2537 ab
1707 2495 1858 2538 Adam
1891 2494 2074 2539 descen-

105 2560 311 2605 dentium
336 2573 479 2619 usque
506 2560 562 2604 ad
590 2560 782 2603 Beatam
807 2559 1063 2618 Virginem,
1089 2559 1263 2604 factum
1281 2571 1348 2605 est
1364 2571 1414 2605 ut
1425 2561 1502 2604 illa
1522 2562 1712 2605 materia
1729 2570 2072 2620 praepararetur

107 2625 164 2672 ad
194 2636 472 2685 conceptum
515 2626 719 2686 corporis
761 2625 959 2671 Christi:
1001 2641 1096 2670 non
1133 2637 1286 2672 autem
1317 2627 1402 2672 fuit
1442 2629 1632 2672 materia
1672 2628 1750 2672 illa
1786 2627 1984 2672 formata
2024 2628 2073 2672 in

107 2708 272 2755 corpus
300 2694 472 2740 Christi
505 2709 586 2755 per
611 2695 827 2739 virtutem
853 2694 1040 2739 seminis
1077 2695 1130 2739 ab
1164 2695 1316 2739 Adam
1349 2696 1624 2741 derivatam:
1658 2706 1702 2740 et
1727 2696 1831 2741 ideo
1860 2695 2071 2740 Christus

16 2805 27 2827 ἶ,
109 2762 272 2807 dicitur
296 2761 434 2806 fuisse
459 2763 506 2806 in
531 2761 684 2807 Adam
711 2761 992 2820 originaliter
1016 2763 1268 2807 secundum
1295 2762 1612 2822 corpulentam
1637 2763 1950 2818 substantiam,
1975 2776 2071 2807 non

107 2839 260 2875 autem
285 2829 538 2874 secundum
563 2827 835 2874 seminalem
860 2829 1101 2874 rationem.

195 2897 273 2942 An
290 2908 552 2942 SECUNDUM
569 2896 829 2950 dicendum,
846 2896 970 2955 quod
988 2900 1196 2955 quamvis
1213 2911 1378 2957 corpus
1397 2897 1569 2942 Christi
1584 2912 1679 2942 non
1695 2896 1888 2943 fueritin
1906 2897 2070 2951 Adam,

108 2972 155 3008 et
173 2963 220 3008 in
244 2963 346 3009 aliis
361 2963 560 3023 patribus
578 2963 831 3008 secundum
847 2964 1117 3009 seminalem
1139 2965 1386 3010 rationem:
1415 2979 1579 3025 corpus
1603 2975 1759 3009 tamen
1786 2966 1953 3008 Beatae
1974 2963 2073 3007 Vir-

108 3029 240 3088 ginis,
256 3030 380 3089 quod
403 3043 456 3075 ex
481 3030 657 3075 semine
674 3031 810 3075 maris
833 3041 900 3075 est
926 3041 1217 3091 conceptum,
1242 3031 1326 3076 fuit
1347 3034 1393 3076 in
1415 3032 1581 3086 Adam,
1609 3042 1653 3077 et
1676 3032 1723 3076 in
1747 3031 1845 3075 aliis
1871 3030 2071 3089 patribus

109 3097 361 3142 seeundum
385 3097 613 3141 rationem
650 3098 943 3143 seminalem:
971 3108 1016 3142 et
1040 3099 1144 3143 ideo
1178 3099 1407 3143 mediante
1439 3099 1489 3143 Β.
1522 3099 1726 3158 Virgine,
1766 3098 1975 3143 Christus
2006 3111 2073 3141 se-

11 3169 46 3226 ’
110 3164 310 3209 cundum
335 3177 522 3208 carnem
548 3164 712 3209 dicitur
733 3179 831 3209 esse
859 3179 914 3209 ex
939 3166 1113 3210 semine
1139 3166 1288 3210 David
1315 3181 1395 3225 per
1415 3167 1607 3210 modurn
1630 3165 1832 3224 originis.

200 3230 277 3275 Ao
310 3243 528 3276 TERTnJM
560 3231 821 3286 dicendum,
853 3233 976 3291 quod
1010 3233 1218 3278 Christus
1252 3234 1390 3279 habet
1421 3233 1684 3278 affinitatem
1724 3234 1779 3276 ad
1813 3233 2069 3276 humanum

4 3319 42 3351 ,22-
110 3310 253 3356 genus
278 3298 533 3342 secundum
559 3297 905 3343 similitudinem
931 3300 1123 3359 speciei:
1150 3300 1400 3345 similitudo
1429 3313 1582 3345 autern
1617 3300 1784 3359 speciei
1812 3299 2070 3355 attenditur,

110 3376 205 3408 non
229 3365 481 3409 secundum
515 3367 754 3410 materiam
787 3377 1029 3422 remotam,
1055 3368 1131 3412 sed
1166 3368 1418 3413 secundum
1450 3367 1688 3411 materiam
1722 3366 1993 3425 proximam,
2027 3376 2072 3411 et

111 3430 363 3476 secundum
388 3432 659 3491 principium
688 3434 902 3487 activum,
928 3435 1051 3493 quod
1079 3445 1265 3493 generat
1290 3435 1373 3479 sibi
1399 3434 1546 3479 simile
1573 3436 1618 3478 in
1641 3434 1814 3492 specie:
1847 3433 1911 3477 sic
1935 3434 2070 3492 igitur

24 3502 49 3549 ·{
114 3495 306 3543 affinitas
332 3498 504 3544 Christi
535 3499 591 3544 ad
622 3499 878 3544 humanum
910 3516 1053 3560 genus
1085 3502 1359 3546 sufficienter
1391 3511 1685 3545 conservatur
1709 3514 1789 3559 per
1814 3501 1919 3555 hoc,
1946 3501 2067 3560 quod

115 3575 280 3622 corpus
308 3564 480 3609 Christi
506 3566 753 3611 formatum
772 3578 841 3611 est
864 3581 918 3611 ex
934 3570 1228 3627 sanguinibus
1250 3569 1451 3627 virginiS,
1477 3568 1688 3611 derivatis
1714 3569 1966 3612 secundum
1985 3569 2070 3613 ori-

116 3629 273 3690 ginem
298 3630 353 3676 ab
381 3631 548 3687 Adam,
574 3643 618 3678 et
648 3633 747 3679 aliis
773 3635 994 3693 patribus:
1020 3649 1106 3680 nec
1133 3635 1268 3680 refert
1293 3636 1349 3680 ad
1375 3635 1494 3679 hanc
1521 3633 1807 3691 affinitatem3
1823 3635 2069 3681 undecum-
