2352 3926
329 207 439 261 410
837 206 1116 252 QUAESTIO
1156 206 1344 246 XLvm.
1383 197 1690 247 AR'ri‘cums
1729 208 1766 247 1.

329 310 408 354 sed
435 319 619 369 propter
646 322 788 368 genus
814 311 979 368 operis,
1007 309 1130 368 quod
1156 319 1251 354 erat
1277 310 1555 354 conveniens
1580 310 1662 355 tali
1687 309 1889 367 effectui3
1915 321 1966 356 ut
1989 321 2112 371 patet
2135 325 2191 357 ex
2220 327 2288 358 ra-

327 377 525 420 tionibus
552 390 687 435 supra
706 376 902 421 inductis
927 376 984 420 de
1010 377 1329 421 convenientia
1353 377 1576 437 passionis
1604 377 1776 422 Christi
1795 379 1857 437 (q.
1881 379 1956 436 46.
1982 385 2062 425 art.
2084 394 2120 439 3.
2146 382 2184 425 εἰ
2202 381 2286 438 4.).

1039 538 1471 596 ARTICULUS
1507 540 1579 594 11.
1729 526 1734 530 ’
1979 551 1993 621 3
2200 553 2282 615 265

499 674 691 712 UTRUM
723 673 911 711 PASSIO
948 673 1166 712 CHRISTI
1197 675 1537 713 CAUSAVERIT
1570 674 1833 713 NOSTRAM
1864 675 2120 714 SALUTEM

877 749 975 786 PER
1014 748 1220 786 MODUM
1259 749 1727 800 SATlsFACTIONIS‚

598 858 712 915 (Lib.
730 872 773 916 4.
794 857 943 904 Contr.
959 873 998 917 g.
1017 866 1109 919 cap.
1125 873 1181 919 55.
1197 859 1252 904 ad
1267 874 1327 919 23.
1351 866 1388 904 et
1402 873 1472 917 24.
1490 865 1671 918 etopusc.
1690 859 1762 905 60.
1781 868 1870 919 cap.
1894 859 1997 918 18).

414 972 489 1016 AD
517 985 778 1016 SECUNDUM
804 971 868 1015 sic
890 971 1163 1030 proceditur.
1190 970 1394 1026 Videtur,
1423 970 1544 1030 quod
1562 972 1712 1030 passio
1732 970 1904 1015 Christi
1921 985 2015 1015 non
2034 972 2286 1016 causaverit

325 1047 531 1083 nostram
558 1038 753 1084 salutem
779 1054 859 1099 per
895 1039 1087 1083 modum
1119 1038 1467 1083 satisfactionis:
1495 1040 1698 1096 ejusdem
1740 1038 1862 1083 enim
1887 1037 2065 1083 videtur
2090 1053 2188 1087 esse
2220 1053 2286 1084 sa-

323 1106 547 1161 tisfacere,
574 1109 702 1166 cujus
729 1117 795 1151 est
821 1121 1027 1165 peccare,
1063 1106 1180 1151 sicut
1196 1116 1319 1165 patet
1335 1106 1381 1149 in
1398 1106 1497 1150 aliis
1514 1105 1819 1165 poenitentiae
1836 1105 2056 1165 partibus:
2080 1102 2284 1165 ejusdem

326 1173 449 1218 enim
476 1183 543 1218 est
569 1174 757 1228 conteri,
785 1183 828 1217 et
854 1173 1076 1228 confiteri,
1105 1174 1231 1232 cujus
1258 1183 1326 1217 est
1350 1187 1563 1232 peccare:
1593 1173 1671 1217 sed
1699 1172 1907 1217 Christus
1937 1187 2031 1217 non
2062 1175 2284 1232 peccavit,

323 1241 574 1285 secundum
595 1240 707 1284 illud
739 1255 775 1285 1.
800 1241 923 1285 Petri
950 1254 1014 1285 2.:
1059 1242 1148 1298 Qui
1167 1246 1386 1300 peccatum
1416 1255 1499 1284 non
1523 1241 1646 1297 fecit;
1675 1254 1785 1298 ergo
1812 1240 1908 1299 ipse
1939 1254 2035 1285 non
2065 1239 2286 1285 satisfecit

323 1309 506 1368 propria
531 1309 756 1367 passione.
1067 1331 1071 1333 ·

413 1389 452 1419 2.
472 1371 769 1420 PRAETEREA.
796 1375 923 1419 Nulli
949 1375 1108 1419 satisfit
1133 1389 1213 1434 per
1235 1377 1461 1434 majorem
1489 1374 1733 1420 offensa-m:
1766 1374 1845 1420 sed
1877 1375 2078 1420 maxima
2110 1374 2284 1421 offensa

321 1442 405 1486 fuit
430 1453 685 1501 perpetrata
711 1443 757 1486 in
792 1443 963 1487 Christi
994 1443 1227 1500 passione;
1262 1443 1367 1501 quia
1406 1443 1672 1501 gravissime
1710 1453 2027 1500 peccaverunt,
2068 1443 2147 1503 qui
2175 1458 2283 1488 eum

322 1510 602 1574 occiderunt,
630 1521 678 1554 ut
704 1525 837 1568 supra
865 1510 1039 1553 dictum
1066 1520 1133 1553 est
1158 1511 1333 1568 (quaest.
1352 1518 1494 1570 praec.
1523 1509 1602 1554 art.
1622 1511 1683 1569 6.)
1695 1525 1714 1568 ;
1732 1525 1842 1570 ergo
1859 1510 2049 1567 videtur,
2065 1511 2190 1571 quod
2204 1525 2285 1570 per

321 1578 583 1636 passionem
611 1577 781 1621 Christi
808 1591 902 1621 non
929 1578 1127 1635 potuerit
1153 1578 1254 1621 Deo
1288 1577 1508 1622 satisfieri.

414 1659 450 1703 3.
484 1645 783 1692 PRAETEREA.
822 1645 1082 1689 Satisfactio
1119 1646 1338 1704 importat
1373 1645 1692 1704 aequalitatem
1720 1646 1969 1705 quamdam
2002 1646 2058 1690 ad
2084 1645 2283 1707 culpam,

323 1728 428 1757 cum
456 1713 511 1757 sit
538 1724 664 1757 actus
690 1714 908 1771 justitiae:
934 1714 1011 1757 sed
1040 1715 1191 1772 passio
1220 1713 1393 1757 Christi
1417 1728 1511 1757 non
1529 1714 1705 1758 videtur
1728 1728 1826 1758 esse
1848 1713 2050 1773 aequalis
2071 1715 2283 1760 omnibus

320 1781 518 1839 peccatis
544 1781 736 1824 humani
762 1781 962 1840 generis:
991 1781 1096 1839 quia
1123 1780 1334 1825 Christus
1350 1795 1444 1824 non
1462 1791 1530 1825 est
1546 1795 1702 1840 passus
1715 1781 1967 1825 secundum
1985 1781 2282 1836 divinitatem,

321 1848 399 1891 sed
426 1848 679 1891 secundum
707 1862 907 1902 carnem,
925 1848 1180 1892 secundum
1206 1847 1318 1891 illud
1341 1862 1376 1891 1.
1400 1848 1495 1893 Pet.
1513 1861 1576 1903 4.:
1597 1848 1761 1893 Christo
1778 1850 1907 1907 igitar
1923 1857 2044 1908 passo
2059 1851 2107 1894 in
2126 1863 2281 1895 carne:

321 1916 475 1958 anima
502 1925 669 1969 autem,
697 1917 742 1959 in
770 1930 858 1974 qua
886 1926 954 1959 est
978 1925 1233 1973 peccatum,
1256 1916 1408 1974 potior
1425 1926 1505 1970 est,
1524 1930 1662 1974 quam
1681 1930 1813 1960 caro:
1829 1930 1926 1961 non
1941 1930 2053 1975 ergo
2071 1916 2282 1996 Christus

320 1997 403 2026 SUa
428 1983 640 2040 passione
667 1982 884 2027 satiSfeClt
908 1997 991 2042 PI‘O
1019 1983 1218 2041 peccatis
1243 1985 1424 2027 nOStl‘lS.

411 2050 505 2094 SED
534 2063 730 2095 CONTRA
757 2060 837 2104 est,
861 2051 1015 2109 quod
1005 2065 1052 2093 m
1068 2064 1263 2109 persona
1290 2051 1385 2108 ejus
1406 2050 1594 2094 dicitur
1584 2066 1631 2094 in
1647 2050 1766 2095 Psal.
1784 2049 1879 2096 68.:
1900 2052 2022 2109 Quae
2035 2066 2120 2096 non
2139 2053 2281 2112 rapui,
2350 2063 2352 2065 ’

320 2125 417 2163 tunc
442 2119 709 2162 exolvebam:
737 2132 831 2162 non
858 2128 1012 2161 autem
1038 2118 1221 2171 exolvit,
1254 2119 1330 2176 qui
1356 2117 1554 2177 perfecte
1580 2133 1675 2163 non
1701 2118 1941 2174 satisfecit3
1959 2133 2070 2179 ergo
2091 2118 2282 2176 videtur,

319 2186 442 2245 quod
470 2185 678 2229 Christus
701 2186 915 2244 patiendo
942 2184 1139 2244 perfecte
1166 2185 1434 2230 satisfecerit
1459 2200 1540 2243 pro
1568 2187 1764 2245 peccatis
1788 2186 1968 2232 nostris.

407 2253 696 2297 RESPONDEO
725 2253 983 2306 dicendum,
1011 2253 1134 2311 quod
1161 2252 1237 2296 ille
1263 2254 1444 2311 proprie
1463 2252 1682 2298 satisfacit
1699 2267 1782 2312 pro
1799 2252 1989 2311 offensa,
2007 2254 2085 2313 qui
2100 2217 2283 2299 exhibet

319 2318 495 2364 offenso
507 2320 566 2375 id,
584 2320 706 2378 quod
725 2334 882 2379 aeque,
900 2320 974 2364 vel
991 2321 1138 2378 magis
1157 2319 1315 2378 diligit,
1333 2335 1471 2379 quam
1490 2321 1636 2365 oderit
1647 2319 1885 2365 offensam.
1899 2320 2111 2366 Christus
2127 2331 2281 2367 autem

317 2401 371 2430 ex
386 2388 619 2441 charitate,
638 2397 682 2431 ct
699 2387 957 2431 obedientia
976 2387 1206 2446 patiendo,
1223 2384 1372 2446 majfis
1390 2387 1557 2447 aliquid
1574 2389 1678 2432 Deo
1695 2388 1910 2443 exhibuit,
1927 2389 2283 2449 quamexigeret

316 2456 682 2513 recompensatio
709 2454 847 2498 totius
874 2454 1076 2498 offensae
1103 2455 1296 2498 humani
1321 2455 1524 2514 generis:
1546 2458 1690 2514 primo
1709 2455 1893 2514 quidem
1908 2466 2092 2515 propter
2106 2453 2282 2516 magni-

316 2521 522 2565 tudinem
550 2521 794 2575 charitatis‚
823 2536 876 2565 ex
902 2536 990 2580 qua
1017 2522 1292 2581 patiebatur:
1320 2522 1492 2567 secundo
1519 2532 1703 2581 propter
1724 2522 1994 2581 dignitatem
2013 2524 2135 2568 vitae
2155 2536 2280 2579 suae,
2351 2578 2352 2581 Ἰ

317 2603 456 2648 quam
481 2603 564 2647 pro
591 2587 899 2632 satisfactione
926 2589 1137 2647 ponebat,
1165 2604 1281 2648 quae
1308 2599 1404 2633 erat
1419 2590 1512 2633 vita
1531 2590 1633 2644 Dei,
1652 2599 1697 2634 et
1712 2590 1938 2634 hominis:
1960 2591 2080 2636 tertio
2096 2590 2281 2651 propter
2348 2648 2352 2653 ,

317 2655 661 2715 generalitatem
687 2656 926 2713 passionis,
954 2666 998 2699 et
1024 2657 1387 2715 magnitudinem
1414 2656 1584 2700 doloris
1611 2656 1845 2715 assumpti,
1869 2666 2078 2716 utsupra
2105 2658 2279 2703 dictum

317 2733 386 2768 est
410 2723 470 2782 (q.
494 2724 566 2780 46.
595 2729 675 2767 art.
704 2723 790 2780 6.).·
826 2733 870 2766 et
901 2723 1005 2767 ideo
1039 2725 1188 2782 passio
1224 2724 1396 2768 Christi
1431 2738 1525 2768 non
1561 2724 1712 2768 solum
1753 2722 1998 2779 sufficiens,
2028 2724 2115 2769 sed
2138 2725 2279 2771 etiam
2348 2746 2352 2750 -

315 2791 685 2849 superabundans
713 2790 959 2834 satisfactio
985 2790 1068 2834 fuit
1109 2806 1190 2849 pro
1225 2792 1422 2850 peccatis
1455 2791 1647 2835 humani
1670 2791 1858 2850 generis,
1880 2791 2134 2836 secundum
2160 2791 2278 2838 illud

321 2872 356 2902 1.
369 2859 499 2916 Joan.
529 2871 567 2901 2.
584 2859 702 2917 ·Ipse
721 2865 777 2902 est
796 2860 1045 2917 propitiatio
1068 2867 1149 2918 pro
1171 2861 1351 2918 peccatis
1376 2861 1538 2912 nostris,
1557 2874 1640 2903 non
1661 2866 1740 2918 pro
1766 2860 1914 2904 nostris
1933 2863 2074 2905 autem
2097 2866 2275 2915 tantum,

314 2926 380 2970 sed
399 2927 525 2971 etiam
541 2934 621 2985 pro
649 2927 770 2969 totius
802 2925 959 2968 mundi.
2347 2929 2352 2934 ’

405 2995 481 3038 AD
507 3006 695 3038 PRIMUM
728 3007 837 3051 ergo
871 2993 1130 3047 dicendum,
1159 2994 1280 3052 quod
1310 3005 1457 3051 caput,
1485 3003 1530 3038 et
1555 2993 1761 3037 membra
1785 3003 1894 3038 sunt
1915 2993 2046 3053 quasi
2069 3006 2162 3039 una
2181 3008 2352 3055 per·

314 3075 428 3105 sona
454 3062 670 3120 mystica:
699 3070 741 3104 et
767 3061 872 3104 ideo
899 3060 1146 3104 satisfactio
1176 3061 1348 3104 Christi
1376 3061 1430 3104 ad
1458 3074 1619 3105 omnes
1651 3059 1807 3106 fideles
1839 3061 2048 3119 pertinet,
2072 3060 2191 3106 sicut
2218 3061 2276 3106 ad

314 3142 393 3172 sua
421 3129 648 3172 membra:
677 3130 946 3186 inquantum
974 3128 1111 3171 etiam
1141 3128 1230 3171 duo
1258 3129 1470 3172 homines
1503 3138 1607 3172 sunt
1639 3142 1782 3171 unum
1813 3127 1860 3171 in
1894 3128 2276 3183 charitate‚'unus

312 3210 396 3254 pro
424 3195 515 3239 alio
543 3194 801 3240 satisfacere
823 3205 991 3271 potest,
1034 3205 1082 3238 ut
1121 3194 1233 3237 infra
1270 3196 1439 3254 patebit
1478 3197 1541 3251 (in
1565 3196 1773 3255 Supplem.
1799 3209 1837 3254 q.
1869 3209 1929 3254 13.
1947 3201 2029 3240 art.
2062 3197 2150 3254 2.),·
2181 3209 2276 3240 non

314 3272 466 3306 autem
487 3273 553 3306 est
569 3261 729 3306 similis
752 3261 866 3305 ratio
885 3261 941 3306 de
960 3260 1261 3314 confessione,
1281 3271 1323 3304 et
1342 3262 1637 3306 contritione:
1666 3262 1772 3320 quia
1796 3260 2045 3306 satisfactio
2072 3261 2277 3307 consistit

311 3329 358 3373 in
386 3339 488 3373 actu
512 3330 737 3383 exteriori,
771 3329 826 3373 ad
859 3343 995 3388 quem
1029 3328 1198 3373 assumi
1231 3340 1420 3386 possunt
1451 3327 1768 3384 instrumenta,
1799 3329 1917 3374 inter
1948 3343 2066 3389 quae
2092 3326 2276 3389 compu-

311 3406 462 3440 tantur
490 3398 627 3441 etiam
655 3397 805 3441 amici.

402 3464 477 3508 An
501 3477 760 3508 SECUNDUM
780 3463 1037 3516 dicendum,
1064 3462 1185 3521 quod
1213 3463 1361 3519 major
1387 3461 1469 3507 fuit
1491 3464 1686 3508 charitas
1706 3462 1879 3508 Christi
1893 3462 2119 3522 patientis,
2135 3464 2274 3523 qua'm

312 3529 485 3575 malitia
511 3530 893 3590 crucifigentium:
923 3539 965 3574 et
991 3529 1095 3573 ideo
1123 3528 1222 3588 plus
1245 3530 1391 3588 potuit
1414 3529 1624 3574 Christus
1650 3529 1912 3575 satisfacere
1938 3543 2023 3574 sua
2045 3529 2272 3588 passione,

312 3611 452 3656 quam
485 3597 774 3643 crucifixores
808 3596 1039 3642 offendere
1072 3596 1348 3651 occidendo,
1381 3596 1606 3641 intantum
1639 3597 1761 3655 quod
1793 3596 1945 3656 passio
1978 3595 2154 3642 Christi
2184 3594 2280 3665 suf-¹
