2352 3926
668 228 943 276 QUAESTIO
983 230 1021 266 Ι.
1061 227 1368 267 ARTICULUS
1406 227 1480 266 VI.
1980 229 2048 284 29

92 350 188 382 non
213 349 324 395 ergo
351 333 505 380 debuit
529 331 852 377 incarnationis
884 330 1168 390 mysterium,
1193 344 1274 388 per
1305 330 1428 389 quod
1462 328 1636 373 mundo
1670 329 1880 383 innotuit,
1908 343 2051 388 usque

93 402 141 448 in
164 402 307 447 finem
333 400 492 446 mundi
517 397 699 444 differri.

182 469 471 514 RESPONDI-:o
497 466 758 518 dicendum,
785 464 907 524 quod
933 463 1051 508 sicut
1074 477 1167 507 non
1192 462 1276 506 fuit
1303 463 1580 507 conveniens
1603 463 1756 507 Deum
1778 462 2004 507 incarnari
2027 477 2053 506 a

92 535 314 596 principio
341 533 524 578 mundi:
551 532 614 576 ita
638 545 733 575 non
758 530 842 575 fuit
868 530 1160 583 conveniens,
1188 529 1310 588 quod
1337 529 1588 573 incarnatio
1624 527 1877 574 differretur
1908 543 2052 588 usque

91 602 140 648 in
164 601 303 647 finem
329 600 511 654 mundi;
538 598 660 657 quod
687 598 872 657 quidem
900 606 1086 656 apparet
1103 597 1247 655 primo
1275 610 1329 639 ex
1351 596 1520 639 unione
1544 596 1738 652 divinae,
1757 605 1799 640 et
1821 596 2052 640 humanae

20 703 28 710 ,
91 678 303 714 naturae:
330 667 447 712 sicut
473 666 596 711 enim
622 664 796 709 dictum
822 674 890 708 est
915 665 1017 722 (art.
1040 672 1182 723 praec.
1210 662 1264 707 ad
1284 662 1362 722 3.)‚
1391 662 1644 721 perfectum
1675 679 1758 708 uno
1790 664 1910 708 modo
1943 674 2054 708 tem-

92 750 204 797 pore
226 734 455 795 praecedit
472 731 804 791 imperfectum,
826 731 910 776 alio
932 730 1052 774 modo
1076 745 1100 774 e
1124 743 1347 774 converso
1367 729 1686 788 imperfectum
1707 741 1913 790 ternpore
1930 745 2055 790 prae-

94 802 214 848 cedit
238 800 512 861 perfectum:
540 799 586 842 in
613 812 668 843 eo
696 799 818 842 enirn
845 797 967 856 quod
995 797 1050 841 de
1075 795 1345 855 imperfecto
1368 796 1425 840 sit
1445 795 1710 855 perfectum,
1736 797 2054 857 imperfectum

93 878 299 927 tempore
321 866 552 927 praecedit
573 864 845 925 perfectum:
869 865 914 908 in
933 878 989 908 eo
1007 877 1132 917 vero,
1150 864 1273 922 quod
1291 873 1359 908 est
1376 877 1513 906 causa
1531 863 1819 921 perfectionis
1839 864 2054 922 efficiens,

93 935 346 997 perfectum
377 944 584 993 tempore
617 931 848 992 praecedit
879 930 1225 990 imperfectum:
1268 930 1314 974 in
1357 944 1495 989 opere
1536 941 1688 974 autem
1729 932 2053 979 incarnationis

94 1001 617 1061 utrumque-concurrit:
645 999 750 1058 quia
775 1008 936 1042 natura
963 998 1166 1042 humana
1191 997 1237 1041 in
1264 997 1363 1056 ipsa
1393 998 1705 1046 incarnatione
1739 1009 1805 1043 est
1837 1001 2054 1059 perducta

94 1068 152 1114 ad
177 1082 408 1114 summam
438 1066 781 1125 perfectionem,
809 1075 854 1109 et
878 1064 982 1109 ideo
1008 1079 1103 1108 non
1123 1064 1289 1118 decuit,
1318 1063 1441 1123 quod
1474 1078 1499 1108 a
1525 1064 1747 1124 principio
1764 1066 1957 1110 humani
1982 1082 2056 1126 ge-

92 1137 214 1183 neris
238 1135 493 1181 incarnatio
519 1134 638 1179 facta
664 1133 844 1178 fuisset:
871 1133 949 1176 sed
977 1134 1127 1192 ipsum
1143 1131 1349 1176 Verbum
1365 1132 1653 1177 incarnatum
1677 1143 1744 1178 est
1763 1133 2054 1192 perfectionis

93 1203 326 1250 humanae
350 1211 540 1247 naturae
567 1215 704 1245 causa
731 1199 946 1253 efficiens,
979 1199 1231 1244 secundum
1269 1198 1381 1242 illud
1408 1199 1573 1257 Joann.
1605 1213 1662 1244 1.:
1700 1201 1768 1245 De
1796 1201 2055 1260 plenitudine

94 1273 183 1331 ejus
201 1285 275 1316 nos
296 1284 436 1316 omnes
451 1270 682 1328 accepimus
692 1283 708 1320 ;
737 1277 782 1311 et
802 1266 905 1311 ideo
928 1280 1022 1311 non
1040 1266 1194 1310 debuit
1213 1266 1545 1310 incarnationis.
1558 1281 1671 1326 opus
1693 1268 1898 1326 usquein
1916 1268 2054 1313 finem

95 1336 262 1393 mundi,
280 1335 471 1382 differri:
498 1335 579 1380 sed
604 1333 823 1394 perfectio
851 1333 1041 1393 gloriae,
1069 1333 1126 1377 ad
1153 1347 1292 1392 quam
1313 1334 1604 1391 perducenda
1621 1343 1688 1378 est
1705 1334 1868 1379 ultimo
1895 1346 2056 1380 natura

95 1405 300 1451 humana
324 1417 405 1462 per
434 1402 639 1447 Verbum
664 1402 966 1454 incarnatum,
999 1401 1083 1444 erit
1107 1401 1154 1444 in
1185 1400 1274 1444 fine
1302 1401 1482 1445 mundi:
1509 1401 1681 1445 secundo
1710 1416 1763 1446 ex
1789 1401 1952 1446 effectu
1978 1404 2059 1447 hu-

97 1484 262 1516 manae
286 1469 462 1524 salutis;
489 1478 539 1512 ut
564 1468 687 1512 enim
719 1468 879 1511 dicitur
903 1467 950 1510 in
976 1466 1051 1511 lib.
1086 1467 1141 1511 de
1176 1466 1290 1519 QQ.
1316 1467 1419 1511 Vet.
1454 1478 1498 1512 et
1527 1468 1648 1513 Nov.
1678 1467 1883 1514 Testam.
1911 1472 1968 1529 (q.
1995 1471 2056 1530 83.

96 1540 204 1584 inter
228 1545 293 1597 op.
326 1535 542 1595 August),
570 1537 656 1579 «in
682 1543 905 1594 potestate
932 1533 1080 1578 dantis
1106 1544 1187 1587 est,
1220 1534 1418 1593 quando,
1445 1534 1520 1579 vel
1546 1545 1768 1594 quantum
1793 1536 1903 1580 velit
1929 1537 2059 1581 mise-

99 1604 210 1658 reri;
234 1603 359 1649 venit
383 1616 509 1661 ergo,
535 1601 717 1661 quando
745 1610 790 1645 et
814 1600 1044 1645 subveniri
1068 1599 1231 1645 debere
1257 1601 1402 1654 scivit,
1429 1611 1473 1646 et
1499 1612 1679 1661 gratum
1706 1602 1906 1647 futurum
1927 1604 2060 1648 bene-

99 1671 280 1717 ficium:
308 1684 415 1714 cum
441 1669 563 1714 enirn
589 1668 810 1727 languore
843 1667 1044 1726 quodam
1074 1667 1265 1711 humani
1292 1668 1472 1726 generis
1505 1668 1807 1724 obsolescere,
1835 1673 2059 1730 coepisset

100 1738 303 1796 cognitio
334 1737 422 1781 Dei
457 1736 574 1780 inter
605 1735 832 1788 homines,
860 1744 904 1778 et
941 1748 1093 1778 mores
1133 1734 1497 1789 immutarentur,
1539 1735 1708 1794 eligere
1745 1737 1956 1795 dignatus
1991 1749 2059 1783 est

99 1803 350 1858 Abraham,
365 1803 412 1847 in
429 1816 520 1861 quo
537 1801 686 1846 forma
703 1811 822 1846 esset
836 1811 1084 1845 renovatae
1101 1801 1289 1845 notitiae
1311 1802 1413 1856 Dei,
1432 1812 1475 1846 et
1492 1816 1696 1846 morum:
1722 1813 1766 1847 et
1783 1819 1889 1848 cum
1907 1805 2056 1849 adhuc

102 1870 353 1917 reverentia
377 1870 561 1928 segnior
587 1878 719 1922 esset,
746 1878 904 1927 postea
921 1882 1000 1926 per
1014 1869 1228 1927 Moysem
1251 1868 1402 1926 legem
1429 1869 1569 1914 literis
1587 1870 1731 1914 dedit:
1757 1881 1799 1916 et
1826 1872 1932 1930 quia
1954 1887 2057 1917 eam

103 1947 261 1998 gentes
283 1946 561 1996 spreverunt,
587 1949 682 1980 non
714 1950 762 1979 se
789 1935 1076 1993 subjicientes
1103 1936 1159 1989 ei,
1186 1951 1333 1995 neque
1359 1938 1407 1980 hi
1435 1938 1511 1996 qui
1538 1950 1823 1998 acceperunt,
1851 1955 1954 1985 eam
1971 1955 2060 1985 ser-

101 2013 336 2058 vaverunt,
362 2013 515 2048 motus
542 2002 855 2046 misericordia
879 2002 1110 2046 Dominus
1128 2003 1251 2046 misit
1271 2003 1437 2047 Filium
1455 2019 1602 2058 suum,
1621 2006 1698 2064 qui
1720 2007 1822 2051 data
1845 2009 2058 2053 omnibus

99 2071 369 2117 remissione
394 2079 690 2130 peccatorum
716 2069 820 2113 Deo
852 2069 976 2113 Patri
1006 2068 1111 2113 illos
1142 2069 1408 2127 justificatos
1442 2070 1624 2115 offerret
1640 2087 1691 2115 »z
1719 2075 1755 2117 si
1782 2084 1935 2118 autem
1967 2076 2058 2120 hoc

15 2135 27 2189 ἔξ
99 2138 353 2185 remedium
379 2136 633 2182 differretur
658 2150 800 2195 usque
826 2136 873 2179 in
888 2135 1028 2180 finem
1054 2136 1228 2190 mundi,
1254 2137 1455 2182 totaliter
1475 2138 1565 2182 Dei
1589 2140 1765 2194 notitia,
1788 2150 1833 2185 et
1857 2156 2061 2187 reveren-

90 2205 176 2260 sia,
201 2215 247 2250 et
286 2218 469 2248 morum
502 2203 717 2247 honestas
756 2201 926 2246 abolita
961 2202 1118 2247 fuisset
1152 2203 1199 2246 in
1236 2204 1389 2248 terris:
1429 2207 1549 2249 tertio
1583 2217 1769 2265 apparet
1800 2208 1890 2253 hoc
1922 2209 2060 2255 fuisse

99 2272 377 2318 conveniens
403 2270 460 2315 ad
491 2268 910 2314 manifestationem
936 2269 1115 2314 divinae
1141 2270 1332 2324 virtutis,
1365 2286 1480 2330 quae
1512 2272 1714 2332 pluribus
1740 2276 1889 2319 modis
1915 2277 2063 2321 homi-

98 2352 180 2388 nes
204 2337 411 2392 salvavit,
432 2351 527 2382 non
553 2336 705 2381 solum
726 2350 806 2396 per
831 2336 970 2381 fidem
998 2335 1150 2391 futuri,
1177 2337 1256 2381 sed
1289 2339 1427 2382 etiarn
1459 2354 1539 2398 per
1570 2340 1709 2385 fidem
1742 2345 1991 2400 praesentis
2018 2355 2063 2389 et

26 2415 29 2450 s
99 2405 342 2467 praeteriti.

188 2473 266 2518 AD
287 2482 476 2518 PRan
501 2485 613 2530 ergo
640 2470 898 2526 dicendum,
925 2471 1047 2530 quod
1076 2470 1228 2516 Gloss.
1255 2471 1332 2516 illa
1351 2476 1535 2532 exponit
1561 2474 1615 2519 de
1638 2476 1953 2522 misericordia
1969 2494 2063 2538 per-

100 2538 293 2584 ducente
319 2539 376 2583 ad
401 2538 620 2597 gloriam:
649 2537 687 2582 si
712 2547 868 2582 tamen
892 2537 1110 2582 referatur
1136 2538 1191 2582 ad
1210 2540 1573 2585 misericordiam
1592 2543 1839 2588 exhibitam
1856 2545 2061 2590 humano

15 2607 50 2659 {a
101 2605 258 2667 generi
282 2619 363 2665 per
388 2604 751 2649 incarnationem
781 2604 967 2657 Christi,
994 2605 1230 2649 sciendum
1258 2616 1338 2661 est,
1366 2608 1503 2666 quod,
1532 2609 1648 2654 sicut
1670 2610 1862 2670 August.
1886 2612 1996 2657 dicit
2015 2614 2062 2657 in

16 2675 51 2731 ἷξε
101 2672 179 2719 lib.
210 2686 246 2717 1.
273 2671 471 2717 Retract.
503 2672 620 2732 (cap.
653 2671 764 2729 26),
798 2681 979 2730 tempus
1010 2672 1336 2717 incarnationis
1370 2684 1519 2733 potest
1552 2678 1810 2735 comparari
1839 2679 2063 2737 juventuti

101 2739 293 2787 humani
317 2739 496 2798 generis
535 2748 760 2798 «propter
785 2738 1007 2797 vigorem,
1033 2738 1351 2799 fervoremque
1378 2741 1496 2796 fidei,
1519 2757 1635 2802 quae
1668 2759 1749 2803 per
1766 2744 2061 2791 dilectionem

44 2824 51 2841 ³
103 2816 382 2867 operaturnz
409 2805 632 2849 senectuti
660 2815 828 2859 autern,
861 2819 976 2864 quae
1004 2815 1071 2849 est
1096 2816 1222 2850 sexta
1249 2818 1387 2862 aetas,
1414 2819 1597 2868 propter
1618 2825 1861 2856 numerum
1888 2823 2064 2873 tempo-

21 2875 27 2923 j
102 2887 231 2928 rum3
257 2873 362 2933 quia
395 2872 605 2918 Christus
630 2872 755 2916 venit
778 2873 825 2916 in
851 2882 974 2917 sexta
1003 2883 1170 2928 aetate3
1195 2884 1240 2918 et
1265 2876 1473 2934 quamvis
1499 2877 1546 2921 in
1573 2892 1766 2937 corpore
1791 2895 1886 2924 non
1920 2881 2063 2940 possit

102 2940 239 2992 simul
265 2953 364 2985 esse
389 2940 614 2998 juventus,
642 2949 686 2984 et
710 2949 946 2994 senectus;
972 2950 1122 2999 potest
1146 2951 1301 2985 tamen
1323 2942 1461 2987 simul
1483 2958 1583 2988 esse
1604 2945 1651 2988 in
1675 2946 1842 3000 anima,
1864 2947 1942 2991 illa
1963 2962 2064 3006 pro-

103 3017 202 3068 pter
213 3005 510 3060 alacritatem,
526 3005 610 3051 ista
627 3014 812 3065 propter
827 3006 1121 3065 gravitatem;
1150 3017 1193 3052 et
1210 3007 1314 3052 ideo
1331 3008 1496 3053 alicubi
1511 3011 1559 3054 in
1576 3010 1651 3056 lib.
1670 3013 1740 3069 83.
1762 3013 1875 3066 QQ.
1895 3014 1950 3072 (q.
1965 3014 2062 3071 44.)

104 3073 214 3120 dicit
237 3074 447 3132 August„
473 3072 597 3132 quod
627 3089 650 3114 «
675 3086 769 3117 non
803 3073 1003 3131 oportuit
1029 3074 1240 3119 divinitus
1266 3076 1421 3120 venire
1447 3077 1732 3136 magistrum,
1766 3083 1893 3138 cujus
1919 3081 2065 3125 imita-

103 3140 229 3187 tione
248 3140 504 3184 humanum
518 3153 662 3199 genus
674 3140 721 3184 in
740 3154 893 3184 mores
912 3140 1112 3198 optimos
1129 3140 1418 3197 formaretur,
1438 3144 1525 3187 nisi
1536 3154 1744 3204 tempore
1762 3147 2006 3204 juventutis
2019 3164 2061 3192 »z

106 3206 213 3252 alibi
237 3216 391 3251 autem
416 3205 511 3263 (lib.
541 3221 578 3252 1.
611 3205 657 3252 de
701 3206 804 3252 Gen.
837 3213 946 3252 cont.
981 3208 1169 3252 Manich.
1203 3217 1291 3268 cap.
1318 3210 1404 3269 23.)
1436 3210 1560 3266 dicit,
1593 3211 1829 3256 Christum
1860 3214 1907 3256 in
1938 3224 2063 3259 sexta

107 3283 254 3320 aetate
277 3272 470 3317 humani
495 3273 688 3333 generis,
713 3283 951 3334 tamquam
977 3274 1023 3318 in
1050 3285 1281 3321 senectute
1307 3278 1500 3322 venisse.

196 3340 274 3386 AD
306 3352 567 3385 SECUNDUM
588 3339 848 3395 dicendum,
876 3341 999 3400 quod
1026 3355 1140 3401 opus
1166 3342 1490 3389 incarnationis
1521 3359 1617 3390 non
1643 3346 1794 3390 solum
1822 3356 1889 3391 est
1919 3348 2065 3393 consi-

31 3414 58 3451 21·
107 3406 374 3461 derandum,
399 3415 450 3451 ut
472 3407 694 3452 terminus
712 3417 865 3452 motus
883 3407 938 3452 de
959 3408 1227 3468 imperfecto
1246 3411 1302 3455 ad
1323 3411 1591 3470 perfectum,
1613 3413 1692 3457 sed
1720 3413 1858 3457 etiam
1874 3424 1923 3459 ut
1943 3416 2065 3475 prin-

108 3473 280 3534 cipium
304 3470 595 3532 perfectionis
619 3473 667 3518 in
691 3473 895 3519 humana
926 3484 1100 3530 natura,
1127 3486 1176 3520 ut
1202 3477 1374 3521 dictum
1401 3488 1468 3522 est
1495 3478 1559 3534 (in
1583 3487 1698 3539 corp.
1725 3480 1846 3537 art.).
2123 3529 2126 3532 ,

197 3539 276 3586 An
307 3550 524 3585 TERTluu
554 3539 814 3595 dicendum,
839 3541 978 3600 quod,
1004 3543 1121 3586 sicut
1146 3542 1256 3588 dicit
1281 3543 1519 3603 Chrysost.
1546 3558 1682 3604 super
1705 3545 1817 3591 illud
1836 3547 1967 3606 Joan.
1999 3563 2061 3609 3.:

45 3609 75 3647 »ζ’
109 3606 211 3656 Non
225 3607 340 3654 misit
362 3607 478 3652 Deus
505 3605 669 3653 -Ft‘lium
698 3622 819 3653 suum
839 3609 886 3654 in
916 3607 1135 3663 mundum,
1168 3615 1213 3654 ut
1233 3609 1390 3668 fudicet
1415 3610 1615 3656 mundum
1640 3612 1772 3670 (hom.
1798 3615 1905 3674 27),
1929 3616 2061 3662 «duo
