2352 3926
288 181 399 254 408
787 196 1066 242 QUAESTIO
1108 196 1274 235 van.
1310 177 1623 236 'illinemus
1661 197 1736 237 w.

289 308 359 343 est
379 310 553 357 passus,
573 307 622 341 ut
647 310 781 356 supra
803 297 1011 342 habitum
1032 306 1102 343 est
1125 299 1224 356 (art.
1247 314 1282 343 1.
1301 298 1388 357 huj.
1411 314 1450 357 q
1467 298 1532 343 ad·
1527 314 1573 358 ·.3
1590 304 1628 343 et
1652 305 1736 344 art.
1758 299 1850 358 2),
1860 313 1968 344 non
1980 312 2096 361 ergo
2115 299 2256 359 inius-

289 373 387 408 tum
419 364 623 409 fecerunt
654 363 945 409 crucifixores
980 365 1176 410 Christi.
1210 375 1256 409 et
1286 367 1350 409 ita
1383 379 1544 410 eorum
1577 373 1818 424 peccatum
1848 380 1943 410 non
1973 365 2079 412 fuit
2076 367 2256 433 gravis-

291 432 474 475 simum.

382 498 475 542 SED
504 510 700 542 CONTRA
722 507 803 551 est,
831 498 953 556 quod
978 513 1114 558 super
1139 499 1431 553 illudeatth.
1457 511 1549 558 23.:
1573 500 1628 543 Et
1647 513 1720 543 vos
1736 499 1898 558 implete
1922 513 2160 546 mensuram
2175 509 2253 560 pa·

294 571 405 609 trum
422 571 668 618 vestrorum,
694 565 802 609 dicit
819 565 1180 624 Chrysostomus
1202 566 1362 623 (homil.
1381 580 1443 625 45.
1461 567 1507 609 in
1526 573 1642 624 opere
1659 567 1826 625 imperf.
1846 580 1872 610 a
1886 566 2012 622 med.)
2027 582 2042 612 .·
2065 563 2255 619 «Quan-

290 642 388 675 tum
422 632 478 675 ad
512 634 749 675 veritatem
783 643 1073 677 excesserunt
1105 647 1368 678 mensuram
1401 642 1581 692 patrum
1604 647 1816 678 suorum:
1842 633 1910 677 ill-i
1929 634 2057 678 enim
2083 634 2257 678 occide-

290 709 395 743 runt
421 699 658 753 homines;
686 701 756 743 isti
783 700 936 743 Deum
965 699 1282 744 crucifixerunt
1298 717 1339 744 >›.

381 766 670 810 RESPONDEO
698 766 957 820 dicendum,
984 767 1122 825 quod,
1154 768 1271 812 sicut
1298 767 1470 812 dictum
1503 777 1569 811 est
1594 768 1696 824 (art.
1714 767 1896 827 praec),
1926 767 2155 827 principes
2181 767 2256 825 Ju-

291 833 512 877 daeorum
539 843 856 892 cognoverunt
878 834 1129 892 Christum,
1157 845 1201 879 et
1226 835 1265 878 si
1294 834 1442 893 aliqua
1465 835 1723 893 ignorantia
1748 834 1832 879 fuit
1856 835 1903 879 in
1918 835 2001 890 eis,
2022 834 2106 879 fuit
2124 835 2259 893 igno-

291 901 436 944 rantia
455 899 678 954 affectata,
707 915 822 959 quae
849 915 929 945 eos
955 909 1050 946 non
1076 911 1254 961 poterat
1280 916 1518 946 excusare:
1547 912 1590 946 et
1610 902 1715 946 ideo
1733 912 1973 961 peccatum
1992 911 2153 946 eorum
2173 900 2259 959 fugit

292 967 628 1026 gravissimum,
654 978 751 1011 tum
781 982 834 1012 ex
860 982 1026 1027 genere
1052 969 1242 1027 peccati,
1269 979 1367 1013 tum
1396 983 1450 1013 ex
1467 969 1641 1012 malitia
1666 969 1928 1014 voluntatis.
1955 969 2159 1013 Minores
2180 980 2260 1012 ‘au-

290 1043 386 1078 tem
412 1034 572 1092 Judaei
604 1034 870 1093 gravissime
897 1046 1203 1094 peccaverunt
1227 1047 1448 1094 quantum
1476 1036 1531 1079 ad
1555 1051 1697 1094 genus
1719 1039 1924 1095 peccati:
1951 1038 1997 1081 in
2021 1036 2176 1095 aliquo
2196 1045 2260 1080 ta-

292 1115 400 1145 men
427 1101 761 1146 diminuebatur
786 1116 948 1145 eorum
974 1112 1216 1161 peccatum
1234 1113 1418 1161 propter
1440 1117 1599 1146 eorum
1625 1104 1959 1161 ignorantiam:
1985 1103 2104 1147 unde
2124 1116 2259 1160 super

290 1168 404 1212 illud
430 1168 583 1212 Lucae
611 1181 705 1228 23.:
732 1169 933 1213 Nesciunt
953 1169 1052 1227 quid
1059 1170 1243 1228 faciunt,
1269 1170 1378 1213 dicit
1395 1170 1517 1213 Beda
1535 1170 1647 1228 (cap.
1665 1184 1735 1228 94.
1763 1172 1807 1213 in
1828 1171 1985 1228 Luc.).·.
2015 1168 2147 1213 «Pro
2167 1169 2257 1213 illis

291 1246 438 1294 rogat,
470 1236 548 1295 qui
571 1237 829 1280 nescierunt
854 1237 961 1295 quid
978 1236 1194 1291 facerent,
1222 1238 1352 1294 zelum
1369 1239 1453 1281 Dei
1480 1237 1684 1291 habentes,
1710 1237 1776 1282 sed
1795 1252 1879 1281 non
1894 1237 2116 1282 secundum
2134 1238 2260 1282 scien-
2332 1239 2334 1242 ’

293 1306 423 1350 tiam:
450 1304 596 1349 multo
630 1315 783 1348 autem
817 1306 974 1381 magis·
989 1305 1072 1349 fuit
1104 1304 1361 1349 excusabile
1394 1314 1634 1362 peccatum
1663 1304 1931 1359 Gentilium,
1957 1317 2038 1374 per
2060 1317 2259 1363 quorum

293 1385 456 1416 manus
484 1371 722 1416 crucifixus
749 1381 873 1426 est»,
901 1372 978 1430 qui
1004 1372 1117 1430 legis
1144 1372 1383 1415 scientiam
1409 1386 1504 1415 non
1529 1371 1772 1415 habebant.

383 1439 459 1483 AD
484 1453 673 1484 PRIMUM
700 1453 810 1497 ergo
844 1439 1102 1493 dicendum,
1131 1440 1253 1497 quod
1280 1439 1511 1482 excusatio
1538 1439 1617 1482 illa
1642 1439 1834 1482 Domini
1864 1452 1960 1483 non
1983 1437 2174 1483 refertur
2203 1438 2260 1482 'ad

294 1506 519 1566 principes
531 1507 825 1563 Judaeorum,
843 1506 922 1549 sed
943 1506 997 1549 ad
1016 1506 1218 1550 minores
1237 1506 1291 1549 de
1308 1505 1496 1564 populo,
1515 1506 1631 1550 sicut
1642 1506 1815 1549 dictum
1833 1515 1901 1550 est
1916 1506 1984 1563 (in
2001 1513 2113 1565 corp.
2138 1505 2259 1563 art).
2316 1535 2319 1539 ⁴

384 1574 461 1617 An
488 1586 749 1617 SECUNDUM
777 1573 1034 1626 dicendum,
1062 1573 1184 1631 quod
1213 1573 1350 1630 Judas
1382 1573 1563 1616 tradidit
1598 1573 1834 1616 Christum
1865 1572 2150 1627 non⁵Pilato,
2183 1571 2261 1615 sed

294 1640 568 1700 principibus
596 1641 989 1698 sacerdotum,qui
1006 1640 1287 1683 tradiderunt
1303 1654 1409 1683 eum
1427 1639 1591 1694 Pilato,
1619 1640 1870 1683 secundum
1891 1639 2002 1683 illud
2012 1639 2145 1698 Joan.
2165 1639 2258 1683 18.:
2291 1631 2300 1636 N

299 1708 409 1752 Gens
435 1714 521 1762 tua,
555 1714 592 1752 et
600 1708 815 1766 pontifices
842 1709 905 1752 tui
932 1707 1194 1752 tradiderunt
1216 1714 1250 1752 te
1275 1708 1394 1751 mihi.
1420 1707 1599 1750 Horum
1621 1717 1776 1750 tamen
1795 1707 2002 1750 omnium
2020 1716 2261 1765 peccatum

293 1774 376 1818 fuit
394 1776 555 1833 majus,
583 1789 721 1833 quam
738 1774 886 1828 Pilati,
915 1775 991 1833 qui
1016 1775 1182 1818 timore
1201 1774 1411 1818 Caesaris
1431 1774 1666 1818 Christum
1685 1774 1874 1818 occidit:
1901 1783 1945 1818 et
1965 1773 2105 1817 etiam
2122 1786 2261 1832 quam

295 1852 537 1900 peccatum
560 1841 773 1895 militum,
801 1842 878 1900 qui
905 1843 959 1885 de
982 1842 1199 1885 mandato
1227 1842 1443 1900 praesidis
1471 1842 1708 1887 Christum
1731 1841 2059 1896 crucifixerunt,
2084 1853 2180 1884 non
2207 1854 2260 1884 ex

295 1909 553 1968 cupiditate,
579 1911 696 1953 sicut
711 1909 864 1966 Judas,
897 1923 982 1952 nec
1016 1923 1069 1952 ex
1101 1909 1285 1963 invidia,
1314 1917 1358 1953 et
1391 1909 1512 1962 odio,
1547 1909 1664 1952 sicut
1695 1908 1921 1967 principes
1953 1907 2258 1952 sacerdotum.

384 1976 461 2020 AD
495 1989 711 2021 TERTIUM
743 1975 1003 2029 dicendum,
1035 1976 1159 2034 quod
1195 1975 1403 2020 Christus
1434 1975 1580 2019 voluit
1612 1975 1796 2034 quidem
1821 1989 1954 2019 suam
1980 1975 2256 2034 passionem,

295 2044 413 2088 sicut
439 2053 483 2087 et
508 2044 635 2087 Deus
658 2057 761 2087 eam
794 2042 963 2097 voluit3
995 2043 1200 2101 iniquam
1232 2052 1387 2086 tamen
1416 2043 1646 2086 actionem
1667 2042 1947 2100 Judaeorum
1972 2056 2067 2086 non
2092 2041 2258 2086 voluit:

297 2119 341 2155 et
365 2110 470 2154 ideo
499 2110 728 2155 occisores
756 2109 929 2154 Christi
955 2110 1008 2154 ab
1036 2110 1253 2168 injustitia
1279 2124 1374 2153 non
1401 2119 1695 2154 excusantur:
1723 2119 1767 2153 et
1796 2119 1952 2153 tamen
1977 2108 2054 2153 ille
2085 2109 2164 2168 qui
2188 2121 2263 2153 oc-

297 2177 405 2221 cidit
436 2178 690 2231 hominem,
717 2177 931 2235 injuriam
955 2176 1064 2221 facit
1094 2191 1188 2220 non
1220 2177 1372 2220 solum
1399 2177 1580 2221 homini
1606 2177 1776 2230 occiso,
1796 2176 1882 2221 ,sed
1908 2176 2046 2220 etiam
2067 2176 2191 2230 Deo,
2217 2186 2263 2221 et

294 2244 593 2303 reipublicae3
625 2245 741 2288 sicut
778 2245 917 2288 etiam
957 2243 1034 2287 ille
1069 2244 1146 2302 qui
1188 2244 1357 2287 occidit
1398 2244 1614 2302 seipsum,
1647 2254 1696 2288 ut
1727 2243 2038 2302 Philosophus
2072 2242 2183 2287 dicit
2210 2243 2261 2287 in

302 2325 338 2369 5.
366 2311 512 2355 Ethic.
542 2311 651 2370 (cap.
676 2311 750 2355 ult.
772 2318 928 2369 parum
951 2325 978 2355 a
998 2312 1125 2370 princ
1131 2312 1190 2369 .):
1215 2311 1333 2355 unde
1353 2321 1397 2354 et
1418 2311 1567 2354 David
1591 2310 1823 2354 damnavit
1839 2309 1970 2354 illum
1981 2309 2048 2354 ad
2056 2314 2260 2354 mortem

298 2380 375 2437 qui
400 2392 495 2422 non
520 2379 734 2421 timuerat
765 2378 945 2421 mittere
972 2392 1177 2432 manum,
1210 2387 1258 2422 ut
1284 2378 1517 2422 occideret
1549 2378 1786 2422 Christum
1812 2377 2019 2432 Domini,
2051 2376 2260 2436 quamvis

299 2452 355 2482 eo
381 2447 578 2497 petente,
605 2448 653 2481 ut
679 2437 845 2496 legitur
871 2450 911 2481 2.
934 2436 1048 2495 Reg.
1081 2451 1116 2481 1.

893 2820 1340 2898 QUAESTIO
1392 2819 1672 2879 XLVIII.

437 2980 517 3021 DE
549 2978 723 3019 MODO
754 2976 1055 3018 PASSIONIS
1088 2975 1322 3016 CHRISTI
1355 2975 1652 3025 QUANTUM
1685 2974 1768 3014 AD
1799 2971 2137 3026 EFFECTUM,

749 3067 828 3107 IN
876 3066 1003 3107 SEX
1059 3064 1461 3105 ARTICULOS
1531 3063 1807 3104 DIVISA.

391 3247 569 3292 Deinde
597 3243 979 3290 considerandum
1002 3253 1069 3286 est
1095 3242 1148 3285 de
1167 3239 1330 3285 effectu
1358 3240 1582 3300 passionis
1601 3239 1786 3285 Christi.
1803 3238 1862 3284 Et
1881 3239 2024 3300 primo
2039 3238 2096 3283 de
2117 3237 2260 3286 modo

304 3315 549 3360 efficiendi:
580 3312 752 3359 secundo
779 3312 834 3356 de
860 3311 960 3370 ipso
987 3308 1164 3354 effectu.

919 3420 1048 3466 Circa
1070 3421 1262 3480 primum
1285 3425 1541 3478 quaeruntur
1565 3434 1646 3463 sex.

391 3514 563 3558 Primo.
598 3513 762 3557 Utrum
795 3510 946 3571 passio
982 3509 1151 3554 Christi
1193 3508 1446 3552 causaverit
1481 3518 1684 3552 nostram
1721 3506 1916 3552 salutem
1942 3520 2027 3567 per
2068 3476 2260 3556 mudum

303 3581 466 3625 meriti
