2352 3926
294 188 391 239 162
816 198 1095 244 QUAESTIO
1136 197 1247 238 xv1.
1288 199 1596 240 ART1cuLus
1635 201 1713 241 111.

277 303 423 346 homo
450 301 528 346 ille
553 301 799 356 dominicus,
822 300 1092 359 inquantum
1115 301 1356 346 assumitur
1377 301 1434 346 ad
1455 302 1849 362 participationem
1870 304 2067 349 honoris·
2083 304 2239 359 divini,

277 370 394 413 sicut
417 367 680 413 Nestoriani
706 378 976 427 posuerunt:
1003 377 1048 413 et
1078 368 1169 413 hoc
1196 370 1333 413 etiam
1360 370 1500 414 modo
1526 370 1730 414 humana
1760 380 1923 415 natura
1952 385 2048 416 non
2069 371 2240 417 dicitur

278 435 576 480 essentialiter
602 435 692 488 dea,
720 434 799 478 sed
823 435 1024 494 deificata,
1059 449 1154 480 non
1187 436 1369 495 quidem
1403 451 1484 495 per
1515 438 1866 482 conversionem
1890 438 2032 497 ipsius
2062 439 2108 483 in
2132 438 2257 483 divi*

276 517 384 546 nam
409 512 634 555 naturam,
661 501 739 545 sed
765 516 846 559 per
873 503 1247 560 conjunctionem
1274 503 1330 547 ad
1354 503 1556 547 divinam
1577 514 1787 548 naturam
1808 504 1855 548 in
1877 518 1968 548 una
1987 505 2241 564 hypostasi,

276 580 325 614 ut
350 579 473 629 patet
497 584 576 628 per
597 569 815 613 Damasc.
839 569 886 612 in
917 584 953 628 3.
980 569 1055 614 lib.
1086 569 1230 626 (Orth.
1256 570 1351 615 Fid.
1378 578 1468 629 cap.
1495 586 1553 615 11.
1580 576 1616 615 et
1644 571 1746 629 17.).

364 637 440 680 AD
467 649 655 680 PRIMUM
694 650 804 694 ergo
838 636 1097 691 dicendum,
1130 636 1251 695 quod
1284 637 1478 695 August.
1495 637 1632 681 verba
1647 637 1741 691 illa,
1767 648 1812 682 et
1835 637 2004 682 similia
2028 646 2243 684 retractat

274 704 321 747 in
353 703 427 747 lib.
467 717 501 747 1.
531 704 729 747 Retract.
755 704 864 762 (cap.
897 705 1013 763 19.).·
1041 703 1160 747 unde
1186 713 1290 762 post
1319 704 1457 748 verba
1488 705 1737 762 praemissa
1762 705 1809 748 in
1850 719 1886 749 1.
1922 703 1999 749 lib.
2039 704 2238 761 Retract.

275 770 421 828 (ibid.)
447 769 618 814 subdit:
651 786 674 811 «
701 770 991 829 Ubicumque
1015 770 1108 814 hoc
1135 770 1239 824 dixi,
1267 770 1441 814 scilicet
1466 771 1588 830 quod
1615 771 1826 816 Christus
1846 773 1962 829 Iesus
2001 771 2059 816 sit
2092 772 2239 817 homo

275 837 547 892 dominicus,
574 837 738 881 dixisse
755 851 830 881 me
847 837 1038 892 nollem;
1055 847 1214 896 postea
1232 838 1396 897 quippe
1412 838 1607 882 vidinon
1625 852 1722 883 esse
1744 838 2010 883 dicendum:
2030 840 2238 898 quamvis

273 904 494 949 nonnulla
520 905 697 949 ratione
723 914 875 963 posset
901 904 1142 959 defendi»;
1170 905 1275 964 quia
1301 904 1475 949 scilicet
1490 915 1643 964 posset
1669 904 1830 964 aliquis
1852 906 2016 960 dicere,
2037 905 2159 965 quod
2178 906 2240 950 di·

275 972 388 1015 citur
414 972 535 1016 homo
562 972 792 1016 dominicus
818 971 992 1015 ratione
1018 972 1249 1015 humanae
1273 981 1476 1025 naturae,
1504 986 1642 1031 quam
1682 972 1909 1031 significat
1941 972 2032 1017 hoc
2065 987 2238 1018 nomen

273 1039 408 1092 homo,
442 1053 536 1082 non
564 1048 716 1082 autem
743 1038 920 1082 ratione
947 1038 1182 1097 suppositi.

362 1106 439 1150 AD
462 1119 724 1151 SECUNDUM
741 1106 1000 1159 dicendum,
1017 1106 1139 1164 quod
1161 1104 1273 1149 illud
1291 1119 1435 1149 unum
1451 1105 1751 1164 suppositum,
1769 1106 1890 1164 quod
1909 1116 1978 1151 est
1992 1107 2236 1163 humanae,

273 1182 318 1216 et
343 1173 523 1216 divinae
549 1182 751 1227 naturae,
778 1173 926 1232 primo
955 1173 1139 1231 quidem
1165 1172 1250 1217 fuit
1275 1173 1454 1217 divinae
1486 1183 1688 1228 naturae,
1727 1174 1902 1219 scilicet
1938 1175 1991 1218 ab
2026 1185 2238 1230 aeter-not,

272 1250 433 1299 postea
460 1250 613 1284 autem
637 1254 690 1284 ex
712 1250 920 1298 tempore
942 1255 1023 1298 per
1038 1240 1406 1284 Incarnationem
1423 1239 1594 1283 factum
1613 1251 1680 1284 est
1701 1241 1985 1299 suppositum
2006 1241 2246 1286 humanae·

271 1318 487 1362 naturae;
515 1317 560 1351 et
584 1307 670 1351 hac
698 1308 873 1351 ratione
901 1307 1061 1351 dicitur
1087 1308 1377 1360 humanatum,
1405 1321 1500 1350 non
1527 1307 1632 1365 quia
1659 1310 1955 1367 assumpserit
1978 1308 2237 1363 hominem,

272 1375 351 1419 sed
378 1376 482 1434 quia
510 1375 752 1432 assumpsit
778 1374 1030 1417 humanam
1056 1383 1288 1418 naturam:
1315 1388 1409 1417 non
1437 1385 1590 1418 autem
1616 1374 1682 1418 sic
1709 1385 1777 1419 est
1802 1389 1826 1419 e
1854 1389 2093 1430 converso,
2114 1376 2237 1435 quod

271 1442 559 1501 suppositum
585 1442 815 1485 humanae
841 1452 1028 1485 naturae
1046 1441 1340 1500 assumpserit
1357 1441 1559 1484 divinam
1574 1451 1806 1496 naturam3
1832 1442 1953 1486 unde
1973 1456 2071 1487 non
2086 1452 2239 1502 potest

272 1510 361 1553 dici
386 1509 531 1553 homo
559 1508 782 1567 deificatus,
810 1507 884 1551 vel
908 1508 1149 1552 dominicus.

360 1576 436 1620 AD
464 1588 679 1619 TERTIUM
707 1575 964 1628 dicendum,
1003 1575 1126 1634 quod
1157 1574 1248 1618 hoc
1285 1588 1457 1618 nomen
1491 1574 1684 1619 divinum
1723 1577 1961 1620 consuevit
1985 1576 2237 1636 praedicari

272 1640 409 1688 etiam
437 1642 491 1686 de
518 1643 603 1696 his,
630 1642 684 1685 de
711 1642 871 1700 quibus
899 1642 1184 1700 praedicatur
1210 1641 1508 1685 essentialiter
1534 1641 1622 1685 hoc
1661 1656 1833 1686 nomen
1863 1643 2006 1688 Deus:
2042 1644 2235 1689 dicimus

271 1711 409 1765 enim,
438 1711 559 1769 quod
587 1710 737 1753 divina
765 1711 959 1753 essentia
986 1718 1052 1753 est
1077 1709 1203 1752 Deus
1231 1709 1408 1753 ratione
1435 1709 1695 1763 identitatis,
1723 1720 1767 1753 et
1793 1710 1916 1769 quod
1949 1711 2143 1755 essentia
2168 1721 2237 1755 est

269 1779 372 1832 Dei,
398 1778 492 1822 sive
521 1777 672 1821 divina
698 1787 882 1835 propter
910 1776 1138 1820 diversum
1171 1776 1362 1819 modum
1390 1775 1690 1834 significandi,
1717 1785 1762 1820 et
1786 1775 1992 1821 Verbum
2014 1778 2233 1832 divinum,

271 1860 377 1889 cum
402 1855 558 1889 tamen
589 1843 784 1888 Verbum
815 1844 872 1894 sit
896 1843 1048 1898 Deus3
1076 1852 1119 1887 et
1145 1841 1354 1886 similiter
1379 1843 1573 1886 dicimus
1599 1857 1844 1902 personam
1870 1843 2086 1898 divinam,
2117 1845 2234 1889 sicut

271 1923 314 1957 et
339 1926 585 1972 personam
611 1911 830 1966 Platonis,
856 1920 1038 1970 propter
1065 1910 1294 1954 diversum
1335 1910 1528 1954 modum
1554 1909 1863 1968 significandi:
1891 1911 1970 1955 sed
2005 1911 2235 1957 dominicus

269 1995 363 2024 non
391 1979 553 2023 dicitur
578 1978 634 2022 de
660 1978 745 2031 his,
773 1978 829 2022 de
856 1978 1016 2036 quibus
1043 1977 1234 2021 dominus
1258 1977 1566 2036 praedicatur:
1594 1991 1688 2021 non
1716 1977 1839 2021 enirn
1866 1978 2107 2040 consuevit
2128 1978 2233 2033 dici,

270 2047 392 2107 quod
420 2045 581 2105 aliquis
606 2046 768 2099 homo,
795 2045 870 2104 qui
898 2054 965 2088 est
990 2044 1219 2098 domium,
1246 2044 1303 2088 sit
1327 2043 1581 2096 dominicus;
1618 2044 1696 2088 sed
1728 2043 1839 2088 illud
1870 2045 1995 2104 quod
2028 2045 2244 2104 qualiter-⁴

271 2128 467 2172 cumque
494 2123 563 2157 est
579 2113 766 2167 domini,
783 2111 1039 2155 dominicum
1062 2111 1246 2165 dicitur3
1268 2111 1387 2155 sicut
1407 2111 1639 2155 dominica
1659 2110 2234 2167 voluntas‚,ve1›dominica

270 2195 447 2234 manus,
473 2179 547 2224 vel
572 2179 804 2224 dominica
830 2179 1007 2238 passi03
1034 2189 1077 2222 et
1102 2179 1206 2222 ideo
1232 2178 1328 2237 ipse
1354 2178 1499 2222 homo
1537 2179 1762 2234 Christus,
1796 2179 1874 2238 qui
1908 2188 1976 2224 est
2005 2178 2233 2238 dominus,

267 2263 363 2292 non
388 2256 538 2306 potest
564 2247 654 2290 dici
678 2246 909 2290 dominicus
919 2261 935 2298 ;
964 2245 1042 2289 sed
1070 2255 1219 2303 potest
1244 2259 1351 2289 caro
1379 2247 1475 2304 ejus
1501 2246 1591 2290 dici
1617 2260 1715 2290 caro
1741 2244 1969 2303 dominica,
2003 2256 2054 2292 eta
2079 2247 2232 2307 passio

270 2316 367 2375 ejus
392 2323 542 2374 potest
567 2314 657 2358 dici
676 2315 816 2374 pass-io
842 2313 1066 2357 dominica.

952 2466 1386 2524 ARTICULUS
1429 2467 1526 2523 iv.
1898 2541 1905 2550 ,
2149 2490 2227 2543 ως

565 2597 758 2636 UTRUM
796 2597 866 2634 EA
906 2596 1056 2641 QUAE
1093 2595 1452 2634 CONVENIUNT
1492 2594 1639 2633 FILIO
1681 2593 1939 2646 HOMINIS,

454 2672 684 2711 POSSIN'B
724 2671 1051 2710 PRAEDICARI
1092 2671 1164 2707 DE
1209 2670 1356 2708 FILIO
1395 2670 1508 2720 DEI,
1546 2670 1618 2707 ET
1657 2670 1691 2707 E
1732 2667 2040 2708 CONVERSO‘·

357 2782 433 2826 AD
451 2794 687 2832 QUARTUM
706 2781 768 2825 sic
792 2781 1063 2839 proceditur.
1082 2780 1285 2833 Videtur,
1304 2779 1425 2838 quod
1448 2793 1501 2823 ea
1528 2794 1642 2838 quae
1661 2789 1765 2823 sunt
1780 2779 2010 2826 humanae
2024 2791 2228 2837 naturae,

265 2863 361 2895 non
386 2849 560 2908 possint
585 2848 674 2892 dici
691 2847 746 2891 de
761 2848 889 2892 Deo:
916 2846 1196 2905 impossibile
1215 2847 1337 2890 enim
1356 2856 1435 2900 est,
1453 2846 1662 2905 opposita
1688 2847 1742 2890 de
1769 2847 1933 2892 eodem
1952 2848 2226 2907 praedicari:

265 2918 345 2962 sed
370 2931 423 2960 ea
439 2930 555 2975 quae
577 2924 681 2960 sunt
704 2915 934 2959 humanae
959 2925 1160 2968 naturae,
1183 2924 1287 2958 sunt
1303 2914 1529 2958 contraria
1555 2914 1626 2958 his
1649 2928 1764 2973 quae
1781 2925 1886 2959 sunt
1909 2916 2091 2975 propria
2115 2917 2230 2964 Dei:

265 2986 393 3029 Deus
420 2984 541 3028 enim
569 2992 637 3027 est
661 2983 902 3036 increatus,
934 2981 1245 3035 immutabilis,
1273 2991 1317 3024 et
1349 2991 1581 3025 aeternus:
1611 2981 1665 3024 ad
1692 2982 1945 3026 humanam
1972 2993 2131 3029 autem
2148 2998 2230 3030 na-

265 3062 415 3097 turam
441 3051 648 3111 pertinet,
675 3059 724 3093 ut
749 3049 805 3093 sit
832 3059 994 3103 creata,
1019 3047 1300 3107 temporalis,
1328 3058 1372 3092 et
1396 3047 1649 3102 mutabilis;
1677 3062 1787 3107 ergo
1810 3062 1864 3094 ea
1881 3038 2002 3109 quae
2022 3061 2129 3098 sunt
2145 3051 2229 3099 'hu-

266 3133 431 3163 manae
455 3129 658 3171 naturae,
684 3131 779 3161 non
804 3126 994 3176 possunt
1018 3116 1107 3160 dici
1133 3116 1188 3160 de
1213 3115 1330 3159 Deo.
2105 3143 2109 3146 -

357 3199 397 3230 2.
424 3186 721 3230 PRAETEREA.
748 3184 1006 3228 Attribuere
1023 3183 1124 3226 Deo
1153 3196 1206 3227 ea
1233 3196 1349 3240 quae
1376 3181 1430 3225 ad
1458 3180 1685 3225 defectum
1702 3183 1950 3241 per-tinent,
1961 3183 2141 3231 videtui·
2155 3163 2244 3236 dem,

267 3267 428 3313 rogare
456 3252 610 3296 divino
629 3251 810 3306 honori,
829 3260 873 3295 et
891 3251 945 3294 ad
963 3249 1297 3308 blasphemiam
1314 3250 1558 3306 pertinere:
1578 3249 1655 3292 sed
1673 3262 1726 3292 ea
1744 3263 1861 3309 quae
1877 3261 1982 3302 sunt
1993 3251 2259 3301 hum-‘mnes

266 3332 469 3374 naturae,
497 3318 726 3363 defectum
752 3318 998 3378 quemdam
1026 3317 1282 3370 continent3
1309 3316 1426 3360 sicut
1451 3316 1557 3374 pati,
1585 3316 1718 3370 mori,
1752 3326 1795 3361 et
1822 3317 1912 3368 alia
1936 3318 2232 3378 hujusmodi.;

268 3403 378 3447 ergo
411 3387 601 3440 videtur,
634 3386 756 3445 quod
781 3384 909 3429 nullo
942 3384 1083 3428 modo
1111 3397 1164 3427 ea
1191 3397 1306 3442 quae
1333 3392 1436 3427 sunt
1459 3382 1690 3427 humanae
1715 3393 1918 3440 naturae,
1938 3384 2232 3446 possint-diei:

267 3456 321 3500 de
345 3457 461 3499 Deo.

365 3537 400 3580 3.
429 3523 725 3567 PRAETEREA.
753 3519 942 3564 Assumi
975 3518 1188 3563 convenit
1212 3517 1441 3561 humanae
1468 3527 1677 3561 naturae:
1706 3532 1799 3562 non
1826 3528 1978 3565 autem
2002 3518 2096 3565 hoc
2120 3530 2260 3579 con-„7

269 3590 392 3639 venit
417 3590 540 3638 Deo:
567 3603 660 3634 non
688 3602 796 3647 crgo
825 3602 878 3631 ea
904 3601 1018 3647 quae
1046 3595 1148 3630 sunt
1174 3585 1402 3630 humanae
1428 3594 1629 3638 naturae,
1656 3584 1710 3630 de
1738 3584 1839 3629 Deo
1866 3585 1956 3630 dici
1980 3597 2182 3647 possunt.

2348 3590 2352 3616 ἱ

2345 3625 2352 3660 Ξ

2342 3723 2352 3744 {1

2338 3743 2352 3867 Ξ
