<?xml version="1.0" encoding="UTF-8"?>
<!DOCTYPE html PUBLIC "-//W3C//DTD XHTML 1.0 Transitional//EN"
    "http://www.w3.org/TR/xhtml1/DTD/xhtml1-transitional.dtd">
<html xmlns="http://www.w3.org/1999/xhtml" xml:lang="en" lang="en">
 <head>
  <title>
</title>
<meta http-equiv="Content-Type" content="text/html;charset=utf-8" />
  <meta name='ocr-system' content='tesseract 3.04.00' />
  <meta name='ocr-capabilities' content='ocr_page ocr_carea ocr_par ocr_line ocrx_word'/>
</head>
<body>
  <div class='ocr_page' id='page_1' title='image "./divithomaeaquina04thom_0322.png"; bbox 0 0 2352 3926; ppageno 0'>
   <div class='ocr_carea' id='block_1_1' title="bbox 297 178 1776 249">
    <p class='ocr_par' dir='ltr' id='par_1_1' title="bbox 297 178 1776 249">
     <span class='ocr_line' id='line_1_1' title="bbox 297 178 1776 249; baseline -0.004 -16"><span class='ocrx_word' id='word_1_1' title='bbox 297 178 405 249; x_wconf 87' lang='lat'>318</span> <span class='ocrx_word' id='word_1_2' title='bbox 781 189 1062 236; x_wconf 83' lang='lat' dir='ltr'><strong>QUAESTIO</strong></span> <span class='ocrx_word' id='word_1_3' title='bbox 1101 187 1310 227; x_wconf 82' lang='lat' dir='ltr'>xxxvn.</span> <span class='ocrx_word' id='word_1_4' title='bbox 1350 187 1659 228; x_wconf 70' lang='lat' dir='ltr'>Ain-mutus</span> <span class='ocrx_word' id='word_1_5' title='bbox 1698 187 1776 227; x_wconf 91' lang='lat'>111.</span> 
     </span>
    </p>
   </div>
   <div class='ocr_carea' id='block_1_2' title="bbox 295 289 2278 2912">
    <p class='ocr_par' dir='ltr' id='par_1_2' title="bbox 297 289 2264 542">
     <span class='ocr_line' id='line_1_2' title="bbox 388 289 2264 351; baseline -0.002 -12"><span class='ocrx_word' id='word_1_6' title='bbox 388 307 429 340; x_wconf 87' lang='lat'>2.</span> <span class='ocrx_word' id='word_1_7' title='bbox 455 294 756 340; x_wconf 75' lang='lat' dir='ltr'>PRAETEREA.</span> <span class='ocrx_word' id='word_1_8' title='bbox 781 291 900 336; x_wconf 90' lang='lat' dir='ltr'>Illud</span> <span class='ocrx_word' id='word_1_9' title='bbox 917 291 1039 351; x_wconf 88' lang='lat' dir='ltr'>quod</span> <span class='ocrx_word' id='word_1_10' title='bbox 1066 300 1134 336; x_wconf 92' lang='lat' dir='ltr'>est</span> <span class='ocrx_word' id='word_1_11' title='bbox 1150 304 1331 351; x_wconf 87' lang='lat' dir='ltr'><strong>semper</strong></span> <span class='ocrx_word' id='word_1_12' title='bbox 1355 305 1570 351; x_wconf 84' lang='lat' dir='ltr'>praesens</span> <span class='ocrx_word' id='word_1_13' title='bbox 1599 290 1749 344; x_wconf 84' lang='lat' dir='ltr'>alicui,</span> <span class='ocrx_word' id='word_1_14' title='bbox 1773 303 1869 335; x_wconf 88' lang='lat' dir='ltr'>non</span> <span class='ocrx_word' id='word_1_15' title='bbox 1894 300 2048 350; x_wconf 83' lang='lat' dir='ltr'>potest</span> <span class='ocrx_word' id='word_1_16' title='bbox 2071 289 2118 335; x_wconf 88' lang='lat' dir='ltr'>ei·</span> <span class='ocrx_word' id='word_1_17' title='bbox 2138 301 2264 351; x_wconf 65' lang='lat' dir='ltr'>prae&gt;</span> 
     </span>
     <span class='ocr_line' id='line_1_3' title="bbox 297 356 2263 418; baseline -0.003 -11"><span class='ocrx_word' id='word_1_18' title='bbox 297 362 487 408; x_wconf 88' lang='lat' dir='ltr'>sentari:</span> <span class='ocrx_word' id='word_1_19' title='bbox 515 361 595 405; x_wconf 91' lang='lat' dir='ltr'>sed</span> <span class='ocrx_word' id='word_1_20' title='bbox 628 360 800 406; x_wconf 85' lang='lat' dir='ltr'>Christi</span> <span class='ocrx_word' id='word_1_21' title='bbox 825 359 1088 404; x_wconf 89' lang='lat' dir='ltr'>humanitas</span> <span class='ocrx_word' id='word_1_22' title='bbox 1115 373 1296 418; x_wconf 85' lang='lat' dir='ltr'>semper</span> <span class='ocrx_word' id='word_1_23' title='bbox 1320 357 1404 403; x_wconf 87' lang='lat' dir='ltr'>fuit</span> <span class='ocrx_word' id='word_1_24' title='bbox 1427 359 1530 404; x_wconf 91' lang='lat' dir='ltr'>Deo</span> <span class='ocrx_word' id='word_1_25' title='bbox 1565 357 1765 402; x_wconf 82' lang='lat' dir='ltr'>maxime</span> <span class='ocrx_word' id='word_1_26' title='bbox 1785 371 2000 416; x_wconf 87' lang='lat' dir='ltr'>praesens</span> <span class='ocrx_word' id='word_1_27' title='bbox 2030 366 2209 417; x_wconf 67' lang='lat' dir='ltr'>utpote</span> <span class='ocrx_word' id='word_1_28' title='bbox 2208 356 2263 402; x_wconf 87' lang='lat' dir='ltr'>ei</span> 
     </span>
     <span class='ocr_line' id='line_1_4' title="bbox 297 424 2264 506; baseline -0.003 -32"><span class='ocrx_word' id='word_1_29' title='bbox 297 444 479 506; x_wconf 87' lang='lat' dir='ltr'>semper</span> <span class='ocrx_word' id='word_1_30' title='bbox 506 429 751 486; x_wconf 87' lang='lat' dir='ltr'>conjuncta</span> <span class='ocrx_word' id='word_1_31' title='bbox 775 427 823 471; x_wconf 90' lang='lat' dir='ltr'>in</span> <span class='ocrx_word' id='word_1_32' title='bbox 849 426 1025 471; x_wconf 89' lang='lat' dir='ltr'>unitate</span> <span class='ocrx_word' id='word_1_33' title='bbox 1051 439 1297 486; x_wconf 86' lang='lat' dir='ltr'>personae;</span> <span class='ocrx_word' id='word_1_34' title='bbox 1324 440 1435 486; x_wconf 89' lang='lat' dir='ltr'>ergo</span> <span class='ocrx_word' id='word_1_35' title='bbox 1462 439 1557 470; x_wconf 89' lang='lat' dir='ltr'>non</span> <span class='ocrx_word' id='word_1_36' title='bbox 1584 424 1799 485; x_wconf 87' lang='lat' dir='ltr'>oportuit,</span> <span class='ocrx_word' id='word_1_37' title='bbox 1832 424 1956 485; x_wconf 90' lang='lat' dir='ltr'>quod</span> <span class='ocrx_word' id='word_1_38' title='bbox 1981 438 2159 475; x_wconf 74' lang='lat' dir='ltr'>coram</span> <span class='ocrx_word' id='word_1_39' title='bbox 2166 424 2264 473; x_wconf 85' lang='lat' dir='ltr'>Do·-</span> 
     </span>
     <span class='ocr_line' id='line_1_5' title="bbox 298 496 698 542; baseline -0.01 0"><span class='ocrx_word' id='word_1_40' title='bbox 298 497 425 542; x_wconf 88' lang='lat' dir='ltr'>mino</span> <span class='ocrx_word' id='word_1_41' title='bbox 453 496 698 540; x_wconf 80' lang='lat' dir='ltr'>sisteretur.</span> 
     </span>
    </p>

    <p class='ocr_par' dir='ltr' id='par_1_3' title="bbox 296 539 2266 756">
     <span class='ocr_line' id='line_1_6' title="bbox 390 539 2264 622; baseline -0.002 -15"><span class='ocrx_word' id='word_1_42' title='bbox 390 578 427 622; x_wconf 83' lang='lat'>3.</span> <span class='ocrx_word' id='word_1_43' title='bbox 455 563 755 607; x_wconf 80' lang='lat' dir='ltr'>PRAETEREA.</span> <span class='ocrx_word' id='word_1_44' title='bbox 793 560 1002 606; x_wconf 88' lang='lat' dir='ltr'>Christus</span> <span class='ocrx_word' id='word_1_45' title='bbox 1038 571 1108 605; x_wconf 92' lang='lat' dir='ltr'>est</span> <span class='ocrx_word' id='word_1_46' title='bbox 1146 561 1298 606; x_wconf 87' lang='lat' dir='ltr'>hostia</span> <span class='ocrx_word' id='word_1_47' title='bbox 1333 560 1610 621; x_wconf 88' lang='lat' dir='ltr'>principalis,</span> <span class='ocrx_word' id='word_1_48' title='bbox 1645 559 1701 603; x_wconf 90' lang='lat' dir='ltr'>ad</span> <span class='ocrx_word' id='word_1_49' title='bbox 1727 572 1867 618; x_wconf 88' lang='lat' dir='ltr'>quam</span> <span class='ocrx_word' id='word_1_50' title='bbox 1892 572 2056 605; x_wconf 88' lang='lat' dir='ltr'>omnes</span> <span class='ocrx_word' id='word_1_51' title='bbox 2085 539 2264 618; x_wconf 80' lang='lat' dir='ltr'>hostiae</span> 
     </span>
     <span class='ocr_line' id='line_1_7' title="bbox 296 625 2264 688; baseline -0.002 -14"><span class='ocrx_word' id='word_1_52' title='bbox 296 631 460 675; x_wconf 89' lang='lat' dir='ltr'>veteris</span> <span class='ocrx_word' id='word_1_53' title='bbox 487 629 602 688; x_wconf 91' lang='lat' dir='ltr'>legis</span> <span class='ocrx_word' id='word_1_54' title='bbox 624 628 894 683; x_wconf 86' lang='lat' dir='ltr'>referuntur,</span> <span class='ocrx_word' id='word_1_55' title='bbox 917 629 1035 674; x_wconf 90' lang='lat' dir='ltr'>sicut</span> <span class='ocrx_word' id='word_1_56' title='bbox 1058 627 1203 687; x_wconf 84' lang='lat' dir='ltr'>figura</span> <span class='ocrx_word' id='word_1_57' title='bbox 1230 628 1286 672; x_wconf 87' lang='lat' dir='ltr'>ad</span> <span class='ocrx_word' id='word_1_58' title='bbox 1303 629 1567 673; x_wconf 90' lang='lat' dir='ltr'>veritatem:</span> <span class='ocrx_word' id='word_1_59' title='bbox 1594 627 1673 671; x_wconf 89' lang='lat' dir='ltr'>sed</span> <span class='ocrx_word' id='word_1_60' title='bbox 1699 626 1879 671; x_wconf 89' lang='lat' dir='ltr'>hostiae</span> <span class='ocrx_word' id='word_1_61' title='bbox 1900 641 2000 671; x_wconf 92' lang='lat' dir='ltr'>non</span> <span class='ocrx_word' id='word_1_62' title='bbox 2018 625 2150 671; x_wconf 88' lang='lat' dir='ltr'>debet</span> <span class='ocrx_word' id='word_1_63' title='bbox 2165 639 2264 671; x_wconf 82' lang='lat' dir='ltr'>esse</span> 
     </span>
     <span class='ocr_line' id='line_1_8' title="bbox 300 692 2266 756; baseline -0.003 -15"><span class='ocrx_word' id='word_1_64' title='bbox 300 697 389 742; x_wconf 87' lang='lat' dir='ltr'>alia</span> <span class='ocrx_word' id='word_1_65' title='bbox 415 697 591 750; x_wconf 82' lang='lat' dir='ltr'>hostia3</span> <span class='ocrx_word' id='word_1_66' title='bbox 619 710 729 754; x_wconf 86' lang='lat' dir='ltr'>ergo</span> <span class='ocrx_word' id='word_1_67' title='bbox 762 710 859 740; x_wconf 87' lang='lat' dir='ltr'>non</span> <span class='ocrx_word' id='word_1_68' title='bbox 883 695 967 756; x_wconf 87' lang='lat' dir='ltr'>fuit</span> <span class='ocrx_word' id='word_1_69' title='bbox 994 695 1288 749; x_wconf 89' lang='lat' dir='ltr'>conveniens,</span> <span class='ocrx_word' id='word_1_70' title='bbox 1315 705 1364 740; x_wconf 91' lang='lat' dir='ltr'>ut</span> <span class='ocrx_word' id='word_1_71' title='bbox 1389 710 1471 755; x_wconf 89' lang='lat' dir='ltr'>pro</span> <span class='ocrx_word' id='word_1_72' title='bbox 1501 695 1688 739; x_wconf 90' lang='lat' dir='ltr'>Christo</span> <span class='ocrx_word' id='word_1_73' title='bbox 1717 693 1806 738; x_wconf 87' lang='lat' dir='ltr'>alia</span> <span class='ocrx_word' id='word_1_74' title='bbox 1836 693 1990 739; x_wconf 87' lang='lat' dir='ltr'>hostia</span> <span class='ocrx_word' id='word_1_75' title='bbox 2015 692 2266 741; x_wconf 68' lang='lat' dir='ltr'>offerretur.</span> 
     </span>
    </p>

    <p class='ocr_par' dir='ltr' id='par_1_4' title="bbox 299 761 2268 1026">
     <span class='ocr_line' id='line_1_9' title="bbox 388 761 2267 822; baseline -0.002 -15"><span class='ocrx_word' id='word_1_76' title='bbox 388 776 429 820; x_wconf 83' lang='lat'>4.</span> <span class='ocrx_word' id='word_1_77' title='bbox 458 764 757 809; x_wconf 78' lang='lat' dir='ltr'><strong>PRAETEREA.</strong></span> <span class='ocrx_word' id='word_1_78' title='bbox 792 763 914 808; x_wconf 86' lang='lat' dir='ltr'>Inter</span> <span class='ocrx_word' id='word_1_79' title='bbox 946 762 1116 822; x_wconf 89' lang='lat' dir='ltr'>legales</span> <span class='ocrx_word' id='word_1_80' title='bbox 1151 763 1323 807; x_wconf 89' lang='lat' dir='ltr'>hostias</span> <span class='ocrx_word' id='word_1_81' title='bbox 1358 763 1602 821; x_wconf 83' lang='lat' dir='ltr'>praecipua</span> <span class='ocrx_word' id='word_1_82' title='bbox 1626 761 1710 806; x_wconf 86' lang='lat' dir='ltr'>fuit</span> <span class='ocrx_word' id='word_1_83' title='bbox 1742 775 1900 820; x_wconf 87' lang='lat' dir='ltr'>agnus,</span> <span class='ocrx_word' id='word_1_84' title='bbox 1925 761 2004 821; x_wconf 88' lang='lat' dir='ltr'>qui</span> <span class='ocrx_word' id='word_1_85' title='bbox 2035 770 2131 807; x_wconf 82' lang='lat' dir='ltr'>erat</span> <span class='ocrx_word' id='word_1_86' title='bbox 2161 761 2267 819; x_wconf 77' lang='lat' dir='ltr'>juge</span> 
     </span>
     <span class='ocr_line' id='line_1_10' title="bbox 300 827 2265 888; baseline -0.003 -12"><span class='ocrx_word' id='word_1_87' title='bbox 300 831 591 885; x_wconf 88' lang='lat' dir='ltr'>sacrificium,</span> <span class='ocrx_word' id='word_1_88' title='bbox 604 841 653 875; x_wconf 93' lang='lat' dir='ltr'>ut</span> <span class='ocrx_word' id='word_1_89' title='bbox 668 830 862 875; x_wconf 88' lang='lat' dir='ltr'>habetur</span> <span class='ocrx_word' id='word_1_90' title='bbox 877 831 1066 875; x_wconf 89' lang='lat' dir='ltr'>Numer.</span> <span class='ocrx_word' id='word_1_91' title='bbox 1086 831 1156 874; x_wconf 87' lang='lat'>28.</span> <span class='ocrx_word' id='word_1_92' title='bbox 1172 846 1183 885; x_wconf 93' lang='lat'>;</span> <span class='ocrx_word' id='word_1_93' title='bbox 1201 830 1320 875; x_wconf 89' lang='lat' dir='ltr'>unde</span> <span class='ocrx_word' id='word_1_94' title='bbox 1341 830 1479 875; x_wconf 88' lang='lat' dir='ltr'>etiam</span> <span class='ocrx_word' id='word_1_95' title='bbox 1493 829 1703 874; x_wconf 90' lang='lat' dir='ltr'>Christus</span> <span class='ocrx_word' id='word_1_96' title='bbox 1722 828 1885 874; x_wconf 88' lang='lat' dir='ltr'>dicitur</span> <span class='ocrx_word' id='word_1_97' title='bbox 1895 842 2053 888; x_wconf 85' lang='lat' dir='ltr'>agnus,</span> <span class='ocrx_word' id='word_1_98' title='bbox 2065 827 2196 887; x_wconf 79' lang='lat' dir='ltr'>Joan.</span> <span class='ocrx_word' id='word_1_99' title='bbox 2214 840 2265 872; x_wconf 89' lang='lat'>1.:</span> 
     </span>
     <span class='ocr_line' id='line_1_11' title="bbox 299 894 2268 957; baseline -0.003 -13"><span class='ocrx_word' id='word_1_100' title='bbox 299 901 405 944; x_wconf 82' lang='lat' dir='ltr'>Ecce</span> <span class='ocrx_word' id='word_1_101' title='bbox 421 913 551 957; x_wconf 83' lang='lat' dir='ltr'>agnus</span> <span class='ocrx_word' id='word_1_102' title='bbox 571 899 657 943; x_wconf 86' lang='lat' dir='ltr'>Dei</span> <span class='ocrx_word' id='word_1_103' title='bbox 668 913 683 951; x_wconf 90' lang='lat'><em>;</em></span> <span class='ocrx_word' id='word_1_104' title='bbox 705 898 851 957; x_wconf 87' lang='lat' dir='ltr'>magis</span> <span class='ocrx_word' id='word_1_105' title='bbox 871 912 981 956; x_wconf 89' lang='lat' dir='ltr'>ergo</span> <span class='ocrx_word' id='word_1_106' title='bbox 998 897 1082 942; x_wconf 88' lang='lat' dir='ltr'>fuit</span> <span class='ocrx_word' id='word_1_107' title='bbox 1100 899 1393 952; x_wconf 87' lang='lat' dir='ltr'>conveniens,</span> <span class='ocrx_word' id='word_1_108' title='bbox 1417 897 1539 956; x_wconf 92' lang='lat' dir='ltr'>quod</span> <span class='ocrx_word' id='word_1_109' title='bbox 1552 911 1634 956; x_wconf 90' lang='lat' dir='ltr'>pro</span> <span class='ocrx_word' id='word_1_110' title='bbox 1650 897 1836 942; x_wconf 89' lang='lat' dir='ltr'>Christo</span> <span class='ocrx_word' id='word_1_111' title='bbox 1854 894 2268 954; x_wconf 85' lang='lat' dir='ltr'>offerreturagnus,</span> 
     </span>
     <span class='ocr_line' id='line_1_12' title="bbox 302 964 1535 1026; baseline -0.002 -16"><span class='ocrx_word' id='word_1_112' title='bbox 302 981 442 1026; x_wconf 90' lang='lat' dir='ltr'>quam</span> <span class='ocrx_word' id='word_1_113' title='bbox 467 980 549 1025; x_wconf 91' lang='lat' dir='ltr'>par</span> <span class='ocrx_word' id='word_1_114' title='bbox 574 975 818 1019; x_wconf 86' lang='lat' dir='ltr'>turturum,</span> <span class='ocrx_word' id='word_1_115' title='bbox 843 964 918 1010; x_wconf 87' lang='lat' dir='ltr'>vel</span> <span class='ocrx_word' id='word_1_116' title='bbox 944 965 1035 1009; x_wconf 93' lang='lat' dir='ltr'>duo</span> <span class='ocrx_word' id='word_1_117' title='bbox 1063 964 1176 1024; x_wconf 88' lang='lat' dir='ltr'>pulli</span> <span class='ocrx_word' id='word_1_118' title='bbox 1203 964 1535 1008; x_wconf 88' lang='lat' dir='ltr'>columbarum.</span> 
     </span>
    </p>

    <p class='ocr_par' dir='ltr' id='par_1_5' title="bbox 299 1029 2270 1160">
     <span class='ocr_line' id='line_1_13' title="bbox 393 1029 2270 1091; baseline -0.003 -12"><span class='ocrx_word' id='word_1_119' title='bbox 393 1034 488 1079; x_wconf 81' lang='lat' dir='ltr'>SED</span> <span class='ocrx_word' id='word_1_120' title='bbox 507 1047 558 1079; x_wconf 84' lang='lat' dir='ltr'>IN</span> <span class='ocrx_word' id='word_1_121' title='bbox 577 1045 900 1079; x_wconf 75' lang='lat' dir='ltr'>CONTRARHJM</span> <span class='ocrx_word' id='word_1_122' title='bbox 914 1042 982 1077; x_wconf 92' lang='lat' dir='ltr'>est</span> <span class='ocrx_word' id='word_1_123' title='bbox 1001 1032 1246 1077; x_wconf 86' lang='lat' dir='ltr'>auctoritas</span> <span class='ocrx_word' id='word_1_124' title='bbox 1275 1032 1550 1091; x_wconf 86' lang='lat' dir='ltr'>Scripturae,</span> <span class='ocrx_word' id='word_1_125' title='bbox 1569 1045 1684 1090; x_wconf 87' lang='lat' dir='ltr'>quae</span> <span class='ocrx_word' id='word_1_126' title='bbox 1700 1031 1791 1075; x_wconf 92' lang='lat' dir='ltr'>hoc</span> <span class='ocrx_word' id='word_1_127' title='bbox 1818 1029 1990 1075; x_wconf 88' lang='lat' dir='ltr'>factum</span> <span class='ocrx_word' id='word_1_128' title='bbox 2018 1043 2116 1076; x_wconf 87' lang='lat' dir='ltr'>esse</span> <span class='ocrx_word' id='word_1_129' title='bbox 2139 1038 2270 1076; x_wconf 88' lang='lat' dir='ltr'>testa·</span> 
     </span>
     <span class='ocr_line' id='line_1_14' title="bbox 299 1101 593 1160; baseline -0.01 -13"><span class='ocrx_word' id='word_1_130' title='bbox 299 1111 387 1157; x_wconf 91' lang='lat' dir='ltr'>tur,</span> <span class='ocrx_word' id='word_1_131' title='bbox 414 1101 525 1160; x_wconf 82' lang='lat' dir='ltr'>Luc.</span> <span class='ocrx_word' id='word_1_132' title='bbox 550 1114 593 1145; x_wconf 88' lang='lat'>2.</span> 
     </span>
    </p>

    <p class='ocr_par' dir='ltr' id='par_1_6' title="bbox 295 1163 2278 2642">
     <span class='ocr_line' id='line_1_15' title="bbox 390 1163 2268 1227; baseline -0.003 -13"><span class='ocrx_word' id='word_1_133' title='bbox 390 1169 683 1214; x_wconf 77' lang='lat' dir='ltr'>RESPONDEO</span> <span class='ocrx_word' id='word_1_134' title='bbox 709 1168 970 1221; x_wconf 89' lang='lat' dir='ltr'>dicendum,</span> <span class='ocrx_word' id='word_1_135' title='bbox 998 1167 1136 1227; x_wconf 91' lang='lat' dir='ltr'>quod,</span> <span class='ocrx_word' id='word_1_136' title='bbox 1163 1167 1279 1211; x_wconf 90' lang='lat' dir='ltr'>sicut</span> <span class='ocrx_word' id='word_1_137' title='bbox 1298 1167 1470 1210; x_wconf 87' lang='lat' dir='ltr'>dictum</span> <span class='ocrx_word' id='word_1_138' title='bbox 1489 1176 1556 1210; x_wconf 91' lang='lat' dir='ltr'>est</span> <span class='ocrx_word' id='word_1_139' title='bbox 1574 1166 1677 1223; x_wconf 85' lang='lat' dir='ltr'>(art.</span> <span class='ocrx_word' id='word_1_140' title='bbox 1696 1181 1732 1211; x_wconf 86' lang='lat'>1.</span> <span class='ocrx_word' id='word_1_141' title='bbox 1760 1166 1846 1224; x_wconf 86' lang='lat' dir='ltr'><strong><em>huj.</em></strong></span> <span class='ocrx_word' id='word_1_142' title='bbox 1870 1180 1909 1224; x_wconf 87' lang='lat' dir='ltr'>q.</span> <span class='ocrx_word' id='word_1_143' title='bbox 1935 1166 1981 1209; x_wconf 87' lang='lat' dir='ltr'>in</span> <span class='ocrx_word' id='word_1_144' title='bbox 1997 1172 2111 1224; x_wconf 76' lang='lat' dir='ltr'>corp.</span> <span class='ocrx_word' id='word_1_145' title='bbox 2128 1163 2183 1209; x_wconf 82' lang='lat' dir='ltr'>ad</span> <span class='ocrx_word' id='word_1_146' title='bbox 2193 1165 2268 1224; x_wconf 86' lang='lat'>3.),</span> 
     </span>
     <span class='ocr_line' id='line_1_16' title="bbox 303 1231 2271 1294; baseline -0.003 -13"><span class='ocrx_word' id='word_1_147' title='bbox 303 1237 513 1281; x_wconf 89' lang='lat' dir='ltr'>Christus</span> <span class='ocrx_word' id='word_1_148' title='bbox 538 1236 685 1280; x_wconf 90' lang='lat' dir='ltr'>voluit</span> <span class='ocrx_word' id='word_1_149' title='bbox 709 1237 782 1280; x_wconf 86' lang='lat' dir='ltr'>sub</span> <span class='ocrx_word' id='word_1_150' title='bbox 810 1236 890 1294; x_wconf 83' lang='lat' dir='ltr'>lege</span> <span class='ocrx_word' id='word_1_151' title='bbox 910 1236 1021 1294; x_wconf 83' lang='lat' dir='ltr'>fieri,</span> <span class='ocrx_word' id='word_1_152' title='bbox 1047 1242 1095 1279; x_wconf 83' lang='lat' dir='ltr'>ut</span> <span class='ocrx_word' id='word_1_153' title='bbox 1120 1250 1199 1289; x_wconf 88' lang='lat' dir='ltr'>eos,</span> <span class='ocrx_word' id='word_1_154' title='bbox 1228 1236 1299 1292; x_wconf 81' lang='lat' dir='ltr'>qui</span> <span class='ocrx_word' id='word_1_155' title='bbox 1324 1235 1396 1278; x_wconf 83' lang='lat' dir='ltr'>sub</span> <span class='ocrx_word' id='word_1_156' title='bbox 1425 1234 1506 1292; x_wconf 81' lang='lat' dir='ltr'>lege</span> <span class='ocrx_word' id='word_1_157' title='bbox 1538 1239 1671 1286; x_wconf 86' lang='lat' dir='ltr'>erant,</span> <span class='ocrx_word' id='word_1_158' title='bbox 1695 1233 1926 1285; x_wconf 80' lang='lat' dir='ltr'>redimeret,</span> <span class='ocrx_word' id='word_1_159' title='bbox 1964 1241 2009 1276; x_wconf 91' lang='lat' dir='ltr'>et</span> <span class='ocrx_word' id='word_1_160' title='bbox 2039 1241 2090 1276; x_wconf 89' lang='lat' dir='ltr'>ut</span> <span class='ocrx_word' id='word_1_161' title='bbox 2118 1231 2271 1290; x_wconf 83' lang='lat' dir='ltr'>justifi-</span> 
     </span>
     <span class='ocr_line' id='line_1_17' title="bbox 302 1299 2271 1364; baseline -0.004 -14"><span class='ocrx_word' id='word_1_162' title='bbox 302 1306 422 1350; x_wconf 87' lang='lat' dir='ltr'>catio</span> <span class='ocrx_word' id='word_1_163' title='bbox 449 1305 599 1364; x_wconf 89' lang='lat' dir='ltr'>legis</span> <span class='ocrx_word' id='word_1_164' title='bbox 588 1319 635 1348; x_wconf 92' lang='lat' dir='ltr'>1n</span> <span class='ocrx_word' id='word_1_165' title='bbox 662 1304 753 1348; x_wconf 87' lang='lat' dir='ltr'>suis</span> <span class='ocrx_word' id='word_1_166' title='bbox 781 1303 999 1347; x_wconf 88' lang='lat' dir='ltr'>membris</span> <span class='ocrx_word' id='word_1_167' title='bbox 1025 1301 1317 1362; x_wconf 83' lang='lat' dir='ltr'>spiritualiter</span> <span class='ocrx_word' id='word_1_168' title='bbox 1343 1300 1624 1359; x_wconf 89' lang='lat' dir='ltr'>impleretur.</span> <span class='ocrx_word' id='word_1_169' title='bbox 1649 1301 1721 1344; x_wconf 91' lang='lat' dir='ltr'>De</span> <span class='ocrx_word' id='word_1_170' title='bbox 1744 1299 1874 1358; x_wconf 89' lang='lat' dir='ltr'>prole</span> <span class='ocrx_word' id='word_1_171' title='bbox 1896 1308 2050 1345; x_wconf 83' lang='lat' dir='ltr'>autem</span> <span class='ocrx_word' id='word_1_172' title='bbox 2074 1311 2183 1344; x_wconf 86' lang='lat' dir='ltr'>nata</span> <span class='ocrx_word' id='word_1_173' title='bbox 2199 1299 2271 1344; x_wconf 88' lang='lat' dir='ltr'>du-</span> 
     </span>
     <span class='ocr_line' id='line_1_18' title="bbox 295 1366 2273 1433; baseline -0.004 -16"><span class='ocrx_word' id='word_1_174' title='bbox 295 1374 396 1433; x_wconf 87' lang='lat' dir='ltr'>plex</span> <span class='ocrx_word' id='word_1_175' title='bbox 421 1381 716 1432; x_wconf 89' lang='lat' dir='ltr'>praeceptum</span> <span class='ocrx_word' id='word_1_176' title='bbox 741 1371 787 1415; x_wconf 89' lang='lat' dir='ltr'>in</span> <span class='ocrx_word' id='word_1_177' title='bbox 814 1370 916 1428; x_wconf 87' lang='lat' dir='ltr'>lege</span> <span class='ocrx_word' id='word_1_178' title='bbox 942 1370 1155 1413; x_wconf 84' lang='lat' dir='ltr'>traditur:</span> <span class='ocrx_word' id='word_1_179' title='bbox 1182 1384 1314 1413; x_wconf 84' lang='lat' dir='ltr'>unum</span> <span class='ocrx_word' id='word_1_180' title='bbox 1352 1368 1538 1427; x_wconf 89' lang='lat' dir='ltr'>quidem</span> <span class='ocrx_word' id='word_1_181' title='bbox 1566 1366 1779 1426; x_wconf 88' lang='lat' dir='ltr'>generale</span> <span class='ocrx_word' id='word_1_182' title='bbox 1815 1367 1967 1425; x_wconf 89' lang='lat' dir='ltr'>quoad</span> <span class='ocrx_word' id='word_1_183' title='bbox 2006 1380 2182 1420; x_wconf 60' lang='lat' dir='ltr'>omnes,</span> <span class='ocrx_word' id='word_1_184' title='bbox 2223 1376 2273 1411; x_wconf 88' lang='lat' dir='ltr'>ut</span> 
     </span>
     <span class='ocr_line' id='line_1_19' title="bbox 301 1432 2272 1497; baseline -0.004 -13"><span class='ocrx_word' id='word_1_185' title='bbox 301 1439 475 1484; x_wconf 87' lang='lat' dir='ltr'>scilicet</span> <span class='ocrx_word' id='word_1_186' title='bbox 501 1438 742 1497; x_wconf 89' lang='lat' dir='ltr'>completis</span> <span class='ocrx_word' id='word_1_187' title='bbox 769 1437 926 1481; x_wconf 89' lang='lat' dir='ltr'>diebus</span> <span class='ocrx_word' id='word_1_188' title='bbox 952 1435 1279 1495; x_wconf 87' lang='lat' dir='ltr'>purificationis</span> <span class='ocrx_word' id='word_1_189' title='bbox 1306 1435 1478 1488; x_wconf 89' lang='lat' dir='ltr'>matris,</span> <span class='ocrx_word' id='word_1_190' title='bbox 1507 1433 1744 1478; x_wconf 89' lang='lat' dir='ltr'>offerretur</span> <span class='ocrx_word' id='word_1_191' title='bbox 1769 1433 2050 1479; x_wconf 87' lang='lat' dir='ltr'>sacrificium</span> <span class='ocrx_word' id='word_1_192' title='bbox 2060 1446 2145 1493; x_wconf 85' lang='lat' dir='ltr'>pro</span> <span class='ocrx_word' id='word_1_193' title='bbox 2160 1432 2272 1487; x_wconf 81' lang='lat' dir='ltr'>filio,</span> 
     </span>
     <span class='ocr_line' id='line_1_20' title="bbox 302 1499 2272 1565; baseline -0.004 -14"><span class='ocrx_word' id='word_1_194' title='bbox 302 1509 396 1552; x_wconf 87' lang='lat' dir='ltr'>sive</span> <span class='ocrx_word' id='word_1_195' title='bbox 422 1520 505 1565; x_wconf 93' lang='lat' dir='ltr'>pro</span> <span class='ocrx_word' id='word_1_196' title='bbox 531 1505 640 1559; x_wconf 89' lang='lat' dir='ltr'>filia,</span> <span class='ocrx_word' id='word_1_197' title='bbox 677 1514 726 1549; x_wconf 91' lang='lat' dir='ltr'>ut</span> <span class='ocrx_word' id='word_1_198' title='bbox 762 1504 955 1548; x_wconf 88' lang='lat' dir='ltr'>habetur</span> <span class='ocrx_word' id='word_1_199' title='bbox 994 1503 1137 1547; x_wconf 88' lang='lat' dir='ltr'>Levit.</span> <span class='ocrx_word' id='word_1_200' title='bbox 1180 1514 1269 1548; x_wconf 89' lang='lat'>12:</span> <span class='ocrx_word' id='word_1_201' title='bbox 1300 1512 1344 1546; x_wconf 92' lang='lat' dir='ltr'>et</span> <span class='ocrx_word' id='word_1_202' title='bbox 1369 1502 1460 1546; x_wconf 90' lang='lat' dir='ltr'>hoc</span> <span class='ocrx_word' id='word_1_203' title='bbox 1488 1501 1673 1560; x_wconf 89' lang='lat' dir='ltr'>quidem</span> <span class='ocrx_word' id='word_1_204' title='bbox 1710 1499 1986 1547; x_wconf 82' lang='lat' dir='ltr'>sacrificium</span> <span class='ocrx_word' id='word_1_205' title='bbox 2011 1509 2107 1545; x_wconf 80' lang='lat' dir='ltr'>erat</span> <span class='ocrx_word' id='word_1_206' title='bbox 2139 1509 2186 1546; x_wconf 86' lang='lat' dir='ltr'>et</span> <span class='ocrx_word' id='word_1_207' title='bbox 2216 1500 2272 1544; x_wconf 84' lang='lat' dir='ltr'>ad</span> 
     </span>
     <span class='ocr_line' id='line_1_21' title="bbox 307 1566 2274 1634; baseline -0.003 -16"><span class='ocrx_word' id='word_1_208' title='bbox 307 1574 615 1634; x_wconf 86' lang='lat' dir='ltr'>expiationem</span> <span class='ocrx_word' id='word_1_209' title='bbox 641 1572 832 1632; x_wconf 88' lang='lat' dir='ltr'>peccati,</span> <span class='ocrx_word' id='word_1_210' title='bbox 858 1572 906 1615; x_wconf 91' lang='lat' dir='ltr'>in</span> <span class='ocrx_word' id='word_1_211' title='bbox 933 1585 1023 1629; x_wconf 93' lang='lat' dir='ltr'>quo</span> <span class='ocrx_word' id='word_1_212' title='bbox 1050 1569 1202 1629; x_wconf 90' lang='lat' dir='ltr'>proles</span> <span class='ocrx_word' id='word_1_213' title='bbox 1230 1579 1327 1614; x_wconf 88' lang='lat' dir='ltr'>erat</span> <span class='ocrx_word' id='word_1_214' title='bbox 1350 1578 1587 1628; x_wconf 89' lang='lat' dir='ltr'>concepta,</span> <span class='ocrx_word' id='word_1_215' title='bbox 1621 1578 1666 1612; x_wconf 91' lang='lat' dir='ltr'>et</span> <span class='ocrx_word' id='word_1_216' title='bbox 1696 1577 1818 1622; x_wconf 88' lang='lat' dir='ltr'>nata,</span> <span class='ocrx_word' id='word_1_217' title='bbox 1845 1577 1890 1613; x_wconf 86' lang='lat' dir='ltr'>et</span> <span class='ocrx_word' id='word_1_218' title='bbox 1920 1567 2060 1612; x_wconf 83' lang='lat' dir='ltr'>etiam</span> <span class='ocrx_word' id='word_1_219' title='bbox 2087 1566 2144 1612; x_wconf 82' lang='lat' dir='ltr'>ad</span> <span class='ocrx_word' id='word_1_220' title='bbox 2168 1581 2274 1612; x_wconf 91' lang='lat' dir='ltr'>con-</span> 
     </span>
     <span class='ocr_line' id='line_1_22' title="bbox 309 1634 2275 1699; baseline -0.003 -13"><span class='ocrx_word' id='word_1_221' title='bbox 309 1641 615 1687; x_wconf 90' lang='lat' dir='ltr'>secrationem</span> <span class='ocrx_word' id='word_1_222' title='bbox 647 1639 932 1699; x_wconf 88' lang='lat' dir='ltr'>quamdam&#39;</span> <span class='ocrx_word' id='word_1_223' title='bbox 921 1639 1085 1697; x_wconf 79' lang='lat' dir='ltr'>ipsius:</span> <span class='ocrx_word' id='word_1_224' title='bbox 1113 1638 1219 1697; x_wconf 90' lang='lat' dir='ltr'>quia</span> <span class='ocrx_word' id='word_1_225' title='bbox 1239 1647 1346 1681; x_wconf 90' lang='lat' dir='ltr'>tunc</span> <span class='ocrx_word' id='word_1_226' title='bbox 1366 1637 1516 1696; x_wconf 89' lang='lat' dir='ltr'>primo</span> <span class='ocrx_word' id='word_1_227' title='bbox 1548 1634 2197 1696; x_wconf 84' lang='lat' dir='ltr'>praesentabaturintemplo:</span> <span class='ocrx_word' id='word_1_228' title='bbox 2229 1645 2275 1680; x_wconf 88' lang='lat' dir='ltr'>et</span> 
     </span>
     <span class='ocr_line' id='line_1_23' title="bbox 303 1702 2273 1767; baseline -0.003 -14"><span class='ocrx_word' id='word_1_229' title='bbox 303 1709 409 1753; x_wconf 91' lang='lat' dir='ltr'>ideo</span> <span class='ocrx_word' id='word_1_230' title='bbox 437 1707 607 1767; x_wconf 90' lang='lat' dir='ltr'>aliquid</span> <span class='ocrx_word' id='word_1_231' title='bbox 634 1706 944 1752; x_wconf 87' lang='lat' dir='ltr'>offerebatur</span> <span class='ocrx_word' id='word_1_232' title='bbox 933 1721 980 1750; x_wconf 88' lang='lat' dir='ltr'>m</span> <span class='ocrx_word' id='word_1_233' title='bbox 1006 1705 1347 1759; x_wconf 89' lang='lat' dir='ltr'>holocaustum,</span> <span class='ocrx_word' id='word_1_234' title='bbox 1375 1715 1419 1749; x_wconf 91' lang='lat' dir='ltr'>et</span> <span class='ocrx_word' id='word_1_235' title='bbox 1446 1703 1614 1763; x_wconf 89' lang='lat' dir='ltr'>aliquid</span> <span class='ocrx_word' id='word_1_236' title='bbox 1640 1718 1722 1763; x_wconf 92' lang='lat' dir='ltr'>pro</span> <span class='ocrx_word' id='word_1_237' title='bbox 1749 1713 1963 1763; x_wconf 86' lang='lat' dir='ltr'>peccato.</span> <span class='ocrx_word' id='word_1_238' title='bbox 1985 1702 2103 1749; x_wconf 82' lang='lat' dir='ltr'>aliud</span> <span class='ocrx_word' id='word_1_239' title='bbox 2119 1712 2273 1749; x_wconf 82' lang='lat' dir='ltr'>autem</span> 
     </span>
     <span class='ocr_line' id='line_1_24' title="bbox 303 1764 2274 1854; baseline -0.004 -33"><span class='ocrx_word' id='word_1_240' title='bbox 303 1785 599 1854; x_wconf 82' lang='lat' dir='ltr'>praeceptum</span> <span class='ocrx_word' id='word_1_241' title='bbox 626 1784 722 1819; x_wconf 84' lang='lat' dir='ltr'>erat</span> <span class='ocrx_word' id='word_1_242' title='bbox 747 1773 983 1832; x_wconf 75' lang='lat' dir='ltr'>speciale*</span> <span class='ocrx_word' id='word_1_243' title='bbox 971 1788 1018 1816; x_wconf 88' lang='grc'>111</span> <span class='ocrx_word' id='word_1_244' title='bbox 1045 1772 1147 1832; x_wconf 89' lang='lat' dir='ltr'>lege</span> <span class='ocrx_word' id='word_1_245' title='bbox 1179 1773 1235 1816; x_wconf 91' lang='lat' dir='ltr'>de</span> <span class='ocrx_word' id='word_1_246' title='bbox 1267 1772 1584 1831; x_wconf 88' lang='lat' dir='ltr'>primogenitis</span> <span class='ocrx_word' id='word_1_247' title='bbox 1615 1781 1711 1815; x_wconf 89' lang='lat' dir='ltr'>tarn</span> <span class='ocrx_word' id='word_1_248' title='bbox 1741 1771 1790 1814; x_wconf 89' lang='lat' dir='ltr'>in</span> <span class='ocrx_word' id='word_1_249' title='bbox 1821 1764 2101 1824; x_wconf 83' lang='lat' dir='ltr'>hominibus,</span> <span class='ocrx_word' id='word_1_250' title='bbox 2134 1784 2274 1830; x_wconf 77' lang='lat' dir='ltr'>quam</span> 
     </span>
     <span class='ocr_line' id='line_1_25' title="bbox 302 1836 2274 1902; baseline -0.003 -15"><span class='ocrx_word' id='word_1_251' title='bbox 302 1845 349 1888; x_wconf 90' lang='lat' dir='ltr'>in</span> <span class='ocrx_word' id='word_1_252' title='bbox 376 1843 613 1902; x_wconf 86' lang='lat' dir='ltr'>jumentis:</span> <span class='ocrx_word' id='word_1_253' title='bbox 642 1842 727 1886; x_wconf 89' lang='lat' dir='ltr'>sibi</span> <span class='ocrx_word' id='word_1_254' title='bbox 763 1841 887 1885; x_wconf 91' lang='lat' dir='ltr'>enim</span> <span class='ocrx_word' id='word_1_255' title='bbox 912 1840 1141 1884; x_wconf 88' lang='lat' dir='ltr'>Dominus</span> <span class='ocrx_word' id='word_1_256' title='bbox 1179 1840 1475 1899; x_wconf 87' lang='lat' dir='ltr'>deputaverat</span> <span class='ocrx_word' id='word_1_257' title='bbox 1513 1852 1652 1882; x_wconf 91' lang='lat' dir='ltr'>omne</span> <span class='ocrx_word' id='word_1_258' title='bbox 1684 1837 2041 1897; x_wconf 85' lang='lat' dir='ltr'>primogenitum</span> <span class='ocrx_word' id='word_1_259' title='bbox 2071 1836 2274 1882; x_wconf 86' lang='lat' dir='ltr'>filiorum</span> 
     </span>
     <span class='ocr_line' id='line_1_26' title="bbox 304 1905 2275 1969; baseline -0.003 -14"><span class='ocrx_word' id='word_1_260' title='bbox 304 1910 460 1964; x_wconf 75' lang='lat' dir='ltr'>Israel,</span> <span class='ocrx_word' id='word_1_261' title='bbox 501 1924 584 1969; x_wconf 91' lang='lat' dir='ltr'>pro</span> <span class='ocrx_word' id='word_1_262' title='bbox 627 1923 683 1953; x_wconf 91' lang='lat' dir='ltr'>eo</span> <span class='ocrx_word' id='word_1_263' title='bbox 721 1908 845 1968; x_wconf 90' lang='lat' dir='ltr'>quod</span> <span class='ocrx_word' id='word_1_264' title='bbox 881 1907 937 1952; x_wconf 88' lang='lat' dir='ltr'>acl</span> <span class='ocrx_word' id='word_1_265' title='bbox 969 1907 1286 1952; x_wconf 82' lang='lat' dir='ltr'>liberationem</span> <span class='ocrx_word' id='word_1_266' title='bbox 1320 1905 1479 1966; x_wconf 89' lang='lat' dir='ltr'>populi</span> <span class='ocrx_word' id='word_1_267' title='bbox 1509 1905 1649 1950; x_wconf 73' lang='lat' dir='ltr'>Israel</span> <span class='ocrx_word' id='word_1_268' title='bbox 1680 1915 1962 1965; x_wconf 83' lang='lat' dir='ltr'>percusserat</span> <span class='ocrx_word' id='word_1_269' title='bbox 1994 1906 2275 1964; x_wconf 81' lang='lat' dir='ltr'>primogenita</span> 
     </span>
     <span class='ocr_line' id='line_1_27' title="bbox 304 1971 2277 2037; baseline -0.004 -14"><span class='ocrx_word' id='word_1_270' title='bbox 304 1978 486 2037; x_wconf 80' lang='lat' dir='ltr'>Aegypti</span> <span class='ocrx_word' id='word_1_271' title='bbox 511 1978 562 2021; x_wconf 85' lang='lat' dir='ltr'>ab</span> <span class='ocrx_word' id='word_1_272' title='bbox 595 1977 760 2021; x_wconf 85' lang='lat' dir='ltr'>homine</span> <span class='ocrx_word' id='word_1_273' title='bbox 791 1991 915 2034; x_wconf 85' lang='lat' dir='ltr'>usque</span> <span class='ocrx_word' id='word_1_274' title='bbox 947 1975 1000 2019; x_wconf 84' lang='lat' dir='ltr'>ad</span> <span class='ocrx_word' id='word_1_275' title='bbox 1018 1983 1157 2034; x_wconf 80' lang='lat' dir='ltr'>pecus,</span> <span class='ocrx_word' id='word_1_276' title='bbox 1184 1973 1502 2033; x_wconf 89' lang='lat' dir='ltr'>primogenitis</span> <span class='ocrx_word' id='word_1_277' title='bbox 1527 1971 1727 2016; x_wconf 83' lang='lat' dir='ltr'>filiorum</span> <span class='ocrx_word' id='word_1_278' title='bbox 1758 1971 1898 2016; x_wconf 79' lang='lat' dir='ltr'>Israel</span> <span class='ocrx_word' id='word_1_279' title='bbox 1929 1972 2197 2019; x_wconf 82' lang='lat' dir='ltr'>reservatis:</span> <span class='ocrx_word' id='word_1_280' title='bbox 2231 1981 2277 2017; x_wconf 92' lang='lat' dir='ltr'>et</span> 
     </span>
     <span class='ocr_line' id='line_1_28' title="bbox 307 2039 2274 2102; baseline -0.004 -12"><span class='ocrx_word' id='word_1_281' title='bbox 307 2045 399 2090; x_wconf 89' lang='lat' dir='ltr'>hoc</span> <span class='ocrx_word' id='word_1_282' title='bbox 426 2044 696 2088; x_wconf 89' lang='lat' dir='ltr'>mandatum</span> <span class='ocrx_word' id='word_1_283' title='bbox 721 2043 904 2102; x_wconf 89' lang='lat' dir='ltr'>ponitur</span> <span class='ocrx_word' id='word_1_284' title='bbox 929 2042 1075 2086; x_wconf 81' lang='lat' dir='ltr'>Exodi</span> <span class='ocrx_word' id='word_1_285' title='bbox 1098 2056 1162 2100; x_wconf 82' lang='lat'>13.</span> <span class='ocrx_word' id='word_1_286' title='bbox 1189 2042 1236 2085; x_wconf 92' lang='lat' dir='ltr'>in</span> <span class='ocrx_word' id='word_1_287' title='bbox 1263 2055 1353 2100; x_wconf 91' lang='lat' dir='ltr'>quo</span> <span class='ocrx_word' id='word_1_288' title='bbox 1378 2041 1516 2085; x_wconf 91' lang='lat' dir='ltr'>etiam</span> <span class='ocrx_word' id='word_1_289' title='bbox 1542 2039 1929 2099; x_wconf 84' lang='lat' dir='ltr'>praefigurabatur</span> <span class='ocrx_word' id='word_1_290' title='bbox 1955 2039 2182 2094; x_wconf 82' lang='lat' dir='ltr'>Christus,</span> <span class='ocrx_word' id='word_1_291' title='bbox 2197 2039 2274 2099; x_wconf 87' lang='lat' dir='ltr'>qui</span> 
     </span>
     <span class='ocr_line' id='line_1_29' title="bbox 308 2105 2276 2171; baseline -0.003 -15"><span class='ocrx_word' id='word_1_292' title='bbox 308 2122 376 2156; x_wconf 90' lang='lat' dir='ltr'>est</span> <span class='ocrx_word' id='word_1_293' title='bbox 393 2112 700 2171; x_wconf 78' lang='lat' dir='ltr'>primogenitus</span> <span class='ocrx_word' id='word_1_294' title='bbox 730 2112 775 2154; x_wconf 89' lang='lat' dir='ltr'>in</span> <span class='ocrx_word' id='word_1_295' title='bbox 806 2110 948 2154; x_wconf 81' lang='lat' dir='ltr'>multis</span> <span class='ocrx_word' id='word_1_296' title='bbox 963 2110 1191 2168; x_wconf 83' lang='lat' dir='ltr'>fratribus,</span> <span class='ocrx_word' id='word_1_297' title='bbox 1226 2118 1274 2152; x_wconf 90' lang='lat' dir='ltr'>ut</span> <span class='ocrx_word' id='word_1_298' title='bbox 1308 2108 1472 2152; x_wconf 87' lang='lat' dir='ltr'>dicitur</span> <span class='ocrx_word' id='word_1_299' title='bbox 1504 2107 1640 2153; x_wconf 89' lang='lat' dir='ltr'>Rom.</span> <span class='ocrx_word' id='word_1_300' title='bbox 1668 2108 1735 2161; x_wconf 87' lang='lat'>8.;</span> <span class='ocrx_word' id='word_1_301' title='bbox 1769 2107 1874 2166; x_wconf 82' lang='lat' dir='ltr'>quia</span> <span class='ocrx_word' id='word_1_302' title='bbox 1899 2107 2038 2166; x_wconf 86' lang='lat' dir='ltr'>igitur</span> <span class='ocrx_word' id='word_1_303' title='bbox 2065 2105 2276 2153; x_wconf 86' lang='lat' dir='ltr'>Christus</span> 
     </span>
     <span class='ocr_line' id='line_1_30' title="bbox 307 2173 2275 2235; baseline -0.003 -12"><span class='ocrx_word' id='word_1_304' title='bbox 307 2195 361 2224; x_wconf 82' lang='lat' dir='ltr'>ex</span> <span class='ocrx_word' id='word_1_305' title='bbox 387 2177 578 2222; x_wconf 90' lang='lat' dir='ltr'>muliere</span> <span class='ocrx_word' id='word_1_306' title='bbox 609 2187 742 2221; x_wconf 88' lang='lat' dir='ltr'>natus</span> <span class='ocrx_word' id='word_1_307' title='bbox 771 2187 865 2221; x_wconf 86' lang='lat' dir='ltr'>erat</span> <span class='ocrx_word' id='word_1_308' title='bbox 891 2177 1019 2235; x_wconf 89' lang='lat' dir='ltr'>quasi</span> <span class='ocrx_word' id='word_1_309' title='bbox 1045 2176 1394 2235; x_wconf 86' lang='lat' dir='ltr'>primogenitus,</span> <span class='ocrx_word' id='word_1_310' title='bbox 1422 2185 1467 2219; x_wconf 89' lang='lat' dir='ltr'>et</span> <span class='ocrx_word' id='word_1_311' title='bbox 1491 2175 1638 2219; x_wconf 83' lang='lat' dir='ltr'>voluit</span> <span class='ocrx_word' id='word_1_312' title='bbox 1669 2174 1768 2219; x_wconf 90' lang='lat' dir='ltr'>fieri</span> <span class='ocrx_word' id='word_1_313' title='bbox 1793 2175 1874 2219; x_wconf 92' lang='lat' dir='ltr'>sub</span> <span class='ocrx_word' id='word_1_314' title='bbox 1901 2173 2017 2234; x_wconf 90' lang='lat' dir='ltr'>lege,</span> <span class='ocrx_word' id='word_1_315' title='bbox 2041 2173 2157 2219; x_wconf 83' lang='lat' dir='ltr'>haec</span> <span class='ocrx_word' id='word_1_316' title='bbox 2183 2174 2275 2218; x_wconf 90' lang='lat' dir='ltr'>duo</span> 
     </span>
     <span class='ocr_line' id='line_1_31' title="bbox 306 2240 2275 2304; baseline -0.003 -14"><span class='ocrx_word' id='word_1_317' title='bbox 306 2244 595 2304; x_wconf 87' lang='lat' dir='ltr'>Evangelista</span> <span class='ocrx_word' id='word_1_318' title='bbox 623 2244 772 2289; x_wconf 90' lang='lat' dir='ltr'>Lucas</span> <span class='ocrx_word' id='word_1_319' title='bbox 800 2244 921 2287; x_wconf 86' lang='lat' dir='ltr'>circa</span> <span class='ocrx_word' id='word_1_320' title='bbox 949 2258 1055 2288; x_wconf 90' lang='lat' dir='ltr'>eum</span> <span class='ocrx_word' id='word_1_321' title='bbox 1071 2243 1209 2287; x_wconf 87' lang='lat' dir='ltr'>fuisse</span> <span class='ocrx_word' id='word_1_322' title='bbox 1228 2243 1468 2287; x_wconf 87' lang='lat' dir='ltr'>observata</span> <span class='ocrx_word' id='word_1_323' title='bbox 1485 2242 1704 2286; x_wconf 88' lang='lat' dir='ltr'>ostendit:</span> <span class='ocrx_word' id='word_1_324' title='bbox 1724 2243 1871 2301; x_wconf 83' lang='lat' dir='ltr'>primo</span> <span class='ocrx_word' id='word_1_325' title='bbox 1887 2241 2074 2300; x_wconf 86' lang='lat' dir='ltr'>quidem</span> <span class='ocrx_word' id='word_1_326' title='bbox 2089 2240 2135 2287; x_wconf 82' lang='lat' dir='ltr'>id</span> <span class='ocrx_word' id='word_1_327' title='bbox 2151 2240 2275 2301; x_wconf 91' lang='lat' dir='ltr'>quod</span> 
     </span>
     <span class='ocr_line' id='line_1_32' title="bbox 305 2307 2274 2371; baseline -0.002 -15"><span class='ocrx_word' id='word_1_328' title='bbox 305 2313 499 2371; x_wconf 86' lang='lat' dir='ltr'>pertinet</span> <span class='ocrx_word' id='word_1_329' title='bbox 527 2311 582 2355; x_wconf 91' lang='lat' dir='ltr'>ad</span> <span class='ocrx_word' id='word_1_330' title='bbox 608 2311 955 2370; x_wconf 88' lang='lat' dir='ltr'>primogenitos,</span> <span class='ocrx_word' id='word_1_331' title='bbox 986 2325 1090 2354; x_wconf 89' lang='lat' dir='ltr'>cum</span> <span class='ocrx_word' id='word_1_332' title='bbox 1118 2311 1225 2354; x_wconf 88' lang='lat' dir='ltr'>dicit</span> <span class='ocrx_word' id='word_1_333' title='bbox 1257 2311 1381 2368; x_wconf 81' lang='lat' dir='ltr'>(Luc.</span> <span class='ocrx_word' id='word_1_334' title='bbox 1403 2311 1498 2368; x_wconf 87' lang='lat'><em>2.):</em></span> <span class='ocrx_word' id='word_1_335' title='bbox 1541 2309 1743 2353; x_wconf 84' lang='lat' dir='ltr'>Tulerunt</span> <span class='ocrx_word' id='word_1_336' title='bbox 1767 2309 1888 2354; x_wconf 83' lang='lat' dir='ltr'>illum</span> <span class='ocrx_word' id='word_1_337' title='bbox 1923 2310 1970 2352; x_wconf 83' lang='lat' dir='ltr'>in</span> <span class='ocrx_word' id='word_1_338' title='bbox 1994 2307 2274 2362; x_wconf 72' lang='lat' dir='ltr'>Hierusalem,</span> 
     </span>
     <span class='ocr_line' id='line_1_33' title="bbox 306 2375 2277 2437; baseline -0.003 -13"><span class='ocrx_word' id='word_1_339' title='bbox 306 2387 352 2426; x_wconf 86' lang='lat' dir='ltr'>ut</span> <span class='ocrx_word' id='word_1_340' title='bbox 375 2382 562 2425; x_wconf 80' lang='lat' dir='ltr'>sisterent</span> <span class='ocrx_word' id='word_1_341' title='bbox 585 2394 679 2423; x_wconf 88' lang='lat' dir='ltr'>eum</span> <span class='ocrx_word' id='word_1_342' title='bbox 695 2380 883 2423; x_wconf 85' lang='lat' dir='ltr'>Domino</span> <span class='ocrx_word' id='word_1_343' title='bbox 895 2394 912 2436; x_wconf 85' lang='lat'>,·</span> <span class='ocrx_word' id='word_1_344' title='bbox 939 2380 1047 2423; x_wconf 79' lang='lat' dir='ltr'>sicut</span> <span class='ocrx_word' id='word_1_345' title='bbox 1070 2380 1271 2437; x_wconf 82' lang='lat' dir='ltr'>scriptum</span> <span class='ocrx_word' id='word_1_346' title='bbox 1289 2385 1345 2423; x_wconf 83' lang='lat' dir='ltr'>est</span> <span class='ocrx_word' id='word_1_347' title='bbox 1366 2380 1411 2422; x_wconf 86' lang='lat' dir='ltr'>in</span> <span class='ocrx_word' id='word_1_348' title='bbox 1429 2378 1509 2436; x_wconf 82' lang='lat' dir='ltr'>lege</span> <span class='ocrx_word' id='word_1_349' title='bbox 1527 2378 1723 2430; x_wconf 85' lang='lat' dir='ltr'>Domini,</span> <span class='ocrx_word' id='word_1_350' title='bbox 1749 2377 1848 2435; x_wconf 85' lang='lat' dir='ltr'>quia</span> <span class='ocrx_word' id='word_1_351' title='bbox 1865 2391 1984 2421; x_wconf 87' lang='lat' dir='ltr'>omne</span> <span class='ocrx_word' id='word_1_352' title='bbox 1999 2375 2277 2422; x_wconf 78' lang='lat' dir='ltr'>masculinum</span> 
     </span>
     <span class='ocr_line' id='line_1_34' title="bbox 307 2443 2278 2507; baseline -0.002 -15"><span class='ocrx_word' id='word_1_353' title='bbox 307 2448 550 2507; x_wconf 85' lang='lat' dir='ltr'>adaperiens</span> <span class='ocrx_word' id='word_1_354' title='bbox 574 2448 765 2500; x_wconf 81' lang='lat' dir='ltr'>vulvam,</span> <span class='ocrx_word' id='word_1_355' title='bbox 790 2453 980 2491; x_wconf 81' lang='lat' dir='ltr'>sanetum</span> <span class='ocrx_word' id='word_1_356' title='bbox 998 2447 1186 2490; x_wconf 82' lang='lat' dir='ltr'>Domino</span> <span class='ocrx_word' id='word_1_357' title='bbox 1204 2447 1428 2491; x_wconf 79' lang='lat' dir='ltr'>vocabitur</span> <span class='ocrx_word' id='word_1_358' title='bbox 1437 2461 1453 2498; x_wconf 91' lang='lat'><em>;</em></span> <span class='ocrx_word' id='word_1_359' title='bbox 1476 2444 1651 2490; x_wconf 84' lang='lat' dir='ltr'>secundo</span> <span class='ocrx_word' id='word_1_360' title='bbox 1669 2443 1781 2488; x_wconf 89' lang='lat' dir='ltr'>illud</span> <span class='ocrx_word' id='word_1_361' title='bbox 1799 2443 1921 2503; x_wconf 89' lang='lat' dir='ltr'>quod</span> <span class='ocrx_word' id='word_1_362' title='bbox 1947 2443 2139 2503; x_wconf 79' lang='lat' dir='ltr'>pertinet</span> <span class='ocrx_word' id='word_1_363' title='bbox 2154 2457 2278 2489; x_wconf 83' lang='lat' dir='ltr'>com-</span> 
     </span>
     <span class='ocr_line' id='line_1_35' title="bbox 307 2511 2278 2571; baseline -0.002 -12"><span class='ocrx_word' id='word_1_364' title='bbox 307 2515 506 2559; x_wconf 89' lang='lat' dir='ltr'>muniter</span> <span class='ocrx_word' id='word_1_365' title='bbox 532 2514 588 2558; x_wconf 90' lang='lat' dir='ltr'>ad</span> <span class='ocrx_word' id='word_1_366' title='bbox 620 2527 796 2567; x_wconf 88' lang='lat' dir='ltr'>omnes,</span> <span class='ocrx_word' id='word_1_367' title='bbox 834 2528 939 2557; x_wconf 92' lang='lat' dir='ltr'>cum</span> <span class='ocrx_word' id='word_1_368' title='bbox 967 2513 1097 2558; x_wconf 90' lang='lat' dir='ltr'>dicit:</span> <span class='ocrx_word' id='word_1_369' title='bbox 1145 2515 1201 2559; x_wconf 88' lang='lat' dir='ltr'>Ut</span> <span class='ocrx_word' id='word_1_370' title='bbox 1226 2514 1373 2558; x_wconf 85' lang='lat' dir='ltr'>darent</span> <span class='ocrx_word' id='word_1_371' title='bbox 1398 2514 1590 2567; x_wconf 81' lang='lat' dir='ltr'>hostiam,</span> <span class='ocrx_word' id='word_1_372' title='bbox 1617 2511 1838 2557; x_wconf 82' lang='lat' dir='ltr'>secundum</span> <span class='ocrx_word' id='word_1_373' title='bbox 1865 2511 1973 2571; x_wconf 85' lang='lat' dir='ltr'>quod</span> <span class='ocrx_word' id='word_1_374' title='bbox 1997 2511 2153 2557; x_wconf 80' lang='lat' dir='ltr'>dictum</span> <span class='ocrx_word' id='word_1_375' title='bbox 2182 2517 2278 2557; x_wconf 83' lang='lat' dir='ltr'>erat</span> 
     </span>
     <span class='ocr_line' id='line_1_36' title="bbox 307 2580 1750 2642; baseline -0.003 -14"><span class='ocrx_word' id='word_1_376' title='bbox 307 2585 352 2628; x_wconf 84' lang='lat' dir='ltr'>in</span> <span class='ocrx_word' id='word_1_377' title='bbox 385 2583 465 2642; x_wconf 84' lang='lat' dir='ltr'>lege</span> <span class='ocrx_word' id='word_1_378' title='bbox 490 2583 686 2635; x_wconf 81' lang='lat' dir='ltr'>Domini,</span> <span class='ocrx_word' id='word_1_379' title='bbox 706 2589 791 2640; x_wconf 83' lang='lat' dir='ltr'>par</span> <span class='ocrx_word' id='word_1_380' title='bbox 817 2587 1044 2635; x_wconf 83' lang='lat' dir='ltr'>turturum,</span> <span class='ocrx_word' id='word_1_381' title='bbox 1073 2588 1146 2626; x_wconf 85' lang='lat' dir='ltr'>aut</span> <span class='ocrx_word' id='word_1_382' title='bbox 1171 2581 1270 2625; x_wconf 79' lang='lat' dir='ltr'>duos</span> <span class='ocrx_word' id='word_1_383' title='bbox 1284 2581 1422 2640; x_wconf 84' lang='lat' dir='ltr'>pullos</span> <span class='ocrx_word' id='word_1_384' title='bbox 1448 2580 1750 2625; x_wconf 79' lang='lat' dir='ltr'>columbarum.</span> 
     </span>
    </p>

    <p class='ocr_par' dir='ltr' id='par_1_7' title="bbox 308 2645 2278 2912">
     <span class='ocr_line' id='line_1_37' title="bbox 392 2645 2277 2707; baseline -0.003 -12"><span class='ocrx_word' id='word_1_385' title='bbox 392 2650 469 2695; x_wconf 84' lang='lat' dir='ltr'>An</span> <span class='ocrx_word' id='word_1_386' title='bbox 496 2662 685 2694; x_wconf 82' lang='lat' dir='ltr'>PRIMUM</span> <span class='ocrx_word' id='word_1_387' title='bbox 712 2663 823 2707; x_wconf 89' lang='lat' dir='ltr'>ergo</span> <span class='ocrx_word' id='word_1_388' title='bbox 850 2648 1109 2702; x_wconf 85' lang='lat' dir='ltr'>dicendum,</span> <span class='ocrx_word' id='word_1_389' title='bbox 1137 2648 1275 2707; x_wconf 90' lang='lat' dir='ltr'>quod,</span> <span class='ocrx_word' id='word_1_390' title='bbox 1298 2648 1416 2693; x_wconf 90' lang='lat' dir='ltr'>sicut</span> <span class='ocrx_word' id='word_1_391' title='bbox 1442 2647 1693 2706; x_wconf 84' lang='lat' dir='ltr'>Gregorius</span> <span class='ocrx_word' id='word_1_392' title='bbox 1714 2647 1950 2705; x_wconf 91' lang='lat' dir='ltr'>Nyssenus</span> <span class='ocrx_word' id='word_1_393' title='bbox 1972 2645 2083 2699; x_wconf 85' lang='lat' dir='ltr'>dicit</span> <span class='ocrx_word' id='word_1_394' title='bbox 2100 2646 2216 2704; x_wconf 80' lang='lat' dir='ltr'>(hab.</span> <span class='ocrx_word' id='word_1_395' title='bbox 2227 2646 2277 2690; x_wconf 78' lang='lat' dir='ltr'>in</span> 
     </span>
     <span class='ocr_line' id='line_1_38' title="bbox 312 2712 2278 2773; baseline -0.003 -10"><span class='ocrx_word' id='word_1_396' title='bbox 312 2718 471 2763; x_wconf 84' lang='lat' dir='ltr'>Catena</span> <span class='ocrx_word' id='word_1_397' title='bbox 487 2717 546 2761; x_wconf 92' lang='lat' dir='ltr'>D.</span> <span class='ocrx_word' id='word_1_398' title='bbox 578 2716 656 2760; x_wconf 88' lang='lat' dir='ltr'>Th.</span> <span class='ocrx_word' id='word_1_399' title='bbox 675 2723 764 2773; x_wconf 79' lang='lat' dir='ltr'>sup.</span> <span class='ocrx_word' id='word_1_400' title='bbox 788 2715 892 2759; x_wconf 83' lang='lat' dir='ltr'>illud</span> <span class='ocrx_word' id='word_1_401' title='bbox 912 2715 1052 2759; x_wconf 82' lang='lat' dir='ltr'>Lucae</span> <span class='ocrx_word' id='word_1_402' title='bbox 1076 2729 1142 2760; x_wconf 90' lang='lat'>2.:</span> <span class='ocrx_word' id='word_1_403' title='bbox 1169 2715 1371 2760; x_wconf 80' lang='lat' dir='ltr'>Sanctum</span> <span class='ocrx_word' id='word_1_404' title='bbox 1399 2716 1601 2768; x_wconf 82' lang='lat' dir='ltr'>Domino,</span> <span class='ocrx_word' id='word_1_405' title='bbox 1630 2715 1742 2772; x_wconf 71' lang='lat' dir='ltr'>etc),</span> <span class='ocrx_word' id='word_1_406' title='bbox 1773 2712 1927 2758; x_wconf 88' lang='lat' dir='ltr'>«illud</span> <span class='ocrx_word' id='word_1_407' title='bbox 1950 2712 2065 2772; x_wconf 88' lang='lat' dir='ltr'>legis</span> <span class='ocrx_word' id='word_1_408' title='bbox 2097 2727 2278 2772; x_wconf 85' lang='lat' dir='ltr'>praece·</span> 
     </span>
     <span class='ocr_line' id='line_1_39' title="bbox 308 2779 2274 2844; baseline -0.002 -15"><span class='ocrx_word' id='word_1_409' title='bbox 308 2794 437 2844; x_wconf 89' lang='lat' dir='ltr'>ptum</span> <span class='ocrx_word' id='word_1_410' title='bbox 455 2784 502 2829; x_wconf 89' lang='lat' dir='ltr'>in</span> <span class='ocrx_word' id='word_1_411' title='bbox 519 2782 620 2827; x_wconf 88' lang='lat' dir='ltr'>solo</span> <span class='ocrx_word' id='word_1_412' title='bbox 639 2782 877 2826; x_wconf 89' lang='lat' dir='ltr'>incarnato</span> <span class='ocrx_word' id='word_1_413' title='bbox 894 2782 997 2826; x_wconf 92' lang='lat' dir='ltr'>Deo</span> <span class='ocrx_word' id='word_1_414' title='bbox 1017 2781 1317 2840; x_wconf 87' lang='lat' dir='ltr'>singulariter,</span> <span class='ocrx_word' id='word_1_415' title='bbox 1336 2791 1380 2825; x_wconf 90' lang='lat' dir='ltr'>et</span> <span class='ocrx_word' id='word_1_416' title='bbox 1401 2782 1454 2825; x_wconf 84' lang='lat' dir='ltr'>ab</span> <span class='ocrx_word' id='word_1_417' title='bbox 1479 2781 1577 2825; x_wconf 87' lang='lat' dir='ltr'>aliis</span> <span class='ocrx_word' id='word_1_418' title='bbox 1595 2780 1854 2825; x_wconf 86' lang='lat' dir='ltr'>differenter</span> <span class='ocrx_word' id='word_1_419' title='bbox 1874 2779 2055 2840; x_wconf 88' lang='lat' dir='ltr'>impleri</span> <span class='ocrx_word' id='word_1_420' title='bbox 2074 2780 2274 2826; x_wconf 86' lang='lat' dir='ltr'>videtur:</span> 
     </span>
     <span class='ocr_line' id='line_1_40' title="bbox 308 2846 2264 2912; baseline -0.002 -16"><span class='ocrx_word' id='word_1_421' title='bbox 308 2853 405 2912; x_wconf 89' lang='lat' dir='ltr'>ipse</span> <span class='ocrx_word' id='word_1_422' title='bbox 431 2864 631 2909; x_wconf 91' lang='lat' dir='ltr'>namque</span> <span class='ocrx_word' id='word_1_423' title='bbox 658 2848 784 2893; x_wconf 90' lang='lat' dir='ltr'>solus</span> <span class='ocrx_word' id='word_1_424' title='bbox 811 2848 1099 2892; x_wconf 84' lang='lat' dir='ltr'>ineffabiliter</span> <span class='ocrx_word' id='word_1_425' title='bbox 1127 2860 1391 2908; x_wconf 88' lang='lat' dir='ltr'>conceptus,</span> <span class='ocrx_word' id='word_1_426' title='bbox 1415 2863 1466 2893; x_wconf 88' lang='lat' dir='ltr'>ac</span> <span class='ocrx_word' id='word_1_427' title='bbox 1484 2846 2003 2907; x_wconf 82' lang='lat' dir='ltr'>incomprehensibiliter</span> <span class='ocrx_word' id='word_1_428' title='bbox 2020 2847 2179 2903; x_wconf 88' lang='lat' dir='ltr'>editus,</span> <span class='ocrx_word' id='word_1_429' title='bbox 2193 2846 2264 2893; x_wconf 85' lang='lat' dir='ltr'>vit</span> 
     </span>
    </p>
   </div>
   <div class='ocr_carea' id='block_1_3' title="bbox 310 2916 2351 2977">
    <p class='ocr_par' dir='ltr' id='par_1_8' title="bbox 310 2916 2351 2977">
     <span class='ocr_line' id='line_1_41' title="bbox 310 2916 2351 2977; baseline -0.001 -15"><span class='ocrx_word' id='word_1_430' title='bbox 310 2919 511 2977; x_wconf 88' lang='lat' dir='ltr'>ginalem</span> <span class='ocrx_word' id='word_1_431' title='bbox 529 2928 708 2962; x_wconf 89' lang='lat' dir='ltr'>uterum</span> <span class='ocrx_word' id='word_1_432' title='bbox 732 2916 919 2975; x_wconf 88' lang='lat' dir='ltr'>aperuit,</span> <span class='ocrx_word' id='word_1_433' title='bbox 931 2930 1025 2963; x_wconf 88' lang='lat' dir='ltr'>non</span> <span class='ocrx_word' id='word_1_434' title='bbox 1046 2926 1175 2960; x_wconf 88' lang='lat' dir='ltr'>antea</span> <span class='ocrx_word' id='word_1_435' title='bbox 1195 2916 1424 2960; x_wconf 88' lang='lat' dir='ltr'>connubio</span> <span class='ocrx_word' id='word_1_436' title='bbox 1441 2926 1706 2968; x_wconf 87' lang='lat' dir='ltr'>reseratum,</span> <span class='ocrx_word' id='word_1_437' title='bbox 1720 2929 1903 2959; x_wconf 89' lang='lat' dir='ltr'>servans</span> <span class='ocrx_word' id='word_1_438' title='bbox 1921 2924 1965 2960; x_wconf 93' lang='lat' dir='ltr'>et</span> <span class='ocrx_word' id='word_1_439' title='bbox 1979 2925 2082 2975; x_wconf 88' lang='lat' dir='ltr'>post</span> <span class='ocrx_word' id='word_1_440' title='bbox 2097 2924 2277 2975; x_wconf 86' lang='lat' dir='ltr'>partum</span> <span class='ocrx_word' id='word_1_441' title='bbox 2349 2927 2351 2929; x_wconf 76' lang='grc'>’</span> 
     </span>
    </p>
   </div>
   <div class='ocr_carea' id='block_1_4' title="bbox 308 2982 2279 3112">
    <p class='ocr_par' dir='ltr' id='par_1_9' title="bbox 308 2982 2279 3112">
     <span class='ocr_line' id='line_1_42' title="bbox 308 2982 2279 3043; baseline -0.002 -13"><span class='ocrx_word' id='word_1_442' title='bbox 308 2984 571 3030; x_wconf 88' lang='lat' dir='ltr'>inviolabile</span> <span class='ocrx_word' id='word_1_443' title='bbox 599 2984 887 3043; x_wconf 85' lang='lat' dir='ltr'>signaculum</span> <span class='ocrx_word' id='word_1_444' title='bbox 916 2983 1131 3028; x_wconf 82' lang='lat' dir='ltr'>castitatis</span> <span class='ocrx_word' id='word_1_445' title='bbox 1151 2999 1202 3038; x_wconf 82' lang='lat'>»;</span> <span class='ocrx_word' id='word_1_446' title='bbox 1230 2984 1348 3027; x_wconf 89' lang='lat' dir='ltr'>unde</span> <span class='ocrx_word' id='word_1_447' title='bbox 1378 2984 1497 3042; x_wconf 90' lang='lat' dir='ltr'>quod</span> <span class='ocrx_word' id='word_1_448' title='bbox 1527 2983 1649 3037; x_wconf 84' lang='lat' dir='ltr'>dicit,</span> <span class='ocrx_word' id='word_1_449' title='bbox 1677 2983 1920 3042; x_wconf 80' lang='lat' dir='ltr'>adaperiens</span> <span class='ocrx_word' id='word_1_450' title='bbox 1943 2982 2134 3037; x_wconf 84' lang='lat' dir='ltr'>vulvam,</span> <span class='ocrx_word' id='word_1_451' title='bbox 2167 2982 2279 3027; x_wconf 89' lang='lat' dir='ltr'>desi-</span> 
     </span>
     <span class='ocr_line' id='line_1_43' title="bbox 310 3049 2279 3112; baseline -0.002 -16"><span class='ocrx_word' id='word_1_452' title='bbox 310 3063 432 3112; x_wconf 86' lang='lat' dir='ltr'>gnat,</span> <span class='ocrx_word' id='word_1_453' title='bbox 462 3051 583 3112; x_wconf 91' lang='lat' dir='ltr'>quod</span> <span class='ocrx_word' id='word_1_454' title='bbox 610 3051 724 3095; x_wconf 89' lang='lat' dir='ltr'>nihil</span> <span class='ocrx_word' id='word_1_455' title='bbox 754 3061 885 3095; x_wconf 90' lang='lat' dir='ltr'>antea</span> <span class='ocrx_word' id='word_1_456' title='bbox 913 3051 1015 3094; x_wconf 86' lang='lat' dir='ltr'>inde</span> <span class='ocrx_word' id='word_1_457' title='bbox 1044 3050 1301 3103; x_wconf 86' lang='lat' dir='ltr'>intraverat,</span> <span class='ocrx_word' id='word_1_458' title='bbox 1329 3050 1402 3094; x_wconf 89' lang='lat' dir='ltr'>vel</span> <span class='ocrx_word' id='word_1_459' title='bbox 1429 3051 1651 3094; x_wconf 82' lang='lat' dir='ltr'>exiverat:</span> <span class='ocrx_word' id='word_1_460' title='bbox 1675 3060 1719 3094; x_wconf 92' lang='lat' dir='ltr'>et</span> <span class='ocrx_word' id='word_1_461' title='bbox 1743 3063 1823 3108; x_wconf 92' lang='lat' dir='ltr'>per</span> <span class='ocrx_word' id='word_1_462' title='bbox 1847 3050 1938 3093; x_wconf 88' lang='lat' dir='ltr'>hoc</span> <span class='ocrx_word' id='word_1_463' title='bbox 1957 3049 2094 3093; x_wconf 89' lang='lat' dir='ltr'>etiam</span> <span class='ocrx_word' id='word_1_464' title='bbox 2110 3049 2279 3111; x_wconf 85' lang='lat' dir='ltr'>specia-</span> 
     </span>
    </p>
   </div>
   <div class='ocr_carea' id='block_1_5' title="bbox 309 3113 2352 3245">
    <p class='ocr_par' dir='ltr' id='par_1_10' title="bbox 309 3113 2352 3245">
     <span class='ocr_line' id='line_1_44' title="bbox 309 3113 2352 3176; baseline -0.002 -12"><span class='ocrx_word' id='word_1_465' title='bbox 309 3120 409 3164; x_wconf 87' lang='lat' dir='ltr'>liter</span> <span class='ocrx_word' id='word_1_466' title='bbox 432 3120 594 3163; x_wconf 87' lang='lat' dir='ltr'>dicitur</span> <span class='ocrx_word' id='word_1_467' title='bbox 619 3119 886 3172; x_wconf 81' lang='lat' dir='ltr'>masculinus,</span> <span class='ocrx_word' id='word_1_468' title='bbox 907 3119 1009 3176; x_wconf 69' lang='lat' dir='ltr'>quia</span> <span class='ocrx_word' id='word_1_469' title='bbox 1028 3117 1142 3161; x_wconf 89' lang='lat' dir='ltr'>nihil</span> <span class='ocrx_word' id='word_1_470' title='bbox 1161 3118 1214 3161; x_wconf 88' lang='lat' dir='ltr'>de</span> <span class='ocrx_word' id='word_1_471' title='bbox 1243 3117 1553 3161; x_wconf 87' lang='lat' dir='ltr'>foemineitate</span> <span class='ocrx_word' id='word_1_472' title='bbox 1574 3117 1733 3176; x_wconf 86' lang='lat' dir='ltr'>culpae</span> <span class='ocrx_word' id='word_1_473' title='bbox 1751 3116 1969 3176; x_wconf 87' lang='lat' dir='ltr'>portavit:</span> <span class='ocrx_word' id='word_1_474' title='bbox 1992 3115 2278 3175; x_wconf 72' lang='lat' dir='ltr'>singulariter</span> <span class='ocrx_word' id='word_1_475' title='bbox 2350 3113 2352 3115; x_wconf 40' lang='grc'><strong>“</strong></span> 
     </span>
     <span class='ocr_line' id='line_1_45' title="bbox 314 3182 2280 3245; baseline -0.003 -13"><span class='ocrx_word' id='word_1_476' title='bbox 314 3188 452 3232; x_wconf 88' lang='lat' dir='ltr'>etiam</span> <span class='ocrx_word' id='word_1_477' title='bbox 484 3204 507 3228; x_wconf 75' lang='grc' dir='ltr'>ι(</span> <span class='ocrx_word' id='word_1_478' title='bbox 525 3196 723 3240; x_wconf 88' lang='lat' dir='ltr'>sanctus,</span> <span class='ocrx_word' id='word_1_479' title='bbox 757 3186 861 3245; x_wconf 89' lang='lat' dir='ltr'>quia</span> <span class='ocrx_word' id='word_1_480' title='bbox 884 3195 1089 3229; x_wconf 88' lang='lat' dir='ltr'>terrenae</span> <span class='ocrx_word' id='word_1_481' title='bbox 1118 3185 1331 3243; x_wconf 85' lang='lat' dir='ltr'>contagia</span> <span class='ocrx_word' id='word_1_482' title='bbox 1360 3184 1641 3244; x_wconf 84' lang='lat' dir='ltr'>corruptelae</span> <span class='ocrx_word' id='word_1_483' title='bbox 1668 3183 1952 3229; x_wconf 84' lang='lat' dir='ltr'>immaculati</span> <span class='ocrx_word' id='word_1_484' title='bbox 1977 3192 2130 3243; x_wconf 85' lang='lat' dir='ltr'>partus</span> <span class='ocrx_word' id='word_1_485' title='bbox 2154 3182 2280 3228; x_wconf 84' lang='lat' dir='ltr'>novi·</span> 
     </span>
    </p>
   </div>
   <div class='ocr_carea' id='block_1_6' title="bbox 308 3252 2276 3378">
    <p class='ocr_par' dir='ltr' id='par_1_11' title="bbox 308 3252 2276 3378">
     <span class='ocr_line' id='line_1_46' title="bbox 308 3252 1480 3310; baseline -0.003 -11"><span class='ocrx_word' id='word_1_486' title='bbox 308 3265 399 3299; x_wconf 86' lang='lat' dir='ltr'>tate</span> <span class='ocrx_word' id='word_1_487' title='bbox 426 3269 520 3299; x_wconf 88' lang='lat' dir='ltr'>non</span> <span class='ocrx_word' id='word_1_488' title='bbox 548 3254 730 3298; x_wconf 82' lang='lat' dir='ltr'>sensit»</span> <span class='ocrx_word' id='word_1_489' title='bbox 764 3253 935 3310; x_wconf 81' lang='lat' dir='ltr'>(Ambr.</span> <span class='ocrx_word' id='word_1_490' title='bbox 963 3254 1007 3295; x_wconf 80' lang='lat' dir='ltr'>in</span> <span class='ocrx_word' id='word_1_491' title='bbox 1034 3252 1140 3296; x_wconf 78' lang='lat' dir='ltr'>hunc</span> <span class='ocrx_word' id='word_1_492' title='bbox 1169 3253 1242 3295; x_wconf 81' lang='lat' dir='ltr'>loc.</span> <span class='ocrx_word' id='word_1_493' title='bbox 1271 3252 1373 3296; x_wconf 83' lang='lat' dir='ltr'><em>Luc.</em></span> <span class='ocrx_word' id='word_1_494' title='bbox 1403 3252 1480 3308; x_wconf 84' lang='lat'><strong><em>2.).</em></strong></span> 
     </span>
     <span class='ocr_line' id='line_1_47' title="bbox 400 3315 2276 3378; baseline -0.003 -11"><span class='ocrx_word' id='word_1_495' title='bbox 400 3322 475 3366; x_wconf 85' lang='lat' dir='ltr'>AD</span> <span class='ocrx_word' id='word_1_496' title='bbox 509 3334 771 3366; x_wconf 76' lang='lat' dir='ltr'>SECUNDUM</span> <span class='ocrx_word' id='word_1_497' title='bbox 798 3319 1058 3372; x_wconf 89' lang='lat' dir='ltr'>dicendum,</span> <span class='ocrx_word' id='word_1_498' title='bbox 1087 3319 1209 3377; x_wconf 86' lang='lat' dir='ltr'>quod</span> <span class='ocrx_word' id='word_1_499' title='bbox 1238 3319 1354 3362; x_wconf 89' lang='lat' dir='ltr'>sicut</span> <span class='ocrx_word' id='word_1_500' title='bbox 1385 3317 1525 3363; x_wconf 85' lang='lat' dir='ltr'>Filius</span> <span class='ocrx_word' id='word_1_501' title='bbox 1552 3319 1639 3363; x_wconf 89' lang='lat' dir='ltr'>Dei</span> <span class='ocrx_word' id='word_1_502' title='bbox 1666 3332 1759 3362; x_wconf 91' lang='lat' dir='ltr'>non</span> <span class='ocrx_word' id='word_1_503' title='bbox 1786 3327 1971 3378; x_wconf 88' lang='lat' dir='ltr'>propter</span> <span class='ocrx_word' id='word_1_504' title='bbox 1994 3317 2198 3377; x_wconf 85' lang='lat' dir='ltr'>seipsum</span> <span class='ocrx_word' id='word_1_505' title='bbox 2214 3315 2276 3361; x_wconf 88' lang='lat' dir='ltr'>fa-</span> 
     </span>
    </p>
   </div>
   <div class='ocr_carea' id='block_1_7' title="bbox 313 3383 2341 3444">
    <p class='ocr_par' dir='ltr' id='par_1_12' title="bbox 313 3383 2341 3444">
     <span class='ocr_line' id='line_1_48' title="bbox 313 3383 2341 3444; baseline -0.002 -11"><span class='ocrx_word' id='word_1_506' title='bbox 313 3401 409 3434; x_wconf 89' lang='lat' dir='ltr'>ctus</span> <span class='ocrx_word' id='word_1_507' title='bbox 433 3399 499 3433; x_wconf 88' lang='lat' dir='ltr'>est</span> <span class='ocrx_word' id='word_1_508' title='bbox 524 3389 686 3442; x_wconf 81' lang='lat' dir='ltr'>homo,</span> <span class='ocrx_word' id='word_1_509' title='bbox 714 3398 758 3432; x_wconf 92' lang='lat' dir='ltr'>et</span> <span class='ocrx_word' id='word_1_510' title='bbox 786 3387 1080 3432; x_wconf 87' lang='lat' dir='ltr'>circumcisus</span> <span class='ocrx_word' id='word_1_511' title='bbox 1107 3386 1152 3429; x_wconf 86' lang='lat' dir='ltr'>in</span> <span class='ocrx_word' id='word_1_512' title='bbox 1181 3400 1330 3439; x_wconf 81' lang='lat' dir='ltr'>carne,</span> <span class='ocrx_word' id='word_1_513' title='bbox 1355 3386 1433 3429; x_wconf 90' lang='lat' dir='ltr'>sed</span> <span class='ocrx_word' id='word_1_514' title='bbox 1461 3395 1509 3430; x_wconf 91' lang='lat' dir='ltr'>ut</span> <span class='ocrx_word' id='word_1_515' title='bbox 1527 3400 1614 3430; x_wconf 91' lang='lat' dir='ltr'>nos</span> <span class='ocrx_word' id='word_1_516' title='bbox 1636 3399 1715 3444; x_wconf 90' lang='lat' dir='ltr'>per</span> <span class='ocrx_word' id='word_1_517' title='bbox 1738 3385 1931 3444; x_wconf 85' lang='lat' dir='ltr'>gratiam</span> <span class='ocrx_word' id='word_1_518' title='bbox 1951 3383 2122 3431; x_wconf 78' lang='lat' dir='ltr'>faceret</span> <span class='ocrx_word' id='word_1_519' title='bbox 2135 3384 2277 3438; x_wconf 88' lang='lat' dir='ltr'>Deos,</span> <span class='ocrx_word' id='word_1_520' title='bbox 2339 3383 2341 3386; x_wconf 67' lang='grc'>’</span> 
     </span>
    </p>
   </div>
   <div class='ocr_carea' id='block_1_8' title="bbox 312 3451 2278 3646">
    <p class='ocr_par' dir='ltr' id='par_1_13' title="bbox 312 3451 2278 3646">
     <span class='ocr_line' id='line_1_49' title="bbox 312 3451 2278 3515; baseline -0.001 -15"><span class='ocrx_word' id='word_1_521' title='bbox 312 3467 357 3500; x_wconf 85' lang='grc'>61</span> <span class='ocrx_word' id='word_1_522' title='bbox 371 3466 418 3499; x_wconf 86' lang='grc'>111</span> <span class='ocrx_word' id='word_1_523' title='bbox 440 3455 731 3515; x_wconf 85' lang='lat' dir='ltr'>spiritualiter</span> <span class='ocrx_word' id='word_1_524' title='bbox 750 3453 1154 3507; x_wconf 86' lang='lat' dir='ltr'>circumcidamur;</span> <span class='ocrx_word' id='word_1_525' title='bbox 1172 3455 1235 3497; x_wconf 88' lang='lat' dir='ltr'>sic</span> <span class='ocrx_word' id='word_1_526' title='bbox 1255 3463 1438 3512; x_wconf 88' lang='lat' dir='ltr'>propter</span> <span class='ocrx_word' id='word_1_527' title='bbox 1457 3467 1541 3497; x_wconf 91' lang='lat' dir='ltr'>nos</span> <span class='ocrx_word' id='word_1_528' title='bbox 1559 3453 1728 3497; x_wconf 87' lang='lat' dir='ltr'>sistitur</span> <span class='ocrx_word' id='word_1_529' title='bbox 1745 3453 1966 3507; x_wconf 81' lang='lat' dir='ltr'>Domino,</span> <span class='ocrx_word' id='word_1_530' title='bbox 1985 3461 2034 3497; x_wconf 83' lang='lat' dir='ltr'>ut</span> <span class='ocrx_word' id='word_1_531' title='bbox 2049 3451 2278 3499; x_wconf 80' lang='lat' dir='ltr'>discamus</span> 
     </span>
     <span class='ocr_line' id='line_1_50' title="bbox 312 3517 2276 3582; baseline -0.002 -15"><span class='ocrx_word' id='word_1_532' title='bbox 312 3525 414 3567; x_wconf 86' lang='lat' dir='ltr'>Deo</span> <span class='ocrx_word' id='word_1_533' title='bbox 440 3533 727 3582; x_wconf 84' lang='lat' dir='ltr'>praesentare</span> <span class='ocrx_word' id='word_1_534' title='bbox 755 3521 1084 3579; x_wconf 86' lang='lat' dir='ltr'>nosmetipsos:</span> <span class='ocrx_word' id='word_1_535' title='bbox 1119 3530 1163 3563; x_wconf 90' lang='lat' dir='ltr'>et</span> <span class='ocrx_word' id='word_1_536' title='bbox 1189 3520 1278 3563; x_wconf 88' lang='lat' dir='ltr'>hoc</span> <span class='ocrx_word' id='word_1_537' title='bbox 1307 3530 1410 3578; x_wconf 86' lang='lat' dir='ltr'>post</span> <span class='ocrx_word' id='word_1_538' title='bbox 1439 3520 1836 3564; x_wconf 86' lang='lat' dir='ltr'>circumcisionem</span> <span class='ocrx_word' id='word_1_539' title='bbox 1862 3520 1959 3578; x_wconf 88' lang='lat' dir='ltr'>ejus</span> <span class='ocrx_word' id='word_1_540' title='bbox 1991 3517 2163 3564; x_wconf 80' lang='lat' dir='ltr'>factum</span> <span class='ocrx_word' id='word_1_541' title='bbox 2195 3527 2276 3573; x_wconf 79' lang='lat' dir='ltr'>est,</span> 
     </span>
     <span class='ocr_line' id='line_1_51' title="bbox 314 3585 2275 3646; baseline -0.002 -12"><span class='ocrx_word' id='word_1_542' title='bbox 314 3601 360 3634; x_wconf 84' lang='lat' dir='ltr'>ut</span> <span class='ocrx_word' id='word_1_543' title='bbox 379 3591 602 3644; x_wconf 87' lang='lat' dir='ltr'>ostendat,</span> <span class='ocrx_word' id='word_1_544' title='bbox 616 3590 866 3643; x_wconf 87' lang='lat' dir='ltr'>neminem,</span> <span class='ocrx_word' id='word_1_545' title='bbox 879 3588 964 3632; x_wconf 88' lang='lat' dir='ltr'>nisi</span> <span class='ocrx_word' id='word_1_546' title='bbox 980 3587 1299 3631; x_wconf 87' lang='lat' dir='ltr'>circumcisum</span> <span class='ocrx_word' id='word_1_547' title='bbox 1311 3587 1443 3640; x_wconf 85' lang='lat' dir='ltr'>vitiis,</span> <span class='ocrx_word' id='word_1_548' title='bbox 1458 3587 1643 3645; x_wconf 86' lang='lat' dir='ltr'>dignum</span> <span class='ocrx_word' id='word_1_549' title='bbox 1660 3601 1756 3631; x_wconf 84' lang='lat' dir='ltr'>esse</span> <span class='ocrx_word' id='word_1_550' title='bbox 1770 3586 1932 3632; x_wconf 85' lang='lat' dir='ltr'>divinis</span> <span class='ocrx_word' id='word_1_551' title='bbox 1945 3585 2275 3646; x_wconf 73' lang='lat' dir='ltr'>conspectibus.</span> 
     </span>
    </p>
   </div>
   <div class='ocr_carea' id='block_1_9' title="bbox 2343 3628 2352 3791">
    <p class='ocr_par' dir='ltr' id='par_1_14' title="bbox 2343 3603 2352 3791">
     <span class='ocr_line' id='line_1_52' title="bbox 2343 3628 2352 3791; baseline 0 -170"><span class='ocrx_word' id='word_1_552' title='bbox 2343 3628 2352 3791; x_wconf 71' lang='lat' dir='ltr'>i</span> 
     </span>
    </p>
   </div>
   <div class='ocr_carea' id='block_1_10' title="bbox 2342 3792 2352 3852">
    <p class='ocr_par' dir='ltr' id='par_1_15' title="bbox 2342 3792 2352 3852">
     <span class='ocr_line' id='line_1_53' title="bbox 2342 3792 2352 3852; baseline 0 -46"><span class='ocrx_word' id='word_1_553' title='bbox 2342 3792 2352 3852; x_wconf 53' lang='grc' dir='ltr'>ξ</span> 
     </span>
    </p>
   </div>
  </div>
 </body>
</html>
