2352 3926
245 199 353 271 748
750 210 1037 258 QUAESTIO
1064 209 1271 249 Lxxxn.
1311 208 1627 249 ARTICULUS‘
1659 210 1731 249 lv.

245 326 326 371 est,
351 326 402 360 ut
426 315 804 375 quotiescumque
830 311 1091 356 sacrificans
1119 325 1298 369 corpus,
1331 320 1376 356 et
1410 310 1690 370 sanguinem.
1706 311 1901 355 Domini
1928 311 2075 357 nostri
2101 310 2210 371 Jesu

246 383 415 428 Christi
441 383 487 426 in
514 380 644 425 altari
674 378 902 434 immolat,
934 378 1071 423 toties
1107 377 1413 438 perceptionis
1441 378 1662 437 corporis,
1699 388 1745 423 et
1778 378 2022 437 sanguinis
2039 378 2211 424 Christi

243 451 510 510 participem
536 463 584 492 se
612 447 825 506 praebeat
856 463 898 489 ».
2084 463 2097 471 ⁶
2127 462 2159 489 *r

332 518 621 561 RESPONDEO
655 513 914 567 dicendum,
952 512 1090 572 quod,
1117 513 1235 557 sicut
1260 527 1396 572 supra
1422 512 1595 557 dictum
1622 523 1691 557 est
1714 514 1774 571 (q.
1800 526 1870 572 79.
1902 519 1988 558 art.
2005 527 2047 573 5.
2069 513 2210 574 cry),

243 583 525 628 Eucharistia
552 595 645 625 non
672 581 825 624 solum
859 590 927 624 est
952 590 1306 634 sacramentum,
1333 580 1412 624 sed
1439 580 1578 623 etiam
1608 579 1910 634 sacrificium3
1935 580 2211 640 quicumque

244 660 397 695 autem
423 648 698 693 sacrificium
727 647 874 701 offert,
902 647 1036 692 debet
1069 647 1282 692 sacrificii
1307 647 1405 691 fieri
1430 647 1672 706 particeps,
1699 647 1805 707 quia
1830 647 2025 693 exterius
2049 647 2217 692 sacrifi-

243 720 380 771 cium,
408 716 531 775 quod
557 714 756 768 offertur,
784 715 967 773 signum
995 724 1063 759 est
1085 714 1316 759 interioris
1348 714 1574 768 sacrificii,
1607 728 1700 774 quo
1727 715 1828 773 quis
1852 713 2058 773 seipsum
2080 713 2217 760 offert

242 785 362 838 Deo,
385 794 434 827 ut
459 783 654 841 August.
683 782 791 826 dicit
824 795 889 827 10.
915 782 987 826 De
1017 782 1152 826 Civit.
1179 781 1268 826 Dei
1294 782 1411 841 (cap.
1438 781 1499 841 5.)
1509 797 1526 835 ;
1555 781 1675 826 unde
1701 796 1782 840 per
1806 782 1903 826 hoc
1930 781 2055 841 quod
2079 783 2213 841 parti-

241 852 362 909 cipat
386 850 627 903 sacrificio,
661 849 861 894 ostendit
885 849 942 893 ad
973 863 1021 893 se
1047 848 1323 894 sacrificium
1349 849 1534 894 interius
1560 850 1801 908 pertinere.
1827 847 2048 893 Similiter
2072 848 2213 893 etiarn

242 933 323 977 per
348 918 439 962 hoc
467 917 590 976 quod
617 916 893 961 sacrificium
924 915 1097 975 populo
1126 916 1369 975 dispensat,
1407 917 1606 960 ostendit
1640 929 1689 960 se
1726 930 1825 960 esse
1850 915 2213 974 dispensamrem

242 986 517 1038 divinorum,
544 998 741 1043 quorum
776 983 874 1043 ipse
910 984 1060 1043 primo
1097 983 1231 1028 debet
1263 998 1362 1029 esse
1396 984 1636 1044 particeps,
1663 984 1783 1028 sicut
1805 983 1999 1044 Dionys.
2025 983 2137 1028 dicit
2163 983 2212 1028 in

241 1053 317 1097 lib.
344 1051 520 1096 Eccles.
550 1052 674 1096 Hier.
692 1051 807 1110 (cap.
821 1066 857 1111 3.
874 1066 982 1096 vers.
1005 1051 1130 1109 fin.).·
1155 1061 1200 1095 et
1224 1051 1329 1095 ideo
1355 1052 1451 1110 ipse
1479 1062 1582 1096 ante
1608 1065 1790 1096 sumere
1812 1051 2114 1111 debet,quam
2135 1065 2214 1112 po·
2339 1000 2352 1138 ἰ

242 1119 351 1180 pulo
379 1120 636 1179 dispenset;
662 1119 782 1163 unde
801 1118 907 1163 etin
924 1118 1158 1178 praedicto
1183 1133 1280 1177 cap.
1298 1118 1481 1177 legitur:
1510 1135 1534 1160 «
1559 1118 1710 1171 Quale
1733 1129 1802 1163 est
1825 1118 2118 1173 sacrificium,
2138 1117 2214 1162 cui

242 1202 327 1232 nec
350 1189 447 1247 ipse
474 1186 735 1231 sacrificans
757 1188 982 1245 particeps
1000 1200 1099 1230 esse
1117 1186 1428 1244 dignoscitur?
1456 1203 1480 1230 »
1510 1186 1598 1231 Per
1622 1186 1713 1231 hoc
1737 1196 1891 1231 autem
1913 1185 1963 1230 fit
1983 1185 2211 1245 particeps
2335 1153 2352 1304 1

240 1255 364 1314 quod
380 1255 436 1299 de
454 1253 678 1299 sacrificio
697 1254 849 1307 sumit,
867 1254 1125 1297 secundum
1143 1253 1255 1297 illud
1271 1253 1487 1312 Apostoli
1508 1267 1544 1298 1.
1563 1253 1673 1298 Cor.
1697 1267 1787 1299 10.:
1815 1254 1972 1299 Nonne
1987 1254 2061 1312 qui
2085 1252 2214 1299 edmt

239 1324 407 1377 hostias,
427 1323 655 1382 participes
678 1328 775 1366 sunt
799 1322 979 1366 altaris?
1005 1321 1062 1365 Et
1090 1320 1196 1365 ideo
1213 1335 1400 1365 necesse
1424 1331 1504 1375 est,
1532 1321 1896 1397 quodsacerdos,
1909 1321 2215 1381 quotiescum·
2339 1306 2352 1440 4

239 1404 327 1449 que
355 1399 607 1443 consecrat,
634 1398 786 1433 sumat
810 1389 987 1446 integre
1013 1388 1104 1432 hoc
1137 1399 1491 1433 sacramentum.

329 1458 405 1501 AD
423 1468 612 1502 PR1MUM
631 1470 741 1514 ergo
765 1456 1024 1509 dicendum,
1048 1455 1171 1514 quod
1188 1456 1474 1500 consecratio
1499 1455 1773 1511 chrismatis,
1787 1455 1865 1501 vel
1882 1456 2210 1516 cujuscumque
2343 1441 2352 1502 i

244 1523 427 1569 alterius
455 1524 687 1577 materiae,
715 1538 809 1567 non
837 1533 904 1567 est
930 1522 1220 1578 sacrificium,
1242 1523 1359 1568 sicut
1382 1524 1667 1569 consecratio
1685 1523 2026 1580 Eucharistiae3‘
2043 1524 2215 1570 etideo
2344 1502 2352 1542 ²

240 1606 335 1636 non
363 1601 431 1636 est
456 1591 616 1636 similis
648 1592 780 1635 ratio.

327 1659 404 1704 AD
431 1672 694 1704 SECUNDUM
721 1658 982 1713 dicendum,
1015 1658 1140 1718 quod
1177 1670 1520 1705 sacramentum
1543 1660 1760 1720 baptismi
1785 1659 2015 1721 perficitur
2037 1660 2212 1722 inipso

238 1741 323 1771 usu
349 1727 590 1781 materiae;
618 1736 664 1771 et
687 1726 792 1770 ideo
828 1726 980 1770 nullus
1016 1736 1167 1785 potest
1197 1728 1425 1786 baptizare
1452 1729 1667 1786 seipsum,
1704 1729 1811 1788 quia
1841 1728 1888 1773 in
1920 1739 2211 1774 sacramento

238 1808 332 1838 non
359 1804 509 1853 potest
534 1808 632 1838 esse
659 1794 783 1838 idem
802 1808 958 1853 agens,
976 1805 1020 1838 et
1037 1794 1236 1853 patiens:
1262 1796 1382 1840 unde
1399 1796 1548 1840 necin
1566 1796 1657 1840 hoc
1681 1806 1971 1842 sacramento
1996 1796 2212 1842 sacerdos
2340 1835 2344 1848 ,

242 1872 482 1906 consecrat
506 1861 723 1921 seipsum,
750 1861 827 1906 sed
851 1876 1034 1921 panem,
1058 1872 1102 1906 et
1122 1862 1303 1917 vinum3
1329 1863 1376 1908 in
1403 1878 1492 1922 qua
1519 1864 1868 1908 consecratione
1892 1863 2123 1923 perficitur
2146 1877 2213 1909 sa-
2332 1845 2352 1967 4

239 1941 538 1974 eramentum.
568 1929 689 1974 Usus
725 1939 876 1973 autem
911 1930 1186 1974 sacramenti
1212 1939 1278 1975 est
1305 1941 1638 1990 consequenter
1661 1946 1710 1976 se
1742 1931 1919 1976 habens
1941 1931 1998 1977 ad
2022 1931 2124 1977 hoc
2141 1945 2212 1977 sa-

239 2007 546 2051 cramentum;
574 2007 618 2041 et
642 1997 746 2041 ideo
773 2011 868 2040 non
895 2007 963 2041 est
988 1997 1150 2042 simile.

327 2066 402 2110 AD
431 2078 648 2110 TERTmM
683 2065 944 2119 dicendum,
982 2066 1104 2124 quod
1131 2066 1170 2109 si
1195 2065 1471 2111 miraculose
1499 2080 1664 2126 corpus
1693 2065 1866 2111 Christi
1890 2065 1937 2110 in
1963 2065 2093 2111 altari
2127 2066 2210 2112 sub

238 2135 388 2192 specie
411 2135 558 2177 carnis
586 2142 814 2192 appareat,
842 2142 920 2176 aut
944 2132 1129 2191 sanguis
1155 2133 1237 2176 sub
1261 2135 1412 2191 specie
1439 2134 1687 2193 sanguinis,
1705 2148 1800 2178 non
1821 2144 1891 2179 est
1910 2134 2212 2189 sumendum;

240 2201 349 2245 dicit
375 2201 498 2245 enim
517 2201 745 2259 Origenes
767 2214 903 2260 super
929 2200 1076 2245 Levit.
1094 2201 1274 2261 (implic.
1293 2201 1403 2247 hom.
1422 2214 1459 2260 7.
1477 2203 1523 2246 in
1539 2202 1676 2248 Levit.
1694 2216 1721 2246 a
1742 2201 1847 2246 med.
1863 2201 2011 2249 etfhab.
2029 2209 2121 2262 cap.
2139 2201 2210 2261 76.

236 2270 303 2313 De
332 2269 572 2314 Consecrat.
599 2268 713 2313 Dist.
736 2267 818 2325 2.).·
840 2284 863 2309 r<
889 2267 961 2312 De
987 2268 1075 2312 hac
1102 2267 1288 2328 quidem
1313 2268 1480 2323 hostia,
1508 2284 1624 2329 quae
1652 2271 1698 2314 in
1726 2268 1898 2314 Christi
1923 2280 2210 2314 commemo·
2340 2270 2352 2332 j

235 2336 412 2380 ratione
436 2335 703 2380 mirabiliter
728 2335 791 2389 fit,
819 2335 952 2380 edere
978 2334 1109 2390 licet3
1137 2335 1193 2380 de
1219 2335 1297 2380 illa
1322 2350 1449 2390 vero,
1472 2351 1611 2396 quarn
1635 2336 1846 2381 Christus
1872 2338 1918 2381 in
1944 2350 2023 2380 ara
2046 2336 2210 2382 Crucis
2342 2324 2352 2360 ⁴

236 2403 412 2457 obtulit,
431 2403 685 2447 secundum
702 2417 749 2447 se
766 2402 880 2447 nulli
893 2403 1027 2447 edere
1043 2403 1204 2447 licet».
1221 2404 1319 2448 Nec
1338 2413 1521 2464 propter
1537 2404 1654 2449 haec
1669 2405 1885 2449 sacerdos
1900 2414 2209 2463 transgressor
2336 2360 2352 2466 i

236 2470 443 2525 efficitur,
471 2471 576 2530 quia
605 2485 658 2515 ea
676 2485 792 2530 quae
818 2470 1095 2516 miraculose
1122 2470 1249 2526 fiunt,
1267 2471 1443 2531 legibus
1459 2486 1554 2516 non
1572 2472 1835 2517 subduntur.
1857 2464 2208 2518 Consulendum

236 2550 392 2583 tamen
419 2549 539 2584 esset
564 2538 806 2594 sacerdoti,
833 2539 956 2598 quod
981 2539 1144 2584 iterato
1172 2553 1354 2599 corpus,
1380 2549 1426 2584 et
1456 2540 1728 2599 sanguinem
1753 2539 1953 2585 Domini·
1973 2542 2214 2586 consecra·

236 2615 319 2661 ret,
340 2616 386 2652 et
409 2616 625 2654 sumeret.

952 2754 1385 2812 ARTICULUS
1427 2757 1496 2813 v.
2119 2770 2208 2833 498

313 2877 507 2918 UTRUM
546 2877 726 2917 MALUS
769 2877 1052 2917 SACERDOS
1085 2878 1501 2918 EUCHARISTIAM
1534 2878 1894 2920 CONSECRARE
1921 2878 2134 2919 Possrr.

775 2974 839 3033 (4.
866 2974 977 3019 Dist.
1003 2974 1067 3019 18.
1092 2988 1129 3033 q.
1157 2988 1196 3019 2.
1220 2980 1302 3019 art.
1330 2989 1369 3019 2.
1393 2990 1431 3034 q.
1455 2990 1489 3020 r.
1514 2973 1569 3019 ad
1596 2973 1671 3033 2.).

326 3081 402 3126 An
429 3093 658 3131 QU1NTUM
685 3080 749 3124 sic
787 3079 1059 3139 proceditur.
1087 3080 1292 3134 Videtur,
1311 3080 1434 3139 quod
1461 3079 1609 3125 malus
1637 3079 1850 3125 sacerdos
1871 3078 2208 3125 Eucharistiatn

238 3161 509 3193 consecrare
534 3162 630 3192 non
656 3148 824 3207 possit;
851 3147 962 3192 dicit
987 3147 1110 3191 enim
1137 3147 1261 3191 Hier.
1289 3162 1425 3206 super
1447 3147 1654 3207 Sophon.
1684 3147 1790 3208 (sup.
1811 3146 1918 3192 illud
1938 3155 2031 3208 cap.
2048 3162 2114 3207 3.:
2134 3147 2214 3194 Su*
2327 3153 2352 3208 gl

237 3215 415 3261 cerdotes
426 3216 718 3276 polluerunt):
750 3232 773 3257 «
801 3215 1072 3260 Sacerdotes
1094 3215 1171 3274 qui
1189 3215 1501 3260 Eucharistiae
1524 3216 1741 3270 serviunt,
1764 3225 1811 3260 et
1825 3215 2096 3274 sanguinem
2116 3214 2212 3260 Do·
2320 3210 2352 3305 ’ξ

237 3284 348 3327 mini
375 3283 555 3342 populis
592 3284 810 3337 dividunt,
848 3283 987 3342 impie
1030 3292 1170 3341 agunt
1210 3283 1256 3326 in
1293 3282 1395 3340 lege
1421 3283 1606 3336 Christi,
1640 3293 1850 3342 putantes
1873 3282 2214 3329 Eucharistiam·
2327 3286 2352 3308 *ἶ

236 3351 462 3409 precantis
496 3349 646 3395 facere
673 3351 826 3406 verba,
861 3365 956 3395 non
997 3350 1160 3404 vitam3
1189 3360 1234 3394 et
1259 3351 1564 3395 necessariam
1602 3365 1701 3395 esse
1737 3360 1914 3395 tantum
1947 3349 2207 3396 solemnem

236 3418 509 3472 orationem,
537 3428 581 3462 et
611 3433 706 3463 non
738 3418 987 3463 sacerdotis
1014 3419 1198 3462 merita:
1228 3418 1282 3462 de
1310 3418 1471 3476 quibus
1499 3419 1682 3463 dicitur:
1710 3418 1908 3463 Sacerdos
1938 3419 1991 3463 in:
2013 3431 2211 3483 quacum*-

235 3501 309 3544 que
325 3486 639 3545 fueritmacula
656 3502 737 3530 non
764 3487 932 3531 accedat
943 3486 1088 3545 offerre
1109 3486 1334 3530 oblatc'ones
1352 3487 1538 3530 Domino
1553 3501 1603 3530 »ε
1631 3486 1709 3531 sed
1732 3486 1945 3531 sacerdos
1968 3494 2200 3546 peccator,

237 3567 343 3596 cum
366 3553 423 3597 sit
444 3553 722 3609 maculosus,
734 3567 819 3599 nec
835 3555 975 3598 vitam
994 3552 1242 3608 habet,'nec
1257 3553 1419 3597 merita
1435 3554 1542 3598 huic
1557 3553 1878 3601 convenientia
1893 3563 2205 3613 sacrament03

236 3635 346 3678 ergo
369 3622 582 3667 sacerdos
609 3632 825 3681 peccator
850 3635 944 3667 non
971 3630 1122 3680 potest
1144 3633 1412 3666 consecrare
1437 3621 1788 3666 Eucharistiam.
2192 3639 2195 3642 ⁴
