<?xml version="1.0" encoding="UTF-8"?>
<!DOCTYPE html PUBLIC "-//W3C//DTD XHTML 1.0 Transitional//EN"
    "http://www.w3.org/TR/xhtml1/DTD/xhtml1-transitional.dtd">
<html xmlns="http://www.w3.org/1999/xhtml" xml:lang="en" lang="en">
 <head>
  <title>
</title>
<meta http-equiv="Content-Type" content="text/html;charset=utf-8" />
  <meta name='ocr-system' content='tesseract 3.04.00' />
  <meta name='ocr-capabilities' content='ocr_page ocr_carea ocr_par ocr_line ocrx_word'/>
</head>
<body>
  <div class='ocr_page' id='page_1' title='image "./divithomaeaquina04thom_0608.png"; bbox 0 0 2352 3926; ppageno 0'>
   <div class='ocr_carea' id='block_1_1' title="bbox 311 178 1756 265">
    <p class='ocr_par' dir='ltr' id='par_1_1' title="bbox 311 178 1756 265">
     <span class='ocr_line' id='line_1_1' title="bbox 311 178 1756 265; baseline 0.003 -17"><span class='ocrx_word' id='word_1_1' title='bbox 311 195 422 264; x_wconf 90' lang='lat'><strong>604</strong></span> <span class='ocrx_word' id='word_1_2' title='bbox 825 209 1105 255; x_wconf 84' lang='lat' dir='ltr'><strong>QUAESTIO</strong></span> <span class='ocrx_word' id='word_1_3' title='bbox 1145 210 1293 251; x_wconf 81' lang='lat' dir='ltr'><strong>Lxrx.</strong></span> <span class='ocrx_word' id='word_1_4' title='bbox 1332 178 1643 265; x_wconf 58' lang='lat' dir='ltr'><strong>Alimentus</strong></span> <span class='ocrx_word' id='word_1_5' title='bbox 1682 214 1756 254; x_wconf 89' lang='lat' dir='ltr'><strong>v1.</strong></span> 
     </span>
    </p>
   </div>
   <div class='ocr_carea' id='block_1_2' title="bbox 308 310 2352 589">
    <p class='ocr_par' dir='ltr' id='par_1_2' title="bbox 308 310 2352 575">
     <span class='ocr_line' id='line_1_2' title="bbox 308 310 2352 379; baseline 0.005 -24"><span class='ocrx_word' id='word_1_6' title='bbox 308 310 421 355; x_wconf 89' lang='lat' dir='ltr'><strong>illud</strong></span> <span class='ocrx_word' id='word_1_7' title='bbox 447 321 491 356; x_wconf 88' lang='lat' dir='ltr'><strong>te</strong></span> <span class='ocrx_word' id='word_1_8' title='bbox 517 322 717 366; x_wconf 87' lang='lat' dir='ltr'><strong>moveat,</strong></span> <span class='ocrx_word' id='word_1_9' title='bbox 745 313 868 370; x_wconf 91' lang='lat' dir='ltr'><strong>quod</strong></span> <span class='ocrx_word' id='word_1_10' title='bbox 894 313 1081 371; x_wconf 89' lang='lat' dir='ltr'><strong>quidam</strong></span> <span class='ocrx_word' id='word_1_11' title='bbox 1106 328 1201 358; x_wconf 92' lang='lat' dir='ltr'><strong>non</strong></span> <span class='ocrx_word' id='word_1_12' title='bbox 1228 329 1282 358; x_wconf 89' lang='lat' dir='ltr'><strong>ea</strong></span> <span class='ocrx_word' id='word_1_13' title='bbox 1307 314 1396 360; x_wconf 89' lang='lat' dir='ltr'><strong>fide</strong></span> <span class='ocrx_word' id='word_1_14' title='bbox 1423 315 1480 360; x_wconf 92' lang='lat' dir='ltr'><strong>ad</strong></span> <span class='ocrx_word' id='word_1_15' title='bbox 1505 316 1784 374; x_wconf 72' lang='lat' dir='ltr'><strong>bapdsmum</strong></span> <span class='ocrx_word' id='word_1_16' title='bbox 1812 318 2156 378; x_wconf 84' lang='lat' dir='ltr'><strong>percipiendum</strong></span> <span class='ocrx_word' id='word_1_17' title='bbox 2177 333 2279 379; x_wconf 85' lang='lat' dir='ltr'><strong>par·</strong></span> <span class='ocrx_word' id='word_1_18' title='bbox 2350 335 2352 358; x_wconf 77' lang='grc' dir='ltr'>ῑ</span> 
     </span>
     <span class='ocr_line' id='line_1_3' title="bbox 309 377 2276 452; baseline 0.005 -31"><span class='ocrx_word' id='word_1_19' title='bbox 309 377 441 422; x_wconf 92' lang='lat' dir='ltr'><strong>vulos</strong></span> <span class='ocrx_word' id='word_1_20' title='bbox 468 378 631 433; x_wconf 90' lang='lat' dir='ltr'><strong>ferunt,</strong></span> <span class='ocrx_word' id='word_1_21' title='bbox 659 388 707 422; x_wconf 90' lang='lat' dir='ltr'><strong>ut</strong></span> <span class='ocrx_word' id='word_1_22' title='bbox 734 379 879 437; x_wconf 87' lang='lat' dir='ltr'><strong>gratia</strong></span> <span class='ocrx_word' id='word_1_23' title='bbox 911 380 1135 438; x_wconf 80' lang='lat' dir='ltr'>spirituali</span> <span class='ocrx_word' id='word_1_24' title='bbox 1166 381 1222 425; x_wconf 88' lang='lat' dir='ltr'><strong>ad</strong></span> <span class='ocrx_word' id='word_1_25' title='bbox 1255 382 1397 427; x_wconf 85' lang='lat' dir='ltr'><strong>vitam</strong></span> <span class='ocrx_word' id='word_1_26' title='bbox 1429 394 1753 442; x_wconf 86' lang='lat' dir='ltr'><strong>regenerentur</strong></span> <span class='ocrx_word' id='word_1_27' title='bbox 1785 395 2046 441; x_wconf 81' lang='lat' dir='ltr'><strong>aeternam3</strong></span> <span class='ocrx_word' id='word_1_28' title='bbox 2073 386 2158 452; x_wconf 74' lang='lat' dir='ltr'><strong>sed</strong></span> <span class='ocrx_word' id='word_1_29' title='bbox 2182 387 2276 431; x_wconf 89' lang='lat' dir='ltr'><strong>hoc</strong></span> 
     </span>
     <span class='ocr_line' id='line_1_4' title="bbox 311 446 2350 510; baseline 0.006 -21"><span class='ocrx_word' id='word_1_30' title='bbox 311 460 393 490; x_wconf 90' lang='lat' dir='ltr'><strong>eos</strong></span> <span class='ocrx_word' id='word_1_31' title='bbox 419 456 580 504; x_wconf 84' lang='lat' dir='ltr'><strong>putant</strong></span> <span class='ocrx_word' id='word_1_32' title='bbox 605 446 811 490; x_wconf 87' lang='lat' dir='ltr'><strong>remedio</strong></span> <span class='ocrx_word' id='word_1_33' title='bbox 846 447 1135 506; x_wconf 85' lang='lat' dir='ltr'><strong>corporalem</strong></span> <span class='ocrx_word' id='word_1_34' title='bbox 1167 449 1376 504; x_wconf 88' lang='lat' dir='ltr'><strong>retinere,</strong></span> <span class='ocrx_word' id='word_1_35' title='bbox 1408 450 1482 494; x_wconf 92' lang='lat' dir='ltr'><strong>vel</strong></span> <span class='ocrx_word' id='word_1_36' title='bbox 1514 451 1714 510; x_wconf 90' lang='lat' dir='ltr'><strong>recipere</strong></span> <span class='ocrx_word' id='word_1_37' title='bbox 1747 452 2016 507; x_wconf 82' lang='lat' dir='ltr'><strong>sanitatem3</strong></span> <span class='ocrx_word' id='word_1_38' title='bbox 2041 449 2136 499; x_wconf 73' lang='lat' dir='ltr'><strong>nom</strong></span> <span class='ocrx_word' id='word_1_39' title='bbox 2152 454 2278 499; x_wconf 77' lang='lat' dir='ltr'><strong>enim</strong></span> <span class='ocrx_word' id='word_1_40' title='bbox 2348 498 2350 502; x_wconf 79' lang='grc'>,</span> 
     </span>
     <span class='ocr_line' id='line_1_5' title="bbox 308 513 2352 589; baseline 0.004 -34"><span class='ocrx_word' id='word_1_41' title='bbox 308 524 549 589; x_wconf 84' lang='lat' dir='ltr'><strong>propterea</strong></span> <span class='ocrx_word' id='word_1_42' title='bbox 574 513 642 556; x_wconf 88' lang='lat' dir='ltr'><strong>illi</strong></span> <span class='ocrx_word' id='word_1_43' title='bbox 666 528 762 557; x_wconf 91' lang='lat' dir='ltr'><strong>non</strong></span> <span class='ocrx_word' id='word_1_44' title='bbox 789 525 1126 573; x_wconf 85' lang='lat' dir='ltr'><strong>regenerantur,</strong></span> <span class='ocrx_word' id='word_1_45' title='bbox 1154 517 1259 575; x_wconf 90' lang='lat' dir='ltr'><strong>quia</strong></span> <span class='ocrx_word' id='word_1_46' title='bbox 1280 531 1375 561; x_wconf 91' lang='lat' dir='ltr'><strong>non</strong></span> <span class='ocrx_word' id='word_1_47' title='bbox 1393 517 1480 561; x_wconf 88' lang='lat' dir='ltr'><strong>ab</strong></span> <span class='ocrx_word' id='word_1_48' title='bbox 1469 518 1566 562; x_wconf 82' lang='lat' dir='ltr'><strong>istis</strong></span> <span class='ocrx_word' id='word_1_49' title='bbox 1588 519 1704 562; x_wconf 89' lang='lat' dir='ltr'><strong>hac</strong></span> <span class='ocrx_word' id='word_1_50' title='bbox 1693 519 1946 564; x_wconf 82' lang='lat' dir='ltr'><strong>intentione</strong></span> <span class='ocrx_word' id='word_1_51' title='bbox 1965 519 2276 566; x_wconf 75' lang='lat' dir='ltr'><strong>offeruntur».</strong></span> <span class='ocrx_word' id='word_1_52' title='bbox 2349 517 2352 518; x_wconf 43' lang='lat'><em>⁷</em></span> 
     </span>
    </p>
   </div>
   <div class='ocr_carea' id='block_1_3' title="bbox 307 694 2277 885">
    <p class='ocr_par' dir='ltr' id='par_1_3' title="bbox 307 694 2277 885">
     <span class='ocr_line' id='line_1_6' title="bbox 994 694 2277 769; baseline 0.009 -21"><span class='ocrx_word' id='word_1_53' title='bbox 994 694 1430 751; x_wconf 90' lang='lat' dir='ltr'><strong>ARTICULUS</strong></span> <span class='ocrx_word' id='word_1_54' title='bbox 1469 696 1596 752; x_wconf 89' lang='lat' dir='ltr'><strong>VII.</strong></span> <span class='ocrx_word' id='word_1_55' title='bbox 2189 725 2277 769; x_wconf 89' lang='lat'><strong>402</strong></span> 
     </span>
     <span class='ocr_line' id='line_1_7' title="bbox 307 824 2273 885; baseline 0.004 -22"><span class='ocrx_word' id='word_1_56' title='bbox 307 824 502 864; x_wconf 86' lang='lat' dir='ltr'><strong>UTRUM</strong></span> <span class='ocrx_word' id='word_1_57' title='bbox 533 826 814 866; x_wconf 78' lang='lat' dir='ltr'><strong>EFFECTus</strong></span> <span class='ocrx_word' id='word_1_58' title='bbox 847 827 1101 867; x_wconf 76' lang='lat' dir='ltr'>BAPTISMI</span> <span class='ocrx_word' id='word_1_59' title='bbox 1137 830 1223 868; x_wconf 81' lang='lat' dir='ltr'><strong>srr</strong></span> <span class='ocrx_word' id='word_1_60' title='bbox 1250 831 1488 869; x_wconf 86' lang='lat' dir='ltr'>APERTIO</span> <span class='ocrx_word' id='word_1_61' title='bbox 1511 831 1722 885; x_wconf 86' lang='lat' dir='ltr'>JANUAE</span> <span class='ocrx_word' id='word_1_62' title='bbox 1754 832 1919 872; x_wconf 78' lang='lat' dir='ltr'><strong>REGm</strong></span> <span class='ocrx_word' id='word_1_63' title='bbox 1953 831 2273 873; x_wconf 65' lang='lat' dir='ltr'><strong>contusus.</strong></span> 
     </span>
    </p>
   </div>
   <div class='ocr_carea' id='block_1_4' title="bbox 409 933 2175 1066">
    <p class='ocr_par' dir='ltr' id='par_1_4' title="bbox 409 933 2175 1066">
     <span class='ocr_line' id='line_1_8' title="bbox 409 933 2175 1007; baseline 0.005 -29"><span class='ocrx_word' id='word_1_64' title='bbox 409 933 474 992; x_wconf 88' lang='lat'><strong>(4.</strong></span> <span class='ocrx_word' id='word_1_65' title='bbox 493 935 608 980; x_wconf 87' lang='lat' dir='ltr'><strong>Dist.</strong></span> <span class='ocrx_word' id='word_1_66' title='bbox 620 949 658 995; x_wconf 85' lang='lat'><em>3.</em></span> <span class='ocrx_word' id='word_1_67' title='bbox 681 940 762 981; x_wconf 87' lang='lat' dir='ltr'><strong>art.</strong></span> <span class='ocrx_word' id='word_1_68' title='bbox 779 951 815 981; x_wconf 87' lang='lat' dir='ltr'><strong>r.</strong></span> <span class='ocrx_word' id='word_1_69' title='bbox 833 951 872 995; x_wconf 87' lang='lat' dir='ltr'><strong>q.</strong></span> <span class='ocrx_word' id='word_1_70' title='bbox 884 951 920 996; x_wconf 89' lang='grc'><strong>3.</strong></span> <span class='ocrx_word' id='word_1_71' title='bbox 937 936 1105 983; x_wconf 81' lang='lat' dir='ltr'><strong>etDist.</strong></span> <span class='ocrx_word' id='word_1_72' title='bbox 1121 952 1164 995; x_wconf 92' lang='lat'><em>4</em></span> <span class='ocrx_word' id='word_1_73' title='bbox 1183 953 1221 997; x_wconf 92' lang='lat' dir='ltr'><strong>q.</strong></span> <span class='ocrx_word' id='word_1_74' title='bbox 1238 953 1279 984; x_wconf 83' lang='lat'><em>2.</em></span> <span class='ocrx_word' id='word_1_75' title='bbox 1297 946 1380 984; x_wconf 85' lang='lat' dir='ltr'><strong>art.</strong></span> <span class='ocrx_word' id='word_1_76' title='bbox 1398 954 1439 985; x_wconf 87' lang='lat'><em>2.</em></span> <span class='ocrx_word' id='word_1_77' title='bbox 1457 954 1495 999; x_wconf 90' lang='lat' dir='ltr'><strong>q.</strong></span> <span class='ocrx_word' id='word_1_78' title='bbox 1518 939 1561 985; x_wconf 83' lang='lat'><em>6.</em></span> <span class='ocrx_word' id='word_1_79' title='bbox 1580 939 1705 985; x_wconf 83' lang='lat' dir='ltr'><strong>etlib.</strong></span> <span class='ocrx_word' id='word_1_80' title='bbox 1721 953 1765 999; x_wconf 90' lang='lat'><strong>4.</strong></span> <span class='ocrx_word' id='word_1_81' title='bbox 1785 940 1932 987; x_wconf 80' lang='lat' dir='ltr'><strong>Contr.</strong></span> <span class='ocrx_word' id='word_1_82' title='bbox 1945 954 1986 1007; x_wconf 83' lang='lat' dir='ltr'><em>g.</em></span> <span class='ocrx_word' id='word_1_83' title='bbox 2003 948 2094 1001; x_wconf 84' lang='lat' dir='ltr'><strong>cap.</strong></span> <span class='ocrx_word' id='word_1_84' title='bbox 2105 953 2175 1002; x_wconf 86' lang='lat'><strong>59.</strong></span> 
     </span>
     <span class='ocr_line' id='line_1_9' title="bbox 999 1005 1573 1066; baseline 0.005 -17"><span class='ocrx_word' id='word_1_85' title='bbox 999 1011 1038 1050; x_wconf 80' lang='lat' dir='ltr'><strong>et</strong></span> <span class='ocrx_word' id='word_1_86' title='bbox 1061 1005 1186 1061; x_wconf 87' lang='lat' dir='ltr'><strong>Joan.</strong></span> <span class='ocrx_word' id='word_1_87' title='bbox 1214 1020 1252 1065; x_wconf 88' lang='lat'><strong>5.</strong></span> <span class='ocrx_word' id='word_1_88' title='bbox 1281 1007 1371 1052; x_wconf 84' lang='lat' dir='ltr'><strong>lect.</strong></span> <span class='ocrx_word' id='word_1_89' title='bbox 1398 1022 1433 1052; x_wconf 88' lang='lat' dir='ltr'><strong>r</strong></span> <span class='ocrx_word' id='word_1_90' title='bbox 1462 1007 1573 1066; x_wconf 85' lang='lat' dir='ltr'><strong>fin)</strong></span> 
     </span>
    </p>
   </div>
   <div class='ocr_carea' id='block_1_5' title="bbox 300 1113 2351 3582">
    <p class='ocr_par' dir='ltr' id='par_1_5' title="bbox 303 1113 2348 1442">
     <span class='ocr_line' id='line_1_10' title="bbox 395 1113 2279 1178; baseline 0.004 -22"><span class='ocrx_word' id='word_1_91' title='bbox 395 1113 472 1156; x_wconf 86' lang='lat' dir='ltr'><strong>AD</strong></span> <span class='ocrx_word' id='word_1_92' title='bbox 505 1125 748 1158; x_wconf 74' lang='lat' dir='ltr'><strong>SEPTIMUM</strong></span> <span class='ocrx_word' id='word_1_93' title='bbox 773 1113 838 1158; x_wconf 88' lang='lat' dir='ltr'><strong>sic</strong></span> <span class='ocrx_word' id='word_1_94' title='bbox 880 1115 1154 1173; x_wconf 85' lang='lat' dir='ltr'><strong>proceditur.</strong></span> <span class='ocrx_word' id='word_1_95' title='bbox 1208 1115 1413 1172; x_wconf 91' lang='lat' dir='ltr'><strong>Videtur,</strong></span> <span class='ocrx_word' id='word_1_96' title='bbox 1454 1117 1578 1176; x_wconf 92' lang='lat' dir='ltr'><strong>quod</strong></span> <span class='ocrx_word' id='word_1_97' title='bbox 1619 1116 1806 1163; x_wconf 85' lang='lat' dir='ltr'><strong>effectus</strong></span> <span class='ocrx_word' id='word_1_98' title='bbox 1842 1118 2059 1178; x_wconf 76' lang='lat' dir='ltr'><strong>baptismi</strong></span> <span class='ocrx_word' id='word_1_99' title='bbox 2093 1132 2189 1164; x_wconf 89' lang='lat' dir='ltr'><strong>non</strong></span> <span class='ocrx_word' id='word_1_100' title='bbox 2221 1118 2279 1164; x_wconf 85' lang='lat' dir='ltr'><strong>sit</strong></span> 
     </span>
     <span class='ocr_line' id='line_1_11' title="bbox 306 1179 2278 1246; baseline 0.005 -25"><span class='ocrx_word' id='word_1_101' title='bbox 306 1179 479 1238; x_wconf 91' lang='lat' dir='ltr'><strong>apertio</strong></span> <span class='ocrx_word' id='word_1_102' title='bbox 506 1180 669 1238; x_wconf 86' lang='lat' dir='ltr'><strong>januae</strong></span> <span class='ocrx_word' id='word_1_103' title='bbox 686 1181 817 1239; x_wconf 88' lang='lat' dir='ltr'><strong>regni</strong></span> <span class='ocrx_word' id='word_1_104' title='bbox 834 1181 1073 1226; x_wconf 88' lang='lat' dir='ltr'><strong>coelestis:</strong></span> <span class='ocrx_word' id='word_1_105' title='bbox 1092 1182 1205 1226; x_wconf 92' lang='lat' dir='ltr'><strong>illud</strong></span> <span class='ocrx_word' id='word_1_106' title='bbox 1223 1184 1347 1227; x_wconf 89' lang='lat' dir='ltr'><strong>enim</strong></span> <span class='ocrx_word' id='word_1_107' title='bbox 1364 1184 1487 1243; x_wconf 93' lang='lat' dir='ltr'><strong>quod</strong></span> <span class='ocrx_word' id='word_1_108' title='bbox 1509 1195 1576 1228; x_wconf 90' lang='lat' dir='ltr'><strong>est</strong></span> <span class='ocrx_word' id='word_1_109' title='bbox 1599 1196 1819 1244; x_wconf 88' lang='lat' dir='ltr'><strong>apertum,</strong></span> <span class='ocrx_word' id='word_1_110' title='bbox 1840 1199 1936 1230; x_wconf 90' lang='lat' dir='ltr'><strong>non</strong></span> <span class='ocrx_word' id='word_1_111' title='bbox 1956 1185 2134 1244; x_wconf 84' lang='lat' dir='ltr'><strong>indiget</strong></span> <span class='ocrx_word' id='word_1_112' title='bbox 2154 1200 2278 1246; x_wconf 89' lang='lat' dir='ltr'><strong>aper-</strong></span> 
     </span>
     <span class='ocr_line' id='line_1_12' title="bbox 303 1245 2276 1328; baseline 0.004 -39"><span class='ocrx_word' id='word_1_113' title='bbox 303 1245 457 1290; x_wconf 89' lang='lat' dir='ltr'><strong>tione:</strong></span> <span class='ocrx_word' id='word_1_114' title='bbox 476 1247 582 1291; x_wconf 90' lang='lat' dir='ltr'><strong>sed</strong></span> <span class='ocrx_word' id='word_1_115' title='bbox 571 1261 708 1305; x_wconf 75' lang='lat' dir='ltr'><strong>janua</strong></span> <span class='ocrx_word' id='word_1_116' title='bbox 725 1248 855 1306; x_wconf 88' lang='lat' dir='ltr'><strong>regni</strong></span> <span class='ocrx_word' id='word_1_117' title='bbox 873 1248 1083 1293; x_wconf 89' lang='lat' dir='ltr'><strong>coelestis</strong></span> <span class='ocrx_word' id='word_1_118' title='bbox 1097 1259 1164 1294; x_wconf 89' lang='lat' dir='ltr'><strong>est</strong></span> <span class='ocrx_word' id='word_1_119' title='bbox 1180 1258 1335 1308; x_wconf 82' lang='lat' dir='ltr'><strong>aperta</strong></span> <span class='ocrx_word' id='word_1_120' title='bbox 1348 1265 1429 1308; x_wconf 92' lang='lat' dir='ltr'><strong>per</strong></span> <span class='ocrx_word' id='word_1_121' title='bbox 1444 1251 1706 1328; x_wconf 85' lang='lat' dir='ltr'><strong>passionem</strong></span> <span class='ocrx_word' id='word_1_122' title='bbox 1725 1251 1913 1306; x_wconf 86' lang='lat' dir='ltr'><strong>Christi,</strong></span> <span class='ocrx_word' id='word_1_123' title='bbox 1931 1252 2051 1296; x_wconf 89' lang='lat' dir='ltr'><strong>unde</strong></span> <span class='ocrx_word' id='word_1_124' title='bbox 2068 1252 2216 1312; x_wconf 87' lang='lat' dir='ltr'><strong>Apoc.</strong></span> <span class='ocrx_word' id='word_1_125' title='bbox 2232 1265 2276 1308; x_wconf 87' lang='lat'><strong>4.</strong></span> 
     </span>
     <span class='ocr_line' id='line_1_13' title="bbox 306 1313 2278 1378; baseline 0.004 -22"><span class='ocrx_word' id='word_1_126' title='bbox 306 1313 490 1357; x_wconf 88' lang='lat' dir='ltr'><strong>dicitur:</strong></span> <span class='ocrx_word' id='word_1_127' title='bbox 519 1315 618 1359; x_wconf 82' lang='lat' dir='ltr'><strong>Post</strong></span> <span class='ocrx_word' id='word_1_128' title='bbox 637 1315 736 1359; x_wconf 82' lang='lat' dir='ltr'><strong>haec</strong></span> <span class='ocrx_word' id='word_1_129' title='bbox 758 1315 850 1359; x_wconf 83' lang='lat' dir='ltr'><strong>vidi</strong></span> <span class='ocrx_word' id='word_1_130' title='bbox 875 1318 1026 1361; x_wconf 78' lang='lat' dir='ltr'><strong>ostium</strong></span> <span class='ocrx_word' id='word_1_131' title='bbox 1052 1331 1253 1375; x_wconf 82' lang='lat' dir='ltr'><strong>magnum</strong></span> <span class='ocrx_word' id='word_1_132' title='bbox 1278 1324 1474 1377; x_wconf 81' lang='lat' dir='ltr'><strong>apertum</strong></span> <span class='ocrx_word' id='word_1_133' title='bbox 1499 1320 1545 1362; x_wconf 83' lang='lat' dir='ltr'><strong>in</strong></span> <span class='ocrx_word' id='word_1_134' title='bbox 1571 1319 1706 1371; x_wconf 85' lang='lat' dir='ltr'><strong>coelo;</strong></span> <span class='ocrx_word' id='word_1_135' title='bbox 1734 1333 1831 1362; x_wconf 91' lang='lat' dir='ltr'><strong>non</strong></span> <span class='ocrx_word' id='word_1_136' title='bbox 1857 1329 1927 1363; x_wconf 84' lang='lat' dir='ltr'><strong>est</strong></span> <span class='ocrx_word' id='word_1_137' title='bbox 1951 1332 2061 1378; x_wconf 87' lang='lat' dir='ltr'><strong>ergo</strong></span> <span class='ocrx_word' id='word_1_138' title='bbox 2089 1318 2278 1364; x_wconf 78' lang='lat' dir='ltr'><strong>effectus</strong></span> 
     </span>
     <span class='ocr_line' id='line_1_14' title="bbox 303 1381 2348 1442; baseline 0.004 -17"><span class='ocrx_word' id='word_1_139' title='bbox 303 1381 518 1439; x_wconf 86' lang='lat' dir='ltr'><strong>baptismi</strong></span> <span class='ocrx_word' id='word_1_140' title='bbox 544 1383 716 1441; x_wconf 87' lang='lat' dir='ltr'><strong>apertio</strong></span> <span class='ocrx_word' id='word_1_141' title='bbox 741 1384 906 1441; x_wconf 87' lang='lat' dir='ltr'><strong>januae</strong></span> <span class='ocrx_word' id='word_1_142' title='bbox 931 1384 1061 1442; x_wconf 87' lang='lat' dir='ltr'><strong>regni</strong></span> <span class='ocrx_word' id='word_1_143' title='bbox 1088 1384 1314 1429; x_wconf 89' lang='lat' dir='ltr'><strong>coelestis.</strong></span> <span class='ocrx_word' id='word_1_144' title='bbox 2336 1421 2348 1441; x_wconf 65' lang='lat'><strong>-„</strong></span> 
     </span>
    </p>

    <p class='ocr_par' dir='ltr' id='par_1_6' title="bbox 303 1449 2351 1852">
     <span class='ocr_line' id='line_1_15' title="bbox 394 1449 2282 1511; baseline 0.004 -19"><span class='ocrx_word' id='word_1_145' title='bbox 394 1461 434 1492; x_wconf 91' lang='lat'><em>2.</em></span> <span class='ocrx_word' id='word_1_146' title='bbox 468 1449 766 1495; x_wconf 84' lang='lat' dir='ltr'><strong>PRAETEREA.</strong></span> <span class='ocrx_word' id='word_1_147' title='bbox 801 1451 1060 1509; x_wconf 86' lang='lat' dir='ltr'><strong>Baptismus</strong></span> <span class='ocrx_word' id='word_1_148' title='bbox 1102 1452 1233 1495; x_wconf 90' lang='lat' dir='ltr'><strong>omni</strong></span> <span class='ocrx_word' id='word_1_149' title='bbox 1272 1462 1496 1510; x_wconf 88' lang='lat' dir='ltr'><strong>tempore,</strong></span> <span class='ocrx_word' id='word_1_150' title='bbox 1537 1467 1592 1497; x_wconf 88' lang='lat' dir='ltr'><strong>ex</strong></span> <span class='ocrx_word' id='word_1_151' title='bbox 1631 1466 1722 1511; x_wconf 90' lang='lat' dir='ltr'><strong>quo</strong></span> <span class='ocrx_word' id='word_1_152' title='bbox 1755 1454 1984 1498; x_wconf 85' lang='lat' dir='ltr'><strong>institutus</strong></span> <span class='ocrx_word' id='word_1_153' title='bbox 2013 1452 2112 1510; x_wconf 87' lang='lat' dir='ltr'><strong>fuit,</strong></span> <span class='ocrx_word' id='word_1_154' title='bbox 2139 1453 2282 1500; x_wconf 74' lang='lat' dir='ltr'><strong>habet</strong></span> 
     </span>
     <span class='ocr_line' id='line_1_16' title="bbox 303 1516 2280 1580; baseline 0.003 -21"><span class='ocrx_word' id='word_1_155' title='bbox 303 1529 437 1559; x_wconf 92' lang='lat' dir='ltr'><strong>suum</strong></span> <span class='ocrx_word' id='word_1_156' title='bbox 465 1516 702 1561; x_wconf 87' lang='lat' dir='ltr'><strong>effectum:</strong></span> <span class='ocrx_word' id='word_1_157' title='bbox 731 1518 810 1561; x_wconf 91' lang='lat' dir='ltr'><strong>sed</strong></span> <span class='ocrx_word' id='word_1_158' title='bbox 843 1518 1029 1576; x_wconf 89' lang='lat' dir='ltr'><strong>quidam</strong></span> <span class='ocrx_word' id='word_1_159' title='bbox 1059 1518 1275 1576; x_wconf 88' lang='lat' dir='ltr'><strong>baptizati</strong></span> <span class='ocrx_word' id='word_1_160' title='bbox 1307 1529 1411 1564; x_wconf 91' lang='lat' dir='ltr'><strong>sunt</strong></span> <span class='ocrx_word' id='word_1_161' title='bbox 1452 1520 1681 1579; x_wconf 88' lang='lat' dir='ltr'><strong>baptismo</strong></span> <span class='ocrx_word' id='word_1_162' title='bbox 1716 1519 1891 1565; x_wconf 87' lang='lat' dir='ltr'><strong>Christi</strong></span> <span class='ocrx_word' id='word_1_163' title='bbox 1917 1530 2021 1565; x_wconf 89' lang='lat' dir='ltr'><strong>ante</strong></span> <span class='ocrx_word' id='word_1_164' title='bbox 2053 1521 2149 1579; x_wconf 88' lang='lat' dir='ltr'><strong>ejus</strong></span> <span class='ocrx_word' id='word_1_165' title='bbox 2179 1535 2280 1580; x_wconf 85' lang='lat' dir='ltr'><strong>pas·</strong></span> 
     </span>
     <span class='ocr_line' id='line_1_17' title="bbox 303 1582 2327 1649; baseline 0.004 -23"><span class='ocrx_word' id='word_1_166' title='bbox 303 1582 498 1637; x_wconf 88' lang='lat' dir='ltr'><strong>sionem,</strong></span> <span class='ocrx_word' id='word_1_167' title='bbox 525 1593 574 1627; x_wconf 93' lang='lat' dir='ltr'><strong>ut</strong></span> <span class='ocrx_word' id='word_1_168' title='bbox 599 1583 790 1628; x_wconf 88' lang='lat' dir='ltr'><strong>habetur</strong></span> <span class='ocrx_word' id='word_1_169' title='bbox 804 1585 937 1643; x_wconf 86' lang='lat' dir='ltr'><strong>Joan.</strong></span> <span class='ocrx_word' id='word_1_170' title='bbox 968 1600 1021 1644; x_wconf 82' lang='lat'><strong>3.,</strong></span> <span class='ocrx_word' id='word_1_171' title='bbox 1049 1585 1225 1644; x_wconf 91' lang='lat' dir='ltr'><strong>quibus,</strong></span> <span class='ocrx_word' id='word_1_172' title='bbox 1253 1587 1290 1630; x_wconf 89' lang='lat' dir='ltr'><strong>si</strong></span> <span class='ocrx_word' id='word_1_173' title='bbox 1314 1596 1422 1631; x_wconf 90' lang='lat' dir='ltr'><strong>tunc</strong></span> <span class='ocrx_word' id='word_1_174' title='bbox 1450 1587 1767 1641; x_wconf 85' lang='lat' dir='ltr'><strong>decessissent,</strong></span> <span class='ocrx_word' id='word_1_175' title='bbox 1791 1586 2004 1648; x_wconf 86' lang='lat' dir='ltr'><strong>introitus</strong></span> <span class='ocrx_word' id='word_1_176' title='bbox 2028 1588 2176 1649; x_wconf 85' lang='lat' dir='ltr'><strong>regni</strong></span> <span class='ocrx_word' id='word_1_177' title='bbox 2175 1602 2277 1633; x_wconf 88' lang='lat' dir='ltr'><strong>coe·</strong></span> <span class='ocrx_word' id='word_1_178' title='bbox 2316 1600 2327 1603; x_wconf 22' lang='grc' dir='ltr'><strong>ζ·</strong></span> 
     </span>
     <span class='ocr_line' id='line_1_18' title="bbox 303 1645 2333 1711; baseline 0.003 -18"><span class='ocrx_word' id='word_1_179' title='bbox 303 1649 428 1693; x_wconf 87' lang='lat' dir='ltr'><strong>lestis</strong></span> <span class='ocrx_word' id='word_1_180' title='bbox 460 1650 669 1694; x_wconf 91' lang='lat' dir='ltr'><strong>nondum</strong></span> <span class='ocrx_word' id='word_1_181' title='bbox 700 1652 897 1710; x_wconf 87' lang='lat' dir='ltr'><strong>patebat,</strong></span> <span class='ocrx_word' id='word_1_182' title='bbox 939 1652 986 1696; x_wconf 91' lang='lat' dir='ltr'><strong>in</strong></span> <span class='ocrx_word' id='word_1_183' title='bbox 1024 1653 1147 1711; x_wconf 90' lang='lat' dir='ltr'><strong>quod</strong></span> <span class='ocrx_word' id='word_1_184' title='bbox 1180 1652 1331 1698; x_wconf 92' lang='lat' dir='ltr'><strong>nullus</strong></span> <span class='ocrx_word' id='word_1_185' title='bbox 1363 1663 1466 1698; x_wconf 90' lang='lat' dir='ltr'><strong>ante</strong></span> <span class='ocrx_word' id='word_1_186' title='bbox 1501 1653 1739 1698; x_wconf 89' lang='lat' dir='ltr'><strong>Christum</strong></span> <span class='ocrx_word' id='word_1_187' title='bbox 1770 1653 1988 1709; x_wconf 88' lang='lat' dir='ltr'><strong>introivit,</strong></span> <span class='ocrx_word' id='word_1_188' title='bbox 2020 1645 2274 1704; x_wconf 85' lang='lat' dir='ltr'><strong>secundum</strong></span> <span class='ocrx_word' id='word_1_189' title='bbox 2327 1663 2333 1670; x_wconf 85' lang='grc'><strong>·’</strong></span> 
     </span>
     <span class='ocr_line' id='line_1_19' title="bbox 303 1716 2333 1782; baseline 0.003 -22"><span class='ocrx_word' id='word_1_190' title='bbox 303 1716 415 1760; x_wconf 91' lang='lat' dir='ltr'><strong>illud</strong></span> <span class='ocrx_word' id='word_1_191' title='bbox 442 1717 583 1761; x_wconf 91' lang='lat' dir='ltr'><strong>Mich.</strong></span> <span class='ocrx_word' id='word_1_192' title='bbox 611 1730 677 1763; x_wconf 87' lang='lat'><em>2.:</em></span> <span class='ocrx_word' id='word_1_193' title='bbox 704 1719 905 1764; x_wconf 81' lang='lat' dir='ltr'><strong>Ascendit</strong></span> <span class='ocrx_word' id='word_1_194' title='bbox 921 1727 1009 1778; x_wconf 82' lang='lat' dir='ltr'><strong>pan</strong></span> <span class='ocrx_word' id='word_1_195' title='bbox 1014 1719 1107 1764; x_wconf 47' lang='lat' dir='ltr'><strong>iens</strong></span> <span class='ocrx_word' id='word_1_196' title='bbox 1127 1721 1207 1766; x_wconf 82' lang='lat' dir='ltr'><strong>iter</strong></span> <span class='ocrx_word' id='word_1_197' title='bbox 1238 1727 1333 1766; x_wconf 79' lang='lat' dir='ltr'><strong>ante</strong></span> <span class='ocrx_word' id='word_1_198' title='bbox 1358 1736 1449 1774; x_wconf 82' lang='lat' dir='ltr'><strong>eos;</strong></span> <span class='ocrx_word' id='word_1_199' title='bbox 1483 1735 1578 1765; x_wconf 90' lang='lat' dir='ltr'><strong>non</strong></span> <span class='ocrx_word' id='word_1_200' title='bbox 1604 1731 1672 1766; x_wconf 90' lang='lat' dir='ltr'><strong>est</strong></span> <span class='ocrx_word' id='word_1_201' title='bbox 1697 1734 1808 1780; x_wconf 89' lang='lat' dir='ltr'><strong>ergo</strong></span> <span class='ocrx_word' id='word_1_202' title='bbox 1841 1720 2030 1767; x_wconf 81' lang='lat' dir='ltr'><strong>effectus</strong></span> <span class='ocrx_word' id='word_1_203' title='bbox 2059 1721 2278 1782; x_wconf 82' lang='lat' dir='ltr'><strong>baptismi</strong></span> <span class='ocrx_word' id='word_1_204' title='bbox 2323 1759 2333 1767; x_wconf 76' lang='grc'><em>.</em></span> 
     </span>
     <span class='ocr_line' id='line_1_20' title="bbox 307 1784 2342 1843; baseline 0.004 -16"><span class='ocrx_word' id='word_1_205' title='bbox 307 1784 480 1843; x_wconf 87' lang='lat' dir='ltr'><strong>apertio</strong></span> <span class='ocrx_word' id='word_1_206' title='bbox 513 1785 643 1843; x_wconf 85' lang='lat' dir='ltr'><strong>regni</strong></span> <span class='ocrx_word' id='word_1_207' title='bbox 675 1785 900 1830; x_wconf 89' lang='lat' dir='ltr'><strong>coelestis.</strong></span> <span class='ocrx_word' id='word_1_208' title='bbox 2326 1789 2342 1838; x_wconf 51' lang='lat' dir='ltr'><strong>‚ss</strong></span> 
     </span>
    </p>

    <p class='ocr_par' dir='ltr' id='par_1_7' title="bbox 302 1828 2341 2169">
     <span class='ocr_line' id='line_1_21' title="bbox 399 1828 2327 1915; baseline 0.003 -20"><span class='ocrx_word' id='word_1_209' title='bbox 399 1866 435 1910; x_wconf 83' lang='lat'><em>3.</em></span> <span class='ocrx_word' id='word_1_210' title='bbox 463 1852 762 1897; x_wconf 82' lang='lat' dir='ltr'><strong>PRAETEREA.</strong></span> <span class='ocrx_word' id='word_1_211' title='bbox 791 1853 1013 1912; x_wconf 87' lang='lat' dir='ltr'><strong>Baptizati</strong></span> <span class='ocrx_word' id='word_1_212' title='bbox 1041 1854 1188 1899; x_wconf 89' lang='lat' dir='ltr'><strong>adhuc</strong></span> <span class='ocrx_word' id='word_1_213' title='bbox 1217 1865 1323 1900; x_wconf 89' lang='lat' dir='ltr'><strong>sunt</strong></span> <span class='ocrx_word' id='word_1_214' title='bbox 1348 1856 1535 1900; x_wconf 86' lang='lat' dir='ltr'><strong>obnoxii</strong></span> <span class='ocrx_word' id='word_1_215' title='bbox 1560 1856 1712 1910; x_wconf 88' lang='lat' dir='ltr'><strong>morti,</strong></span> <span class='ocrx_word' id='word_1_216' title='bbox 1740 1865 1782 1900; x_wconf 91' lang='lat' dir='ltr'><strong>et</strong></span> <span class='ocrx_word' id='word_1_217' title='bbox 1805 1855 1904 1900; x_wconf 88' lang='lat' dir='ltr'><strong>aliis</strong></span> <span class='ocrx_word' id='word_1_218' title='bbox 1926 1828 2276 1915; x_wconf 77' lang='lat' dir='ltr'><strong>poenalitatibus</strong></span> <span class='ocrx_word' id='word_1_219' title='bbox 2322 1850 2327 1855; x_wconf 65' lang='grc'><em>’</em></span> 
     </span>
     <span class='ocr_line' id='line_1_22' title="bbox 303 1918 2341 1983; baseline 0.003 -21"><span class='ocrx_word' id='word_1_220' title='bbox 303 1918 424 1963; x_wconf 90' lang='lat' dir='ltr'><strong>vitae</strong></span> <span class='ocrx_word' id='word_1_221' title='bbox 450 1920 714 1978; x_wconf 90' lang='lat' dir='ltr'><strong>praesentis,</strong></span> <span class='ocrx_word' id='word_1_222' title='bbox 741 1929 789 1964; x_wconf 88' lang='lat' dir='ltr'><strong>ut</strong></span> <span class='ocrx_word' id='word_1_223' title='bbox 816 1934 950 1979; x_wconf 91' lang='lat' dir='ltr'><strong>supra</strong></span> <span class='ocrx_word' id='word_1_224' title='bbox 983 1922 1156 1966; x_wconf 90' lang='lat' dir='ltr'><strong>dictum</strong></span> <span class='ocrx_word' id='word_1_225' title='bbox 1191 1933 1259 1967; x_wconf 91' lang='lat' dir='ltr'><strong>est</strong></span> <span class='ocrx_word' id='word_1_226' title='bbox 1292 1922 1393 1979; x_wconf 82' lang='lat' dir='ltr'><strong>(art.</strong></span> <span class='ocrx_word' id='word_1_227' title='bbox 1420 1938 1457 1983; x_wconf 93' lang='grc'><strong>3.</strong></span> <span class='ocrx_word' id='word_1_228' title='bbox 1490 1924 1578 1982; x_wconf 85' lang='lat' dir='ltr'><strong>huj.</strong></span> <span class='ocrx_word' id='word_1_229' title='bbox 1611 1938 1635 1982; x_wconf 91' lang='lat' dir='ltr'><em>q</em></span> <span class='ocrx_word' id='word_1_230' title='bbox 1641 1923 1702 1980; x_wconf 91' lang='lat'><em>..·)</em></span> <span class='ocrx_word' id='word_1_231' title='bbox 1735 1923 1815 1967; x_wconf 90' lang='lat' dir='ltr'><strong>sed</strong></span> <span class='ocrx_word' id='word_1_232' title='bbox 1845 1921 1960 1967; x_wconf 83' lang='lat' dir='ltr'><strong>nulli</strong></span> <span class='ocrx_word' id='word_1_233' title='bbox 1991 1931 2060 1968; x_wconf 87' lang='lat' dir='ltr'><strong>est</strong></span> <span class='ocrx_word' id='word_1_234' title='bbox 2090 1933 2271 1983; x_wconf 81' lang='lat' dir='ltr'><strong>apertus</strong></span> <span class='ocrx_word' id='word_1_235' title='bbox 2324 1929 2341 1961; x_wconf 77' lang='grc' dir='ltr'><strong>ῑ.</strong></span> 
     </span>
     <span class='ocr_line' id='line_1_23' title="bbox 304 1986 2327 2050; baseline 0.003 -21"><span class='ocrx_word' id='word_1_236' title='bbox 304 1986 451 2030; x_wconf 88' lang='lat' dir='ltr'><strong>aditus</strong></span> <span class='ocrx_word' id='word_1_237' title='bbox 484 1987 615 2045; x_wconf 88' lang='lat' dir='ltr'><strong>regni</strong></span> <span class='ocrx_word' id='word_1_238' title='bbox 647 1987 873 2042; x_wconf 90' lang='lat' dir='ltr'><strong>coelestis,</strong></span> <span class='ocrx_word' id='word_1_239' title='bbox 906 1989 1124 2048; x_wconf 86' lang='lat' dir='ltr'><strong>quamdiu</strong></span> <span class='ocrx_word' id='word_1_240' title='bbox 1152 1989 1375 2035; x_wconf 80' lang='lat' dir='ltr'><strong>obnoxius</strong></span> <span class='ocrx_word' id='word_1_241' title='bbox 1402 1999 1468 2034; x_wconf 91' lang='lat' dir='ltr'><strong>est</strong></span> <span class='ocrx_word' id='word_1_242' title='bbox 1495 2004 1694 2049; x_wconf 83' lang='lat' dir='ltr'><strong>poenae3</strong></span> <span class='ocrx_word' id='word_1_243' title='bbox 1721 1991 1837 2034; x_wconf 90' lang='lat' dir='ltr'><strong>sicut</strong></span> <span class='ocrx_word' id='word_1_244' title='bbox 1861 1999 1985 2049; x_wconf 87' lang='lat' dir='ltr'><strong>patet</strong></span> <span class='ocrx_word' id='word_1_245' title='bbox 2009 1990 2066 2035; x_wconf 89' lang='lat' dir='ltr'><strong>de</strong></span> <span class='ocrx_word' id='word_1_246' title='bbox 2085 1990 2172 2045; x_wconf 86' lang='lat' dir='ltr'><strong>his,</strong></span> <span class='ocrx_word' id='word_1_247' title='bbox 2197 1993 2276 2050; x_wconf 87' lang='lat' dir='ltr'><strong>qui</strong></span> <span class='ocrx_word' id='word_1_248' title='bbox 2308 1994 2327 2043; x_wconf 58' lang='grc' dir='ltr'><strong>ᾖ.</strong></span> 
     </span>
     <span class='ocr_line' id='line_1_24' title="bbox 302 2053 2275 2119; baseline 0.004 -23"><span class='ocrx_word' id='word_1_249' title='bbox 302 2063 407 2097; x_wconf 91' lang='lat' dir='ltr'><strong>sunt</strong></span> <span class='ocrx_word' id='word_1_250' title='bbox 448 2053 494 2096; x_wconf 91' lang='lat' dir='ltr'><strong>in</strong></span> <span class='ocrx_word' id='word_1_251' title='bbox 536 2055 827 2114; x_wconf 84' lang='lat' dir='ltr'><strong>purgatorio;</strong></span> <span class='ocrx_word' id='word_1_252' title='bbox 862 2070 958 2100; x_wconf 91' lang='lat' dir='ltr'><strong>non</strong></span> <span class='ocrx_word' id='word_1_253' title='bbox 999 2070 1110 2115; x_wconf 86' lang='lat' dir='ltr'><strong>ergo</strong></span> <span class='ocrx_word' id='word_1_254' title='bbox 1148 2055 1337 2102; x_wconf 89' lang='lat' dir='ltr'><strong>effectus</strong></span> <span class='ocrx_word' id='word_1_255' title='bbox 1376 2057 1591 2116; x_wconf 90' lang='lat' dir='ltr'><strong>baptismi</strong></span> <span class='ocrx_word' id='word_1_256' title='bbox 1628 2067 1696 2102; x_wconf 92' lang='lat' dir='ltr'><strong>est</strong></span> <span class='ocrx_word' id='word_1_257' title='bbox 1735 2057 1908 2116; x_wconf 90' lang='lat' dir='ltr'><strong>apertio</strong></span> <span class='ocrx_word' id='word_1_258' title='bbox 1948 2058 2114 2117; x_wconf 81' lang='lat' dir='ltr'><strong>januae</strong></span> <span class='ocrx_word' id='word_1_259' title='bbox 2143 2058 2275 2119; x_wconf 78' lang='lat' dir='ltr'><strong>regni</strong></span> 
     </span>
     <span class='ocr_line' id='line_1_25' title="bbox 307 2119 2331 2165; baseline 0.002 0"><span class='ocrx_word' id='word_1_260' title='bbox 307 2120 532 2165; x_wconf 90' lang='lat' dir='ltr'><strong>coelestis.</strong></span> <span class='ocrx_word' id='word_1_261' title='bbox 2314 2119 2331 2161; x_wconf 73' lang='lat'><strong>2‘</strong></span> 
     </span>
    </p>

    <p class='ocr_par' dir='ltr' id='par_1_8' title="bbox 302 2186 2333 2385">
     <span class='ocr_line' id='line_1_26' title="bbox 397 2186 2329 2256; baseline 0.003 -24"><span class='ocrx_word' id='word_1_262' title='bbox 397 2188 498 2232; x_wconf 81' lang='lat' dir='ltr'><strong>SED.</strong></span> <span class='ocrx_word' id='word_1_263' title='bbox 512 2201 709 2234; x_wconf 88' lang='lat' dir='ltr'>CONTRA</span> <span class='ocrx_word' id='word_1_264' title='bbox 729 2200 809 2244; x_wconf 91' lang='lat' dir='ltr'><strong>est,</strong></span> <span class='ocrx_word' id='word_1_265' title='bbox 823 2190 946 2249; x_wconf 92' lang='lat' dir='ltr'><strong>quod</strong></span> <span class='ocrx_word' id='word_1_266' title='bbox 972 2205 1108 2249; x_wconf 89' lang='lat' dir='ltr'><strong>super</strong></span> <span class='ocrx_word' id='word_1_267' title='bbox 1122 2191 1234 2235; x_wconf 92' lang='lat' dir='ltr'><strong>illud</strong></span> <span class='ocrx_word' id='word_1_268' title='bbox 1252 2191 1363 2236; x_wconf 92' lang='lat' dir='ltr'><strong>Luc.</strong></span> <span class='ocrx_word' id='word_1_269' title='bbox 1395 2206 1458 2251; x_wconf 82' lang='lat'><strong>3.:</strong></span> <span class='ocrx_word' id='word_1_270' title='bbox 1485 2193 1692 2252; x_wconf 80' lang='lat' dir='ltr'><strong>Apertum</strong></span> <span class='ocrx_word' id='word_1_271' title='bbox 1713 2198 1770 2237; x_wconf 78' lang='lat' dir='ltr'><strong>est</strong></span> <span class='ocrx_word' id='word_1_272' title='bbox 1794 2191 1966 2247; x_wconf 76' lang='lat' dir='ltr'><strong>coelum,</strong></span> <span class='ocrx_word' id='word_1_273' title='bbox 1992 2191 2105 2237; x_wconf 86' lang='lat' dir='ltr'><strong>dicit</strong></span> <span class='ocrx_word' id='word_1_274' title='bbox 2119 2191 2276 2238; x_wconf 75' lang='lat' dir='ltr'><strong>Gloss.</strong></span> <span class='ocrx_word' id='word_1_275' title='bbox 2314 2186 2329 2256; x_wconf 58' lang='lat' dir='ltr'>J</span> 
     </span>
     <span class='ocr_line' id='line_1_27' title="bbox 302 2255 2331 2319; baseline 0.003 -21"><span class='ocrx_word' id='word_1_276' title='bbox 302 2255 453 2299; x_wconf 88' lang='lat' dir='ltr'><strong>Bedae</strong></span> <span class='ocrx_word' id='word_1_277' title='bbox 478 2256 588 2314; x_wconf 83' lang='lat' dir='ltr'><strong>(ord.</strong></span> <span class='ocrx_word' id='word_1_278' title='bbox 587 2256 640 2313; x_wconf 90' lang='lat'><strong>).·</strong></span> <span class='ocrx_word' id='word_1_279' title='bbox 677 2273 701 2297; x_wconf 88' lang='lat'>«</span> <span class='ocrx_word' id='word_1_280' title='bbox 723 2257 877 2301; x_wconf 90' lang='lat' dir='ltr'><strong>Virtus</strong></span> <span class='ocrx_word' id='word_1_281' title='bbox 904 2258 979 2301; x_wconf 89' lang='lat' dir='ltr'><strong>hic</strong></span> <span class='ocrx_word' id='word_1_282' title='bbox 1008 2258 1291 2317; x_wconf 90' lang='lat' dir='ltr'><strong>baptismatis</strong></span> <span class='ocrx_word' id='word_1_283' title='bbox 1318 2259 1583 2314; x_wconf 89' lang='lat' dir='ltr'><strong>ostenditur,</strong></span> <span class='ocrx_word' id='word_1_284' title='bbox 1611 2260 1667 2304; x_wconf 88' lang='lat' dir='ltr'><strong>de</strong></span> <span class='ocrx_word' id='word_1_285' title='bbox 1692 2273 1784 2318; x_wconf 91' lang='lat' dir='ltr'><strong>quo</strong></span> <span class='ocrx_word' id='word_1_286' title='bbox 1807 2259 1998 2319; x_wconf 85' lang='lat' dir='ltr'><strong>quisque</strong></span> <span class='ocrx_word' id='word_1_287' title='bbox 2024 2273 2277 2319; x_wconf 83' lang='lat' dir='ltr'><strong>cumegre-</strong></span> <span class='ocrx_word' id='word_1_288' title='bbox 2307 2257 2331 2311; x_wconf 70' lang='grc' dir='ltr'><strong>ξ’</strong></span> 
     </span>
     <span class='ocr_line' id='line_1_28' title="bbox 304 2322 1338 2385; baseline 0.002 -19"><span class='ocrx_word' id='word_1_289' title='bbox 304 2322 437 2377; x_wconf 88' lang='lat' dir='ltr'><strong>ditur,</strong></span> <span class='ocrx_word' id='word_1_290' title='bbox 460 2324 590 2382; x_wconf 89' lang='lat' dir='ltr'><strong>regni</strong></span> <span class='ocrx_word' id='word_1_291' title='bbox 613 2323 823 2369; x_wconf 89' lang='lat' dir='ltr'><strong>coelestis</strong></span> <span class='ocrx_word' id='word_1_292' title='bbox 851 2325 893 2369; x_wconf 92' lang='lat' dir='ltr'><strong>ei</strong></span> <span class='ocrx_word' id='word_1_293' title='bbox 917 2325 1054 2383; x_wconf 88' lang='lat' dir='ltr'><strong>janua</strong></span> <span class='ocrx_word' id='word_1_294' title='bbox 1081 2326 1277 2385; x_wconf 88' lang='lat' dir='ltr'><strong>aperitur</strong></span> <span class='ocrx_word' id='word_1_295' title='bbox 1298 2342 1338 2371; x_wconf 84' lang='grc'><em>».</em></span> 
     </span>
    </p>

    <p class='ocr_par' dir='ltr' id='par_1_9' title="bbox 301 2388 2332 2794">
     <span class='ocr_line' id='line_1_29' title="bbox 392 2390 2275 2452; baseline 0.002 -17"><span class='ocrx_word' id='word_1_296' title='bbox 392 2390 686 2436; x_wconf 80' lang='lat' dir='ltr'><strong>RESPONDEO</strong></span> <span class='ocrx_word' id='word_1_297' title='bbox 714 2392 975 2447; x_wconf 90' lang='lat' dir='ltr'><strong>dicendum,</strong></span> <span class='ocrx_word' id='word_1_298' title='bbox 1002 2393 1125 2452; x_wconf 91' lang='lat' dir='ltr'><strong>quod</strong></span> <span class='ocrx_word' id='word_1_299' title='bbox 1152 2393 1326 2452; x_wconf 88' lang='lat' dir='ltr'><strong>aperire</strong></span> <span class='ocrx_word' id='word_1_300' title='bbox 1347 2394 1533 2452; x_wconf 89' lang='lat' dir='ltr'><strong>januam</strong></span> <span class='ocrx_word' id='word_1_301' title='bbox 1556 2394 1686 2451; x_wconf 86' lang='lat' dir='ltr'><strong>regni</strong></span> <span class='ocrx_word' id='word_1_302' title='bbox 1708 2392 1936 2447; x_wconf 78' lang='lat' dir='ltr'><strong>coelestiS,</strong></span> <span class='ocrx_word' id='word_1_303' title='bbox 1961 2402 2031 2438; x_wconf 89' lang='lat' dir='ltr'><strong>est</strong></span> <span class='ocrx_word' id='word_1_304' title='bbox 2054 2406 2275 2439; x_wconf 83' lang='lat' dir='ltr'><strong>amovere</strong></span> 
     </span>
     <span class='ocr_line' id='line_1_30' title="bbox 301 2458 2276 2521; baseline 0.002 -19"><span class='ocrx_word' id='word_1_305' title='bbox 301 2458 700 2516; x_wconf 88' lang='lat' dir='ltr'><strong>impedimentum,</strong></span> <span class='ocrx_word' id='word_1_306' title='bbox 723 2475 815 2519; x_wconf 92' lang='lat' dir='ltr'><strong>quo</strong></span> <span class='ocrx_word' id='word_1_307' title='bbox 843 2461 943 2520; x_wconf 90' lang='lat' dir='ltr'><strong>quis</strong></span> <span class='ocrx_word' id='word_1_308' title='bbox 969 2461 1215 2521; x_wconf 86' lang='lat' dir='ltr'><strong>impeditur</strong></span> <span class='ocrx_word' id='word_1_309' title='bbox 1231 2476 1425 2520; x_wconf 89' lang='lat' dir='ltr'><strong>regnum</strong></span> <span class='ocrx_word' id='word_1_310' title='bbox 1449 2461 1648 2506; x_wconf 89' lang='lat' dir='ltr'><strong>coeleste</strong></span> <span class='ocrx_word' id='word_1_311' title='bbox 1670 2462 1874 2506; x_wconf 90' lang='lat' dir='ltr'><strong>introire.</strong></span> <span class='ocrx_word' id='word_1_312' title='bbox 1896 2461 2000 2506; x_wconf 91' lang='lat' dir='ltr'><strong>Hoc</strong></span> <span class='ocrx_word' id='word_1_313' title='bbox 2017 2471 2173 2507; x_wconf 86' lang='lat' dir='ltr'><strong>autem</strong></span> <span class='ocrx_word' id='word_1_314' title='bbox 2192 2462 2276 2507; x_wconf 43' lang='lat' dir='ltr'><strong>ime</strong></span> 
     </span>
     <span class='ocr_line' id='line_1_31' title="bbox 302 2526 2323 2588; baseline 0.004 -19"><span class='ocrx_word' id='word_1_315' title='bbox 302 2526 618 2585; x_wconf 89' lang='lat' dir='ltr'><strong>pedimentum</strong></span> <span class='ocrx_word' id='word_1_316' title='bbox 646 2538 713 2571; x_wconf 90' lang='lat' dir='ltr'><strong>est</strong></span> <span class='ocrx_word' id='word_1_317' title='bbox 739 2527 886 2587; x_wconf 87' lang='lat' dir='ltr'><strong>culpa,</strong></span> <span class='ocrx_word' id='word_1_318' title='bbox 914 2538 958 2572; x_wconf 91' lang='lat' dir='ltr'><strong>et</strong></span> <span class='ocrx_word' id='word_1_319' title='bbox 983 2538 1133 2572; x_wconf 78' lang='lat' dir='ltr'><strong>reatus</strong></span> <span class='ocrx_word' id='word_1_320' title='bbox 1165 2542 1357 2587; x_wconf 87' lang='lat' dir='ltr'><strong>poenae.</strong></span> <span class='ocrx_word' id='word_1_321' title='bbox 1392 2528 1642 2574; x_wconf 87' lang='lat' dir='ltr'><strong>Ostensum</strong></span> <span class='ocrx_word' id='word_1_322' title='bbox 1675 2539 1744 2573; x_wconf 91' lang='lat' dir='ltr'><strong>est</strong></span> <span class='ocrx_word' id='word_1_323' title='bbox 1769 2538 1924 2573; x_wconf 89' lang='lat' dir='ltr'><strong>autem</strong></span> <span class='ocrx_word' id='word_1_324' title='bbox 1945 2543 2081 2588; x_wconf 87' lang='lat' dir='ltr'><strong>supra</strong></span> <span class='ocrx_word' id='word_1_325' title='bbox 2108 2528 2210 2586; x_wconf 73' lang='lat' dir='ltr'><strong>(art.</strong></span> <span class='ocrx_word' id='word_1_326' title='bbox 2235 2544 2275 2576; x_wconf 72' lang='lat' dir='ltr'><strong>n</strong></span> <span class='ocrx_word' id='word_1_327' title='bbox 2304 2531 2323 2566; x_wconf 69' lang='lat'><strong>³5</strong></span> 
     </span>
     <span class='ocr_line' id='line_1_32' title="bbox 301 2594 2319 2660; baseline 0.002 -22"><span class='ocrx_word' id='word_1_328' title='bbox 301 2599 338 2638; x_wconf 84' lang='lat' dir='ltr'><strong>et</strong></span> <span class='ocrx_word' id='word_1_329' title='bbox 357 2608 398 2639; x_wconf 88' lang='lat'><em>2.</em></span> <span class='ocrx_word' id='word_1_330' title='bbox 422 2594 510 2653; x_wconf 85' lang='lat' dir='ltr'><strong>huj.</strong></span> <span class='ocrx_word' id='word_1_331' title='bbox 534 2596 610 2653; x_wconf 87' lang='lat' dir='ltr'><em>q.),</em></span> <span class='ocrx_word' id='word_1_332' title='bbox 639 2596 762 2653; x_wconf 89' lang='lat' dir='ltr'><strong>quod</strong></span> <span class='ocrx_word' id='word_1_333' title='bbox 788 2610 868 2654; x_wconf 92' lang='lat' dir='ltr'><strong>per</strong></span> <span class='ocrx_word' id='word_1_334' title='bbox 894 2596 1171 2654; x_wconf 87' lang='lat' dir='ltr'><strong>baptismum</strong></span> <span class='ocrx_word' id='word_1_335' title='bbox 1210 2596 1360 2640; x_wconf 90' lang='lat' dir='ltr'><strong>omnis</strong></span> <span class='ocrx_word' id='word_1_336' title='bbox 1399 2596 1545 2655; x_wconf 84' lang='lat' dir='ltr'><strong>culpa,</strong></span> <span class='ocrx_word' id='word_1_337' title='bbox 1573 2605 1617 2640; x_wconf 90' lang='lat' dir='ltr'><strong>et</strong></span> <span class='ocrx_word' id='word_1_338' title='bbox 1642 2597 1792 2640; x_wconf 89' lang='lat' dir='ltr'><strong>omnis</strong></span> <span class='ocrx_word' id='word_1_339' title='bbox 1818 2606 1969 2660; x_wconf 83' lang='lat' dir='ltr'><strong>reatus</strong></span> <span class='ocrx_word' id='word_1_340' title='bbox 1994 2609 2175 2656; x_wconf 87' lang='lat' dir='ltr'><strong>poenae</strong></span> <span class='ocrx_word' id='word_1_341' title='bbox 2189 2595 2282 2642; x_wconf 77' lang='lat' dir='ltr'><strong>tol·</strong></span> <span class='ocrx_word' id='word_1_342' title='bbox 2308 2595 2319 2651; x_wconf 71' lang='grc' dir='ltr'><strong>ξ</strong></span> 
     </span>
     <span class='ocr_line' id='line_1_33' title="bbox 302 2661 2273 2724; baseline 0.001 -19"><span class='ocrx_word' id='word_1_343' title='bbox 302 2661 431 2716; x_wconf 91' lang='lat' dir='ltr'><strong>litur;</strong></span> <span class='ocrx_word' id='word_1_344' title='bbox 458 2662 578 2706; x_wconf 90' lang='lat' dir='ltr'><strong>unde</strong></span> <span class='ocrx_word' id='word_1_345' title='bbox 612 2676 897 2721; x_wconf 89' lang='lat' dir='ltr'><strong>consequens</strong></span> <span class='ocrx_word' id='word_1_346' title='bbox 930 2672 1012 2717; x_wconf 90' lang='lat' dir='ltr'><strong>est,</strong></span> <span class='ocrx_word' id='word_1_347' title='bbox 1047 2663 1169 2721; x_wconf 92' lang='lat' dir='ltr'><strong>quod</strong></span> <span class='ocrx_word' id='word_1_348' title='bbox 1197 2661 1384 2707; x_wconf 86' lang='lat' dir='ltr'><strong>effectus</strong></span> <span class='ocrx_word' id='word_1_349' title='bbox 1409 2663 1624 2722; x_wconf 88' lang='lat' dir='ltr'><strong>baptismi</strong></span> <span class='ocrx_word' id='word_1_350' title='bbox 1655 2663 1712 2707; x_wconf 90' lang='lat' dir='ltr'><strong>sit</strong></span> <span class='ocrx_word' id='word_1_351' title='bbox 1738 2663 1914 2723; x_wconf 90' lang='lat' dir='ltr'><strong>apertio</strong></span> <span class='ocrx_word' id='word_1_352' title='bbox 1949 2664 2114 2722; x_wconf 88' lang='lat' dir='ltr'><strong>januae</strong></span> <span class='ocrx_word' id='word_1_353' title='bbox 2142 2662 2273 2724; x_wconf 76' lang='lat' dir='ltr'><strong>regni</strong></span> 
     </span>
     <span class='ocr_line' id='line_1_34' title="bbox 302 2727 2315 2794; baseline 0.002 -21"><span class='ocrx_word' id='word_1_354' title='bbox 302 2727 528 2773; x_wconf 88' lang='lat' dir='ltr'><strong>coelestis.</strong></span> <span class='ocrx_word' id='word_1_355' title='bbox 2300 2765 2315 2794; x_wconf 55' lang='lat'><em>4</em></span> 
     </span>
    </p>

    <p class='ocr_par' dir='ltr' id='par_1_10' title="bbox 300 2793 2329 2995">
     <span class='ocr_line' id='line_1_35' title="bbox 331 2796 2270 2857; baseline 0.002 -18"><span class='ocrx_word' id='word_1_356' title='bbox 331 2823 334 2827; x_wconf 35' lang='grc' dir='ltr'><em>ι</em></span> <span class='ocrx_word' id='word_1_357' title='bbox 391 2796 468 2839; x_wconf 86' lang='lat' dir='ltr'><strong>AD</strong></span> <span class='ocrx_word' id='word_1_358' title='bbox 494 2809 683 2841; x_wconf 78' lang='lat' dir='ltr'>PRIMUM</span> <span class='ocrx_word' id='word_1_359' title='bbox 717 2809 826 2855; x_wconf 87' lang='lat' dir='ltr'><strong>ergo</strong></span> <span class='ocrx_word' id='word_1_360' title='bbox 861 2796 1120 2851; x_wconf 86' lang='lat' dir='ltr'><strong>dicendum,</strong></span> <span class='ocrx_word' id='word_1_361' title='bbox 1158 2796 1281 2856; x_wconf 92' lang='lat' dir='ltr'><strong>quod</strong></span> <span class='ocrx_word' id='word_1_362' title='bbox 1318 2797 1570 2856; x_wconf 88' lang='lat' dir='ltr'><strong>baptismus</strong></span> <span class='ocrx_word' id='word_1_363' title='bbox 1607 2797 1834 2842; x_wconf 88' lang='lat' dir='ltr'><strong>intantum</strong></span> <span class='ocrx_word' id='word_1_364' title='bbox 1859 2798 2003 2857; x_wconf 89' lang='lat' dir='ltr'><strong>aperit</strong></span> <span class='ocrx_word' id='word_1_365' title='bbox 2041 2796 2270 2855; x_wconf 77' lang='lat' dir='ltr'><strong>baptizato</strong></span> 
     </span>
     <span class='ocr_line' id='line_1_36' title="bbox 300 2863 2273 2940; baseline 0.002 -34"><span class='ocrx_word' id='word_1_366' title='bbox 300 2864 488 2940; x_wconf 80' lang='lat' dir='ltr'><strong>januam</strong></span> <span class='ocrx_word' id='word_1_367' title='bbox 510 2863 642 2922; x_wconf 88' lang='lat' dir='ltr'><strong>regni</strong></span> <span class='ocrx_word' id='word_1_368' title='bbox 668 2863 894 2917; x_wconf 89' lang='lat' dir='ltr'><strong>coelestis,</strong></span> <span class='ocrx_word' id='word_1_369' title='bbox 920 2863 1191 2923; x_wconf 89' lang='lat' dir='ltr'><strong>inquantum</strong></span> <span class='ocrx_word' id='word_1_370' title='bbox 1217 2864 1481 2924; x_wconf 86' lang='lat' dir='ltr'><strong>incorporat</strong></span> <span class='ocrx_word' id='word_1_371' title='bbox 1506 2879 1612 2908; x_wconf 88' lang='lat' dir='ltr'><strong>eum</strong></span> <span class='ocrx_word' id='word_1_372' title='bbox 1634 2865 1838 2924; x_wconf 83' lang='lat' dir='ltr'><strong>passioni</strong></span> <span class='ocrx_word' id='word_1_373' title='bbox 1853 2863 2045 2919; x_wconf 84' lang='lat' dir='ltr'><strong>Christi,</strong></span> <span class='ocrx_word' id='word_1_374' title='bbox 2055 2863 2273 2910; x_wconf 78' lang='lat' dir='ltr'><strong>virtutem</strong></span> 
     </span>
     <span class='ocr_line' id='line_1_37' title="bbox 301 2930 2243 2990; baseline 0 -15"><span class='ocrx_word' id='word_1_375' title='bbox 301 2932 397 2990; x_wconf 69' lang='lat' dir='ltr'><strong>eius</strong></span> <span class='ocrx_word' id='word_1_376' title='bbox 423 2930 604 2975; x_wconf 88' lang='lat' dir='ltr'><strong>homini</strong></span> <span class='ocrx_word' id='word_1_377' title='bbox 639 2930 928 2990; x_wconf 89' lang='lat' dir='ltr'><strong>applicando.</strong></span> <span class='ocrx_word' id='word_1_378' title='bbox 2240 2953 2243 2956; x_wconf 39' lang='lat' dir='ltr'><strong><em>s</em></strong></span> 
     </span>
    </p>

    <p class='ocr_par' dir='ltr' id='par_1_11' title="bbox 300 2997 2351 3265">
     <span class='ocr_line' id='line_1_38' title="bbox 390 2997 2318 3074; baseline 0.001 -31"><span class='ocrx_word' id='word_1_379' title='bbox 390 2997 467 3042; x_wconf 86' lang='lat' dir='ltr'><strong>AD</strong></span> <span class='ocrx_word' id='word_1_380' title='bbox 495 3010 757 3043; x_wconf 79' lang='lat' dir='ltr'>SECUNDUM</span> <span class='ocrx_word' id='word_1_381' title='bbox 783 2998 1045 3074; x_wconf 79' lang='lat' dir='ltr'><strong>dicendum,</strong></span> <span class='ocrx_word' id='word_1_382' title='bbox 1079 2998 1201 3057; x_wconf 90' lang='lat' dir='ltr'><strong>quod</strong></span> <span class='ocrx_word' id='word_1_383' title='bbox 1229 2997 1412 3057; x_wconf 87' lang='lat' dir='ltr'><strong>quando</strong></span> <span class='ocrx_word' id='word_1_384' title='bbox 1439 2998 1591 3057; x_wconf 86' lang='lat' dir='ltr'><strong>passio</strong></span> <span class='ocrx_word' id='word_1_385' title='bbox 1620 2998 1791 3043; x_wconf 90' lang='lat' dir='ltr'><strong>Christi</strong></span> <span class='ocrx_word' id='word_1_386' title='bbox 1815 2997 2023 3043; x_wconf 87' lang='lat' dir='ltr'><strong>nondum</strong></span> <span class='ocrx_word' id='word_1_387' title='bbox 2049 3006 2147 3044; x_wconf 73' lang='lat' dir='ltr'><strong>erat</strong></span> <span class='ocrx_word' id='word_1_388' title='bbox 2167 3005 2318 3049; x_wconf 0' lang='lat' dir='ltr'><strong>rea-tm&lt;</strong></span> 
     </span>
     <span class='ocr_line' id='line_1_39' title="bbox 300 3064 2351 3125; baseline -0 -16"><span class='ocrx_word' id='word_1_389' title='bbox 300 3064 406 3109; x_wconf 87' lang='lat' dir='ltr'><strong>liter</strong></span> <span class='ocrx_word' id='word_1_390' title='bbox 432 3064 647 3125; x_wconf 89' lang='lat' dir='ltr'><strong>perfecta,</strong></span> <span class='ocrx_word' id='word_1_391' title='bbox 674 3065 752 3110; x_wconf 92' lang='lat' dir='ltr'><strong>sed</strong></span> <span class='ocrx_word' id='word_1_392' title='bbox 779 3064 968 3109; x_wconf 91' lang='lat' dir='ltr'><strong>solum</strong></span> <span class='ocrx_word' id='word_1_393' title='bbox 957 3079 1004 3108; x_wconf 82' lang='lat' dir='ltr'><strong>in</strong></span> <span class='ocrx_word' id='word_1_394' title='bbox 1026 3064 1114 3109; x_wconf 87' lang='lat' dir='ltr'><strong>fide</strong></span> <span class='ocrx_word' id='word_1_395' title='bbox 1138 3065 1435 3119; x_wconf 88' lang='lat' dir='ltr'><strong>credentium,</strong></span> <span class='ocrx_word' id='word_1_396' title='bbox 1457 3065 1709 3125; x_wconf 87' lang='lat' dir='ltr'><strong>baptismus</strong></span> <span class='ocrx_word' id='word_1_397' title='bbox 1741 3064 2142 3125; x_wconf 81' lang='lat' dir='ltr'><strong>proportionaliter</strong></span> <span class='ocrx_word' id='word_1_398' title='bbox 2165 3068 2311 3122; x_wconf 91' lang='grc' dir='ltr'><strong>σαψέζ</strong></span> <span class='ocrx_word' id='word_1_399' title='bbox 2348 3107 2351 3117; x_wconf 23' lang='lat'><strong>,⁴</strong></span> 
     </span>
     <span class='ocr_line' id='line_1_40' title="bbox 300 3130 2340 3209; baseline 0 -32"><span class='ocrx_word' id='word_1_400' title='bbox 300 3133 465 3177; x_wconf 89' lang='lat' dir='ltr'><strong>sabat</strong></span> <span class='ocrx_word' id='word_1_401' title='bbox 453 3147 619 3192; x_wconf 76' lang='lat' dir='ltr'><strong>januae</strong></span> <span class='ocrx_word' id='word_1_402' title='bbox 647 3133 948 3209; x_wconf 66' lang='lat' dir='ltr'><strong>apertionem,</strong></span> <span class='ocrx_word' id='word_1_403' title='bbox 973 3146 1067 3176; x_wconf 89' lang='lat' dir='ltr'><strong>non</strong></span> <span class='ocrx_word' id='word_1_404' title='bbox 1095 3132 1279 3191; x_wconf 87' lang='lat' dir='ltr'><strong>quidem</strong></span> <span class='ocrx_word' id='word_1_405' title='bbox 1307 3134 1352 3176; x_wconf 91' lang='lat' dir='ltr'><strong>in</strong></span> <span class='ocrx_word' id='word_1_406' title='bbox 1378 3147 1439 3188; x_wconf 89' lang='lat' dir='ltr'><strong>re,</strong></span> <span class='ocrx_word' id='word_1_407' title='bbox 1466 3132 1583 3177; x_wconf 89' lang='lat' dir='ltr'><strong>sed</strong></span> <span class='ocrx_word' id='word_1_408' title='bbox 1571 3147 1618 3176; x_wconf 83' lang='lat' dir='ltr'><strong>in</strong></span> <span class='ocrx_word' id='word_1_409' title='bbox 1644 3146 1747 3192; x_wconf 89' lang='lat' dir='ltr'><strong>spe.</strong></span> <span class='ocrx_word' id='word_1_410' title='bbox 1773 3132 1987 3192; x_wconf 78' lang='lat' dir='ltr'><strong>baptizati</strong></span> <span class='ocrx_word' id='word_1_411' title='bbox 2010 3131 2136 3178; x_wconf 85' lang='lat' dir='ltr'><strong>enim</strong></span> <span class='ocrx_word' id='word_1_412' title='bbox 2159 3130 2289 3178; x_wconf 65' lang='lat' dir='ltr'><strong>nme</strong></span> <span class='ocrx_word' id='word_1_413' title='bbox 2338 3132 2340 3134; x_wconf 68' lang='grc'>’</span> 
     </span>
     <span class='ocr_line' id='line_1_41' title="bbox 301 3200 1907 3260; baseline 0.002 -15"><span class='ocrx_word' id='word_1_414' title='bbox 301 3200 573 3246; x_wconf 88' lang='lat' dir='ltr'><strong>decedentes</strong></span> <span class='ocrx_word' id='word_1_415' title='bbox 601 3215 654 3246; x_wconf 86' lang='lat' dir='ltr'><strong>ex</strong></span> <span class='ocrx_word' id='word_1_416' title='bbox 683 3211 807 3245; x_wconf 88' lang='lat' dir='ltr'><strong>certa</strong></span> <span class='ocrx_word' id='word_1_417' title='bbox 833 3214 911 3259; x_wconf 90' lang='lat' dir='ltr'><strong>spe</strong></span> <span class='ocrx_word' id='word_1_418' title='bbox 937 3200 1175 3244; x_wconf 88' lang='lat' dir='ltr'><strong>introitum</strong></span> <span class='ocrx_word' id='word_1_419' title='bbox 1202 3200 1331 3258; x_wconf 84' lang='lat' dir='ltr'><strong>regni</strong></span> <span class='ocrx_word' id='word_1_420' title='bbox 1358 3200 1568 3245; x_wconf 88' lang='lat' dir='ltr'><strong>coelestis</strong></span> <span class='ocrx_word' id='word_1_421' title='bbox 1595 3199 2292 3265; x_wconf 84' lang='lat' dir='ltr'><strong>expectabant.</strong></span> 
     </span>
    </p>

    <p class='ocr_par' dir='ltr' id='par_1_12' title="bbox 300 3263 2333 3582">
     <span class='ocr_line' id='line_1_42' title="bbox 390 3266 2143 3326; baseline 0 -14"><span class='ocrx_word' id='word_1_422' title='bbox 390 3269 467 3313; x_wconf 87' lang='lat' dir='ltr'><strong>AD</strong></span> <span class='ocrx_word' id='word_1_423' title='bbox 502 3281 719 3314; x_wconf 77' lang='lat' dir='ltr'><strong>TERTmM</strong></span> <span class='ocrx_word' id='word_1_424' title='bbox 742 3267 1002 3321; x_wconf 87' lang='lat' dir='ltr'><strong>dicendum,</strong></span> <span class='ocrx_word' id='word_1_425' title='bbox 1030 3267 1151 3326; x_wconf 93' lang='lat' dir='ltr'><strong>quod</strong></span> <span class='ocrx_word' id='word_1_426' title='bbox 1179 3267 1429 3326; x_wconf 86' lang='lat' dir='ltr'><strong>baptizatus</strong></span> <span class='ocrx_word' id='word_1_427' title='bbox 1454 3282 1548 3311; x_wconf 91' lang='lat' dir='ltr'><strong>non</strong></span> <span class='ocrx_word' id='word_1_428' title='bbox 1573 3278 1642 3312; x_wconf 87' lang='lat' dir='ltr'><strong>est</strong></span> <span class='ocrx_word' id='word_1_429' title='bbox 1667 3267 1890 3312; x_wconf 85' lang='lat' dir='ltr'><strong>obnoxius</strong></span> <span class='ocrx_word' id='word_1_430' title='bbox 1917 3266 2070 3322; x_wconf 89' lang='lat' dir='ltr'><strong>morti,</strong></span> <span class='ocrx_word' id='word_1_431' title='bbox 2094 3275 2143 3312; x_wconf 80' lang='lat' dir='ltr'><strong>et</strong></span> 
     </span>
     <span class='ocr_line' id='line_1_43' title="bbox 300 3335 2288 3411; baseline 0 -32"><span class='ocrx_word' id='word_1_432' title='bbox 300 3336 560 3380; x_wconf 86' lang='lat' dir='ltr'><strong>nalitatibus</strong></span> <span class='ocrx_word' id='word_1_433' title='bbox 597 3336 717 3380; x_wconf 87' lang='lat' dir='ltr'><strong>vitae</strong></span> <span class='ocrx_word' id='word_1_434' title='bbox 751 3335 997 3395; x_wconf 83' lang='lat' dir='ltr'><strong>praesentis</strong></span> <span class='ocrx_word' id='word_1_435' title='bbox 1039 3344 1224 3393; x_wconf 87' lang='lat' dir='ltr'><strong>propter</strong></span> <span class='ocrx_word' id='word_1_436' title='bbox 1266 3345 1442 3378; x_wconf 84' lang='lat' dir='ltr'><strong>reatum</strong></span> <span class='ocrx_word' id='word_1_437' title='bbox 1484 3349 1720 3411; x_wconf 87' lang='lat' dir='ltr'><strong>personae,</strong></span> <span class='ocrx_word' id='word_1_438' title='bbox 1759 3335 1839 3380; x_wconf 90' lang='lat' dir='ltr'><strong>sed</strong></span> <span class='ocrx_word' id='word_1_439' title='bbox 1875 3345 2061 3394; x_wconf 80' lang='lat' dir='ltr'><strong>propter</strong></span> <span class='ocrx_word' id='word_1_440' title='bbox 2098 3339 2288 3388; x_wconf 54' lang='lat' dir='ltr'><strong>statum</strong></span> 
     </span>
     <span class='ocr_line' id='line_1_44' title="bbox 300 3400 2193 3462; baseline -0.001 -17"><span class='ocrx_word' id='word_1_441' title='bbox 300 3414 517 3458; x_wconf 82' lang='lat' dir='ltr'><strong>naturae3</strong></span> <span class='ocrx_word' id='word_1_442' title='bbox 545 3412 589 3447; x_wconf 89' lang='lat' dir='ltr'><strong>et</strong></span> <span class='ocrx_word' id='word_1_443' title='bbox 610 3402 714 3447; x_wconf 89' lang='lat' dir='ltr'><strong>ideo</strong></span> <span class='ocrx_word' id='word_1_444' title='bbox 732 3411 916 3462; x_wconf 89' lang='lat' dir='ltr'><strong>propter</strong></span> <span class='ocrx_word' id='word_1_445' title='bbox 933 3402 1023 3446; x_wconf 87' lang='lat' dir='ltr'><strong>hoc</strong></span> <span class='ocrx_word' id='word_1_446' title='bbox 1041 3414 1134 3445; x_wconf 89' lang='lat' dir='ltr'><strong>non</strong></span> <span class='ocrx_word' id='word_1_447' title='bbox 1155 3402 1399 3460; x_wconf 88' lang='lat' dir='ltr'><strong>impeditur</strong></span> <span class='ocrx_word' id='word_1_448' title='bbox 1417 3402 1499 3445; x_wconf 88' lang='lat' dir='ltr'><strong>ab</strong></span> <span class='ocrx_word' id='word_1_449' title='bbox 1488 3403 1674 3446; x_wconf 81' lang='lat' dir='ltr'><strong>introitu</strong></span> <span class='ocrx_word' id='word_1_450' title='bbox 1694 3402 1822 3461; x_wconf 87' lang='lat' dir='ltr'><strong>regni</strong></span> <span class='ocrx_word' id='word_1_451' title='bbox 1843 3400 2069 3456; x_wconf 79' lang='lat' dir='ltr'><strong>coelestis,</strong></span> <span class='ocrx_word' id='word_1_452' title='bbox 2083 3414 2162 3460; x_wconf 87' lang='lat' dir='ltr'><strong>qu</strong></span> <span class='ocrx_word' id='word_1_453' title='bbox 2185 3422 2193 3437; x_wconf 62' lang='lat' dir='ltr'>a</span> 
     </span>
     <span class='ocr_line' id='line_1_45' title="bbox 302 3467 2292 3533; baseline 0 -20"><span class='ocrx_word' id='word_1_454' title='bbox 302 3470 455 3514; x_wconf 86' lang='lat' dir='ltr'><strong>anima</strong></span> <span class='ocrx_word' id='word_1_455' title='bbox 481 3480 716 3528; x_wconf 84' lang='lat' dir='ltr'><strong>separatur</strong></span> <span class='ocrx_word' id='word_1_456' title='bbox 742 3484 768 3515; x_wconf 83' lang='lat' dir='ltr'><strong>a</strong></span> <span class='ocrx_word' id='word_1_457' title='bbox 795 3483 988 3530; x_wconf 90' lang='lat' dir='ltr'><strong>corpore</strong></span> <span class='ocrx_word' id='word_1_458' title='bbox 1005 3482 1086 3529; x_wconf 90' lang='lat' dir='ltr'><strong>per</strong></span> <span class='ocrx_word' id='word_1_459' title='bbox 1102 3477 1316 3525; x_wconf 84' lang='lat' dir='ltr'><strong>mortem,</strong></span> <span class='ocrx_word' id='word_1_460' title='bbox 1336 3469 1465 3528; x_wconf 89' lang='lat' dir='ltr'><strong>quasi</strong></span> <span class='ocrx_word' id='word_1_461' title='bbox 1485 3470 1579 3528; x_wconf 86' lang='lat' dir='ltr'><strong>jam</strong></span> <span class='ocrx_word' id='word_1_462' title='bbox 1596 3469 1830 3528; x_wconf 87' lang='lat' dir='ltr'><strong>persoluto</strong></span> <span class='ocrx_word' id='word_1_463' title='bbox 1849 3483 1922 3525; x_wconf 86' lang='lat' dir='ltr'><strong>eo,</strong></span> <span class='ocrx_word' id='word_1_464' title='bbox 1938 3467 2062 3529; x_wconf 84' lang='lat' dir='ltr'><strong>quod</strong></span> <span class='ocrx_word' id='word_1_465' title='bbox 2077 3471 2292 3533; x_wconf 50' lang='lat' dir='ltr'><strong>naturae}</strong></span> 
     </span>
     <span class='ocr_line' id='line_1_46' title="bbox 302 3532 2295 3582; baseline 0.003 -2"><span class='ocrx_word' id='word_1_466' title='bbox 302 3537 561 3582; x_wconf 88' lang='lat' dir='ltr'><strong>debebatur.</strong></span> <span class='ocrx_word' id='word_1_467' title='bbox 2157 3560 2159 3562; x_wconf 61' lang='grc'>’</span> <span class='ocrx_word' id='word_1_468' title='bbox 2224 3557 2227 3559; x_wconf 64' lang='grc'><strong><em>’</em></strong></span> <span class='ocrx_word' id='word_1_469' title='bbox 2256 3532 2295 3560; x_wconf 56' lang='lat'><strong>‘³&#39;</strong></span> 
     </span>
    </p>
   </div>
   <div class='ocr_carea' id='block_1_6' title="bbox 2149 1329 2352 3926">
    <p class='ocr_par' dir='ltr' id='par_1_13' title="bbox 2149 1329 2352 3926">
     <span class='ocr_line' id='line_1_47' title="bbox 2329 1329 2352 1418; baseline 0 -8"><span class='ocrx_word' id='word_1_470' title='bbox 2329 1329 2352 1418; x_wconf 95' lang='lat' dir='ltr'><strong>  </strong></span> 
     </span>
     <span class='ocr_line' id='line_1_48' title="bbox 2321 1418 2352 1821; baseline -0.581 6"><span class='ocrx_word' id='word_1_471' title='bbox 2321 1418 2352 1821; x_wconf 95' lang='lat' dir='ltr'><strong>      </strong></span> 
     </span>
     <span class='ocr_line' id='line_1_49' title="bbox 2305 1821 2352 2151; baseline 0 -137"><span class='ocrx_word' id='word_1_472' title='bbox 2305 1821 2352 2151; x_wconf 95' lang='lat' dir='ltr'><strong>    </strong></span> 
     </span>
     <span class='ocr_line' id='line_1_50' title="bbox 2309 2151 2352 2359; baseline 0 0"><span class='ocrx_word' id='word_1_473' title='bbox 2309 2151 2352 2359; x_wconf 95' lang='lat' dir='ltr'><strong>    </strong></span> 
     </span>
     <span class='ocr_line' id='line_1_51' title="bbox 2303 2359 2352 2755; baseline 0 -68"><span class='ocrx_word' id='word_1_474' title='bbox 2303 2359 2352 2755; x_wconf 95' lang='lat' dir='ltr'><strong>     </strong></span> 
     </span>
     <span class='ocr_line' id='line_1_52' title="bbox 2289 2755 2352 2967; baseline 0 0"><span class='ocrx_word' id='word_1_475' title='bbox 2289 2755 2352 2967; x_wconf 95' lang='lat' dir='ltr'><strong>    </strong></span> 
     </span>
     <span class='ocr_line' id='line_1_53' title="bbox 2281 2967 2352 3155; baseline 0 -68"><span class='ocrx_word' id='word_1_476' title='bbox 2281 2967 2352 3155; x_wconf 95' lang='lat' dir='ltr'><strong>   </strong></span> 
     </span>
     <span class='ocr_line' id='line_1_54' title="bbox 2149 3155 2352 3926; baseline -0.054 -490"><span class='ocrx_word' id='word_1_477' title='bbox 2149 3155 2352 3926; x_wconf 95' lang='lat' dir='ltr'><strong>      </strong></span> 
     </span>
    </p>
   </div>
   <div class='ocr_carea' id='block_1_7' title="bbox 2242 3648 2254 3663">
    <p class='ocr_par' dir='ltr' id='par_1_14' title="bbox 2242 3648 2254 3663">
     <span class='ocr_line' id='line_1_55' title="bbox 2242 3648 2254 3663; baseline 0 0"><span class='ocrx_word' id='word_1_478' title='bbox 2242 3648 2254 3663; x_wconf 68' lang='grc' dir='ltr'><strong><em>ι</em></strong></span> 
     </span>
    </p>
   </div>
  </div>
 </body>
</html>
