2352 3926
287 223 397 292 636
776 235 1055 282 QUAEsno
1094 236 1264 276 Lxxn.
1304 235 1613 276 ARTIcuLus
1651 236 1748 276 ΧΠ.

283 337 401 382 niter
428 336 716 412 celebrando,
743 346 788 380 et
808 336 916 379 huic
939 347 1255 381 sacramento:
1278 337 1358 382 sed
1378 338 1482 396 quia
1499 337 1592 382 hoc
1619 347 1957 383 sacramentum
1974 353 2001 383 a
2025 339 2136 385 solis
2157 339 2247 399 epi-

284 405 434 480 scopis
461 404 604 457 datur,
632 403 709 462 qui
734 417 828 446 non
856 414 959 447 sunt
985 418 1166 463 semper
1181 414 1458 462 praesentes,
1477 406 1552 449 ubi
1575 405 1827 464 presbyteri
1850 405 2093 466 baptizant,
2111 419 2248 485 opor-

283 471 381 525 tuit,
409 480 630 529 quantum
663 469 718 513 ad
753 484 1051 515 communem
1083 485 1232 527 usum,
1248 482 1603 516 sacramentum
1638 472 2001 518 confirmationis
2033 469 2169 519 etiarn
2199 475 2247 518 in

285 537 373 580 alia
399 547 609 594 tempora
637 535 819 580 differri.
2339 543 2352 599 g

373 603 448 646 AD
477 615 738 647 SECUNDUM
765 603 1025 662 dicendum,
1052 605 1175 664 quod
1208 605 1261 649 ab
1295 605 1372 650 illa
1411 605 1720 664 prohibitione
1753 605 2035 665 excipiuntur
2062 606 2248 662 infirmi,
2342 609 2352 613 ’“

282 679 327 713 et
352 678 500 712 morte
527 669 848 727 periclitantes,
882 671 998 715 sicut
1038 671 1084 715 in
1117 681 1285 716 statuto
1327 672 1574 716 Meldensis
1612 672 1812 717 Concilii
1838 671 2027 732 legitur3
2062 682 2109 718 et
2126 674 2246 733 ‘’ideo
2343 706 2352 727 ἐ

282 746 467 795 propter
493 735 833 781 multitudinem
854 737 1075 792 fidelium,
1103 748 1148 782 et
1173 743 1357 798 pr0pter
1382 739 1585 798 pericula
1607 739 1897 784 imminentia
1922 741 2178 795 sustinetur,
2200 750 2249 785 ut
2336 770 2352 811 ἦ

282 801 372 845 hoc
401 812 757 857 sacramentum,
776 803 900 862 quod
926 805 1109 848 nonnisi
1137 806 1190 848 ab
1211 806 1437 864 episcopis
1466 806 1563 849 dari
1584 816 1751 865 potest,
1770 806 1908 850 etiam
1927 820 1953 850 a
1972 820 2068 851 non
2083 807 2248 867 jejunis
2337 813 2352 850 fi

284 869 426 923 detur,
452 868 526 913 vel
553 870 822 929 accipiatur:
850 871 955 930 quia
973 886 1088 916 unus
1107 873 1363 931 episcopus,
1381 873 1624 932 praecipue
1651 874 1698 917 in
1717 887 1886 932 magna
1913 873 2129 928 dioecesi,
2153 887 2249 918 non
2332 849 2352 931 Ξ

283 934 510 979 sufficeret
537 937 593 980 ad
615 946 684 981 tot
709 937 922 982 homines
952 938 1307 994 confirmandos,
1334 940 1372 983 si
1399 940 1462 984 eis
1488 950 1669 999 tempus
1700 949 1962 984 arctaretur.
1985 940 2078 985 Ubi
2093 947 2249 985 tamen
2334 929 2352 1000 32}

283 1016 487 1061 congrue
514 1003 745 1048 observari
769 1014 933 1064 potest,
956 1006 1302 1050 convenientius
1325 1016 1405 1060 est,
1432 1017 1482 1051 ut
1508 1021 1533 1050 a
1559 1007 1722 1065 jejunis
1749 1007 1894 1061 detur,
1921 1015 1964 1052 et
1988 1007 2247 1066 accipiatur.

372 1070 448 1114 AD
472 1083 689 1116 TERTmM
716 1072 974 1127 dicendum,
1004 1073 1141 1131 quod,
1168 1074 1284 1118 sicut
1310 1087 1363 1117 ex
1390 1073 1607 1118 Concilio
1635 1074 1818 1118 Martini
1840 1087 1984 1133 papae
2007 1068 2124 1132 (hab.
2141 1076 2249 1120 inter
2328 1115 2341 1123 ,

282 1146 372 1197 cap.
395 1139 581 1183 Martini
604 1141 778 1199 episcop.
796 1141 1077 1194 Bracarensis,
1097 1149 1188 1200 cap.
1202 1157 1262 1199 51.
1285 1141 1445 1186 Concil.
1469 1147 1505 1185 et
1526 1149 1618 1200 cap.
1642 1155 1735 1198 124.
1754 1142 1820 1186 De
1834 1141 2026 1186 Consecr.
2049 1142 2162 1186 Dist.
2179 1142 2247 1199 4.)

281 1204 488 1259 habetur,
512 1206 641 1250 omni
665 1216 874 1265 tempore
900 1206 1067 1251 licebat
1094 1208 1294 1251 chrisma
1322 1208 1576 1253 conficere:
1604 1208 1683 1253 sed
1710 1209 1815 1268 quia
1851 1208 2070 1253 solemnis
2105 1208 2248 1269 bapti-

281 1286 422 1326 smus,
447 1273 503 1316 ad
530 1287 668 1332 quem
690 1274 930 1332 requiritur
953 1289 1060 1319 usus
1084 1274 1357 1328 chrismatis,
1381 1277 1427 1319 in
1443 1275 1600 1334 vigilia
1619 1275 1823 1320 Paschae
1849 1275 2117 1330 celebratur,
2144 1286 2249 1319 con—

281 1353 393 1398 grue
421 1340 682 1384 ordinatum
709 1350 789 1394 est,
817 1350 866 1384 ut
896 1355 976 1399 per
1002 1341 1191 1384 biduum
1219 1351 1322 1386 ante
1359 1343 1411 1385 ab
1451 1342 1669 1401 episcopo
1708 1342 1908 1386 chrisma
1937 1342 2248 1396 benedicatur,
2322 1392 2335 1404 .-

281 1416 332 1450 ut
356 1407 500 1465 possit
524 1422 604 1465 per
631 1408 878 1451 dioecesim
912 1408 1149 1452 destinari:
1179 1409 1274 1453 dies
1301 1409 1439 1452 etiam
1465 1408 1542 1452 ille
1569 1409 1677 1453 satis
1705 1409 1916 1468 congruit
1948 1409 2004 1453 ad
2030 1409 2245 1454 materias

280 1484 676 1518 sacramentorum
707 1475 1056 1529 benedicendas,
1083 1475 1131 1518 in
1163 1489 1254 1533 quo
1287 1474 1370 1519 fuit
1401 1475 1713 1520 Eucharistiae
1747 1486 2087 1520 sacramentum
2122 1476 2244 1521 insti·
2335 1515 2346 1525 ,

279 1549 444 1594 tutum,
474 1541 529 1584 ad
557 1541 680 1600 quod
708 1541 865 1585 omnia
892 1541 979 1586 alia
997 1552 1284 1586 sacramenta
1299 1543 1647 1602 quodammodo
1671 1542 1952 1598 ordinantur,
1969 1544 2086 1588 sicut
2105 1557 2241 1603 supra
2312 1540 2340 1605 g]

281 1607 456 1651 dictum
483 1617 551 1652 est
578 1608 635 1667 (q.
664 1608 727 1667 65.
755 1615 835 1652 art.
859 1610 932 1667 3.).

769 1925 1331 2003 QUAESTIO
1412 1894 1806 1984 LXXIII(

525 2078 606 2119 DE
638 2078 1040 2120 SACRAMENTO
1072 2079 1514 2121 EUCHARISTIAE
1546 2077 1875 2120 SECUNDUM
1905 2077 1993 2129 SE,

846 2169 911 2208 IN
944 2169 1054 2210 SEX
1086 2169 1417 2210 ARTICULOS
1448 2168 1671 2210 DIVISA.

370 2344 718 2404 Consequenter
744 2331 1126 2389 considerandum
1153 2355 1221 2389 est
1247 2345 1301 2389 de
1328 2354 1616 2389 sacramento
1652 2342 1979 2388 Eucharistiae.
2013 2341 2071 2387 Et
2101 2343 2245 2403 primo
2295 2341 2323 2406 [ὲ

278 2411 334 2455 de
360 2411 460 2471 ipso
487 2422 802 2456 sacramento:
828 2412 1001 2457 secundo
1029 2412 1084 2456 de
1110 2412 1324 2456 materia:
1348 2414 1468 2457 tertio
1487 2411 1543 2455 de
1560 2411 1731 2455 forma:
1749 2416 1898 2469 quarto
1916 2409 1972 2455 de
1990 2408 2246 2455 effectibus:
2292 2431 2308 2476 5³

277 2479 420 2537 quinto
448 2478 503 2523 de
528 2479 848 2538 recipientibus
874 2480 965 2524 hoc
993 2490 1355 2524 sacramentum:
1387 2485 1497 2524 sexto
1524 2479 1579 2522 de
1605 2478 1839 2522 ministro:
1866 2479 2035 2538 septimo
2061 2476 2118 2522 de
2144 2476 2245 2538 ritus.
2291 2492 2319 2546 «ς

894 2590 1023 2635 Circa
1041 2591 1236 2650 primum
1261 2597 1521 2649 quaeruntur
1543 2605 1627 2634 sex.

366 2677 539 2723 Primo.
567 2678 735 2723 Utrum
767 2678 1051 2723 Eucharistia
1077 2680 1134 2723 sit
1159 2689 1509 2724 sacramentum.

366 2745 596 2791 Secundo.
624 2746 791 2790 Utrum
818 2748 875 2790 sit
900 2760 1058 2800 unum,
1083 2746 1157 2790 vel
1183 2746 1325 2806 plura.

333 2821 336 2824 ’
365 2811 540 2858 Tertio.
569 2813 736 2858 Utrum
763 2814 819 2858 sit
844 2813 900 2857 de
925 2813 1194 2858 necessitate
1221 2813 1392 2858 salutis.

367 2879 561 2933 Quarto.
588 2881 659 2925 De
684 2881 948 2925 nominibus
974 2881 1084 2938 ejus.

366 2947 557 3000 Quinto.
585 2948 657 2993 De
683 2948 966 2993 institutione
994 2947 1149 3007 ipsius.

365 3015 519 3061 Sexto.
546 3016 618 3061 De
646 3014 801 3076 figuris
829 3016 939 3075 ejus.

990 3191 1426 3249 ARTICULUS
1471 3193 1513 3248 Ι.

661 3328 856 3368 UTRUM
888 3327 1257 3367 EUCHARISTIA
1299 3328 1384 3366 SIT
1427 3326 1853 3368 SACRAMENTUM.

452 3439 581 3498 (Infr.
609 3445 692 3485 art.
720 3453 762 3496 4.
788 3445 888 3499 etq.
917 3452 984 3499 79.
1012 3444 1094 3484 art.
1117 3453 1153 3498 5.
1180 3443 1281 3497 et7.
1307 3444 1410 3496 et4.
1438 3440 1549 3484 Dist.
1576 3439 1617 3484 8.
1644 3453 1683 3497 q.
1706 3454 1741 3484 1.
1764 3442 1846 3483 art.
1869 3451 1904 3483 1.
1928 3451 1968 3496 q.
1990 3435 2066 3501 1)

363 3548 438 3593 An
463 3562 652 3595 ramum
678 3550 742 3594 sic
770 3548 1044 3610 proceditur.
1071 3548 1275 3604 Videtur,
1303 3550 1426 3609 quod
1454 3549 1738 3595 Eucharistia
1763 3562 1859 3595 non
1894 3547 1953 3594 sit
1986 3531 2309 3618 sacramen-*⁴
2303 3532 2309 3538 “
2327 3559 2351 3597 3

273 3624 391 3661 tum·
419 3615 474 3659 ad
502 3615 625 3661 idem
651 3617 774 3662 enim
801 3631 894 3661 non
921 3615 1086 3661 debent
1108 3615 1306 3661 ordinari
1324 3617 1415 3662 duo
1434 3626 1736 3674 sacramenta,
1762 3616 1868 3677 quia
1885 3624 2089 3675 unumqu
2115 3616 2132 3625 ’·
