2352 3926
0 1792 5 1802 ,

0 1983 18 2039 ξ’-

2 3664 6 3671 .
0 3275 17 3647 Ἡμγυῃψπῆηω,
0 3237 7 3261 Μ
0 3194 9 3218 ,Ἴ
0 3146 5 3157 -
0 3127 2 3129 v
0 3107 2 3109 v
0 3071 11 3085 η,
0 3052 5 3056 ,

679 170 957 219 QUAEs'rlo
999 171 1186 211 Lxxlx.
1231 170 1541 211 ARTICULUS
1580 171 1654 210 1v.
2016 171 2119 226 711

155 271 385 320 fervorem
412 274 657 329 charitatis,
685 285 734 319 ut
758 277 804 319 in
832 287 872 320 2.
899 274 1105 320 habitum
1132 283 1200 319 est
1225 275 1335 333 (2-2.
1360 288 1398 333 q.
1425 273 1518 332 24.)
1531 288 1549 332 ,·
1573 284 1617 318 et
1639 273 1744 317 ideo
1768 273 1985 331 competit
2017 271 2125 316 huic

155 352 457 399 sacramento,
498 353 545 386 ut
582 342 782 387 remittat
814 352 1001 403 peccata
1024 341 1232 386 venialia.
1268 341 1401 386 Unde
1425 350 1469 385 et
1488 340 1761 385 Ambrosius
1782 339 1892 384 dicit
1912 339 1959 382 in
1982 338 2058 382 lib.
2086 351 2123 396 5.

154 406 210 452 de
248 408 556 453 Sacramentis
586 409 697 469 (cap.
730 422 771 466 4.
804 410 1000 469 implic.),
1035 409 1158 468 quod
1195 424 1219 450 ε(
1251 408 1335 453 iste
1368 407 1497 466 panis
1529 407 1819 466 quotidianus
1851 405 2043 451 sumitur
2075 406 2122 448 in

152 475 405 520 remedium
433 476 724 535 quotidianae
741 475 1014 520 infirmitatis
1031 492 1072 519 n.
1090 475 1180 519 Res
1203 485 1356 520 autem
1373 475 1507 533 hujus
1524 474 1799 518 sacramenti
1822 483 1890 519 est
1908 473 2121 526 charitas,

151 556 245 586 non
271 542 420 587 solum
449 553 668 602 quantum
697 544 751 587 ad
778 543 999 596 habitum,
1027 543 1104 586 sed
1133 543 1271 587 etiam
1287 552 1508 601 quantum
1532 542 1586 586 ad
1612 552 1779 595 actum,
1799 541 1876 600 qui
1899 539 2121 585 excitatur

151 608 197 652 in
229 609 320 653 hoc
346 620 649 663 sacramento,
676 623 757 668 per
782 623 918 669 quem
945 620 1131 668 peccata
1160 609 1355 653 venialia
1381 608 1643 663 solvuntur;
1672 609 1791 653 unde
1822 607 2116 652 manifestum

151 687 231 731 est,
258 677 379 736 quod
406 677 571 721 virtute
597 677 731 735 hujus
755 677 1027 721 sacramenti
1054 677 1345 720 remittuntur
1371 686 1558 734 peccata
1586 676 1796 720 venialia.

239 744 316 788 AD
348 756 535 788 PR1MUM
564 757 675 802 ergo
702 743 962 796 dicendum,
986 743 1108 802 quod
1133 752 1322 801 peccata
1343 742 1538 786 venialia
1562 744 1642 787 etsi
1666 757 1760 786 non
1786 742 2122 787 contrariantur

150 809 360 855 charitati
385 821 607 870 quantum
635 810 690 854 ad
717 810 938 864 habitum,
966 809 1301 853 contrariantur
1325 819 1480 853 tamen
1499 810 1539 853 ei
1557 819 1779 868 quantum
1806 810 1862 853 ad
1889 809 2118 854 fervorem

150 886 292 931 actus,
326 879 402 937 qui
436 878 657 922 excitatur
692 891 772 935 per
806 876 897 921 hoc
932 885 1287 930 sacramentum,
1328 876 1505 920 ratione
1539 879 1667 935 cujus
1701 886 1892 936 peccata
1923 875 2119 921 venialia

149 943 386 989 tolluntur.
612 953 614 955 ’

238 1011 315 1056 AD
337 1024 599 1056 SECUNDUM
625 1009 888 1064 dicendum,
915 1009 1038 1069 quod
1065 1009 1176 1053 illud
1198 1009 1389 1054 verbum
1415 1022 1510 1053 non
1536 1020 1604 1054 est
1629 1010 1992 1069 intelligendum,
2010 1010 2119 1070 quin

148 1076 306 1138 aliqua
324 1078 441 1122 hora
467 1079 611 1138 possit
642 1077 787 1122 homo
815 1091 914 1121 esse
943 1078 1111 1136 absque
1139 1076 1268 1121 omni
1298 1087 1426 1121 reatu
1459 1077 1636 1136 peccati
1666 1077 1881 1132 venialis;
1908 1077 1987 1122 sed
2014 1078 2120 1137 quia

151 1146 296 1191 vitam
320 1146 456 1191 istam
483 1145 626 1190 sancti
662 1159 756 1189 non
784 1144 954 1189 ducunt
979 1145 1076 1188 sine
1103 1144 1301 1204 peccatis
1326 1144 1594 1188 venialibus.

225 1214 315 1259 'AD
348 1226 565 1259 TERTIUM
603 1213 864 1266 dicendum,
898 1212 1021 1272 quod
1054 1213 1202 1270 major
1229 1221 1297 1256 est
1320 1213 1462 1255 virtus
1496 1211 1742 1265 charitatis,
1770 1213 1898 1270 cuius
1932 1221 1999 1255 est
2029 1211 2121 1255 hoc

149 1292 505 1336 sacramentum,
539 1295 678 1340 quam
710 1280 961 1324 venialium
994 1290 1320 1339 peccatorum3
1353 1293 1461 1323 nam
1501 1279 1699 1323 charitas
1731 1278 1852 1323 tollit
1882 1293 1964 1338 per
1988 1292 2123 1322 suum

143 1346 302 1394 ‘actum
329 1354 517 1409 peccata
547 1347 759 1401 venialia,
793 1361 909 1406 quae
941 1357 1097 1391 tamen
1127 1360 1222 1390 non
1254 1356 1446 1405 possunt
1476 1346 1678 1391 totaliter
1708 1346 1933 1406 impedire
1966 1356 2121 1390 actum

150 1416 406 1462 charitatis:
431 1425 475 1461 et
500 1415 662 1460 eadem
687 1415 803 1459 ratio
830 1424 898 1459 est
923 1414 978 1458 de
1004 1414 1095 1458 hoc
1122 1423 1426 1458 sacramento.
1505 1445 1523 1468 ,

881 1593 1314 1651 ARTICULUS
1355 1594 1424 1650 V.
2031 1620 2121 1667 474

155 1727 349 1767 UTRUM
371 1728 473 1778 PER
499 1728 614 1768 HOC
644 1729 1056 1768 SACRAMENTUM
1082 1729 1238 1768 TOTA
1266 1729 1451 1768 POENA
1477 1729 1719 1769 PECCATI
1740 1729 2115 1768 REMITTATUR.

343 1838 409 1896 (4.
432 1839 544 1883 Dist.
566 1852 608 1896 4.
632 1852 670 1897 q.
697 1853 737 1883 2.
762 1844 842 1883 art.
866 1854 903 1884 1.
925 1853 964 1898 q.
991 1853 1031 1884 2.
1059 1838 1114 1883 ad
1133 1854 1170 1898 3.
1197 1845 1236 1884 et
1256 1839 1367 1884 Dist.
1394 1854 1453 1884 Η.
1481 1853 1519 1898 q.
1546 1853 1586 1884 2.
1614 1844 1698 1884 art.
1725 1853 1765 1884 2.
1793 1853 1831 1898 q.
1849 1837 1925 1898 3.).

236 1950 314 1995 AD
341 1963 569 2002 QUINTUM
601 1951 666 1996 sic
698 1951 972 2011 proceditur.
999 1951 1203 2007 Videtur,
1241 1951 1364 2011 quod
1402 1965 1482 2010 per
1518 1951 1610 1996 hoc
1643 1960 1984 1996 sacramentum
2020 1960 2118 1995 tota
2144 1951 2148 1953 ’

145 2031 298 2077 poena
322 2018 501 2078 peccati
526 2019 804 2063 remittatur:
838 2019 984 2063 homo
1012 2019 1135 2063 enim
1167 2033 1248 2078 per
1272 2019 1362 2063 hoc
1397 2029 1739 2063 sacramentum
1771 2018 1959 2078 suscipit
1989 2018 2036 2062 in
2068 2032 2117 2062 se

148 2083 362 2130 effectum
394 2085 622 2145 passionis
647 2085 834 2140 Christi,
857 2095 904 2130 ut
925 2086 1098 2130 dictum
1126 2095 1193 2130 est
1221 2086 1322 2143 (art.
1345 2102 1380 2131 Ι.
1407 2092 1444 2130 et
1464 2101 1504 2131 2.
1529 2086 1615 2144 huj.
1639 2087 1718 2144 q.),
1735 2085 1852 2130 sicut
1879 2095 1923 2129 et
1948 2099 2026 2144 per
2046 2085 2119 2128 ba-

146 2152 365 2212 ptismum
392 2153 582 2212 percipit
607 2153 755 2197 homo
781 2153 1104 2198 remissionem
1122 2153 1273 2198 omnis
1298 2167 1475 2213 poenae
1493 2153 1658 2197 virtute
1682 2153 1906 2211 passionis
1930 2152 2118 2207 Christi,

144 2221 261 2279 quae
288 2217 563 2264 sufficienter
588 2219 807 2264 satisfecit
826 2234 907 2279 pro
926 2220 1140 2264 omnibus
1159 2221 1373 2280 peccatis,
1392 2230 1441 2264 ut
1459 2234 1512 2264 ex
1529 2220 1798 2279 supradictis
1824 2229 1948 2279 patet
1967 2219 2025 2278 (q.
2044 2220 2118 2278 69.

144 2292 225 2332 art.
257 2288 344 2345 2.);
370 2301 480 2346 ergo
507 2287 700 2342 videtur,
732 2288 856 2348 quod
888 2303 969 2347 per
1000 2288 1091 2332 hoc
1125 2298 1464 2332 sacramentum
1495 2288 1676 2333 homini
1709 2288 1964 2332 remittatur
1994 2297 2118 2332 totus

144 2362 294 2398 reatus
320 2367 514 2413 poenae.

232 2435 273 2467 2.
306 2421 605 2467 PRAETEREA.
628 2421 890 2467 Alexander
914 2423 948 2468 Ι.
976 2437 1094 2483 papa
1121 2423 1230 2468 dicit
1254 2424 1322 2481 (in
1348 2425 1461 2483 epist.
1507 2423 1562 2468 ad
1595 2437 1731 2468 omnes
1757 2423 1863 2468 orth.
1885 2429 1980 2482 post
2006 2423 2114 2467 med.

146 2488 305 2535 Concil.
332 2496 371 2535 et
397 2489 490 2534 hab.
518 2498 610 2550 cap.
633 2491 674 2535 8.
701 2491 768 2534 De
797 2490 1032 2535 Consecrat.
1060 2491 1173 2535 Dist.
1191 2492 1276 2548 2.):
1308 2506 1331 2532 «
1353 2489 1477 2535 Nihil
1507 2491 1552 2534 in
1579 2490 1813 2535 sacrificiis
1841 2491 1989 2548 majus
2014 2505 2113 2534 esse

143 2565 307 2615 potest,
324 2570 463 2615 quam
481 2570 661 2615 corpus,
683 2569 727 2602 et
744 2558 929 2617 sanguis
952 2557 1164 2603 Christi»
1183 2572 1194 2602 ε
1214 2559 1292 2602 sed
1310 2573 1390 2617 per
1407 2557 1629 2603 sacrificia
1650 2558 1815 2603 veteris
1837 2558 1950 2616 legis
1970 2558 2116 2602 homo

144 2622 448 2668 satisfaciebat
473 2638 555 2681 pro
582 2626 781 2683 peccatis
807 2625 924 2680 suis;
947 2625 1111 2669 dicitur
1134 2625 1256 2669 enim
1284 2625 1426 2670 Levit.
1446 2638 1487 2680 4.
1508 2635 1553 2670 et
1571 2638 1633 2682 5.:
1661 2625 2113 2684 Sipeccaverit‘homo,

147 2691 393 2750 offeret'boc,
419 2689 488 2735 vel
510 2690 614 2735 illud
633 2698 713 2750 pro
736 2698 905 2751 peccato
931 2707 1017 2746 suo,
1041 2698 1077 2737 et
1102 2694 1335 2737 remittetur
1356 2694 1419 2746 ei,·
1447 2706 1558 2751 ergo
1586 2692 1732 2737 multo
1756 2692 1904 2751 magis
1930 2692 2020 2735 hoc
2048 2706 2113 2736 sa-

147 2768 434 2803 cramentum
460 2757 582 2802 valet
608 2758 664 2802 ad
689 2759 1012 2804 remissionem
1039 2759 1192 2803 omnis
1215 2773 1407 2818 poenae.

239 2839 276 2884 3.
302 2825 599 2870 PRAETEREA.
614 2824 822 2880 Constat,
836 2827 959 2885 quod
971 2841 1051 2886 per
1062 2826 1152 2870 hoc
1171 2836 1511 2871 sacramentum
1530 2826 1698 2885 aliquid
1718 2826 1772 2870 de
1790 2835 1916 2870 reatu
1937 2839 2113 2884 poenae

146 2891 411 2947 dimittitur3
439 2892 558 2936 unde
585 2902 630 2936 et
654 2891 700 2935 in
718 2892 1076 2937 satisfactionem
1105 2893 1326 2952 aliquibus
1353 2893 1616 2952 injungitur,
1645 2894 1765 2952 quod
1784 2906 1866 2951 pro
1885 2906 1933 2936 se
1955 2893 2116 2937 missas

146 2958 318 3004 faciant
345 2958 584 3004 celebrari:
613 2960 692 3003 sed
720 2974 808 3018 qua
834 2960 1010 3004 ratione
1036 2975 1125 3004 una
1145 2975 1246 3020 pars
1274 2975 1451 3020 poenae
1479 2961 1731 3014 dimittitur,
1754 2960 1916 3004 eadem
1938 2961 2114 3004 ratione

146 3036 192 3071 et
213 3026 316 3081 alia,
354 3041 459 3070 cum
486 3026 627 3070 virtus
656 3025 841 3080 Christi,
868 3041 985 3086 quae
1012 3027 1059 3071 in
1085 3028 1176 3072 hoc
1210 3038 1500 3072 sacramento
1535 3028 1807 3081 continetur,
1834 3029 1891 3071 sit
1915 3026 2114 3082 infinita3

146 3106 257 3154 ergo
282 3094 472 3147 videtur,
500 3093 622 3152 quod
650 3107 729 3151 per
754 3093 845 3137 hoc
873 3105 1214 3139 sacramentum
1240 3105 1338 3139 tota
1365 3109 1513 3154 poena
1539 3093 1738 3138 tollatur.

238 3161 333 3206 SED
356 3174 551 3206 CONTRA
579 3172 659 3213 est,
683 3159 805 3219 quod
823 3161 1077 3206 secundum
1103 3162 1194 3206 hoc
1221 3176 1315 3206 non
1333 3172 1452 3206 esset
1477 3161 1655 3205 homini
1683 3160 1770 3204 alia
1796 3174 1944 3220 poena
1970 3161 2114 3220 injun-

147 3228 310 3287 genda,
337 3227 452 3272 sicut
478 3241 564 3272 nec
590 3227 819 3285 baptizato
845 3227 1108 3285 injungitur.

239 3294 528 3339 Rssspounzo
556 3293 816 3348 dicendum,
843 3295 964 3352 quod
1002 3294 1093 3339 hoc
1132 3306 1471 3339 sacramentum
1498 3294 1634 3339 simul
1662 3305 1729 3339 est
1754 3295 2044 3349 sacrificium,
2072 3307 2115 3341 et

144 3371 506 3407 sacramentum:
533 3361 612 3404 sed
639 3361 865 3404 rationem
902 3361 1111 3405 sacrificii
1147 3363 1296 3416 habet,
1335 3363 1605 3420 inquantum
1643 3360 1853 3415 offertur3
1886 3363 2113 3406 rationem

147 3438 302 3473 autem
327 3428 616 3481 sacramenti,
638 3427 909 3486 inquantum
928 3428 1143 3474 sumitur:
1172 3440 1217 3473 et
1242 3429 1346 3473 ideo
1375 3428 1588 3473 effectum
1611 3429 1885 3490 sacramenti
1912 3429 2112 3473 habetin

147 3508 204 3540 eo
222 3495 300 3554 qui
324 3495 476 3549 sumit,
503 3494 716 3540 effectum
741 3505 894 3538 autem
920 3495 1143 3540 sacraficii
1159 3496 1203 3540 in
1232 3510 1287 3540 eo
1316 3498 1391 3555 qui
1419 3495 1566 3550 offert,
1583 3495 1655 3540 vel
1681 3496 1727 3539 in
1751 3496 1822 3540 his
1843 3510 1926 3554 pro
1950 3497 2112 3555 quibus

148 3561 349 3608 offertur.
369 3562 418 3607 Si
435 3562 571 3622 igitur
596 3563 909 3607 consideretur
934 3572 982 3606 ut
999 3573 1352 3614 sacramentum,
1379 3563 1517 3608 habet
1533 3561 1747 3607 effectum
1764 3563 2011 3618 dupliciter:
2029 3578 2112 3608 uno
