2352 3926
624 223 902 270 QUAESTIO
942 221 1128 265 XLVIII.
1168 223 1478 264 ARTICULUS
1516 223 1574 264 11.
1750 269 1752 271 ,
1965 226 2030 279 4Ι
2047 226 2067 262 Ι

94 325 275 374 ‚ficiens
304 324 402 381 fuit,
433 335 478 371 et
508 325 877 387 superabundans
899 326 955 370 ad
976 325 1347 371 satisfaciendum
1372 339 1455 385 pro
1481 324 1680 386 peccatis
1711 323 2075 384 crucifigentium

95 393 280 454 ipsum.

130 478 134 481 ”
205 461 283 506 AD
309 473 525 506 TERTmM
550 460 809 514 dicendum,
836 459 959 519 quod
984 459 1179 519 dignitas
1205 460 1351 504 carnis
1380 459 1553 504 Christi
1577 473 1672 504 non
1698 469 1766 504 est
1792 458 2074 504 aestimanda

116 514 268 575 solum
295 528 547 573 secundum
574 527 721 572 carnis
746 537 971 581 naturam,
1003 526 1082 571 sed
1113 527 1365 571 secundum
1391 541 1634 585 personam
1661 525 2060 581 assumentem,in

116 605 337 656 quantum
362 594 536 641 scilicet
561 604 659 640 erat
684 608 790 639 caro
815 594 918 648 Dei,
945 608 999 638 ex
1025 607 1116 653 quo
1142 593 1338 637 habebat
1365 593 1632 652 dignitatem
1656 593 1896 638 infinitam.

819 736 1254 828 ARTICULUS
1289 770 1388 825 ΠΙ.
1990 782 2076 830 266
2120 776 2128 780 ·

189 906 382 947 UTRUM
420 905 607 945 PASSIO
649 905 868 946 CHRISTI
901 905 1155 945 OPERATA
1188 906 1272 944 SIT
1306 906 1405 944 PER
1445 905 1652 943 MODUM
1692 904 1996 944 SACRIFICII.

425 1017 556 1075 (Infr.
583 1031 622 1075 q.
647 1029 720 1075 49.
747 1022 827 1061 art.
844 1029 887 1072 4.
915 1023 1026 1075 corp.
1053 1022 1090 1060 et
1114 1030 1152 1074 q.
1182 1029 1239 1075 73.
1266 1022 1348 1060 art.
1375 1029 1418 1072 4.
1446 1022 1559 1074 corp.
1587 1022 1625 1060 et
1650 1014 1704 1059 ad
1726 1030 1760 1074 3.

556 1089 593 1128 et
616 1098 655 1142 q.
682 1085 742 1142 83.
770 1090 852 1128 art.
879 1099 914 1129 1.
942 1091 1056 1143 corp.
1083 1089 1120 1128 et
1145 1091 1279 1142 opusc.
1308 1082 1380 1128 60.
1407 1091 1498 1142 cap.
1523 1082 1625 1140 18.).

152 1212 156 1215 ’
202 1197 280 1243 AD
305 1210 522 1243 TERTIUM
547 1199 612 1242 sic
639 1197 912 1256 proceditur.
934 1197 1139 1252 Videtur,
1167 1197 1289 1256 quod
1316 1197 1467 1256 passio
1487 1195 1660 1240 Christi
1685 1210 1779 1240 non
1806 1195 1862 1240 sit
1888 1206 2075 1255 operata

112 1278 195 1325 per
218 1265 407 1310 modum
435 1264 662 1310 sacrificii:
680 1265 847 1309 veritas
864 1265 988 1309 enim
1012 1265 1145 1310 debet
1164 1265 1441 1323 respondere
1460 1264 1656 1323 figurae:
1675 1264 1753 1308 sed
1775 1264 1820 1307 in
1842 1263 2074 1308 sacrificiis

112 1332 277 1377 veteris
302 1332 431 1391 legis,
457 1347 573 1391 quae
599 1342 727 1376 erant
752 1332 923 1391 figurae
951 1332 1139 1386 Christi,
1155 1346 1390 1391 nunquam
1414 1330 1687 1376 offerebatur
1710 1345 1817 1375 caro
1844 1331 2071 1376 humana:

112 1400 369 1458 quinimmo
394 1400 509 1445 haec
537 1400 756 1444 sacrificia
783 1400 1034 1454 immunda,
1067 1410 1111 1444 et
1136 1398 1331 1443 nefanda
1358 1398 1652 1452 habebantur,
1686 1399 1940 1442 secundum
1964 1397 2075 1441 illud

111 1467 385 1524 Psal.105.·
410 1467 662 1527 Effuderunt
693 1470 932 1527 sanguinem
964 1470 1233 1522 innocentem,
1262 1468 1503 1525 sanguinem
1529 1466 1723 1525 filiorum
1754 1481 1940 1519 suorum,
1968 1472 2004 1510 et
2017 1466 2076 1524 fi-

0 1522 12 1619 ξ
113 1535 271 1580 liarum
286 1550 475 1589 suarum,
495 1550 595 1594 quas
610 1537 956 1592 sacrificaverunt
976 1535 1230 1594 sculptilibus
1249 1534 1476 1586 Chaunum
1496 1547 1606 1591 ergo
1624 1533 1817 1587 videtur,
1836 1533 1958 1592 quod
1980 1546 2077 1592 pas-

112 1601 183 1647 sio
211 1602 381 1648 Christi
407 1602 681 1647 sacrificium
707 1602 797 1646 dici
822 1617 916 1646 non
944 1603 1098 1660 possit.

201 1682 241 1713 2.
269 1670 566 1716 PRAETEREA.
593 1670 876 1728 Augustinus
903 1670 1043 1714 dicit·
1033 1684 1078 1714 m
1110 1683 1176 1714 10
1195 1670 1249 1712 de
1269 1668 1369 1713 Civ.
1387 1668 1476 1711 Dei
1493 1668 1605 1727 (cap.
1624 1682 1660 1727 5.
1678 1676 1836 1727 parum
1855 1682 1880 1712 a
1892 1669 2072 1727 princ),

111 1737 233 1796 quod
262 1737 572 1782 «sacrificium
598 1736 788 1790 visibile,
815 1737 1050 1781 invisibilis
1076 1736 1284 1780 sacrificii
1312 1746 1664 1788 sacramentum,
1683 1735 1798 1780 idest
1819 1749 2000 1779 sacrum
2022 1735 2076 1779 si-

111 1817 255 1862 gnum
282 1814 352 1848 est
378 1819 427 1847 »ε
456 1805 534 1848 sed
561 1804 711 1863 passio
736 1804 906 1848 Christi
931 1819 1025 1848 non
1049 1815 1116 1848 est
1131 1805 1329 1862 signum,
1346 1803 1425 1847 sed
1453 1803 1599 1860 magis
1626 1803 1857 1860 signatum
1883 1817 1962 1861 per
1985 1802 2073 1847 alia

111 1870 268 1929 signa3
295 1885 406 1930 ergo
433 1871 623 1924 videtur,
649 1871 770 1930 quod
797 1871 948 1930 passio
978 1871 1151 1915 Christi
1176 1885 1269 1914 non
1297 1870 1353 1914 sit
1378 1869 1665 1914 sacrificium.

26 1992 29 1994 q
205 1952 242 1997 3.
257 1939 552 1983 PRAETEREA.
569 1937 862 1997 Quicumque
880 1937 1011 1982 offert
1025 1938 1311 1991 sacrificium,
1330 1936 1512 1995 aliquod
1526 1950 1705 1980 sacrum
1723 1936 1845 1991 facit,
1858 1946 1907 1980 ut
1923 1936 2072 1995 ipsum

97 2008 283 2049 'nomen
310 2005 521 2050 sacrificii
551 2005 858 2049 demonstrat:
883 2005 951 2049 illi
984 2015 1137 2049 autem
1166 2004 1241 2063 qui
1269 2004 1505 2048 Christum
1535 2003 1813 2058 occiderunt,
1840 2018 1934 2047 non
1959 2002 2074 2048 fece-

109 2081 214 2116 runt
225 2071 408 2131 aliquod
424 2086 620 2128 sacrum,
634 2072 712 2116 sed
726 2086 943 2131 magnam
961 2072 1184 2116 malitiam
1201 2081 1591 2131 perpetraverunt3
1607 2085 1716 2130 ergo
1734 2071 1886 2130 passio
1901 2070 2073 2115 Christi

109 2138 257 2198 magis
282 2138 364 2183 fuit
390 2138 684 2193 maleficium,
711 2154 848 2198 quam
875 2139 1161 2184 sacrificium.

24 2266 25 2269 Ἴ
200 2205 296 2251 821>
319 2219 514 2251 CONTRA
537 2216 618 2260 est,
642 2207 763 2265 quod
790 2206 1041 2266 Apostolus
1069 2206 1178 2250 dicit
1202 2205 1366 2265 Ephes.
1399 2218 1459 2260 5.:
1491 2204 1684 2249 Tradidit
1707 2207 1965 2265 semetipsum
1990 2213 2071 2264 pro

19 2286 33 2325 ³}
107 2274 239 2328 nobis,
266 2273 527 2327 oblationem,
550 2281 588 2319 et
605 2274 780 2319 hostiam
806 2275 899 2318 Deo
925 2276 970 2318 in
996 2273 1163 2318 odorem
1184 2275 1414 2317 suavitatis.

195 2340 483 2386 RESPONDI-:o
503 2341 760 2395 dicendum,
785 2341 906 2399 quod
925 2340 1201 2386 sacrificium
1227 2340 1408 2399 proprie
1441 2339 1604 2384 dicitur
1631 2338 1799 2398 aliquid
1825 2338 1998 2383 facturn
2024 2339 2071 2383 in

24 2448 30 2469 ,ζ
105 2406 334 2453 honorem
358 2408 540 2467 proprie
565 2408 668 2453 Deo
696 2408 914 2462 debiturn,
948 2408 1004 2452 ad
1037 2422 1144 2453 eum
1176 2406 1475 2466 placandum3
1510 2417 1554 2450 et
1584 2406 1689 2450 inde
1717 2416 1797 2460 est,
1831 2405 1954 2465 quod
1981 2406 2072 2449 Au-

27 2471 31 2473 *
107 2482 225 2534 gust.
250 2474 359 2519 dicit
382 2475 430 2519 in
456 2488 524 2520 10.
550 2475 606 2519 de
634 2475 736 2519 Civ.
763 2475 853 2519 Dei
886 2477 996 2535 (cap.
1025 2476 1107 2534 6.).·
1129 2492 1153 2518 «
1175 2474 1351 2519 Verum
1377 2473 1652 2518 sacrificium
1679 2484 1746 2518 est
1773 2487 1913 2517 omne
1941 2487 2070 2531 opus,

96 2540 229 2600 <quod
254 2541 416 2600 agitur,
441 2552 491 2586 ut
515 2552 671 2586 sancta
697 2544 916 2587 societate
943 2543 1265 2587 inhaereamus
1290 2541 1410 2595 Deo,
1437 2540 1631 2584 relatum
1657 2539 1832 2584 scilicet
1857 2541 1913 2584 ad
1938 2539 2071 2583 illum

27 2636 39 2644 ι
93 2606 247 2665 finem
269 2608 394 2662 boni,
423 2623 515 2668 quo
540 2609 762 2653 veraciter
786 2609 907 2653 beati
934 2623 1031 2653 esse
1058 2622 1301 2668 possumus
1324 2624 1374 2653 »ι
1401 2607 1609 2652 Christus
1631 2617 1800 2661 autem,
1827 2617 1877 2651 ut
1900 2607 2070 2651 ibidem

17 2728 19 2730 Ι
106 2673 325 2730 subditur,
352 2692 376 2719 (t
402 2677 603 2734 seipsum
629 2676 792 2720 obtulit
822 2676 869 2720 in
895 2677 1106 2735 passione
1133 2691 1215 2734 pro
1241 2676 1374 2720 nobis
1401 2690 1451 2719 »z
1480 2685 1525 2719 et
1550 2675 1640 2719 hoc
1667 2675 1818 2734 ipsum
1845 2675 1969 2734 quod
1994 2689 2070 2719 vo-

106 2740 299 2785 luntarie
324 2742 587 2800 passionem
613 2743 838 2797 sustinuit,
855 2744 958 2787 Deo
986 2744 1184 2787 maxime
1211 2753 1449 2802 acceptum
1476 2742 1572 2796 fuit,
1591 2752 1747 2801 utpote
1771 2757 1822 2787 ex
1851 2742 2069 2786 charitate

0 2834 3 2860 ;
107 2807 309 2852 maxima
332 2809 627 2867 proveniens:
652 2810 773 2854 unde
800 2809 1092 2855 manifestum
1120 2820 1200 2863 est,
1228 2810 1351 2869 quod
1378 2810 1530 2868 passio
1554 2809 1725 2854 Christi
1751 2808 1887 2854 fuerit
1907 2823 2068 2853 verum

0 2881 6 2934 ζ
46 2879 47 2882 ’
105 2873 407 2929 sacrificium3
432 2884 490 2928 et,
513 2876 634 2921 sicut
663 2876 758 2936 ipse
789 2887 949 2935 postea
982 2877 1131 2922 subdit
1162 2877 1207 2921 in
1240 2877 1405 2921 eodem
1438 2875 1554 2920 libro
1588 2877 1703 2936 (cap.
1734 2876 1845 2934 20.),
1883 2893 1906 2918 <‹
1933 2876 2066 2933 hujus

0 2935 4 2941 ‘
44 2975 45 2980 ,
105 2941 203 2986 veri
232 2940 444 2985 sacrificii
474 2941 757 3001 multiplicia,
782 2946 997 3003 variaque
1030 2945 1158 3003 signa
1191 2954 1317 2988 erant
1349 2943 1570 2988 sacrificia
1603 2945 1748 3001 prisca
1777 2943 2068 2996 Sanctorum,

0 3010 3 3025 ²
99 3021 214 3052 -cum
239 3008 330 3052 hoc
359 3021 501 3052 unum
526 3022 606 3067 per
630 3009 781 3054 multa·
801 3010 1082 3067 figuraretur,
1123 3021 1341 3070 tanquam
1369 3010 1517 3054 verbis
1551 3010 1705 3054 multis
1730 3024 1802 3054 res
1829 3025 1918 3054 una
1945 3010 2066 3053 dice-

104 3084 240 3130 retur,
267 3085 315 3119 ut
340 3075 437 3119 sine
456 3073 638 3119 fastidio
660 3075 856 3121 multum
878 3077 1301 3131 commendaretur3
1329 3087 1391 3131 ut,
1425 3091 1530 3121 cum
1558 3087 1752 3136 quatuor
1779 3076 2064 3121 consideren-

103 3150 176 3187 tur
199 3142 247 3185 in
269 3141 398 3186 omni
429 3140 652 3185 sacrificio
670 3157 712 3195 »,
738 3152 786 3186 ut
811 3143 1094 3202 Augustinus
1121 3145 1230 3188 dicit
1255 3145 1301 3187 in
1327 3157 1368 3198 4.
1398 3144 1452 3188 de
1481 3143 1704 3188 Trinitate
1728 3144 1839 3203 (cap.
1863 3145 1964 3200 ιφ),
1989 3143 2071 3187 sci-

58 3240 60 3243 ·
105 3206 225 3262 licet,
246 3225 270 3251 c<
289 3209 361 3252 cui
379 3207 607 3263 offeratur,
632 3222 657 3251 a
674 3222 764 3267 quo
784 3208 1011 3264 offeratur,
1027 3212 1134 3270 quid
1152 3210 1380 3264 offeratur,
1401 3225 1483 3270 pro
1505 3212 1666 3269 quibus
1694 3210 1924 3264 offeratur,
1946 3210 2069 3254 idem

54 3271 60 3327 J
98 3274 199 3335 jpse
217 3289 579 3334 unus,verusque
598 3275 824 3320 Mediator
841 3290 919 3336 per
936 3278 1211 3322 sacrificium
1230 3279 1353 3336 pacis
1371 3278 1675 3322 reconcilians
1692 3292 1776 3321 nos
1794 3278 1911 3330 Deo,
1925 3292 2068 3321 unum

59 3350 63 3403 .j
84 3355 211 3389 tum
235 3341 317 3388 illo
350 3353 568 3394 maneret,
602 3343 673 3386 cui
706 3340 939 3398 offerebat,
972 3358 1114 3388 unum
1146 3345 1192 3389 in
1227 3360 1273 3389 se
1306 3344 1488 3399 faceret,
1523 3358 1604 3402 pro
1639 3345 1800 3402 quibus
1834 3343 2066 3400 offerebat,

107 3421 223 3453 unus
247 3409 343 3468 ipse
370 3419 502 3462 esset,
528 3409 604 3466 qui
632 3406 864 3463 offerebat,
890 3420 935 3454 et
961 3410 1083 3468 quod
1110 3410 1328 3456 offerebat
1355 3428 1394 3456 ›>.

59 3481 62 3482 ’
192 3475 269 3519 AD
290 3488 482 3520 PRIMUM
497 3489 606 3533 ergo
630 3475 887 3529 dicendum,
901 3477 1022 3534 quod
1041 3475 1147 3521 licet
1165 3479 1331 3522 veritas
1349 3477 1622 3535 respondeat
1647 3476 1818 3535 figurae
1846 3489 2066 3536 quantum

105 3539 163 3585 ad
183 3540 373 3601 aliquid,
404 3556 498 3586 non
529 3546 684 3585 tamen
716 3551 935 3600 quantum
963 3543 1018 3587 ad
1046 3544 1224 3588 omnia:
1253 3544 1356 3602 quia
1384 3554 1578 3601 oportet,
1612 3543 1734 3602 quod
1767 3545 1932 3591 veritas
1957 3544 2069 3604 figu-

103 3619 203 3657 tam
223 3608 440 3655 excedat:
468 3618 513 3653 et
543 3608 648 3654 ideo
681 3608 1005 3655 convenienter
1035 3607 1179 3668 figura
1210 3610 1345 3669 hujus
1380 3608 1605 3664 sacrificii,
1638 3624 1729 3669 quo
1757 3624 1864 3656 caro
1893 3611 2066 3658 Christi
