2352 3926
268 225 376 280 724
778 221 1058 268 QUAESTIO
1098 198 1612 263 Lxxx.ART1cu1.us
1653 225 1707 264 v.

268 337 436 382 catum,
462 325 584 386 quod
611 334 678 370 est
703 338 757 369 ex
781 324 1055 383 ignorantia,
1089 324 1165 369 vel
1195 324 1471 382 infirmitate,
1497 336 1566 371 est
1589 325 1734 373 levius
1766 339 1973 388 peccato,
1999 331 2123 392 quod
2154 342 2223 379 est

266 408 322 438 ex
347 402 625 451 contemptu,
651 390 724 435 vel
750 405 805 435 ex
832 400 952 435 certa
978 391 1192 446 scientia3
1225 402 1270 436 et
1295 393 1456 437 eadem
1481 394 1598 438 ratio
1625 405 1693 440 est
1723 395 1780 440 de
1807 396 1905 442 aliis
1932 398 2226 445 circumstan-

264 461 361 506 tiis:
390 471 433 504 et
458 458 708 504 secundum
730 458 819 502 hoc
844 458 961 502 istud
978 468 1219 517 peccatum
1235 458 1283 503 in
1299 460 1570 518 quibusdam
1592 472 1742 521 potest
1762 477 1860 508 esse
1876 478 2082 522 gramus;
2106 466 2224 512 sicut

263 528 310 572 in
336 528 407 572 his
434 527 510 586 qui
535 540 588 570 ex
621 526 787 570 actuali
813 536 1093 585 contemptu,
1121 540 1227 571 cum
1253 527 1534 572 conscientia
1559 530 1738 588 peccati
1768 531 1824 575 ad
1848 531 1940 576 hoc
1966 546 2225 579 sacramen-

266 605 363 638 tum
389 593 630 637 accedunt:
657 592 703 635 in
730 593 1000 651 quibusdam
1021 607 1130 637 vero
1158 594 1308 638 minus
1336 609 1498 653 grave3
1525 605 1634 654 puta
1659 597 1706 640 in
1736 597 1807 641 his
1834 598 1912 657 qui
1942 612 1997 643 ex
2022 600 2223 658 quodam

264 662 443 714 timore,
480 674 538 704 ne
565 659 960 718 deprehendantur
984 660 1032 704 in
1058 671 1264 719 peccato,
1291 675 1397 705 cum
1431 662 1710 707 conscientia
1736 665 1913 723 peccati
1944 664 2000 710 ad
2036 666 2128 711 1100
2159 680 2226 711 33-

264 737 549 771 cramentum
575 727 810 771 accedunt.
850 727 925 771 Sic
964 741 1074 786 ergo
1109 737 1245 787 patet,
1283 728 1405 787 quod
1439 729 1528 773 hoc
1564 741 1805 787 peccatum
1841 741 1910 776 est
1938 731 2094 777 multis
2125 732 2226 778 aliis

264 795 444 854 gravius
471 793 722 837 secundum
748 807 879 838 suam
905 794 1131 852 speciem;
1157 809 1252 838 non
1278 805 1435 839 tamen
1461 806 1529 841 est
1554 798 1764 841 omnium
1785 798 2122 857 gravissimum.

350 862 426 905 AD
458 874 647 906 PRIMUM
674 874 784 919 ergo
813 860 1073 916 dicendum,
1100 861 1222 920 quod
1249 872 1491 920 peccatum
1517 864 1703 923 indigne
1729 866 2007 911 sumentium
2031 866 2123 911 1100
2154 881 2224 912 33-

262 939 549 973 01310001010
577 937 868 987 00109313101
893 938 1084 987 peccato
1112 928 1422 973 occidentium
1455 930 1706 986 Christum,
1739 932 1992 978 secundum
2016 933 2226 979 similitu-

262 995 431 1049 dinem,
465 995 571 1054 quia
596 1006 839 1054 utrumque
866 994 1166 1040 committitur
1193 1005 1352 1040 contra
1378 1011 1542 1056 corpus
1567 998 1758 1053 Christi3
1777 1013 1871 1043 non
1888 1009 2044 1044 tamen
2065 1015 2227 1046 secun-

262 1062 372 1106 dum
399 1062 601 1106 criminis
627 1063 1216 1122 quantitatemsPeccatum
1242 1063 1365 1108 enim
1392 1064 1700 1109 occidentium
1723 1065 1961 1111 Christum
1977 1066 2062 1112 fuit
2076 1066 2224 1113 multo

262 1130 464 1188 gravius:
492 1131 633 1189 primo
665 1129 866 1189 quidem,
899 1130 1004 1188 quia
1036 1129 1148 1174 illud
1183 1140 1426 1189 peccatum
1461 1130 1545 1176 fuit
1579 1142 1737 1177 contra
1773 1147 1936 1193 corpus
1973 1133 2148 1180 Christi
2175 1135 2225 1179 in

261 1196 412 1256 specie
438 1197 645 1256 propria;
671 1197 763 1241 hoc
791 1206 943 1240 autem
970 1207 1212 1255 peccatum
1239 1206 1307 1241 est
1333 1208 1493 1242 contra
1519 1213 1684 1258 corpus
1713 1200 1886 1245 Christi
1908 1201 1956 1246 in
1978 1202 2131 1261 specie
2152 1216 2224 1247 sa-

263 1264 507 1308 eramenti:
533 1263 721 1318 secundo,
745 1264 851 1323 quia
875 1263 988 1308 illud
1014 1274 1256 1323 peccatum
1281 1265 1505 1323 processit
1529 1279 1585 1310 ex
1605 1267 1858 1312 intentione
1873 1268 2073 1313 nocendi
2094 1268 2226 1315 Chri·

261 1341 348 1386 sto,
373 1345 469 1375 non
497 1341 650 1376 301010
677 1331 767 1375 1100
794 1341 1051 1390 9000310111.

350 1399 427 1444 An
455 1413 717 1444 SECUNDUM
743 1398 1003 1453 dicendum,
1029 1398 1153 1458 quod
1178 1398 1429 1444 fornicator
1455 1401 1684 1460 accipiens
1711 1415 1878 1462 corpus
1906 1366 2078 1448 Christi
2102 1416 2228 1448 com-

260 1477 442 1526 paratur
459 1466 603 1542 Judae
631 1466 867 1511 Christum
894 1466 1133 1521 osculanti,
1161 1476 1382 1526 quantum
1410 1466 1466 1511 ad
1491 1466 1838 1513 similitudinem
1870 1469 2087 1524 criminis,
2118 1469 2226 1530 quia

260 1544 448 1592 uterque
475 1548 528 1578 ex
554 1534 687 1592 signo
715 1533 945 1578 charitatis
973 1533 1212 1578 Christum
1245 1534 1467 1589 ostendit3
1500 1549 1595 1579 non
1627 1545 1784 1580 tamen
1815 1546 2037 1595 quantum
2062 1536 2119 1581 ad
2145 1537 2227 1583 cri·

260 1601 396 1645 minis
423 1601 736 1660 quantitatem,
764 1600 881 1645 sicut
903 1600 1041 1644 etiam
1067 1601 1189 1659 911113
1218 1601 1390 1645 dictum
1417 1611 1485 1645 est
1503 1602 1567 1658 (in
1585 1603 1709 1648 solut.
1722 1603 1903 1663 praec).
1926 1603 2053 1648 Haec
2068 1612 2226 1650 tamen

260 1668 462 1712 criminis
489 1668 738 1712 similitudo
765 1682 860 1712 non
882 1668 1033 1711 minus
1060 1668 1281 1726 competit
1307 1667 1406 1712 aliis
1432 1670 1762 1727 peccatoribus,
1785 1685 1923 1729 quam
1942 1669 2228 1717 fornicatori-

258 1737 363 1780 bus:
382 1750 491 1779 nam
519 1746 561 1780 et
587 1749 667 1794 per
690 1734 776 1779 alia
802 1745 992 1793 peccata
1014 1735 1227 1779 mortalia
1250 1735 1398 1794 agitur
1421 1746 1580 1780 contra
1603 1737 1872 1782 charitatem
1892 1738 2079 1793 Christi,
2095 1739 2225 1797 cujus

259 1804 442 1862 signum
468 1812 536 1847 est
566 1803 656 1847 hoc
684 1812 1049 1857 sacramentum3
1077 1813 1121 1846 et
1141 1812 1268 1846 tanto
1296 1803 1457 1861 magis,
1485 1813 1655 1862 quanto
1673 1814 1863 1863 peccata
1879 1815 1984 1850 sunt
1999 1806 2224 1864 graviora.

261 1870 525 1915 Secundum
553 1870 659 1928 quid
676 1880 831 1914 tamen
849 1879 1091 1928 peccatum
1108 1869 1422 1914 fornicationis
1435 1871 1582 1929 magis
1605 1871 1751 1916 reddit
1764 1872 2004 1917 hominem
2018 1872 2224 1932 ineptum

261 1939 316 1982 ad
343 1937 687 1997 perceptionem
712 1937 846 1995 hujus
873 1938 1162 1990 sacramenti,
1199 1937 1470 1996 inquantum
1487 1938 1660 1983 scilicet
1675 1953 1756 1998 per
1776 1939 1867 1984 hoc
1884 1950 2125 1999 peccatum
2140 1940 2227 1999 spi-

260 2006 371 2050 ritus
398 2005 598 2049 maxime
626 2005 751 2049 carni
777 2004 1034 2063 subjicitur;
1063 2014 1108 2048 et
1138 2005 1200 2049 ita
1226 2005 1471 2063 impeditur
1501 2005 1652 2050 fervor
1684 2005 1955 2061 dilectionis,
1980 2007 2058 2066 qui
2082 2006 2226 2066 requi-

259 2073 370 2117 ritur
390 2073 437 2116 in
454 2073 545 2116 hoc
563 2082 865 2116 sacramento.
883 2070 992 2116 Plus
1009 2082 1164 2116 tamen
1181 2072 1405 2131 ponderat
1418 2072 1800 2130 impedimentum
1820 2074 1961 2133 ipsius
1979 2073 2225 2129 charitatis»,

260 2154 398 2199 quam
429 2138 620 2184 fervoris
658 2141 767 2197 ejus.
806 2139 941 2183 Unde
969 2149 1014 2183 et
1048 2149 1290 2198 peccatum
1321 2139 1615 2195 infidelitatis,
1650 2140 1773 2199 quod
1811 2140 2012 2186 funditus
2046 2150 2228 2201 separat

258 2207 499 2251 hominem
526 2207 580 2250 ab
607 2206 840 2250 Ecclesiae
867 2207 1052 2260 unitate,
1078 2206 1345 2265 simpliciter
1369 2207 1619 2266 loquendo,
1645 2208 1845 2252 maxime
1870 2207 2111 2253 hominem
2134 2208 2229 2253 ine·

260 2285 390 2334 ptum
415 2274 562 2318 reddit
587 2275 643 2317 ad
670 2274 1009 2333 susceptionem
1035 2274 1169 2332 hujus
1196 2275 1486 2329 sacramenti,
1504 2275 1626 2334 quod
1645 2286 1713 2320 est
1728 2285 2068 2320 sacramentum
2084 2274 2228 2321 eccle-

262 2342 470 2386 siasticae
497 2341 694 2394 unitatis,
722 2351 772 2385 ut
797 2355 931 2400 supra
959 2341 1131 2385 dictum
1159 2351 1226 2386 est
1251 2343 1309 2400 (q.
1337 2355 1395 2400 73.
1423 2347 1503 2386 art.
1525 2342 1621 2399 4.).·
1648 2342 1768 2386 unde
1789 2352 1840 2387 et
1859 2343 2040 2401 gravius
2066 2352 2228 2403 peccat

264 2408 459 2453 infidelis
486 2408 713 2467 accipiens
739 2408 830 2452 hoc
868 2419 1222 2462 sacramentum,
1257 2423 1396 2467 quam
1436 2408 1581 2453 fidelis
1614 2418 1850 2468 peccator3
1877 2419 1922 2454 et
1948 2409 2097 2468 magis
2121 2424 2227 2455 con·

260 2477 425 2522 temnit
452 2475 702 2529 Christum,
720 2476 972 2520 secundum
999 2476 1123 2535 quod
1149 2486 1217 2520 est
1242 2476 1322 2520 sub
1349 2476 1441 2520 hoc
1468 2486 1772 2530 sacramento,
1790 2477 2056 2535 praesertim
2072 2477 2228 2522 sinon

265 2545 433 2598 credat,
462 2543 697 2588 Christum
729 2558 834 2588 vere
866 2544 946 2587 sub
984 2544 1074 2587 hoc
1108 2543 1395 2587 sacramento
1429 2557 1542 2596 esse,
1577 2543 1698 2602 quia,
1735 2553 1955 2602 quantum
1996 2553 2064 2589 est
2087 2544 2136 2588 in
2159 2558 2226 2599 se,

266 2612 478 2656 diminuit
502 2611 790 2656 sanctitatem
817 2611 951 2669 hujus
978 2612 1265 2663 sacramenti,
1293 2620 1338 2654 et
1362 2609 1576 2654 virtutem
1604 2610 1776 2655 Christi
1801 2613 2030 2670 operantis
2053 2611 2104 2656 in
2132 2611 2226 2657 hoc

262 2689 550 2725 sacramento
563 2694 574 2733 ;
586 2678 709 2738 quod
724 2688 791 2722 est
808 2688 1103 2723 contemnere
1120 2678 1271 2736 ipsum
1289 2678 1684 2722 sacramentumin
1699 2678 1864 2737 seipso.
1876 2678 2043 2724 Fidelis
2056 2688 2225 2734 autem,

262 2749 463 2808 quicum
481 2746 761 2792 conscientia
779 2746 956 2805 peccati
973 2746 1125 2799 sumit,
1144 2745 1398 2789 contemnit
1414 2745 1503 2789 hoc
1523 2755 1876 2800 sacramentum,
1888 2759 1983 2790 non
1999 2746 2224 2805 inseipso‚

262 2815 341 2861 sed
369 2826 590 2874 quantum
617 2814 673 2858 ad
699 2828 847 2867 usum,
865 2813 1050 2871 indigne
1070 2813 1327 2871 accipiens;
1354 2812 1472 2855 unde
1496 2822 1540 2856 et
1565 2812 1817 2871 Apostolus
1845 2826 1878 2857 1.
1900 2812 2009 2859 Cor.
2031 2826 2098 2858 11.
2121 2813 2228 2858 assi-

263 2897 408 2942 gnans
435 2883 662 2927 rationem
686 2881 821 2938 hujus
848 2880 1038 2938 peccati,
1066 2880 1197 2923 dicit:
1225 2880 1323 2924 Non
1349 2879 1583 2938 dijudicans
1609 2888 1757 2938 corpus
1771 2880 1967 2935 Domini,
1992 2879 2110 2926 idest
2128 2894 2225 2926 non

262 2951 524 2995 discernens
550 2950 701 3008 ipsum
728 2948 781 2992 ab
810 2946 909 2992 aliis
932 2947 1064 3001 cibis3
1092 2947 1214 3005 quod
1241 2947 1438 2991 maxime
1464 2946 1573 2991 facit
1598 2946 1692 3002 ille,
1717 2947 1795 3006 qui
1814 2960 1910 2992 non
1931 2946 2075 2993 credit
2094 2946 2227 2994 Chri-

262 3028 383 3062 stum
411 3031 508 3062 esse
535 3017 616 3062 sub
639 3017 729 3060 hoc
757 3023 1061 3060 sacramento.

353 3085 430 3130 AD
469 3097 686 3129 TERTmM
717 3083 976 3135 dicendum,
1003 3081 1125 3140 quod
1151 3080 1227 3124 ille
1254 3081 1331 3139 qui
1357 3080 1598 3139 projiceret
1622 3081 1714 3126 hoc
1735 3091 2074 3127 sacramentum
2093 3080 2142 3126 in
2162 3081 2226 3127 lu·

263 3162 377 3206 tum,
405 3153 552 3196 multo
579 3151 761 3210 gravius
789 3158 1011 3209 peccaret,
1039 3163 1177 3207 quam
1203 3147 1278 3192 ille
1306 3148 1507 3206 quicum
1526 3148 1805 3193 conscientia
1821 3149 1998 3207 peccati
2018 3147 2227 3194 mortalis

266 3221 320 3264 ad
348 3221 439 3265 hoc
468 3229 806 3264 sacramentum
835 3216 1032 3262 accedit:
1056 3217 1199 3275 primo
1228 3216 1427 3273 quidem,
1461 3215 1565 3274 quia
1592 3215 1667 3260 ille
1693 3216 1783 3260 hoc
1809 3215 1980 3261 faceret
2005 3229 2061 3260 ex
2084 3216 2227 3261 inten-

262 3288 387 3331 tione
415 3287 627 3345 injuriam
653 3285 849 3329 faciendi
871 3285 975 3328 huic
1003 3292 1320 3336 sacrament03
1348 3282 1469 3340 quod
1493 3297 1585 3326 non
1603 3283 1795 3327 intendit
1809 3292 2025 3341 peccator
2039 3282 2226 3342 indigne

265 3369 429 3413 corpus
457 3354 628 3398 Christi
656 3354 904 3411 accipiens:
931 3350 1119 3404 secundo,
1143 3350 1247 3408 quia
1265 3350 1409 3393 homo
1428 3359 1641 3408 peccator
1659 3359 1727 3394 est
1743 3364 1883 3409 capax
1899 3349 2087 3408 gratiae,
2103 3349 2223 3394 unde

263 3424 400 3467 etiam
415 3423 561 3480 magis
588 3430 654 3466 est
680 3431 809 3480 aptus
833 3420 887 3464 ad
904 3418 1242 3478 suscipiendum
1259 3417 1347 3460 hoc
1364 3428 1717 3471 sacramentum,
1745 3431 1882 3476 quam
1906 3429 2222 3476 quaecumque

263 3490 351 3533 alia
376 3488 651 3534 irrationalis
674 3498 893 3533 01031013.
922 3486 1055 3531 Unde
1083 3484 1281 3529 maxime
1303 3484 1558 3528 inordinate
1582 3494 1781 3528 uteretur
1801 3484 1892 3528 hoc
1919 3493 2223 3538 sacramento,

263 3557 339 3614 qui
364 3557 607 3615 projiceret
631 3556 783 3615 ipsum
810 3554 998 3600 canibus
1024 3552 1079 3598 ad
1106 3552 1493 3606 manducandum,
1527 3550 1599 3595 vel
1625 3551 1702 3610 qui
1728 3551 1971 3610 projiceret
1994 3550 2043 3596 in
2073 3550 2222 3596 lutum

265 3623 319 3667 ad
344 3623 722 3668 conculcandum.
