2352 3926
239 260 340 300 100
766 252 1044 301 QUAESTIO
1083 250 1200 290 v111.
1241 246 1553 295 ARTICULUS
1590 246 1649 286 11.

937 469 1371 530 ARTICULUS
1406 469 1479 524 Π.
2137 496 2193 544 5⁷

291 628 482 669 UTRUM
513 625 777 678 CHRISTUS
811 624 896 662 SIT
931 622 1112 662 CAPUT
1146 620 1412 661 HOMINUM
1444 619 1721 666 QUANTUM
1752 619 1828 662 AD
1863 591 2153 674 CORPORQ.

718 707 821 744 VEL
852 705 1038 743 SOLUM
1073 703 1349 750 QUANTUM
1380 703 1454 740 AD
1488 701 1713 742 AN1MAS.

526 832 578 893 (3.
604 833 716 877 Dist.
743 846 798 891 13.
826 846 862 890 q.
887 845 926 876 2.
953 835 1032 874 art.
1060 843 1100 874 2.
1127 843 1165 887 q.
1194 843 1230 887 3.
1258 830 1295 872 εἰ
1329 828 1437 872 Veri.
1465 841 1504 886 q.
1530 841 1603 886 29⁴
1624 833 1708 873 art.
1729 840 1772 885 4.
1799 825 1854 872 ad
1878 842 1916 875 1.·

963 903 1000 942 et
1024 904 1160 956 opusc.
1187 895 1259 940 60.
1286 902 1376 954 capa
1397 894 1468 954 3.).

325 1029 400 1073 An
434 1039 694 1073 SECUNDUM
721 1025 784 1069 sic
812 1023 1085 1083 proceditur.
1118 1021 1324 1074 Videtur,
1352 1020 1475 1080 quod
1502 1019 1712 1067 Christus
1742 1033 1850 1083 non}
1869 1020 1927 1066 sit
1957 1029 2094 1080 eaput
2118 1020 2201 1068 ho'-

237 1098 414 1140 minum
447 1094 598 1154 quoad
632 1106 848 1152 corpora:
878 1091 1088 1135 Christus
1116 1090 1239 1134 enirn
1276 1089 1439 1133 dicitur
1476 1097 1612 1146 caput
1646 1087 1895 1142 Ecclesiae,
1927 1088 2199 1148 inquantum

234 1163 381 1208 influit
406 1160 687 1221 spiritualem
720 1173 920 1212 sensum,
948 1168 992 1202 et
1017 1167 1196 1202 motum
1224 1156 1396 1215 gratiae
1422 1156 1468 1199 in
1495 1154 1776 1201 Ecclesiam·
1804 1154 1884 1201 sed
1909 1155 2047 1214 hujus
2077 1155 2203 1215 spiri·-

233 1230 367 1275 tualis
394 1242 567 1282 sensuS,
595 1238 640 1272 et
666 1237 817 1271 motus
846 1240 987 1284 capax
1017 1238 1113 1269 non
1145 1233 1214 1268 est
1246 1236 1435 1282 corpus;
1469 1235 1579 1280 ergo
1609 1221 1818 1270 Christus
1842 1236 1939 1269 non
1970 1232 2039 1267 est
2065 1233 2203 1283 eaput

233 1297 477 1342 hominum
503 1294 754 1339 secundum
781 1306 988 1351 corpora.
1818 1299 1834 1314 ι

326 1378 366 1408 2.
392 1364 688 1407 PRAETEREA.
719 1359 982 1404 Secundum
1011 1371 1206 1417 corpora
1234 1357 1633 1402 communicamus
1661 1370 1767 1401 cum
1792 1356 1933 1403 brutis
1960 1356 2203 1415 (secundum

236 1431 340 1476 illud
365 1430 563 1487 Eccle.3.
596 1430 703 1488 19),
731 1428 769 1471 si
795 1441 906 1484 ergo
942 1426 1152 1471 Christus
1179 1435 1297 1469 esset
1324 1434 1460 1484 caput
1490 1424 1735 1469 hominum
1762 1433 1987 1483 quantum
2008 1424 2075 1470 ad
2107 1430 2205 1472 cor-

235 1512 361 1558 pora,
385 1505 642 1555 sequeretur
666 1494 788 1554 quod
811 1494 948 1538 etiam
971 1503 1090 1538 esset
1115 1502 1251 1552 caput
1270 1493 1508 1536 brutorum
1527 1491 1810 1547 animalium,
1827 1492 1951 1552 quod
1967 1493 2206 1585 estincone

238 1565 438 1609 veniens.

331 1646 367 1690 3.
402 1632 697 1675 PRAETEREA.
727 1628 937 1674 Christus
965 1641 1129 1686 corpus
1157 1641 1290 1671 suum
1319 1627 1372 1671 ab
1401 1626 1500 1671 aliis
1525 1627 1790 1673 hominibus
1820 1627 1968 1682 traxit,
1992 1636 2062 1673 ut
2080 1635 2208 1686 patet

238 1700 398 1743 Matth.
431 1712 482 1751 1.,
510 1707 554 1741 et
579 1697 689 1741 Luc.
712 1711 771 1754 3.;
798 1695 875 1740 sed
901 1705 1036 1754 caput
1062 1705 1129 1739 est
1154 1694 1354 1752 primum
1371 1695 1486 1739 inter
1513 1704 1692 1739 caetera
1709 1693 1931 1748 membra,
1956 1703 2008 1740 ut
2033 1693 2208 1747 dictum

241 1776 307 1810 est
338 1767 440 1822 (art.
467 1773 610 1824 praec.
644 1763 697 1807 ad
723 1779 758 1822 3
751 1764 809 1821 )·
845 1776 954 1821 ergo
990 1761 1200 1806 Christus
1231 1775 1326 1805 non
1359 1771 1428 1806 est
1460 1771 1594 1820 caput
1625 1760 1859 1805 Ecclesiae
1892 1765 2115 1820 quantuni
2144 1760 2205 1807 nii

242 1846 448 1892 corpora.

329 1900 423 1944 SED
447 1910 642 1943 CONTRA
669 1907 749 1951 est,
776 1896 899 1956 quod
922 1896 1084 1945 dicitur
1104 1895 1267 1954 Philip.
1305 1909 1363 1954 3.:
1396 1895 1660 1954 Reformabit
1683 1902 1830 1953 corpus
1855 1893 2107 1941 humilitatis
2129 1909 2208 1940 no-

172 1967 181 1975 “
241 1974 350 2012 strae
376 1967 680 2025 configuratum
706 1965 877 2020 corpori
903 1964 1107 2008 claritatis
1127 1976 1239 2007 suae.

329 2034 616 2078 RESPONDEO
644 2031 904 2084 dicendum,
930 2029 1053 2089 quod
1079 2038 1246 2088 corpus
1270 2028 1527 2075 humanum
1551 2027 1691 2075 habet
1714 2028 2210 2076 naturalem-ordinem

242 2101 298 2146 ad
326 2101 529 2144 animam
554 2097 839 2151 rationalem,
858 2111 974 2156 quae
1002 2106 1070 2141 est
1095 2097 1277 2155 propria
1294 2095 1445 2141 forma
1462 2096 1572 2154 ejus,
1600 2103 1644 2139 et
1669 2105 1843 2142 motor:
1870 2105 1916 2141 et
1940 2098 2212 2156 inquantum
2274 2096 2288 2109 '

244 2170 427 2229 quidem
455 2177 523 2211 est
547 2166 696 2211 forma
723 2167 833 2224 ejus,
859 2165 1017 2222 recipit
1043 2164 1097 2208 ab
1126 2165 1279 2208 anima
1303 2165 1461 2218 vitam,
1489 2174 1533 2209 et
1559 2173 1760 2210 caeteras
1782 2165 2212 2224 proprietatesenn-

242 2236 474 2281 venientes
499 2235 704 2278 humano
731 2232 913 2291 corpori
938 2231 1189 2277 secundum
1216 2245 1347 2274 suam
1368 2231 1592 2290 speciem:
1618 2230 1890 2289 inquantum
1914 2245 2037 2277 vero<
2055 2232 2214 2278 anima

243 2312 311 2348 est
337 2312 489 2346 motor
506 2301 724 2359 corporis,
752 2313 916 2356 corpus
934 2297 1337 2345 instrumentaliter
1354 2298 1491 2342 servit
1508 2297 1711 2352 animae;
1738 2298 1802 2346 sic
1830 2312 1940 2358 ergo
1967 2298 2214 2345 dicendum

243 2379 325 2423 est,
344 2368 466 2428 quod
491 2368 629 2411 habet
650 2367 744 2411 vim
765 2365 982 2410 influendi
998 2365 1463 2419 humanitasChristi,
1480 2365 1749 2423 inquantum
1767 2359 1836 2410 est
1858 2366 2216 2425 conjuncta-Del

244 2437 414 2489 Verbo,
448 2434 521 2478 cui
553 2447 718 2492 corpus
749 2433 900 2476 unitur
932 2445 1011 2490 per
1045 2432 1262 2485 animam,
1298 2441 1348 2475 ut
1383 2446 1517 2491 supra
1544 2432 1716 2477 dictum
1743 2443 1811 2478 est
1839 2433 1902 2492 (q.
1929 2433 1972 2479 6.
2008 2439 2103 2480 ενι
2124 2435 2214 2494 1.),·

243 2504 363 2550 unde
388 2512 486 2546 tota
513 2500 684 2546 Christi
709 2500 984 2553 humanitaS,
1011 2498 1264 2555 secundum
1291 2498 1465 2544 scilicet
1480 2499 1708 2554 animam,
1736 2510 1780 2545 et
1806 2514 1987 2560 corpus,
2002 2500 2215 2547 influitin

242 2570 472 2623 homines,
499 2578 543 2613 et
573 2577 795 2627 quantum
822 2567 876 2610 ad
903 2566 1120 2620 animam,
1154 2575 1198 2610 et
1229 2576 1448 2625 quantum
1481 2567 1537 2611 ad
1571 2581 1758 2626 corpus:
1782 2568 1872 2612 'sed
1906 2566 2217 2629 principaliter

249 2647 467 2697 quantum
497 2636 552 2679 ad
581 2635 797 2687 animam,
824 2633 1094 2678 secundario
1121 2643 1343 2691 quantum
1372 2634 1426 2677 ad
1454 2647 1642 2692 corpus:
1669 2650 1750 2679 uno
1777 2635 1912 2688 modo,
1943 2636 2216 2695 inquantum

246 2704 452 2750 membra
475 2702 676 2759 corporis
704 2701 970 2745 exhibentur
997 2713 1120 2746 arma
1142 2701 1330 2756 justitiae
1356 2701 1400 2743 in
1426 2702 1570 2745 anima
1595 2703 1799 2747 existentis
1819 2710 1896 2762 per
1915 2703 2145 2759 Christum
2166 2713 2219 2749 ut

249 2770 500 2830 Apostolus
527 2769 635 2813 dicit
661 2769 855 2812 Roman.
887 2767 950 2812 6.:
978 2767 1060 2811 alio
1086 2767 1223 2821 modo,
1242 2767 1511 2824 inquantum
1537 2768 1629 2812 vita
1656 2768 1829 2826 gloriae
1853 2769 1907 2814 ab
1935 2769 2219 2816 animaderi·

246 2847 377 2891 vatur
404 2836 459 2881 ad
487 2849 666 2894 corpus,
683 2834 935 2878 secundum
953 2833 1063 2878 illud
1090 2833 1224 2877 Rom.
1253 2833 1317 2878 8.·
1338 2835 1657 2890 Quisuscitavit
1677 2835 1888 2881 Christum
1904 2837 2048 2893 Iesum
2064 2850 2218 2885 amor

249 2906 350 3016 ίιιιῖ.
373 2904 608 2963 vivificabit
637 2908 675 2947 et
707 2902 904 2946 mortalia
936 2909 1113 2960 corpora
1143 2907 1297 2955 vestra,
1318 2907 1491 2960 propter
1512 2902 1812 2948 inhabitantem
1833 2905 2029 2964 spiritum
2058 2906 2163 2964 njis
2171 2905 2218 2950 in

249 2986 303 3016 vo
335 2986 381 3016 ts.

338 3038 414 3083 An
433 3050 621 3083 PRIMUM
654 3051 763 3095 ergo
792 3035 1051 3090 dicendum,
1084 3034 1206 3094 quod
1238 3048 1396 3079 sensus
1422 3035 1663 3093 spiritualis
1691 3037 1862 3095 gratiae
1886 3051 1982 3084 non
2006 3037 2216 3098 pervenit

249 3106 435 3166 quidem
467 3106 522 3149 ad
557 3118 719 3163 corpus
762 3104 926 3162 primo,
959 3113 1003 3146 et
1033 3101 1351 3162 principaliter,
1395 3102 1473 3146 sed
1506 3103 1792 3159 secundari05
1825 3115 1871 3150 et
1896 3105 2221 3151 instrumenta-

249 3173 364 3227 liter,
391 3182 439 3217 ut
465 3172 635 3216 dictum
664 3180 731 3215 est
756 3171 823 3224 (in
850 3178 959 3229 corp.
964 3170 1003 3227 ).

339 3241 415 3284 AD
434 3251 694 3285 SECUNDUM
712 3237 969 3290 dicendum,
987 3236 1109 3295 quod
1137 3249 1301 3294 corpus
1329 3202 1537 3280 animalis
1563 3237 1680 3281 bruti
1702 3236 1878 3286 nullam
1902 3198 2220 3285 habitudinem

249 3307 389 3351 habet
415 3306 469 3351 ad
498 3306 700 3350 animam
724 3303 1009 3358 rationalem,
1036 3304 1152 3348 sicut
1176 3303 1313 3348 habet
1339 3316 1503 3361 corpus
1530 3303 1805 3361 humanum;
1833 3315 1878 3352 et
1899 3306 2007 3353 ideo
2027 3311 2124 3353 no'n
2150 3313 2221 3353 eet

250 3374 416 3419 simile.

341 3442 415 3485 AD
440 3453 653 3485 mimum
678 3439 935 3492 dicendum,
965 3437 1084 3496 quod
1109 3437 1214 3481 licet
1237 3437 1446 3481 Christus
1472 3438 1655 3482 traxerit
1674 3440 1913 3484 materiam
1940 3440 2145 3517 corporis
2162 3441 2219 3486 ab

252 3507 350 3551 aliis
378 3508 663 3551 hominibus:
686 3507 827 3551 vitam
853 3517 1025 3550 tamem
1052 3504 1361 3549 immortalem
1389 3506 1591 3581 corporis
1615 3520 1777 3551 omnes
1797 3507 2011 3554 homines
2031 3497 2218 3555 trahunt

252 3575 306 3618 ab
335 3574 448 3632 ipso,
475 3574 724 3618 secundum
752 3572 861 3616 illud
895 3585 929 3615 1.
958 3571 1013 3615 ad
1048 3571 1155 3615 Cor.
1196 3584 1284 3629 15:
1319 3572 1435 3616 Sicut
1460 3573 1503 3615 in
1532 3572 1671 3617 Adam
1699 3588 1835 3619 omnes
1866 3576 2123 3630 moriuntur,
2157 3576 2220 3621 ita

252 3647 288 3687 ct
316 3643 358 3685 in
385 3642 547 3686 Christo
575 3656 685 3685 omn
684 3656 709 3684 s
731 3640 1075 3699 vivificabuntur.
