2352 3926
0 198 17 279 Ξ
568 231 843 278 ouans-mo
882 231 1034 271 xx1x.
1074 231 1382 272 tumemus
1422 231 1478 272 11.
1893 233 1996 288 253

0 526 4 527 7
756 445 1193 504 ARTICULUS
1226 447 1297 501 11.
1923 457 2000 520 163

68 584 262 626 UTRUM
299 584 464 623 INTER
505 581 734 633 MARIAM,
774 582 845 620 ET
871 581 1076 637 JOSEPH
1109 582 1307 620 FUERIT
1347 583 1532 621 VERUM
1566 581 1978 622 MATRIMONIUM.

299 695 359 754 (4.
385 696 497 741 Dist.
520 710 586 755 30.
613 710 653 754 q.
679 709 719 740 2.
747 700 828 739 art.
855 709 896 740 2.
921 700 957 739 et
983 702 1117 754 opusc.
1145 693 1217 739 60.
1245 701 1337 753 cap.
1364 709 1404 738 2.
1431 701 1468 739 et
1495 694 1645 739 Matth.
1673 695 1747 754 1.).

132 808 211 853 An
241 820 503 853 SECUNDUM
521 807 584 851 sic
603 806 874 866 proceditur.
898 806 1103 858 Videtur,
1127 804 1250 864 quod
1276 805 1393 849 inter
1418 805 1628 858 Mariam,
1655 815 1701 850 et
1720 805 1891 864 Joseph
1912 819 2008 850 non

42 874 177 921 fuerit
201 889 361 920 verum
380 874 748 918 matrimonium:
777 873 885 917 dicit
904 873 1026 917 enim
1045 873 1354 932 Hieronymus
1375 882 1533 916 contra
1547 872 1811 916 Helvidium
1833 873 1945 932 (cap.
1965 887 2006 918 2.

43 949 139 989 ante
161 942 303 1001 med),
332 942 454 1002 quod
475 941 646 1000 Joseph
673 941 845 985 Mariae
869 951 1023 985 custos
1049 939 1133 984 fuit
1156 940 1323 999 potius,
1342 954 1480 999 quam
1504 940 1692 984 maritus
1710 941 1834 997 ejus:
1861 940 1940 984 sed
1967 940 2006 984 si
2028 991 2033 995 .

43 1008 201 1055 fuisset
224 1023 385 1053 verum
412 1009 773 1064 matrimonium,
799 1023 905 1053 vere
926 1009 1098 1067 Joseph
1131 1010 1320 1052 maritus
1347 1009 1443 1066 ejus
1470 1006 1652 1061 fuisset;
1680 1021 1789 1066 ergo
1817 1007 2007 1062 videtur,

45 1077 169 1137 quod
187 1090 283 1121 non
307 1075 441 1121 fuerit
465 1090 626 1120 verum
653 1075 999 1120 matrimonium
1025 1075 1141 1119 inter
1165 1075 1376 1128 Mariam,
1404 1084 1448 1119 et
1466 1074 1651 1133 Joseph.

135 1155 177 1188 2.
202 1143 501 1189 PRAETEREA.
536 1143 682 1203 Super
713 1142 825 1187 illud
857 1143 1018 1187 Matth.
1057 1156 1119 1186 1.:
1141 1143 1272 1199 Jacob
1303 1143 1445 1201 genuit
1465 1142 1614 1202 Joseph
1645 1142 1792 1186 virum
1819 1142 2004 1195 Mariae,

45 1210 155 1256 dicit
179 1210 473 1269 Hieronym:
501 1225 525 1251 «
544 1209 666 1255 Cum
691 1210 841 1254 virum
868 1210 1077 1264 audieris,
1105 1209 1305 1268 suspicio
1331 1209 1412 1253 tibi
1433 1223 1527 1253 non
1545 1208 1704 1253 subeat
1721 1209 2007 1267 nuptiarum:

44 1277 125 1323 sed
149 1277 391 1322 recordare
408 1277 750 1322 consuetudinis
769 1277 1120 1336 Scripturarum,
1139 1276 1261 1335 quod
1283 1277 1438 1336 sponsi
1454 1276 1554 1330 viri,
1573 1285 1618 1320 et
1634 1289 1829 1334 sponsae
1847 1289 2011 1319 uxores

43 1354 266 1390 vocantur
282 1357 334 1387 »z
357 1343 435 1388 sed
452 1358 612 1388 verum
638 1344 984 1389 matrimonium
1010 1358 1104 1388 non
1132 1344 1324 1389 efficitur
1350 1359 1404 1388 ex
1430 1343 1731 1403 sponsalibus,
1753 1343 1832 1387 sed
1860 1357 1914 1387 ex
1934 1357 2013 1387 nu-

19 1415 21 1419 ’
44 1413 172 1474 ptiis;
198 1426 310 1472 ergo
335 1426 430 1457 non
453 1411 538 1457 fuit
561 1427 722 1457 verum
748 1413 1095 1457 matrimonium
1120 1413 1238 1456 inter
1264 1413 1314 1456 B.
1341 1412 1598 1470 Virginem,
1625 1421 1670 1456 et
1689 1410 1875 1469 Joseph.

0 1475 7 1498 '³
138 1495 177 1541 3.
202 1480 500 1526 PRAETEREA.
532 1480 693 1525 Matth.
722 1494 758 1525 1.
791 1481 976 1525 dicitur:
997 1481 1160 1541 Joseph,
1186 1482 1259 1524 vir
1284 1483 1384 1537 ejus,
1419 1495 1514 1525 cum
1540 1485 1636 1524 esset
1654 1481 1802 1537 justus,
1830 1485 1868 1523 et
1888 1479 2015 1523 nollet

0 1562 3 1606 ζ
42 1562 136 1595 eam
157 1547 385 1600 traducere,
408 1547 582 1593 scilicet
610 1548 697 1591 ‹c-in
719 1548 912 1592 domum
933 1562 1064 1592 suam
1083 1547 1137 1591 ad
1161 1547 1551 1592 cohabitationem
1575 1546 1860 1600 assiduam»,
1877 1546 2016 1590 voluit

0 1620 18 1699 ἓ
43 1630 138 1662 eam
154 1616 306 1660 occulte
327 1614 545 1670 dimittere,
569 1615 686 1660 idest
713 1631 737 1656 «
753 1625 933 1674 tempus
955 1615 1216 1674 nuptiarum
1238 1625 1415 1659 mutare
1433 1631 1475 1668 n,
1498 1624 1548 1658 ut
1570 1613 1806 1671 Remigius
1829 1613 2015 1672 exponit

0 1687 12 1756 ξ’
46 1683 164 1741 (hab.
190 1684 235 1727 in
259 1683 354 1728 Cat.
373 1696 467 1727 aur.
495 1684 554 1742 D.
585 1682 685 1740 Th.)
694 1698 711 1735 ,·
730 1697 840 1741 ergo
859 1682 1049 1736 videtur,
1076 1682 1198 1741 quod
1217 1682 1423 1726 nondum
1445 1681 1613 1741 nuptiis
1636 1680 1886 1734 celebratis,
1904 1693 2015 1724 non-

0 1772 10 1792 22
47 1750 157 1795 dum
184 1759 303 1795 esset
324 1763 485 1794 verum
510 1750 880 1804 matrimonium3
914 1749 1181 1808 praesertim
1208 1763 1314 1793 cum
1340 1759 1445 1807 post
1469 1747 1814 1792 matrimonium
1840 1756 2015 1792 contra-

3 1822 17 1878 ³4
49 1826 174 1863 ctum
199 1830 295 1861 non
319 1816 456 1862 liceat
481 1816 617 1862 alicui
642 1831 859 1876 sponsam
885 1817 1124 1861 dimittere.

14 1930 19 1935 ,,
138 1885 234 1930 SED
261 1897 457 1930 CONTRA
479 1895 559 1940 est,
583 1885 704 1944 quod
723 1885 916 1942 August.
934 1884 1042 1928 dicit
1059 1884 1104 1927 in
1122 1883 1198 1928 lib.
1226 1897 1265 1927 2.
1285 1883 1339 1927 de
1359 1883 1601 1928 Consensu
1618 1882 2012 1941 Evangelistarum

48 1952 163 2013 (cap.
193 1965 231 1996 1.
252 1959 348 1997 ante
376 1951 532 2010 med.).·
563 1966 586 1993 «
611 1952 718 1997 Non
741 1962 838 1996 erat
862 1950 944 2005 fas,
971 1961 1021 1995 ut
1039 1951 1210 2010 Joseph
1237 1951 1295 1995 ob
1322 1951 1413 1995 hoc
1448 1966 1472 1994 a
1506 1951 1723 2009 conjugio
1749 1950 1922 1994 Mariae
1949 1964 2016 1994 se-

11 2013 29 2036 ’³
48 2019 300 2080 parandum
331 2018 623 2078 Evangelista
655 2029 846 2078 putaret,
875 2018 998 2077 quod
1030 2032 1124 2062 non
1152 2019 1334 2095 exejus
1362 2018 1621 2071 concubitu,
1655 2017 1734 2062 sed
1764 2017 1909 2075 Virgo
1942 2031 2016 2076 pe-

17 2082 165 2149 {perit
180 2085 431 2131 Christum.
449 2085 550 2130 Hoc
579 2086 701 2130 enim
724 2085 935 2145 exemplo
963 2085 1205 2144 magnifice
1232 2086 1485 2129 insinuatur
1510 2084 1716 2129 fidelibus
1743 2085 2027 2143 conjugatis,-

16 2153 190 2219 getiam
213 2163 391 2198 servata
416 2153 515 2212 pari
541 2168 768 2198 consensu
797 2153 1091 2206 continentia,
1120 2167 1253 2212 posse
1276 2166 1558 2212 permanere,
1586 2152 1830 2212 vocarique
1858 2153 2016 2211 conju-

27 2220 194 2281 gium,
218 2234 312 2265 non
345 2221 567 2279 permixto
596 2220 798 2279 corporis
821 2234 987 2264 sexu».

35 2283 38 2336 ᾗ
138 2287 427 2332 RESPONDEO
455 2287 714 2342 dicendum,
742 2288 864 2346 quod
891 2288 1252 2342 matrimonium,
1274 2288 1370 2331 sive
1394 2287 1660 2346 conjugium
1678 2287 1840 2331 dicitur
1856 2300 2016 2331 verum

1 2358 110 2410 'ex
125 2354 232 2408 hoc,
250 2355 373 2413 quod
390 2369 521 2398 suam
538 2354 869 2414 perfectionem
888 2355 1089 2413 attingit:
1107 2355 1254 2414 duplex
1278 2365 1344 2398 cst
1361 2364 1513 2398 autem
1530 2348 1594 2398 rei
1616 2354 1833 2413 perfectio
1848 2369 1858 2408 ;
1868 2355 2017 2414 prima

32 2431 99 2483 :et
118 2421 321 2467 secunda:
342 2423 492 2482 prima
517 2422 702 2481 quidem
728 2422 794 2465 rei
814 2421 1031 2480 perfectio
1057 2421 1265 2466 consistit
1280 2422 1326 2465 in
1344 2422 1441 2480 ipsa
1458 2420 1621 2499 forma,
1639 2436 1693 2465 ex
1710 2435 1798 2480 qua
1815 2421 2018 2480 speciem

33 2489 259 2543 8οῐῒίῑιιτε
289 2488 468 2533 secunda
499 2502 609 2533 vero
637 2488 855 2548 perfectio
883 2489 1091 2533 consistit
1115 2489 1162 2532 in
1189 2489 1455 2548 operatione
1481 2489 1562 2543 rei,
1584 2503 1664 2547 per
1685 2503 1823 2548 quam
1850 2503 1920 2532 res
1943 2487 2020 2532 ali-

46 2818 280 2882 Qssugalem.
309 2823 364 2868 ad
389 2823 610 2869 secundum
637 2838 716 2883 per
743 2824 829 2868 alia
856 2838 995 2884 opera
1021 2825 1119 2879 viri,
1146 2835 1190 2869 et
1215 2826 1381 2879 uxoris,
1415 2825 1576 2884 quibus
1608 2825 1692 2869 sibi
1717 2825 1916 2869 invicem
1943 2824 2019 2869 ob-

51 2887 68 2943 ζ’
94 2900 304 2942 suuntur
328 2891 384 2935 ad
410 2890 588 2950 prolem
614 2891 915 2936 nutriendam.
945 2892 1020 2936 Sic
1043 2893 1179 2950 igitur
1200 2892 1444 2937 dicendum
1468 2902 1548 2946 est,
1572 2893 1694 2951 quod
1717 2902 1938 2951 quantum
1962 2891 2016 2935 ad

63 2959 89 2964 ’
111 2955 251 3002 ‘mam
277 2956 619 3017 perfectionem,
642 2961 832 3003 omnino
855 2973 1012 3003 verum
1036 2958 1118 3003 fuit
1144 2960 1490 3004 matrimonium
1511 2959 1712 3018 Virginis
1734 2960 1892 3003 Matris
1915 2958 2016 3012 Dei,

107 3022 299 3083 Joseph:
321 3024 428 3084 quia
446 3035 633 3084 uterque
647 3026 878 3070 consensit
894 3026 939 3069 in
958 3026 1171 3085 copulam
1191 3027 1506 3085 conjugalem:
1523 3041 1618 3070 non
1638 3037 1789 3071 autem
1808 3040 2016 3085 expresse

60 3112 97 3148 4⁵
133 3091 348 3151 copulam
376 3092 621 3148 carnalem,
647 3093 735 3138 nisi
761 3093 841 3137 sub
870 3094 1148 3147 conditione,
1175 3095 1213 3138 si
1238 3094 1340 3137 Deo
1359 3094 1578 3152 placeret:
1602 3094 1720 3138 unde
1749 3104 1792 3138 et
1814 3093 2017 3151 Angelus

95 3167 191 3202 ·cat
214 3158 408 3203 Mariam
436 3161 681 3219 conjugem
702 3159 887 3219 Joseph,
916 3161 1070 3204 dicens
1099 3162 1151 3204 ad
1175 3161 1343 3220 Joseph
1372 3161 1532 3205 Matth.
1567 3175 1626 3205 1.:
1654 3162 1756 3206 Noli
1783 3163 1924 3204 timere
1953 3174 2018 3204 ac-

56 3231 191 3285 jfere
212 3227 405 3271 Mariam
432 3230 648 3286 conjugem
665 3234 807 3272 tuam:
835 3228 956 3286 quod
975 3243 1207 3287 exponens
1226 3228 1417 3286 August.
1441 3229 1487 3272 in
1514 3229 1588 3273 lib.
1619 3243 1652 3272 1.
1677 3229 1731 3272 de
1753 3228 1947 3286 Nuptiis,
1974 3237 2019 3271 et

117 3293 449 3351 ·ncupiscentia
475 3294 589 3353 (cap.
615 3310 674 3339 Η.
702 3309 728 3338 α
745 3294 909 3354 princ.)
928 3295 1056 3339 dicit:
1089 3312 1111 3336 «
1132 3295 1312 3353 Conjux
1329 3306 1519 3340 vocatur
1537 3310 1589 3340 ex
1607 3298 1752 3354 prima
1779 3295 2019 3353 desponsa-

62 3357 197 3409 puis
218 3358 321 3414 fide,
344 3374 482 3419 quam
501 3362 745 3405 concubitu
761 3376 845 3406 nec
870 3373 1165 3421 cognoverat,
1183 3378 1266 3407 nec
1286 3362 1428 3406 fuerat
1447 3363 1710 3420 cogniturus
1731 3379 1751 3402 >2
1770 3378 1779 3414 ;
1797 3372 2015 3419 quantum

61 3436 167 3469 ero
200 3425 255 3470 ad
286 3429 533 3472 secundam
572 3427 917 3487 perfectionem,
952 3444 1067 3488 quae
1113 3441 1181 3474 est
1212 3444 1292 3489 per
1334 3440 1485 3474 actum
1530 3429 1823 3481 matrimonii,
1857 3429 1894 3472 si
1926 3429 2016 3473 hoc

130 3500 278 3536 eratur
303 3493 359 3537 ad
386 3494 616 3538 carnalem
643 3496 953 3550 concubitum,
973 3511 1051 3555 per
1068 3512 1205 3555 quern
1224 3497 1374 3555 proles
1398 3506 1652 3553 generatur,
1679 3510 1773 3539 non
1799 3495 1881 3539 fuit
1905 3495 2016 3541 illud

78 3557 403 3610 ἠ”ιῑτίῐιιοηὶυῐη
437 3572 824 3606 consummatum.
860 3563 994 3607 Unde
1027 3564 1241 3607 Ambros
1276 3563 1384 3606 dicit
1409 3576 1544 3619 super
1577 3563 1686 3605 Luc·
1720 3563 1835 3621 (cap.
1868 3578 1902 3607 1.
1927 3571 2014 3623 sup

35 3622 111 3672 ‘51'
137 3621 188 3669 d:
213 3624 264 3669 In
291 3640 421 3672 mense
445 3627 602 3685 sexto):
638 3628 785 3672 «Non
810 3637 855 3673 te
884 3639 1081 3683 moveat,
1113 3630 1235 3688 quod
1268 3629 1525 3687 frequenter
1556 3628 1750 3672 Mariam
1784 3629 2017 3690 Scriptura
