2352 3926
291 198 397 268 632
797 211 1076 257 QUAESTIO
1117 212 1285 251 Lxxu.
1325 208 1634 252 ARTICULus
1672 213 1747 252 ιιι.

372 326 412 358 2.
430 314 729 358 PRAETEREA.
747 313 850 356 Hoc
869 322 1206 357 sacramentum
1224 313 1354 358 datur
1369 313 1426 358 ad
1444 314 1583 358 robur
1598 312 1845 373 spirituale,
1861 324 1911 360 ut
1925 315 2247 374 supradictum

284 389 351 424 est
376 381 477 438 (art.
505 396 539 424 Ι.
567 380 653 437 huj.
677 379 753 437 q)
781 379 859 422 sed
886 379 1117 438 spirituale
1149 380 1287 424 robur
1319 380 1466 438 magis
1500 380 1707 425 consistit
1742 380 1790 424 in
1824 381 1987 437 corde3
2018 396 2154 452 ergQ
2152 381 2245 426 hoc

281 457 618 490 sacramentum
646 446 792 503 magis
816 445 960 489 debet
975 445 1169 490 conferri
1195 461 1329 505 supra
1357 461 1450 501 cor,
1478 461 1617 506 quam
1642 448 1687 490 in
1714 446 1877 491 fronte.

375 527 412 570 3
440 514 736 557 PRAETEREA.
766 513 867 556 Hoc
895 522 1234 557 sacramentum
1260 513 1391 557 datur
1416 514 1595 559 homini
1613 513 1669 558 ad
1685 514 1792 568 hoc,
1811 514 1934 573 quod
1950 514 2090 560 libere
2107 480 2245 559 fidem

283 579 453 623 Christi
480 579 770 623 confiteatur:
810 579 888 623 sed
909 595 979 624 ore
998 581 1048 638 fit
1073 581 1268 639 confessio
1290 581 1343 625 ad
1367 581 1555 636 salutem,
1590 591 1639 624 ut
1665 581 1826 625 dicitur
1851 581 1988 626 Rom.
2017 595 2109 637 10.;
2136 595 2246 641 ergo

280 646 370 689 hoc
398 655 736 689 sacramentum
763 648 910 704 magis
937 646 1069 690 debet
1096 646 1292 691 conferri
1315 648 1436 691 circa
1463 661 1529 702 os,
1556 662 1694 706 quam
1720 648 1768 691 in
1792 647 1955 692 fronte.

371 712 466 756 SED
494 725 691 757 CONTRA
718 722 797 767 est,
824 713 947 771 quod
972 712 1187 757 Rabanus
1213 714 1321 758 dicit
1348 715 1394 758 in
1416 714 1491 758 lib.
1515 729 1550 758 1.
1570 715 1625 758 de
1651 715 1843 759 Institut.
1863 713 2031 760 Cleric.
2049 715 2165 776 (cap.
2177 730 2246 775 30.

279 781 323 823 in
341 782 468 839 princ
472 781 523 838 .):
557 795 580 821 «
604 779 834 838 Signatur
839 780 1091 839 baptizatus
1113 781 1358 826 chrismate
1383 781 1431 825 in
1457 781 1720 826 summitate
1747 781 1906 840 capitis
1929 795 2012 841 per
2035 782 2249 827 sacerdo-

281 856 391 900 tem,
418 861 497 904 per
522 847 789 906 pontificem
814 862 924 893 vero
950 848 997 891 in
1023 845 1174 893 fronte
1190 865 1232 894 ».

369 913 658 958 RESPONDEO
693 914 950 968 dicendum,
983 914 1120 974 quod,
1153 917 1270 959 sicut
1300 929 1435 975 supra
1467 915 1639 960 dictum
1672 925 1740 960 est
1765 915 1870 974 (art.
1900 930 1937 961 1.
1970 915 2058 975 huj.
2091 914 2246 975 q),

283 980 374 1024 hoc
402 990 691 1025 sacramento
713 980 858 1024 homo
883 981 1048 1039 accipit
1069 981 1288 1040 Spiritum
1312 982 1531 1026 Sanctum
1556 982 1611 1025 ad
1634 981 1772 1026 robur
1792 980 2036 1041 spiritualis
2051 995 2248 1042 pugnae,

281 1057 331 1091 ut
355 1045 530 1091 fortiter
556 1047 695 1091 etiam
721 1049 835 1092 inter
862 1047 1147 1092 adversarios
1173 1048 1279 1092 fidei
1307 1048 1479 1092 Christi
1505 1047 1642 1092 fidem
1669 1047 1951 1094 confiteatur.
1977 1047 2113 1093 Unde
2139 1061 2246 1092 con-

278 1114 513 1157 venienter
538 1114 742 1172 signatur
768 1114 1013 1158 chrismate
1040 1115 1188 1173 signo,
1217 1115 1362 1159 crucis
1384 1115 1431 1158 in
1452 1114 1615 1170 fronte,
1638 1124 1822 1174 propter
1843 1114 1923 1159 duo
1942 1130 1957 1159 ,·
1978 1117 2124 1174 primo
2148 1114 2249 1174 qui-

280 1180 402 1234 dem,
429 1181 534 1239 quia
559 1181 799 1239 insignitur
821 1181 953 1239 signo
978 1182 1138 1235 crucis,
1157 1182 1274 1226 sicut
1295 1181 1427 1225 miles
1446 1181 1578 1240 signo
1597 1182 1748 1236 ducis;
1776 1181 1898 1240 quod
1916 1181 2101 1240 quidem
2118 1181 2250 1226 debet

280 1261 379 1291 esse
402 1247 601 1301 evidens,
619 1257 663 1291 et
680 1247 995 1293 manifestum:
1016 1249 1131 1292 inter
1149 1249 1307 1292 omnia
1325 1258 1479 1292 autem
1496 1248 1599 1292 loca
1617 1249 1822 1308 corporis
1838 1248 2032 1292 humani
2047 1247 2247 1292 maxime

278 1313 404 1358 frons
422 1314 662 1359 manifesta
680 1325 760 1369 est,
784 1329 899 1374 quae
923 1318 1049 1374 quasi
1069 1329 1306 1374 nunquam
1324 1316 1571 1374 obtegitur;
1599 1325 1644 1359 et
1658 1316 1763 1359 ideo
1781 1315 1935 1359 linitur
1953 1314 2248 1359 confirmatus

281 1381 527 1425 chrismate
549 1382 595 1425 in
621 1381 783 1436 fronte,
810 1392 859 1426 ιιι
889 1382 936 1425 ιιι
970 1382 1212 1426 manifesto
1246 1382 1528 1426 demonstret
1561 1396 1608 1426 se
1642 1385 1741 1426 'esse
1774 1382 2086 1436 christianum,
2131 1381 2249 1426 sicut

281 1460 326 1494 et
358 1449 555 1509 apostoli
591 1460 695 1508 post
724 1459 962 1509 acceptum
986 1450 1206 1509 Spiritum
1240 1450 1462 1495 Sanctum
1493 1465 1542 1495 se
1576 1449 1994 1504 manifestaverunt,
2019 1450 2097 1509 qui
2122 1449 2246 1509 prius

279 1516 325 1560 in
358 1518 610 1561 coenaculo
643 1517 870 1561 latebant:
906 1517 1098 1571 secundo,
1134 1517 1251 1576 quia,
1272 1517 1434 1576 aliquis
1466 1517 1710 1576 impeditur
1736 1531 1762 1561 a
1788 1517 1930 1561 libera
1961 1515 2249 1562 confessione
2316 1517 2346 1562 f

279 1584 479 1628 nominis
497 1585 669 1629 Christi
685 1594 870 1644 propter
887 1585 994 1639 duo,
1014 1585 1187 1629 scilicet
1202 1595 1386 1644 propter
1402 1584 1631 1638 timorem,
1650 1594 1694 1628 et
1710 1594 1894 1643 propter
1910 1583 2248 1629 verecundiam.

280 1652 528 1710 Utriusque
556 1662 710 1696 autem
732 1652 900 1696 horum
919 1652 1102 1710 signum
1128 1651 1328 1696 maxime
1354 1650 1667 1696 manifestatur
1687 1651 1735 1694 in
1751 1650 1917 1705 fronte5
1934 1651 2119 1710 propter
2139 1650 2248 1706 duo,

280 1718 454 1762 scilicet
480 1729 664 1778 propter
689 1719 1072 1778 propinquitatem
1100 1718 1454 1778 imaginationis,
1482 1728 1527 1762 et
1551 1728 1737 1777 propter
1756 1717 1848 1762 hoc
1869 1717 1994 1778 quod
2014 1717 2198 1778 spiritus
2219 1731 2245 1762 a

285 1785 422 1829 corde
441 1785 612 1830 directe
639 1785 694 1829 ad
711 1784 912 1830 frontem
930 1785 1206 1840 ascendunt;
1231 1786 1351 1830 unde
1375 1802 1400 1827 «
1416 1785 1711 1830 verecundati
1727 1785 2013 1838 erubescunt,
2035 1784 2249 1830 timentes
2311 1802 2329 1819 ν

286 1862 439 1896 autem
457 1851 711 1910 pallescunt
727 1869 769 1907 »,
796 1862 845 1897 ιιι
862 1853 1025 1897 dicitur
1041 1853 1088 1896 in
1104 1865 1147 1907 4.
1164 1852 1434 1897 Ethicorum
1454 1852 1563 1911 (cap.
1583 1853 1719 1897 ultim.
1743 1853 1857 1897 circa
1865 1851 2031 1911 princ.)
2041 1866 2058 1904 ,·
2078 1859 2124 1895 et
2141 1849 2248 1895 ideo
2331 1847 2337 1855 ‘

278 1920 326 1963 in
351 1918 731 1978 frontesignatur
757 1919 1019 1974 chrismate,
1047 1930 1095 1964 ut
1120 1933 1267 1979 neque
1294 1929 1477 1979 propter
1503 1920 1733 1973 timorem,
1760 1931 1910 1978 neque
1941 1927 2124 1978 propter
2153 1931 2249 1962 eru·

278 1986 562 2030 bescentiam
587 2000 759 2030 nomen
788 1986 961 2031 Christi
982 1985 1189 2030 confiteri
1214 1986 1554 2045 praetermittat.

370 2054 446 2098 AD
473 2067 664 2099 PRIMUM
689 2068 801 2113 ergo
829 2054 1089 2108 dicendum,
1116 2054 1239 2112 quod
1265 2068 1345 2112 per
1375 2053 1653 2112 baptismum
1676 2066 2003 2112 regeneramur
2027 2051 2086 2096 ad
2105 2051 2248 2097 vitam

281 2120 578 2180 spiritualem,
605 2135 722 2180 quae
756 2121 812 2165 ad
842 2130 992 2165 totum
1023 2121 1265 2165 hominem
1298 2121 1510 2180 pertinet:
1544 2120 1624 2164 sed
1655 2120 1702 2164 in
1735 2119 2085 2165 confirmatione
2113 2119 2250 2165 robo·
2308 2173 2316 2185 ,‚

281 2202 434 2232 ramur
477 2188 532 2232 ad
574 2202 791 2247 pugnam,
834 2189 961 2247 cujus
1004 2188 1187 2247 signum
1226 2187 1465 2232 ferendum
1506 2197 1575 2233 est
1612 2188 1661 2231 in
1701 2186 1864 2243 fronte,
1905 2186 2037 2248 quasi
2073 2186 2123 2231 in
2158 2185 2251 2232 evi·
2310 2187 2323 2228 ζ

281 2254 407 2299 denti
431 2253 552 2299 loco.

371 2321 448 2366 AD
482 2334 743 2366 SECUNDUM
770 2321 1027 2376 dicendum,
1054 2320 1176 2381 quod
1204 2321 1478 2381 principium
1508 2320 1784 2366 fortitudinis
1809 2330 1879 2366 est
1909 2322 1956 2365 in
1987 2319 2141 2375 corde,
2165 2318 2250 2365 sed
2298 2371 2305 2378 y

282 2387 465 2447 signum
492 2397 678 2448 apparet
703 2389 750 2432 in
775 2388 948 2443 fronte;
975 2389 1095 2433 unde
1122 2388 1285 2433 dicitur
1311 2388 1475 2432 Ezech.
1506 2402 1571 2447 3.
1598 2389 1704 2433 Ecce
1726 2387 1819 2433 dedi
1829 2386 2020 2447 frontem
2041 2393 2158 2433 tuam
2177 2380 2250 2432 ἀξι-

282 2457 438 2500 riorem
449 2456 663 2514 frontibus
679 2470 851 2501 eorum:
870 2465 916 2500 et
935 2455 1039 2499 ideo
1059 2465 1398 2500 sacramentum
1416 2455 1745 2509 Eucharistiae,
1762 2468 1855 2514 quo
1871 2454 2044 2499 homo‘
2032 2469 2081 2499 m
2096 2454 2248 2514 seipso
2291 2478 2308 2511 ς

283 2521 594 2576 confirmatur,
627 2523 822 2581 pertinet
853 2522 909 2566 ad
942 2536 1036 2576 cor,
1069 2522 1322 2566 secundum
1354 2521 1467 2565 illud
1497 2521 1617 2566 Psal.
1657 2535 1772 2580 103.:
1806 2522 1935 2567 Panis
1966 2536 2039 2567 cor
2068 2521 2251 2576 hominis
2291 2517 2306 2539 '³

284 2590 529 2649 confirmet:
557 2589 636 2633 sed
663 2598 1001 2634 sacramentum
1036 2588 1397 2632 confirmationis
1430 2588 1668 2647 requiritur
1692 2589 1739 2632 in
1765 2588 1949 2648 signum
1973 2586 2249 2641 fortitudinis

284 2655 340 2700 ad
367 2656 497 2710 alios,
525 2666 568 2700 et
593 2656 697 2700 ideo
725 2655 961 2700 exhibetur
985 2655 1032 2698 in
1058 2654 1221 2699 fronte.

373 2723 450 2767 AD
478 2735 694 2768 TERTIUM
721 2721 980 2775 dicendum,
1007 2722 1246 2780 quod⁶hoc
1273 2732 1613 2766 sacramentum
1632 2721 1763 2766 datur
1780 2722 1836 2766 ad
1860 2722 2000 2767 libere
2032 2720 2250 2767 confiten-

285 2789 410 2848 dum,
422 2804 516 2835 non
533 2800 686 2835 autem
706 2789 761 2833 ad
781 2788 1091 2833 confitendum
1119 2788 1397 2848 simpliciter,
1425 2789 1530 2848 quia
1555 2789 1646 2833 hoc
1678 2788 1728 2833 fit
1760 2791 1899 2834 etiam
1929 2789 1976 2834 in
1996 2788 2248 2848 baptism03
2287 2793 2297 2826 ’ἵ

285 2867 329 2902 et
353 2857 458 2901 ideo
485 2871 578 2901 non
606 2856 740 2901 debet
766 2856 863 2900 dari
893 2856 940 2899 in
975 2870 1067 2910 ore,
1094 2855 1173 2899 sed
1199 2856 1246 2899 in
1270 2854 1434 2912 fronte,
1462 2856 1538 2900 ubi
1566 2866 1785 2916 apparent
1808 2857 1938 2917 signa
1963 2855 2246 2917 passionum,

285 2925 446 2984 quibus
472 2924 614 2969 libera
641 2922 867 2969 confessio
895 2922 1150 2982 impeditur.

993 3122 1425 3181 ARTICULUS
1468 3124 1538 3179 X,
2157 3148 2246 3199 4²3*

400 3273 591 3313 UTRUM
631 3274 753 3313 ILLE
795 3273 892 3320 QUI
934 3273 1345 3323 CONFIRMATUR,
1387 3274 1603 3313 DEBEAT
1645 3273 1844 3315 TENERI
1882 3274 1951 3314 AB
1989 3272 2140 3314 ALIO.

923 3399 1614 3459 (4.Dzst........7q3art3q1)

376 3526 452 3570 AD
479 3539 698 3572 DECtMUM
724 3526 790 3571 sic
812 3525 1084 3586 proceditur.
1097 3525 1301 3580 Videtur,
1319 3526 1441 3585 quod
1458 3525 1536 3570 ille
1554 3526 1630 3585 qui
1647 3524 1957 3580 confirmatur,
1971 3537 2069 3570 non
2083 3521 2278 3573 debet}
2265 3476 2317 3543 ᾗ
2339 3569 2347 3582 ,

289 3593 341 3637 ab
362 3593 452 3639 alio
469 3594 613 3639 teneri
640 3594 695 3639 ad
722 3593 1143 3639 confirmationem:
1171 3593 1261 3637 hoc
1289 3593 1412 3638 enim
1433 3603 1770 3638 sacramentum
1791 3606 1887 3637 non
1907 3590 2059 3638 solum
2078 3588 2292 3652 Μ

2237 3369 2333 3415 -‚-'1⁴.

2214 3415 2243 3438 ἲς
2264 3413 2310 3434 *7¹³2

2216 3439 2313 3466 w
