2352 3926
296 283 402 339 772
776 278 1054 326 QUAESTIO
1082 258 1324 318 ¹LXXXIII.
1365 277 1674 317 ARTICULUS
1713 279 1766 316 V.

297 402 404 432 men
445 388 606 432 eadem
641 384 911 444 significatio
947 382 1160 442 partium,
1205 395 1343 441 quam
1383 380 1570 440 quidam
1610 381 1801 425 metrice
1837 389 2160 468 expresserunt
2193 380 2255 427 di-

297 465 471 500 centes:
2110 468 2112 471 *
2160 471 2165 474 >

708 525 862 569 Hostia
887 522 1092 567 dividitur
1116 524 1162 567 in
1179 528 1336 582 partes,
1364 523 1491 567 tincta
1514 523 1650 566 beatos

707 593 842 645 Plane,
869 593 980 636 sicca
1009 596 1127 636 notat
1146 592 1282 645 vivos,
1309 595 1476 635 servata
1499 589 1686 649 sepultos.

298 719 500 773 Quidam
526 729 680 763 tamen
708 717 876 770 dicunt,
903 715 1024 776 quod
1051 730 1154 774 pars
1180 716 1226 760 in
1254 715 1446 761 calicem
1473 715 1614 759 missa
1639 713 1868 773 significat
1893 727 1988 770 eos,
2006 714 2083 773 qui
2098 713 2258 758 vivunt

295 789 341 831 in
366 788 457 831 hoc
483 786 680 839 mundo3
709 798 811 844 pars
839 794 992 828 autem
1019 792 1142 828 extra
1169 782 1362 829 calicem
1381 794 1559 827 servata
1581 782 1808 841 significat
1829 781 1962 840 plene
1985 781 2160 836 beatos,
2177 781 2260 826 sci-

295 855 400 900 licet
419 863 637 912 quantum
665 852 719 895 ad
738 852 955 906 animam,
983 860 1028 895 et
1054 865 1243 910 corpus;
1265 865 1368 910 pars
1396 859 1551 894 autem
1576 856 1781 894 comesta
1797 848 2024 906 significat
2040 858 2258 893 caeteros.

384 921 458 966 AD
475 933 652 965 NONUM
678 919 937 972 dicendum,
965 918 1087 978 quod
1113 932 1193 977 per
1216 918 1408 963 calicem
1425 918 1504 962 duo
1527 927 1718 976 possunt
1743 916 2004 976 significari.
2029 918 2120 962 Uno
2136 917 2258 962 modo

294 989 391 1047 ipsa
422 987 573 1046 passio
618 986 800 1040 Christi,
835 1000 950 1045 quae
985 994 1348 1044 repraesentatur
1381 986 1429 1029 in
1457 985 1549 1028 hoc
1577 994 1896 1039 sacramento;
1929 993 1974 1029 et
2003 984 2258 1029 secundum

294 1058 384 1100 hoc
411 1070 489 1114 per
515 1064 689 1113 partem
715 1054 762 1098 in
789 1053 982 1097 calicem
1018 1054 1207 1097 missam
1240 1052 1551 1111 significantur
1586 1051 1665 1106 illi,
1699 1051 1776 1110 qui
1807 1049 1957 1096 adhuc
1994 1060 2100 1096 sunt
2128 1051 2260 1110 parti-

295 1124 416 1182 cipes
442 1122 707 1181 passionum
734 1121 918 1166 Christi.
941 1122 1041 1165 Alio
1064 1120 1184 1164 modo
1207 1130 1357 1177 potest
1374 1119 1621 1178 significari
1641 1118 1794 1163 fruitio
1816 1119 1962 1173 beata,
1980 1132 2097 1179 quae
2119 1118 2259 1163 etiam

293 1193 341 1235 in
366 1191 456 1235 hoc
483 1199 771 1234 sacramento
808 1188 1158 1248 praefiguratur:
1187 1197 1231 1231 et
1262 1187 1366 1231 ideo
1399 1186 1479 1241 illi,
1513 1200 1709 1246 quorum
1737 1200 1931 1246 corpora
1955 1187 2049 1245 jam
2075 1195 2181 1230 sunt
2208 1182 2258 1229 ‘in

295 1259 429 1318 plena
453 1257 746 1310 beatitudine,
773 1256 1084 1316 significantur
1110 1269 1189 1314 per
1215 1264 1392 1313 partem
1417 1255 1464 1297 in
1492 1254 1684 1299 calicem
1706 1254 1912 1298 missam,
1935 1253 1993 1298 Et
2014 1263 2082 1298 est
2100 1262 2262 1297 notan-

297 1326 420 1379 dum,
447 1325 570 1385 quod
596 1339 698 1384 pars
725 1325 772 1368 in
799 1323 993 1368 calicem
1029 1323 1168 1366 missa
1200 1335 1294 1365 non
1327 1321 1460 1366 debet
1490 1320 1663 1380 populo
1691 1321 1788 1364 dari
1812 1321 1859 1364 in
1891 1319 2260 1380 supplementum

297 1393 653 1446 communionis,
680 1392 785 1452 quia
821 1405 989 1451 panem
1019 1391 1261 1434 intinctum
1293 1403 1387 1433 non
1419 1389 1619 1448 porrexit
1645 1387 1866 1432 Christus.
1881 1386 1968 1432 nisi
1989 1386 2131 1446 Judae
2155 1401 2262 1447 pro-

296 1462 444 1506 ditori.

383 1529 459 1573 AD
486 1539 709 1572 DECIMUM
736 1525 994 1578 dicendum,
1029 1523 1150 1583 quod
1177 1523 1336 1567 vinum
1367 1523 1544 1567 ratione
1572 1536 1680 1567 suae
1705 1521 1990 1567 humiditatis
2012 1530 2079 1567 est
2105 1519 2264 1567 abluti-

295 1611 419 1650 vum,
457 1604 502 1639 et
526 1589 631 1638 ideo
659 1593 851 1637 sumitur
877 1601 979 1650 post
1005 1591 1343 1651 susceptionem
1361 1591 1496 1649 hujus
1519 1590 1794 1634 sacramenti
1812 1588 1868 1634 ad
1892 1588 2170 1634 abluendum
2190 1600 2262 1643 os,

294 1678 351 1707 ne
378 1662 556 1721 aliquae
588 1660 805 1720 reliquiae
837 1667 1124 1713 remaneant3
1155 1659 1278 1718 quod
1314 1659 1508 1717 pertinet
1545 1657 1600 1701 ad
1633 1657 1935 1701 reverentiam
1972 1657 2261 1703 sacramenti.

295 1730 428 1774 Unde
456 1739 592 1782 extra,
618 1728 690 1772 De
720 1727 874 1772 Celeb.
903 1727 1004 1770 Mis.
1035 1726 1163 1786 (αφ..-
1191 1727 1259 1771 Ex
1280 1725 1427 1786 parte)
1450 1725 1636 1769 dicitur:
1668 1724 1903 1785 «Semper
1920 1724 2135 1769 sacerdos
2150 1724 2261 1768 vino

297 1794 363 1841 os¹
383 1796 652 1856 perfundere
686 1795 834 1848 debet,
866 1803 1112 1853 postquam
1144 1803 1294 1837 totum
1328 1794 1532 1852 percepit
1556 1791 1869 1837 Eucharistiae
1906 1800 2263 1846 sacramentum,

295 1865 382 1909 nisi
409 1879 515 1908 cum
542 1864 705 1907 eodem
740 1863 812 1906 die
836 1862 972 1906 aliam
1001 1862 1190 1905 missam
1218 1861 1423 1905 debuerit
1449 1860 1692 1914 celebrare,
1714 1874 1773 1904 ne
1790 1860 1829 1904 si
1843 1859 1961 1905 forte
1982 1860 2142 1904 vinum
2164 1873 2264 1919 *per-

297 1932 487 1976 fusionis
515 1932 754 1990 acciperet,
783 1929 1141 1974 celebrationem
1184 1928 1321 1972 aliam
1361 1928 1602 1988 impediret
1618 1943 1671 1982 »ς
1699 1938 1743 1973 et
1768 1927 1930 1973 eadem
1967 1928 2142 1973 ratione
2167 1943 2263 1989 per-

297 1999 443 2044 fundit
467 1999 575 2042 vino
604 1998 785 2057 digitos,
813 1997 973 2056 quibus
998 2011 1161 2055 corpus
1189 1996 1362 2040 Christi
1386 1996 1608 2055 tetigerat.
2339 2044 2343 2052 .

387 2067 463 2111 AD
491 2079 786 2111 UNDECIMUM
813 2064 1074 2118 dicendum,
1096 2064 1218 2123 quod
1235 2064 1401 2108 veritas
1419 2073 1640 2122 quantum
1664 2062 1719 2107 ad
1738 2062 1907 2122 aliquid
1925 2062 2058 2108 debet
2081 2076 2265 2123 respon·
2333 2030 2352 2125 ἐ

300 2135 406 2179 dere
432 2134 620 2193 figurae,
643 2133 748 2192 quia
776 2131 950 2176 scilicet
973 2146 1067 2175 non
1106 2131 1239 2175 debet
1264 2145 1366 2190 pars
1388 2131 1568 2176 hostiae
1597 2141 1907 2186 consecratae,
1933 2129 1990 2175 de
2012 2144 2101 2190 qua
2122 2144 2267 2175 sacer·
2348 2127 2352 2136 ⁷

299 2202 396 2256 dos,
424 2211 467 2246 et
492 2201 700 2254 ministri,
716 2199 792 2243 vel
809 2200 946 2244 etiam
964 2198 1159 2258 populus
1178 2199 1504 2252 communicat,
1518 2198 1565 2242 in
1582 2198 1833 2243 crastinum
1854 2199 2088 2243 reservari.
2111 2196 2268 2254 Unde,
2338 2153 2352 2268 ἐ

300 2279 349 2313 ut
372 2268 564 2313 habetur
576 2268 647 2311 De
671 2267 890 2311 Consecr.
922 2266 1051 2323 (Dist.
1079 2281 1118 2311 2.
1138 2274 1245 2325 cap.:
1272 2266 1423 2311 Tribus
1436 2266 1675 2325 gradibus),
1696 2265 1916 2311 Clemens
1934 2265 1967 2310 Ι.
1985 2279 2102 2326 papa
2125 2265 2206 2327 (ep.
2223 2280 2264 2311 2.
2330 2304 2346 2311 ,.

299 2338 343 2380 in
363 2337 504 2395 princ.
536 2335 716 2392 Concil.)
745 2334 913 2388 statuit,
941 2333 1064 2393 quod
1090 2343 1256 2377 «tanta
1281 2333 1555 2377 holocausta
1576 2333 1623 2377 in
1650 2332 1781 2377 altari
1807 2332 2069 2388 offerantur,
2096 2342 2266 2393 quanta

300 2401 471 2462 populo
494 2401 700 2446 sufficere
728 2401 942 2445 debeant:
972 2401 1093 2460 quod
1120 2401 1157 2444 si
1182 2401 1500 2454 remanserint,
1526 2401 1573 2444 in
1591 2401 1838 2444 crastinum
1855 2414 1949 2445 non
1966 2410 2265 2455 reserventur,
2340 2395 2346 2425 3

301 2470 378 2514 sed
406 2483 511 2513 cum
537 2469 719 2522 timore,
747 2478 791 2512 et
814 2478 1014 2512 tremore
1033 2468 1305 2512 clericorum
1324 2467 1557 2526 diligentia
1576 2475 1906 2511 consumantur
1921 2483 1961 2511 n.
1977 2465 2266 2520 Quiatamen
2328 2460 2341 2517 Ιζ

300 2538 391 2581 hoc
418 2546 757 2580 sacramentum
785 2535 987 2594 quotidie
1015 2535 1289 2578 sumendum
1322 2544 1403 2587 est,
1430 2548 1524 2578 non
1553 2545 1705 2578 autem
1733 2549 1876 2594 agnus
1905 2534 2132 2594 paschalis
2159 2547 2270 2595 quo·
2318 2532 2327 2546 '⁷

301 2603 410 2648 tidie
437 2603 714 2656 sumebatur,
740 2602 844 2646 ideo
874 2612 1055 2661 oportet
1081 2602 1192 2645 alias
1224 2602 1398 2646 hostias
1432 2611 1720 2646 consecratas
1753 2616 1834 2661 pro
1867 2601 2058 2647 infirmis
2084 2615 2267 2647 conset·

301 2684 432 2726 vare;
459 2671 579 2714 unde
611 2670 658 2713 in
676 2669 838 2713 eadem
861 2669 977 2713 Dist.
995 2669 1103 2728 (cap.
1124 2669 1205 2728 93.)
1218 2668 1409 2727 legitur:
1441 2668 1720 2728 «Presbyter
1736 2668 2070 2714 Eucharistiam
2086 2678 2269 2730 semper
2320 2667 2339 2726 j

302 2738 468 2782 habeat
499 2747 720 2797 paratam,
748 2746 797 2781 ut
823 2736 1005 2795 quando
1039 2737 1138 2795 quis
1173 2735 1425 2779 infirmatus
1451 2735 1598 2790 fuerit,
1627 2737 1779 2781 statim
1806 2750 1913 2781 eum
1939 2737 2266 2792 communicet,
2317 2745 2326 2791 J.

303 2819 362 2850 ne
388 2805 485 2849 sine
513 2803 842 2848 communione
869 2802 1146 2847 moriatur».
2328 2837 2330 2841 .

346 2869 349 2872 ’
391 2872 467 2917 AD
501 2884 831 2917 DUODECIMUM
859 2870 1119 2924 dicendum,
1147 2870 1268 2929 quod
1294 2871 1340 2914 in
1367 2870 1565 2914 solemni
1592 2870 1898 2916 celebratione
1921 2871 2088 2917 missae
2113 2870 2269 2932 plures
2311 2877 2343 2913 1

301 2939 465 2984 debent
484 2940 654 2984 adesse.
669 2938 802 2982 Unde
823 2938 957 2981 Soter
974 2951 1092 2996 papa
1109 2937 1217 2981 dicit
1230 2937 1409 2995 (decreto
1424 2953 1460 2998 3.
1481 2938 1681 2996 Concil),
1701 2948 1750 2983 ut
1765 2939 1957 2984 habetur
1973 2938 2044 2984 De
2064 2938 2264 2984 Consec.
2313 2943 2336 2994 ἶ»,

304 3008 434 3063 (Dist.
467 3020 503 3051 Ι.
536 3014 626 3066 cap.
650 3006 764 3066 61.).·
796 3005 938 3049 «Hoc
965 3018 1148 3064 quoque
1175 3014 1392 3049 statutum
1421 3015 1500 3060 est,
1528 3017 1575 3050 ut
1601 3005 1753 3050 nullus
1778 3007 2147 3067 presbyterorum
2162 3008 2265 3053 mis·
2310 3026 2327 3060 ,Δ

303 3088 457 3118 sarum
499 3073 724 3119 solemnia
771 3071 999 3117 celebrare
1047 3083 1320 3131 praesumat,
1368 3073 1456 3116 nisi
1503 3073 1680 3117 duobus
1716 3074 2040 3134 praesentibus,
2091 3073 2269 3134 sibique

305 3141 698 3201 respondentibus,
724 3141 820 3199 ipse
847 3140 1002 3185 tertius
1028 3139 1272 3193 habeatur3
1301 3139 1405 3198 quia
1433 3154 1539 3184 cum
1565 3139 1797 3200 pluraliter
1822 3141 1875 3186 ab
1898 3154 1955 3186 eo
1977 3139 2270 3208 diciturth-f'
2304 3146 2317 3196 j

305 3211 441 3253 minus
466 3210 694 3262 vobiscum,
723 3218 766 3252 et
797 3206 908 3251 illud
942 3208 988 3251 in
1020 3206 1231 3251 secretis:
1262 3207 1391 3251 Orate
1421 3215 1502 3266 pro
1534 3223 1611 3262 me,
1647 3208 1927 3268 apertissime
1959 3208 2269 3264 conveniunt
2216 3197 2328 3268 utffssssj

306 3276 451 3334 ipsius
472 3275 799 3335 respondeatur
825 3273 1144 3319 salutationi».
1174 3273 1308 3317 Unde
1335 3283 1379 3318 et
1406 3274 1460 3317 ad
1484 3276 1710 3334 majorem
1735 3274 2073 3320 solemnitatem
2098 3267 2316 3321 ibidem&

306 3352 525 3387 statutum
551 3342 716 3401 legitur
744 3342 853 3402 (cap.
875 3356 927 3402 59
932 3341 981 3400 .)‚
1011 3340 1132 3400 quod
1159 3340 1400 3399 episcopus
1428 3355 1532 3385 cum
1559 3342 1761 3401 pluribus
1777 3341 2020 3388 missarum
2042 3341 2279 3399 solemnia,

305 3421 505 3470 peragat.
533 3411 584 3454 In
610 3409 761 3455 missis
786 3419 942 3454 tamen
968 3407 1151 3467 privatis
1178 3406 1343 3451 sufficit
1368 3422 1510 3452 unum
1536 3409 1704 3454 habere
1737 3408 2011 3465 ministrum,
2043 3410 2121 3471 qui
2152 3404 2275 3471 gerit?

307 3491 551 3537 personam
584 3477 722 3523 totius
754 3475 913 3537 populi
946 3474 1176 3529 catholici,
1209 3488 1262 3520 ex
1296 3475 1422 3533 cujus
1453 3490 1648 3535 persona
1680 3477 1907 3523 sacerdoti
1941 3475 2175 3542 pluraliter
2203 3475 2282 3530 rm?

308 3544 514 3602 spondet.
