2352 3926
0 0 95 128 ξ’(ψι
106 0 117 10 -ι
126 0 151 10 sa

1506 141 1525 157 b

589 219 865 267 QUAESTIO
883 257 890 264 „
903 218 1092 259 xtvm.
1132 218 1441 258 ARTICULUS
1481 217 1556 257 tv.
1942 218 2047 274 413

0 307 9 318 ¹
86 324 208 370 tioso
228 323 451 384 sanguine
469 322 596 383 quasi
614 323 719 382 agni
741 322 1042 378 immaculati,
1064 332 1109 367 et
1126 321 1479 367 ⁴incontaminati
1497 320 1727 366 Christi».
1750 319 1808 365 Et
1829 319 1980 365 Galat.
2012 334 2051 379 3,

89 390 274 436 dicitur:
297 391 485 436 Christus
500 405 574 434 nos
594 390 766 435 redemit
785 390 832 434 de
853 390 1068 450 maledicto
1086 390 1198 448 legis,
1206 390 1347 448 sactus
1357 389 1572 449 pro'nobis
1588 387 1871 433 maledictum.-
1889 387 2054 431 dicitur

88 467 243 504 autem
260 471 342 517 pro
360 457 492 501 nobis
508 455 655 501 factus
673 455 983 510 maledictum,
995 455 1266 515 inquantum
1283 470 1366 515 pro
1384 455 1514 499 nobis
1527 468 1685 514 passus
1704 464 1771 499 est
1786 454 1832 498 in
1845 453 1987 513 lign0,
2000 462 2050 497 ut

85 538 222 584 supra
248 524 421 568 dictum
444 533 511 570 est
533 523 590 583 (q.
610 524 683 581 46.
701 530 780 568 art.
799 537 840 580 4.
864 537 953 581 arg.
967 525 1051 582 3.),·
1076 536 1186 581 ergo
1208 537 1288 581 per
1311 523 1571 581 passionem
1585 519 1724 566 ‘suam
1740 535 1826 565 nos
1843 520 2053 565 redemit.

176 590 467 637 RESPONDI-:o
488 585 748 644 dicendum,
767 590 888 649 quod
914 603 995 648 per
1010 599 1249 648 peccatum
1269 589 1487 648 dupliciter
1506 589 1652 633 homo
1680 588 1906 648 obligatus
1934 598 2050 633 erat:

78 659 224 719 primo
250 659 434 717 quidem
461 658 674 702 servitute
701 656 899 715 peccati:
929 656 1035 715 quia
1060 659 1131 715 qui
1153 657 1266 715 facit
1284 663 1515 714 peccatum,
1543 671 1684 700 servus
1708 662 1763 700 est
1795 657 1969 715 peccati,
2004 664 2054 699 ut

87 725 251 770 dicitur
275 725 404 783 Joan.
432 726 472 769 8.
506 735 550 768 et
572 737 612 767 2.
638 724 734 767 Pet.
764 724 828 767 2.':
857 724 898 768 A
917 738 996 781 quo
1022 725 1114 781 quis
1132 726 1346 782 superatus
1371 730 1440 776 est,
1470 724 1591 781 hujus
1615 729 1651 767 et
1674 738 1816 767 servus
1840 729 1918 767 est:
1947 721 2054 781 quia

86 792 222 851 igitur
247 791 455 850 diabolus
489 791 727 836 hominem
759 799 1063 849 superaverat,
1098 789 1355 834 inducendo
1389 804 1495 834 eum
1523 789 1578 833 ad
1616 801 1874 848 peccatum,
1905 789 2051 834 homo

86 858 290 904 servituti
314 857 484 903 diaboli
510 857 713 903 addictus
740 867 864 910 erat;
888 856 1062 901 secundo
1086 866 1306 916 quantum
1325 856 1379 900 ad
1396 867 1572 900 reatum
1590 870 1780 916 poenae,
1797 871 1888 916 quo
1905 856 2052 904 homo

87 936 183 982 erat
207 925 433 985 obligatus
459 924 711 969 secundum
735 924 824 969 Dei
848 924 1092 981 iustitiam:
1126 933 1171 967 et
1201 923 1292 968 hoc
1320 923 1458 967 etiam
1486 933 1554 967 est
1584 924 1774 968 servitus
1801 924 2050 982 quaedam:

87 992 145 1037 ad
170 984 433 1037 servitutem
461 991 579 1036 enim
609 991 815 1050 pertinet,
843 991 965 1050 quod
993 990 1154 1049 aliquis
1173 992 1382 1049 patiatur,
1405 990 1527 1049 quod
1544 1004 1638 1034 non
1656 990 1775 1044 vult;
1795 1005 1900 1034 curn
1922 990 2053 1036 liberi

85 1059 290 1105 hominis
320 1060 379 1104 sit
407 1059 474 1103 uti
504 1058 670 1117 seipso,
697 1068 746 1102 ut
769 1057 890 1111 vult;
918 1058 1023 1117 quia
1054 1058 1190 1117 igitur
1230 1058 1382 1117 passio
1419 1057 1592 1102 Christi
1631 1056 1715 1101 fuit
1739 1057 1981 1112 sufficiens,
2008 1066 2054 1102 et

85 1125 456 1185 superabundans
481 1125 728 1170 satisfactio
755 1139 837 1184 pro
865 1135 1070 1184 peccato,
1099 1135 1143 1169 et
1168 1134 1294 1169 reatu
1320 1139 1496 1185 poenae
1523 1124 1702 1184 generis
1720 1124 1924 1178 humani,
1952 1126 2049 1183 ejus

85 1193 236 1253 passio
261 1192 344 1238 fuit
370 1193 498 1252 quasi
523 1192 753 1252 quoddam
782 1192 991 1251 pretium,
1017 1191 1246 1251 per'quod
1273 1191 1449 1236 liberati
1472 1206 1629 1236 sumus
1657 1191 1710 1235 ab
1734 1201 1922 1250 utraque
1943 1191 2054 1235 obli-

86 1259 295 1318 gatione-3
318 1273 428 1304 narn
455 1260 552 1319 ipsa
577 1258 841 1312 satisfactio,
868 1274 957 1318 qua
983 1259 1082 1318 quis
1115 1258 1346 1312 satisfacit,
1379 1259 1473 1303 sive
1500 1272 1583 1318 pro
1610 1273 1673 1313 se,
1698 1258 1794 1302 sive
1827 1272 1909 1317 pro
1943 1258 2051 1311 alio,

85 1326 283 1386 pretium
309 1325 541 1385 quoddam
567 1325 746 1379 dicitur,
785 1340 876 1384 quo
919 1326 1134 1384 seipsum,
1175 1324 1250 1370 vel
1282 1324 1423 1369 alium
1449 1325 1632 1370 redimit
1664 1340 1689 1369 a
1715 1334 1921 1384 peccato,
1949 1335 1994 1369 et
2026 1339 2052 1368 a

84 1406 250 1453 poena,
274 1385 526 1438 secundum
550 1391 663 1452 ἰῌυά
683 1393 802 1438 Dan.
827 1405 892 1448 4:
921 1394 1093 1438 Peccata
1110 1399 1182 1437 tua
1199 1393 1454 1451 eleemosynis
1471 1392 1640 1437 redime.
1672 1391 1881 1437 Christus
1898 1402 2049 1436 autem

85 1459 315 1514 satisfecit,
340 1473 434 1504 non
461 1459 645 1518 quidem
669 1459 885 1518 pecunias
913 1460 1078 1515 dando,
1106 1469 1182 1503 aut
1208 1459 1378 1518 aliquid
1409 1459 1689 1519 hujusmodi,
1716 1459 1796 1503 sed
1823 1459 1973 1503 dando
2004 1459 2050 1503 id

0 1533 10 1570 2
85 1529 210 1588 quod
228 1526 312 1572 fuit
328 1527 597 1580 maximum,
628 1528 828 1586 seipsum
854 1526 1031 1572 scilicet
1053 1542 1136 1588 pro
1163 1527 1309 1581 nobis,
1337 1538 1381 1572 et
1401 1527 1506 1572 ideo
1528 1527 1680 1586 passio
1699 1526 1872 1572 Christi
1884 1526 2049 1571 dicitur

85 1609 185 1640 esse
210 1604 367 1639 nostra
390 1594 659 1653 redemptio.

174 1658 251 1707 An
287 1674 475 1706 PRIMUM
508 1675 619 1720 ergo
657 1661 916 1715 dicendum,
943 1663 1065 1721 quod
1087 1662 1233 1706 homo
1266 1662 1430 1707 dicitur
1456 1676 1553 1706 esse
1578 1661 1668 1705 Dei
1692 1661 1939 1721 dupliciter:
1966 1675 2049 1706 uno

84 1728 221 1783 modo,
249 1729 516 1788 inquantum
538 1728 772 1786 subjicitur
796 1729 1008 1787 potestati
1035 1731 1159 1788 ejus:
1187 1739 1231 1774 et
1255 1730 1346 1774 hoc
1373 1729 1515 1773 modo
1542 1742 1778 1787 nunquam
1804 1728 1950 1772 homo
1974 1728 2050 1772 de-

0 1818 34 1850 5
85 1796 159 1841 siit
182 1795 272 1840 Dei
297 1809 411 1849 esse,
447 1795 699 1839 secundum
726 1794 836 1838 illud
863 1796 981 1839 Dan.
1019 1808 1084 1851 4.:
1111 1798 1373 1841 Dominatur
1398 1797 1570 1841 excelsus
1595 1797 1640 1839 in
1667 1810 1790 1853 regno
1817 1795 2050 1850 hominum,

3 1861 8 1910 ’τ
84 1869 122 1909 et
146 1865 389 1920 cuicumque
413 1862 608 1916 voluerit,
634 1861 749 1906 dabit
773 1862 908 1909 illud:
937 1863 1021 1907 alio
1063 1863 1183 1907 modo
1210 1878 1290 1923 per
1316 1863 1535 1907 unionem
1563 1862 1792 1906 charitatis
1835 1862 1891 1906 ad
1919 1866 2048 1906 eum:

10 1936 19 1992 g
85 1929 336 1975 secundum
362 1928 484 1988 quod
510 1927 673 1972 dicitur
697 1927 895 1973 Roman.
923 1929 987 1973 8.:
1014 1930 1061 1974 Si
1086 1931 1177 1988 quis
1199 1932 1399 1990 spiritum
1427 1931 1587 1975 Christi
1612 1944 1694 1973 non
1720 1930 1854 1984 habet,
1881 1929 1946 1973 hic
1967 1944 2052 1973 non

84 1991 141 2042 esi
160 1999 270 2055 esus.-
289 1997 432 2055 primo
460 2008 570 2054 ergo
597 1994 739 2039 modo
764 2009 1000 2055 nunquam
1026 1996 1171 2040 homo
1190 1997 1322 2041 desiit
1339 2011 1436 2041 esse
1454 1997 1563 2040 Dei:
1580 1996 1752 2041 secundo
1775 2010 1885 2040 vero
1907 1996 2048 2040 modo

85 2062 343 2127 desiitpehsse
368 2061 457 2106 Dei
481 2076 561 2122 per
586 2072 858 2120 peccatum;
892 2072 936 2107 et
975 2063 1096 2118 ideo,
1136 2064 1407 2124 inquantum
1439 2063 1523 2108 fuit
1549 2079 1574 2107 a
1601 2074 1792 2123 peccato
1819 2063 2050 2118 liberatus,

19 2133 21 2137 “
85 2130 272 2177 Christo
298 2142 432 2187 passo
458 2128 775 2184 satisfaciente,
802 2130 965 2174 dicitur
989 2145 1068 2190 per
1094 2131 1357 2190 passionem
1385 2131 1558 2176 Christi
1583 2145 1682 2175 esse
1708 2131 1983 2190 redemptus.

173 2192 252 2242 AD
277 2209 537 2242 SECUNDUM
570 2196 828 2251 dicendum,
846 2197 967 2256 quod
994 2198 1138 2242 homo
1165 2199 1400 2258 peccando
1428 2198 1655 2258 obligatus
1684 2209 1779 2243 erat
1801 2208 1846 2243 et
1865 2199 1984 2254 Deo,
2008 2208 2054 2243 et

32 2282 34 2285 ’
85 2263 293 2310 diabolo:
320 2274 540 2323 quantum
567 2266 687 2307 enim
717 2265 771 2308 ad
796 2264 992 2324 culpam,
1018 2266 1172 2310 Deum
1199 2266 1462 2330 offenderat,
1491 2278 1534 2311 et
1561 2267 1746 2311 diabolo
1774 2282 1820 2311 se
1847 2268 2054 2311 subdide-

84 2341 169 2385 rat,
195 2330 240 2376 ei
263 2330 567 2384 consentiens,
593 2331 712 2375 unde
739 2331 918 2376 ratione
945 2332 1105 2392 culpae
1131 2348 1225 2378 non
1252 2345 1347 2378 erat
1372 2334 1517 2378 factus
1543 2349 1699 2379 servus
1726 2335 1837 2388 Dei;
1865 2334 1943 2378 sed
1970 2349 2051 2394 po-

21 2421 33 2465 3
83 2399 174 2447 tius
200 2414 227 2444 a
250 2399 342 2453 Dei
372 2400 584 2444 servitute
616 2399 848 2454 recedens,
882 2400 1049 2444 diaboli
1081 2403 1345 2445 servitutem
1377 2402 1641 2455 incurrerat,
1673 2402 1776 2445 Deo
1809 2402 1924 2460 juste
1957 2402 2048 2446 hoc

84 2465 386 2526 permittente,
412 2476 597 2525 propter
621 2465 845 2510 offensam
877 2467 924 2510 in
955 2482 1004 2512 se
1037 2469 1358 2512 commissam:
1386 2469 1465 2513 sed
1493 2478 1713 2529 quantum
1747 2468 1802 2511 ad
1835 2482 2050 2526 poenam,

85 2532 392 2592 principaliter
417 2532 562 2577 homo
595 2543 692 2578 erat
716 2533 818 2578 Deo
852 2533 1094 2593 obligatus,
1126 2536 1243 2580 sicut
1274 2550 1459 2580 summo
1492 2536 1645 2594 judici,
1679 2535 1864 2579 diabolo
1897 2546 2050 2580 autem

86 2608 305 2659 tanquam
329 2599 506 2654 tortori,
532 2600 785 2645 secundum
810 2600 922 2645 illud
944 2601 1107 2648 Matth.
1134 2615 1194 2660 5.:
1223 2604 1286 2648 Ne
1303 2604 1420 2662 forte
1443 2603 1585 2648 tradat
1611 2610 1644 2647 te
1666 2603 1933 2648 adversarius
1958 2610 2051 2648 tuus

81 2662 233 2724 judici,
259 2671 296 2711 et
313 2666 445 2725 judex
466 2666 612 2727 ¹tradat
633 2673 668 2711 te
685 2670 893 2722 ministro,
921 2669 1038 2713 idest
1066 2686 1089 2710 «
1116 2670 1281 2729 angelo
1309 2684 1563 2729 poenarum
1591 2669 1821 2723 crudeli»,
1839 2679 1889 2713 ut
1905 2669 2050 2729 Chry-

87 2741 319 2782 sostomus
359 2732 468 2778 dicit
498 2734 664 2790 (homil.
690 2750 748 2780 Η.
782 2737 827 2779 in
860 2743 978 2795 opere
1004 2738 1165 2796 imperf.
1193 2740 1264 2782 sub
1281 2739 1409 2797 fin.).·
1438 2739 1646 2797 quamvis
1678 2737 1815 2795 igitur
1842 2736 2049 2781 diabolus

23 2830 35 2862 J·
87 2798 266 2858 injuste,
291 2808 511 2858 quantum
536 2803 582 2845 in
606 2801 707 2860 ipso
741 2812 850 2856 erat,
883 2804 1121 2848 hominem
1147 2819 1228 2848 sua
1260 2804 1417 2849 fraude
1444 2806 1685 2863 deceptum
1718 2804 1800 2849 sub
1835 2805 2048 2849 servitute

0 2926 2 2929 .
28 2876 41 2913 ζ
86 2874 277 2919 teneret,
302 2875 347 2910 et
372 2876 592 2925 quantum
618 2869 674 2926 ad
701 2868 898 2927 culpam,
926 2880 971 2915 et
996 2881 1215 2930 quantum
1243 2872 1299 2915 ad
1321 2886 1545 2931 poenam;
1571 2873 1743 2930 justum
1769 2881 1924 2915 tamen
1951 2880 2047 2915 erat

0 2932 4 2980 ξ’
28 2932 39 2991 ''ss
87 2932 177 2976 hoc
204 2931 441 2976 hominem
469 2933 575 2992 pati,
605 2934 708 2979 Deo
734 2937 1021 2993 permittente
1047 2938 1136 2982 hoc
1165 2949 1385 2997 quantum
1419 2938 1474 2982 ad
1509 2938 1706 2996 culpam,
1733 2948 1777 2982 et
1810 2938 2048 2981 ordinante

48 3011 49 3014 ’
88 3008 310 3058 quantum
326 2999 383 3043 ad
398 3013 619 3058 poenam:
647 3012 691 3046 et
716 3002 820 3047 ideo
848 3018 926 3063 per
952 3015 1210 3063 respectum
1228 3006 1282 3049 ad
1303 3007 1456 3050 Deum
1481 3006 1648 3064 justitia
1677 3005 1898 3063 exigebat,
1925 3004 2047 3063 quod

30 3095 37 3124 .‘
87 3066 234 3118 homo
260 3066 570 3120 redimeretur,
595 3081 689 3112 non
716 3079 869 3114 autem
894 3085 974 3130 per
1000 3083 1256 3131 respectum
1285 3074 1338 3115 ad
1367 3072 1614 3116 diabolum.

177 3133 252 3177 AD
280 3146 495 3181 TERTIUM
531 3133 788 3191 dicendum,
815 3138 936 3196 quod
959 3140 1063 3197 quia
1091 3140 1341 3198 redemptio
1370 3141 1679 3199 requirebatur
1703 3139 1756 3182 ad
1779 3138 1979 3181 hominis
2002 3137 2051 3181 li-

38 3218 61 3266 J
88 3199 370 3247 berationem
398 3214 479 3259 per
505 3209 762 3258 respectum
779 3202 834 3246 ad
852 3204 1020 3259 Deum,
1038 3205 1130 3249 non
1150 3217 1302 3251 autem
1330 3221 1409 3264 per
1430 3218 1684 3264 respectum
1710 3205 1764 3248 ad
1788 3203 2048 3259 diabolum;

38 3271 59 3324 ζ·
87 3280 182 3312 non
208 3277 304 3312 erat
328 3267 521 3327 pretium
549 3266 819 3312 solvendum
845 3270 1044 3325 diabolo,
1077 3273 1155 3317 sed
1186 3273 1310 3317 Deo:
1339 3283 1384 3318 et
1409 3273 1511 3316 ideo
1541 3272 1750 3316 Christus
1777 3272 2048 3329 sanguinem

48 3334 236 3388 janum,
269 3334 345 3393 qui
379 3345 446 3378 est
479 3334 673 3393 pretium
704 3345 887 3380 nostrae
918 3339 1257 3398 redemptionis,
1290 3354 1383 3383 non
1417 3340 1580 3382 dicitur
1606 3338 1821 3382 obtulisse
1848 3337 2048 3393 diabolo,

89 3402 167 3446 sed
193 3401 310 3445 Deo.
