2352 3926
632 236 910 284 ouans-1⁸10
950 236 1114 278 Lxxx.
1153 235 1460 277 aurrcutus
1498 236 1572 275 vr.
1985 237 2088 292 725

834 435 1268 495 ARTICULUS
1309 435 1408 491 VI.
2006 448 2093 507 483

323 568 516 608 UTRUM
550 570 832 610 SACERDOS
866 573 1083 611 DEBEAT
1117 572 1412 612 DENEGARE
1445 570 1655 610 CORPUS
1690 569 1909 611 CHRISTI

748 654 1122 694 PECCATORI
1174 655 1489 694 PETENTI.

426 763 554 823 (Infr.
576 778 614 824 q.
637 766 703 811 81.
725 771 808 810 art.
831 779 870 812 2.
893 772 1007 825 corp.
1028 771 1067 810 et
1088 764 1143 809 ad
1162 780 1202 810 2.
1225 771 1263 810 et
1282 781 1324 822 4.
1347 766 1459 809 Dist.
1483 780 1524 824 9.
1547 770 1628 809 art.
1645 780 1684 824 5.
1705 779 1744 824 q.
1766 780 1802 810 ι.

660 838 699 878 et
728 847 767 891 q.
799 846 840 877 2.
873 840 987 892 corp.
1020 838 1057 876 et
1089 831 1244 889 Quodl.
1271 846 1308 890 5.
1342 837 1423 876 art.
1460 832 1563 890 12.).

224 941 303 987 An
328 954 520 988 SEXTUM
538 943 602 988 sic
620 943 894 1004 proceditur.
911 944 1116 998 Videtur,
1144 943 1267 1003 quod
1284 943 1499 988 sacerdos
1512 944 1674 988 debeat
1691 943 1917 1003 denegare
1934 957 2100 1003 corpus

137 1008 308 1055 Christi
333 1011 565 1070 peccatori
589 1012 781 1071 petenti:
799 1026 894 1056 non
917 1012 1041 1056 enim
1068 1021 1134 1056 est
1158 1011 1419 1056 faciendum
1442 1022 1599 1056 contra
1618 1011 1790 1056 Christi
1805 1020 2100 1070 praeceptum

135 1086 318 1137 propter
340 1077 576 1122 vitandum
602 1078 885 1135 scandalum,
910 1078 986 1124 vel
1010 1078 1248 1124 infamiam
1276 1078 1489 1137 alicujus:
1517 1078 1596 1123 sed
1618 1078 1849 1124 Dominus
1869 1077 2103 1138 praecepit

134 1142 297 1202 Matth.
320 1155 375 1202 7.:
392 1145 533 1190 Nolite
558 1152 744 1190 sanctum
770 1146 870 1191 dare
896 1147 1067 1192 canibus
1077 1162 1094 1200 ,·
1117 1146 1318 1191 maxime
1347 1155 1501 1190 autem
1519 1146 1649 1190 datur
1675 1155 1883 1190 sanctum
1900 1145 2103 1199 canibus,

135 1223 243 1255 cum
266 1210 358 1255 hoc
384 1222 722 1258 sacramentum
748 1214 1063 1273 peccatoribus
1082 1213 1338 1268 exhibetur3
1357 1227 1467 1272 ergo
1494 1227 1642 1272 neque
1664 1221 1848 1272 propter
1862 1212 2100 1256 vitandum

136 1277 419 1334 scandalum,
445 1293 593 1339 neque
618 1291 803 1340 propter
827 1281 1062 1326 vitandam
1087 1280 1327 1325 infamiam
1353 1280 1561 1340 alicujus,
1579 1280 1713 1324 debet
1728 1280 1820 1324 hoc
1847 1292 2104 1324 sacramen-

133 1353 231 1389 tum
257 1347 487 1404 peccatori
518 1348 689 1406 petenti
715 1349 824 1392 dari.
1508 1400 1514 1404 ,

223 1423 264 1456 2.
296 1412 594 1459 PRAETEREA.
623 1415 695 1459 De
722 1415 898 1460 duobus
922 1415 1055 1460 malis
1071 1416 1223 1461 minus
1250 1415 1423 1460 malum
1448 1425 1515 1460 est
1538 1413 1823 1474 eligendum:
1845 1413 1925 1458 sed
1947 1413 2100 1457 minus

133 1477 308 1523 malum
335 1493 434 1525 esse
465 1480 656 1535 videtur,
689 1482 728 1526 si
753 1493 969 1542 peccator
994 1482 1252 1537 infametur,
1278 1482 1352 1526 vel
1385 1483 1524 1527 etiam
1557 1482 1595 1526 si
1627 1482 1669 1526 ei
1699 1481 1849 1526 hostia
1874 1495 1969 1525 non
1997 1494 2102 1524 con-

131 1556 308 1592 secrata
334 1547 479 1603 detur,
506 1563 645 1608 quam
671 1550 709 1594 si
735 1564 920 1596 sumens
947 1565 1111 1610 corpus
1135 1551 1305 1595 Christi
1321 1549 1575 1595 mortaliter
1591 1558 1771 1609 peccet;
1792 1548 1969 1593 videtur
1987 1561 2097 1607 ergo

131 1613 223 1658 hoc
249 1615 401 1673 potius
428 1626 545 1660 esset
562 1616 838 1676 eligendum,
861 1619 983 1677 quod
1006 1618 1080 1662 vel
1101 1617 1344 1662 infametur
1365 1627 1581 1677 peccator
1602 1626 1760 1675 petens
1779 1629 1945 1674 corpus
1969 1614 2100 1659 Chri-

132 1679 204 1735 sti,
228 1679 304 1725 vel
329 1681 467 1726 etiam
493 1683 615 1742 quod
643 1684 772 1728 detur
797 1685 838 1728 ei
863 1685 1014 1729 hostia
1036 1699 1130 1729 non
1158 1694 1436 1729 consecrata.
1503 1706 1506 1708 v

226 1761 263 1806 3.
280 1747 578 1794 PRAETEREA.
598 1750 778 1809 Corpus
797 1751 969 1796 Christi
985 1752 1212 1796 interdum
1239 1751 1369 1796 datur
1395 1750 1613 1810 suspectis
1637 1750 1692 1795 de
1720 1749 1910 1794 crimine
1938 1748 1993 1793 ad
2017 1748 2098 1792 cri-

133 1814 268 1859 minis
294 1814 729 1862 manifestationem:
756 1818 921 1877 legitur
946 1819 1070 1863 enim
1096 1820 1142 1862 in
1168 1819 1304 1864 Decr.
1323 1831 1363 1862 2.
1387 1819 1449 1877 (q.
1471 1832 1508 1877 5.
1537 1825 1628 1878 cap.
1650 1817 1709 1877 3.)
1724 1834 1737 1862 .·
1769 1833 1792 1858 «
1820 1816 1967 1875 Saepe
1994 1829 2100 1860 con-

130 1881 280 1941 tingit,
306 1891 355 1926 ut
378 1882 425 1926 in
451 1885 738 1930 monasteriis
765 1885 1103 1930 monachorum
1135 1885 1252 1930 furta
1278 1895 1612 1945 perpetrentur:
1639 1884 1811 1928 idcirco
1839 1885 2096 1946 statuimus,

132 1958 184 1994 ut
206 1950 388 2010 quando
414 1950 500 2010 ipsi
524 1950 681 1997 fratres
709 1953 765 1997 de
790 1952 953 1997 talibus
980 1967 1229 2012 expurgare
1255 1967 1303 1997 se
1331 1953 1508 2006 debent,
1542 1952 1681 1996 missa
1708 1951 1762 1995 ab
1791 1950 1951 1994 abbate
1978 1948 2094 1994 cele—

131 2015 298 2072 bretur,
307 2016 381 2060 vel
399 2017 453 2061 ab
471 2016 638 2078 aliqu0‚
652 2021 726 2064 cui
743 2020 878 2064 abbas
896 2020 1189 2080 praeceperit,
1201 2020 1509 2079 praesentibus
1525 2018 1757 2072 fratribus3
1776 2027 1821 2062 et
1837 2018 1900 2061 sic
1919 2015 2096 2075 expleta

133 2082 286 2138 missa,
319 2097 480 2130 omnes
512 2087 855 2132 communicent
885 2087 932 2131 in
962 2087 1078 2132 haec
1103 2088 1267 2131 verbaz‘
1296 2087 1459 2146 Corpus
1487 2087 1644 2132 Christi
1673 2087 1727 2130 sit
1756 2085 1863 2129 mihi
1893 2084 2009 2128 hodie
2041 2083 2095 2128 ad

125 2150 421 2209 probationem
445 2167 470 2194 »
491 2167 502 2206 ;
530 2161 573 2196 et
597 2151 712 2197 infra
737 2154 850 2213 (cap.
877 2154 997 2211 26.):
1028 2170 1051 2196 c<
1075 2154 1125 2198 Si
1151 2154 1383 2213 episcopo,
1407 2163 1483 2197 aut
1506 2153 1769 2212 presbytero
1794 2151 1977 2210 aliquod
2004 2165 2098 2195 ma·

131 2216 332 2262 leficium
356 2217 491 2263 fuerit
515 2219 801 2279 imputatum,
834 2235 916 2280 pro
950 2221 1139 2281 singulis
1166 2221 1355 2265 missam
1383 2220 1612 2265 celebrare
1649 2220 1795 2273 debet,
1819 2229 1863 2264 et
1889 2232 2095 2262 commu·

130 2283 298 2339 nicare,
311 2295 356 2330 et
372 2285 427 2330 de
445 2286 634 2346 singulis
651 2288 736 2332 sibi
756 2289 988 2348 imputatis
1012 2291 1305 2333 innocentem
1323 2303 1371 2332 se
1390 2288 1627 2332 ostendere
1649 2305 1672 2330 »
1690 2302 1699 2331 :
1724 2287 1803 2331 sed
1830 2296 2095 2346 peccatores

131 2350 339 2396 occultos
363 2366 458 2397 non
484 2363 662 2413 oportet
686 2355 979 2410 manifestari,
1006 2356 1111 2415 quia
1137 2356 1175 2399 si
1199 2355 1396 2400 frontem
1433 2354 1734 2399 verecundiae
1763 2353 2022 2412 abjecerint,
2048 2351 2097 2395 li-

130 2417 280 2463 berius
306 2420 571 2479 peccabunt,
598 2430 646 2465 ut
671 2422 864 2482 August.
892 2423 1000 2467 dicit
1025 2423 1071 2466 in
1098 2422 1173 2466 lib.
1192 2423 1247 2467 de
1265 2422 1426 2466 Verbis
1447 2422 1640 2466 Domini
1665 2422 1807 2479 (serm.
1834 2419 1951 2478 16.);
1981 2432 2093 2477 ergo

130 2486 445 2544 peccatoribus
470 2487 662 2533 occultis
687 2503 780 2533 non
809 2499 876 2534 est
901 2503 1065 2549 corpus
1093 2489 1263 2534 Christi
1290 2489 1504 2543 dandum,
1528 2488 1707 2532 etiamsi
1731 2496 1898 2548 petant.

225 2551 319 2598 SED
345 2566 541 2600 CONTRA
557 2566 639 2610 est,
660 2556 783 2616 quod
805 2571 939 2617 super
954 2556 1065 2601 illud
1083 2556 1201 2601 Psal.
1221 2570 1316 2602 21.:
1343 2556 1724 2609 Manducaverunt,
1747 2561 1786 2600 et
1810 2554 2095 2599 adoraverunt

133 2632 273 2664 omnes
291 2621 463 2680 pingues
489 2628 639 2678 terrae,
666 2623 774 2667 dicit
797 2624 991 2683 August.
1019 2623 1135 2682 (hab.
1158 2625 1203 2667 in
1229 2623 1341 2669 Glos.
1369 2623 1458 2668 ord.
1485 2630 1525 2668 et
1549 2631 1639 2683 cap.
1668 2622 1737 2682 67.
1765 2623 1832 2666 De
1856 2621 2093 2666 Consecrat.

133 2686 246 2730 Dist.
269 2687 359 2745 2.).·
395 2702 419 2728 «
443 2687 551 2732 Non
575 2689 845 2747 prohibebat
876 2691 1161 2751 dispensator
1191 2691 1382 2750 pingues
1416 2701 1576 2746 terrae,
1608 2689 1724 2734 idest
1748 2697 2029 2748 peccatores,
2046 2687 2093 2730 in

134 2766 294 2798 mensa
317 2753 509 2799 Domini
534 2756 810 2802 manducare
835 2774 875 2801 >›.

222 2820 510 2866 RESPONDEO
538 2822 794 2878 dicendum,
821 2824 944 2883 quod
966 2824 1087 2868 circa
1111 2834 1375 2883 peccatores
1394 2823 1764 2882 distinguendum
1790 2830 1880 2875 est3
1907 2819 2093 2879 quidam

133 2887 258 2931 enim
283 2898 386 2932 sunt
412 2887 595 2943 occulti,
621 2889 807 2949 quidam
832 2904 942 2935 vero
969 2890 1212 2946 manifesti,
1235 2890 1410 2935 scilicet
1431 2905 1510 2950 per
1533 2889 1807 2934 evidentiam
1833 2886 1955 2941 facti,
1977 2886 2095 2931 sicut

133 2953 302 3014 publici
328 2955 532 3009 usurarii,
559 2965 635 2999 aut
659 2956 828 3015 publici
858 2967 1085 3016 raptores;
1113 2957 1186 3001 vel
1218 2958 1356 3001 etiam
1381 2972 1462 3016 per
1489 2956 1672 3015 aliquod
1699 2954 1919 3014 judicium
1947 2952 2093 2998 eccle-

133 3021 380 3076 siasticum,
413 3021 486 3067 vel
517 3022 773 3067 saeculare:
802 3023 1052 3068 manifestis
1084 3038 1194 3082 ergo
1227 3024 1543 3083 peccatoribus
1569 3037 1663 3066 non
1695 3022 1828 3065 debet
1853 3021 1990 3065 etiam
2016 3032 2093 3079 pe-

132 3088 328 3134 tentibus
350 3103 478 3134 sacra
511 3091 778 3134 communio
801 3090 921 3145 dari;
943 3091 1062 3135 unde
1086 3091 1341 3151 Cyprianus
1364 3091 1518 3135 scribit
1532 3090 1586 3133 ad
1604 3088 1851 3148 quemdam
1871 3088 2004 3147 (epist.
2022 3102 2091 3133 10.

134 3155 205 3200 lib.
228 3156 313 3213 1.).·
334 3172 358 3198 «
373 3156 463 3201 Pro
491 3156 734 3201 dilectione
759 3166 838 3201 tua
864 3158 1195 3203 consulendum
1215 3173 1296 3216 ⁸me
1324 3157 1606 3210 existimasti,
1624 3155 1730 3214 quid
1754 3155 1867 3199 mihi
1885 3155 2092 3199 videatur

135 3222 191 3267 de
215 3223 523 3278 histrionibus,
551 3234 595 3268 et
620 3238 758 3282 mago
786 3223 880 3278 illo,
907 3226 985 3284 qui
1017 3226 1134 3285 apud
1165 3240 1248 3271 vos
1282 3227 1551 3269 constitutus
1586 3223 1733 3267 adhuc
1766 3223 1812 3267 in
1846 3223 1952 3267 artis
1984 3235 2093 3266 suae

135 3289 359 3335 dedecore
385 3301 657 3349 perseverat,
692 3305 747 3334 an
780 3290 944 3335 talibus
979 3306 1108 3336 sacra
1150 3292 1419 3337 communio
1463 3303 1567 3334 cum
1606 3290 1794 3334 caeteris
1835 3288 2092 3333 christianis

136 3356 299 3401 debeat
315 3357 430 3402 dari:
450 3368 558 3417 puto
576 3372 659 3402 nec
679 3357 904 3416 maiestati
921 3358 1113 3413 divinae,
1131 3374 1215 3404 nec
1235 3357 1528 3416 evangelicae
1546 3356 1808 3415 disciplinae
1825 3369 2094 3414 congruere,

137 3433 186 3468 ut
210 3423 371 3484 pudor,
396 3435 441 3470 et
464 3425 616 3469 honor
640 3425 872 3470 Ecclesiae
904 3434 998 3470 tam
1029 3426 1163 3486 turpi,
1185 3435 1228 3471 et
1255 3424 1413 3470 infami
1446 3423 1720 3482 contagione
1746 3422 1953 3467 foedetur
1974 3439 2015 3466 ».
2044 3421 2095 3466 Si

136 3504 246 3535 vero
271 3505 366 3536 non
392 3502 495 3536 sunt
527 3491 754 3536 manifesti
789 3503 1067 3551 peccatores,
1104 3493 1182 3538 sed
1210 3490 1392 3544 occulti,
1429 3504 1523 3534 non
1561 3499 1710 3549 potest
1741 3490 1805 3535 eis
1841 3489 2095 3549 petentibus

137 3571 264 3603 sacra
291 3559 556 3603 communio
583 3559 818 3618 denegari3
846 3572 953 3603 cum
978 3559 1101 3603 enim
1145 3558 1332 3619 quilibet
1360 3557 1644 3611 christianus,
1662 3571 1717 3601 ex
1737 3556 1827 3601 hoc
1849 3557 1949 3616 ipso
1972 3557 2094 3616 quod

138 3633 207 3669 est
228 3624 494 3685 baptizatus,
520 3626 576 3670 sit
602 3625 825 3670 admissus
851 3624 906 3669 ad
929 3625 1223 3670 Dominicam
1251 3638 1473 3677 mensam,
1500 3637 1593 3669 non
1624 3633 1775 3683 potest
1800 3623 1842 3668 ei
1866 3625 1936 3682 jus
1961 3637 2095 3668 suum
