2352 3926
0 875 10 916 ζ’

0 941 11 989 “,

0 2779 23 3015 ..ἢνῖρδ
0 2734 11 2763 ψ,
0 2630 14 2682 w.
0 2459 15 2612 ‚vr-„w
0 2417 5 2439 r
0 2327 3 2329 -

11 3607 26 3661 ψ
8 3333 31 3567 *τῇδ’-ἀντη
9 3296 14 3310 -
10 3256 17 3271 „,
11 3236 14 3237 =
8 3155 13 3169 ·‘
11 3076 15 3098 Α·

621 228 900 276 QUABSTIO
940 228 1166 269 Lxxvnt.
1208 227 1515 269 ARTICULUS
1554 228 1627 268 vl.
1996 231 2100 286 705

220 331 307 378 An
337 342 526 378 PRIMUM
552 344 662 392 ergo
699 331 958 388 dicendum,
985 332 1108 392 quod
1135 347 1191 378 ex
1214 332 1301 377 hac
1327 331 1505 377 ratione
1528 331 1741 376 videntur
1761 329 1901 379 fuisse
1928 331 2107 392 decepti

139 398 220 454 illi,
244 399 320 460 qui
337 400 614 459 praedictam
634 400 910 459 positionem
935 409 1208 460 posuerunt3
1235 400 1354 444 unde
1373 398 1721 458 intelligendum
1743 408 1823 453 est,
1841 399 1963 459 quod
1985 398 2107 444 facta

141 466 496 512 consecratione·
513 469 656 526 panis,
680 477 748 512 est
772 467 959 527 quidem
991 481 1156 527 corpus
1184 466 1357 511 Christi
1382 466 1443 510 ibi
1470 480 1524 510 ex
1550 466 1596 510 vi
1620 466 1911 520 sacramenti,
1938 476 1983 512 et
2007 480 2107 511 san-

139 533 240 594 guis
265 547 321 579 ex
346 534 457 579 reali
484 534 865 588 concomitantia3
892 534 970 578 sed
997 534 1295 593 postmodum
1318 548 1397 592 per
1420 534 1816 578 consecrationem
1841 534 1937 578 vini
1961 533 2011 579 fit
2041 534 2105 579 ibi

138 605 163 646 e
190 614 415 646 converso
442 602 626 661 sanguis
653 601 826 646 Christi
852 612 906 645 ex
932 601 975 644 vi
1003 601 1292 655 sacramenti,
1320 615 1484 660 corpus
1519 610 1674 645 autem
1708 615 1761 645 ex
1794 601 1907 647 reali
1939 615 2107 647 conco-

139 668 362 722 mitantia,
394 668 455 713 ita
482 668 604 728 quod
631 678 751 713 totus
781 668 988 712 Christus
1015 677 1082 711 est
1107 668 1187 711 sub
1216 677 1405 727 utraque
1432 668 1597 727 specie,
1624 668 1739 713 sicut
1766 683 1900 728 supra
1932 669 2106 715 dictum

139 745 207 780 est
233 735 292 795 (q.
319 736 389 795 76.
417 741 498 781 art.
516 736 592 794 2.).

227 802 303 846 An
336 814 597 848 SECUNDUM
625 802 883 856 dicendum,
909 800 1033 860 quod
1059 801 1150 844 hoc
1177 811 1517 845 sacramentum
1543 811 1611 846 est
1642 816 1785 847 unum
1810 803 2106 863 perfectione,

137 869 255 915 sicut
286 882 421 929 supra
446 870 618 914 dictum
647 878 714 913 est
738 869 800 927 (q.
823 882 881 928 73.
909 875 991 913 art.
1010 869 1088 926 2.),
1115 867 1290 912 scilicet
1315 868 1585 927 inquantum
1614 870 1900 915 constituitur
1921 885 1976 916 ex
1998 871 2106 916 duo-

135 936 235 991 bus,
252 936 427 982 scilicet
444 937 562 991 cibo,
579 945 624 981 et
645 945 780 996 potu3
807 949 1004 994 quorum
1022 944 1266 994 utrumque
1287 949 1368 994 per
1384 949 1432 979 se
1448 935 1586 980 habet
1600 950 1730 980 suam
1752 937 2105 996 perfectionem3

137 1003 217 1048 sed
242 1013 332 1049 tres
358 1003 679 1048 immersiones
704 1002 917 1063 baptismi
949 1001 1216 1046 ordinantur
1249 1002 1305 1046 ad
1338 1016 1481 1046 unum
1514 1003 1772 1062 simplicem
1799 1005 2029 1060 effectum,
2061 1015 2108 1051 et

135 1070 240 1116 ideo
266 1081 361 1115 non
388 1081 457 1116 est
482 1070 644 1115 simile.

226 1138 303 1183 AD
319 1144 536 1183 TERTIUM
554 1136 814 1191 dicendum,
832 1136 954 1196 quod
978 1136 1156 1180 diversa
1170 1136 1323 1190 verba,
1351 1150 1468 1196 quae
1494 1146 1598 1181 sunt
1623 1138 1670 1181 in
1695 1137 1844 1183 forma
1870 1152 2108 1185 consecra-

136 1205 274 1264 tionis
298 1206 444 1266 panis,
472 1205 752 1250 constituunt
776 1204 1015 1248 veritatem
1042 1204 1174 1248 unius
1201 1203 1462 1258 locutionis,
1495 1218 1590 1248 non
1622 1216 1774 1250 autem
1801 1207 1938 1251 verba
1965 1207 2108 1252 diver-

135 1283 291 1318 sarum
314 1272 583 1329 formarum,
611 1281 655 1317 et
679 1272 785 1316 ideo
811 1285 906 1316 non
933 1281 1001 1316 est
1026 1270 1191 1316 simile.

996 1466 1241 1474 ..μ-

719 1601 1182 1732 QUAESTIo
1227 1653 1523 1714 LXXIX.

400 1810 481 1852 DE
530 1810 888 1852 EFFECTIBUS
935 1806 1321 1851 SACRAMENTI
1369 1809 1832 1860 EUCHARISTIAE,

674 1900 740 1941 IN
773 1899 928 1942 OCTO
961 1898 1294 1940 ARTICULOS
1341 1899 1565 1940 DIVISA.

206 2075 400 2125 'Deinde
429 2077 811 2125 considerandum
837 2086 905 2122 est
930 2076 986 2122 de
1012 2075 1247 2121 effectibus
1272 2076 1409 2136 hujus
1435 2076 1725 2122 sacramenti.

760 2191 818 2236 Et
842 2192 958 2236 circa
983 2190 1058 2236 hoc
1084 2197 1346 2250 quaeruntur
1372 2198 1477 2236 octo.

221 2280 396 2326 Primo.
424 2279 592 2325 Utrum
618 2280 709 2324 hoc
737 2288 1076 2324 sacramentum
1104 2277 1308 2323 conferat
1335 2278 1544 2338 gratiam.

223 2346 454 2393 Sec-undo.
481 2347 648 2392 Utrum
675 2346 863 2391 effectus
885 2347 1020 2405 hujus
1046 2346 1323 2391 sacramenti
1347 2346 1405 2390 sit
1430 2346 1612 2406 adeptio
1640 2346 1827 2406 gloriae.

221 2413 399 2461 Tertio.
425 2415 594 2460 Utrum
617 2413 804 2459 effectus
830 2414 966 2473 hujus
993 2414 1267 2458 sacramenti
1293 2415 1349 2458 sit
1371 2414 1580 2459 remissio
1607 2415 1786 2473 peccati
1811 2414 2034 2461 mortalis.

222 2481 421 2536 Quarto.
448 2482 615 2527 Utrum
642 2496 723 2541 per
746 2481 837 2526 hoc
865 2491 1203 2526 sacramentum
1230 2483 1486 2526 remittatur
1509 2492 1751 2540 peccatum
1777 2482 1970 2530 veniale.

221 2548 418 2603 Quinto.
445 2549 612 2594 Utrum
639 2562 720 2609 per
745 2549 836 2594 hoc
863 2558 1204 2593 sacramentum
1229 2559 1326 2593 tota
1353 2563 1503 2609 poena
1529 2551 1707 2609 peccati
1731 2550 1999 2596 remittatur.

225 2616 380 2661 Sexto.
406 2616 574 2661 Utrum
599 2616 691 2660 hoc
719 2624 1057 2661 sacramentum
1084 2616 1296 2661 homines
1319 2627 1577 2676 praeservet
1598 2631 1624 2661 a
1644 2617 1844 2676 peccatis
1869 2617 2044 2663 futuris·

225 2684 447 2744 Septimo.
474 2684 641 2729 Utrum
666 2685 758 2728 hoc
785 2694 1123 2729 sacramentum
1149 2685 1294 2743 prosit
1319 2684 1433 2739 aliis,
1459 2699 1599 2744 quam
1625 2685 1924 2731 sumentibus.

225 2751 424 2798 Octav0.
450 2751 523 2796 De
547 2750 879 2812 impedimento
901 2750 1090 2796 effectus
1116 2751 1250 2811 hujus
1277 2752 1568 2797 sacramenti.

848 2926 1284 2986 ARTICULUS
1328 2930 1370 2984 I.
1923 2929 1927 2931 ’
2011 2954 2104 3003 470

311 3060 507 3101 UTRUM
544 3062 646 3101 PER
682 3060 798 3101 HOC
837 3062 1248 3103 SACRAMENTUM
1288 3062 1656 3103 CONFERATUR
1698 3062 1920 3102 GRATIA.

403 3165 533 3228 (Insr.
560 3173 641 3213 art.
668 3180 711 3225 4.
739 3176 852 3228 corp.
878 3174 918 3214 et
941 3181 983 3226 4.
1010 3170 1122 3214 Dist.
1149 3184 1211 3215 12.
1240 3184 1278 3229 q.
1306 3184 1345 3215 2.
1373 3175 1454 3214 art.
1479 3184 1517 3214 2.
1546 3184 1584 3228 q.
1612 3183 1647 3214 1.
1674 3168 1730 3213 ad
1754 3168 1832 3228 2.).

221 3281 300 3326 AD
316 3290 506 3326 PRIMUM
532 3279 597 3324 sic
614 3279 888 3338 proceditur.
905 3279 1110 3335 Videtur,
1133 3282 1256 3341 quod
1281 3296 1361 3342 per
1386 3282 1477 3326 hoc
1505 3291 1844 3327 sacramentum
1870 3296 1966 3327 non
1995 3296 2102 3328 con-

131 3347 302 3393 feratur
316 3347 487 3407 gratia:
514 3346 605 3391 hoc
633 3346 756 3391 enim
782 3356 1119 3410 sacramentum
1138 3358 1206 3393 est
1221 3349 1551 3393 nutrimentum
1572 3348 1828 3407 spirituale:
1854 3349 2103 3394 nutrimen-

133 3425 233 3460 tum
258 3424 412 3460 autem
433 3428 528 3459 non
554 3414 686 3458 datur
711 3414 798 3458 nisi
821 3413 1018 3469 viventi3
1045 3429 1151 3460 cum
1177 3430 1289 3475 ergo
1315 3416 1407 3460 vita
1434 3415 1677 3475 spiritualis
1704 3416 1762 3461 sit
1786 3431 1867 3476 per
1889 3417 2100 3476 gra-tiam,

130 3492 230 3528 non
251 3481 476 3542 'competit
500 3481 591 3526 hoc
619 3490 959 3526 sacramentum
984 3482 1073 3526 nisi
1097 3482 1284 3527 habenti
1310 3483 1529 3541 gratiam;
1555 3497 1650 3527 non
1670 3497 1787 3542 ergo
1814 3498 1894 3543 per
1918 3484 2009 3530 hoc
2036 3498 2103 3528 sa-

134 3557 421 3596 cramentum
446 3547 681 3594 confertur
706 3548 866 3607 gratia,
891 3557 942 3592 ut
964 3548 1115 3608 primo
1140 3549 1386 3604 habeatur3
1413 3549 1622 3596 similiter
1647 3551 1786 3595 etiam
1813 3565 1898 3596 nec
1925 3551 1982 3595 ad
2008 3551 2100 3596 hoc

128 3617 258 3679 quod
290 3623 523 3676 augeatur,
560 3615 666 3676 quia
691 3623 992 3674 augmentum
1017 3615 1249 3675 spirituale
1273 3616 1468 3677 pertinet
1495 3615 1550 3663 ad
1577 3627 1914 3665 sacramentum
1942 3617 2102 3664 confis-

317 3719 354 3753 S.
378 3718 533 3753 Tuon:
558 3717 690 3752 Samma
721 3717 925 3762 Theologiea.
951 3716 1034 3753 Vol.
1060 3717 1122 3753 lv.
1878 3730 1918 3765 45
