2352 3926
329 199 438 267 396
838 210 1114 256 QUAESTIO
1154 209 1299 248 XLVI.
1340 194 1648 248 ART1CULus
1688 210 1762 249 1x.

325 313 665 365 immolabatur,
699 311 919 370 corporis,
961 310 1285 369 sanguinisque
1326 311 1395 354 sui
1431 310 1661 369 discipulis
1705 310 1886 356 tradens
1926 312 2143 372 mysteria
2174 312 2290 358 cele-

325 381 511 433 branda,
539 390 583 422 et
610 394 634 422 a
655 379 837 436 Judaeis
859 389 1024 431 tentus,
1049 393 1100 421 ac
1123 378 1303 436 ligatus,
1321 378 1460 435 ipsius
1487 377 1833 432 immolationis,
1855 379 1947 422 hoc
1973 389 2039 424 est
2066 379 2289 438 passionis

326 462 450 500 suae,
478 446 671 489 sacravit
698 445 936 489 exordium
963 460 1013 499 »3
1042 459 1147 488 cum
1171 455 1323 488 autem
1347 445 1508 487 dicitur
1524 445 1653 501 Joan.
1683 458 1773 502 13.:
1795 446 1907 489 Ante
1927 445 2195 504 diemfestum
2213 447 2292 490 Pa-

325 515 455 566 schae,
485 512 751 570 intelligitur
776 513 866 555 hoc
885 511 1022 556 fuisse
1040 512 1380 570 quartadecima
1406 511 1528 564 luna,
1547 511 1668 569 quod
1692 521 1797 554 tunc
1817 512 1965 555 evenit
1987 513 2143 571 quinta
2163 511 2289 565 feria,

325 595 433 624 nam
462 581 569 623 luna
596 580 812 623 existente
840 579 1189 637 quintadecima,
1217 588 1310 622 erat
1338 579 1432 621 dies
1460 578 1823 621 solemnissimus
1850 579 2054 623 Paschae
2081 580 2199 638 apud
2219 579 2292 636 Ju-

325 648 480 700 daeos,
509 657 553 690 et
579 647 641 690 sic
671 647 885 689 eumdem
903 646 1046 700 diem,
1073 660 1208 704 quem
1230 646 1429 703 Joannes
1455 645 1665 688 nominat
1690 651 1783 688 ante
1804 645 1911 690 diem
1927 645 2074 700 festum
2090 646 2288 700 Paschae,

324 724 509 772 propter
535 713 875 757 distinctionem
902 712 1157 756 naturalem
1190 713 1381 765 dierum,
1410 712 1671 755 Matthaeus
1698 711 1908 756 nominat
1938 713 2136 770 primurn
2166 712 2290 756 diem

327 795 616 839 azymorum:
646 781 751 839 quia
777 781 1032 824 secundum
1058 780 1195 823 ritum
1221 780 1436 837 Judaicae
1463 778 1715 823 festivitatis
1749 777 2015 823 solemnitas
2046 779 2292 837 incipiebat

327 864 353 893 a
378 863 569 907 vespera
596 849 907 907 praecedentis
935 848 1043 891 diei:
1073 847 1195 906 quod
1224 856 1375 891 autem
1394 847 1569 900 dicitur,
1588 861 1668 890 eos
1688 856 1972 890 comesturos
1998 859 2096 890 esse
2113 845 2290 890 Pascha

325 918 370 960 in
397 911 737 975 quintadecima
762 914 883 970 luna,
910 915 1256 973 intelligendum
1284 925 1364 967 est,
1392 913 1514 972 quod
1540 913 1805 957 ibi'Pascha
1831 926 1926 956 non
1957 912 2121 956 dicitur
2146 926 2290 971 agnus

326 983 570 1042 paschalis,
597 982 675 1041 qui
699 981 965 1026 immolatus
991 981 1138 1026 fuerat
1163 981 1504 1039 decimaquarta
1531 980 1639 1024 luna
1655 996 1665 1034 ;
1682 980 1760 1023 sed
1779 980 1942 1023 dicitur
1957 980 2083 1023 cibus
2104 978 2292 1038 pascha-

325 1050 394 1104 lis,
413 1050 527 1094 idest
553 1050 702 1108 azymi
719 1063 873 1108 panes,
892 1063 1007 1108 quos
1034 1049 1272 1107 oportebat
1301 1048 1484 1091 comedi
1507 1062 1532 1090 a
1555 1047 1761 1092 mundis:
1785 1048 1905 1090 unde
1927 1045 2290 1106 Chrysostomus

326 1117 494 1160 ibidem
524 1117 569 1173 (a
588 1116 712 1174 med.)
733 1116 869 1160 aliam
898 1116 1231 1174 expositionem
1258 1116 1400 1173 ponit,
1420 1115 1540 1172 quod
1559 1115 1737 1158 Pascha
1754 1123 1904 1173 potest
1928 1114 2075 1173 accipi
2091 1127 2174 1173 pro
2190 1123 2290 1158 toto

325 1184 442 1228 festo
463 1184 757 1241 Judaeorum,
786 1183 907 1242 quod
935 1192 1108 1241 septem
1136 1182 1293 1225 diebus
1320 1182 1551 1239 agebatur.

415 1251 491 1295 AD
519 1264 778 1295 SECUNDUM
806 1250 1063 1303 dicendum,
1097 1248 1233 1307 quod,
1266 1248 1382 1292 sicut
1418 1248 1659 1306 Augustin.
1696 1248 1803 1292 dicit
1836 1248 1883 1291 in
1916 1247 2031 1292 libro
2069 1248 2202 1291 tertio
2235 1247 2291 1291 de

328 1318 663 1375 Conf.Evang.
692 1319 925 1376 (cap.13.),
959 1333 981 1357 «
1005 1316 1118 1359 hora
1159 1326 1255 1359 erat
1292 1316 1420 1374 quasi
1453 1326 1591 1368 sexta,
1626 1329 1730 1358 curn
1756 1316 1945 1359 traditus
1971 1324 2039 1359 est
2062 1314 2292 1358 Dominus

327 1385 659 1443 crucifigendus
687 1399 712 1427 a
735 1385 899 1437 Pilato,
926 1393 975 1426 ut
994 1383 1194 1440 Joannes
1221 1383 1350 1425 dicit:
1377 1396 1471 1425 non
1499 1383 1620 1425 enim
1644 1392 1740 1425 erat
1756 1381 1888 1440 plene
1906 1391 2045 1436 sexta,
2063 1367 2167 1426 sed
2163 1381 2294 1440 quasi

326 1462 464 1504 sexta,
491 1453 607 1496 idest
632 1462 815 1510 peracta
842 1451 1011 1509 quinta,
1046 1461 1090 1494 et
1123 1450 1291 1508 aliquid
1327 1450 1465 1493 etiam
1503 1449 1557 1492 de
1591 1460 1716 1493 sexta
1756 1463 1854 1493 esse
1891 1457 2120 1507 coeperat,
2146 1447 2292 1493 donec

327 1519 557 1578 completa
584 1529 723 1572 sexta,
742 1518 929 1562 Christo
952 1518 1176 1579 pendente
1192 1518 1238 1560 in
1258 1531 1406 1569 cruce,
1428 1517 1642 1560 tenebrae
1659 1516 1840 1560 fierent:
1857 1515 2124 1575 intelligitur
2140 1508 2294 1559 autem

325 1586 463 1630 fuisse
489 1586 604 1636 hora
621 1586 766 1639 tertia,
795 1599 901 1628 cum
930 1584 1244 1628 clamaverunt
1263 1583 1437 1641 Judaei‚
1465 1594 1511 1627 ut
1529 1583 1758 1627 Dominus
1776 1582 2136 1641 crucifigeretur:
2159 1592 2204 1627 et
2222 1596 2296 1627 ve·

326 1654 501 1698 rissime
544 1653 896 1705 demonstratur,
933 1660 1040 1694 tunc
1080 1665 1160 1695 eos
1204 1650 1493 1704 crucifixisse,
1522 1650 1704 1708 quando
1739 1650 2074 1705 clamaverunt3
2096 1663 2208 1708 ergo
2234 1662 2293 1693 ne

328 1722 567 1779 quisquam
595 1719 925 1778 cogitationem
948 1719 1061 1762 tanti
1084 1718 1284 1761 criminis
1304 1732 1487 1762 aversus
1506 1717 1726 1775 aJudaeis
1743 1719 1789 1761 in
1807 1718 2294 1771 militesconverteret,

328 1789 450 1839 Erat,
478 1787 637 1845 inquit,
665 1787 769 1830 hora
796 1787 932 1839 tertia,
960 1793 998 1830 et
1025 1786 1328 1843 crucifixerunt
1352 1801 1460 1840 eum,
1486 1795 1535 1829 ut
1561 1785 1624 1829 illi
1645 1800 1751 1829 eum
1775 1785 1924 1844 potius
1944 1784 2217 1830 crucifixisse
2234 1786 2296 1829 in-

328 1855 578 1908 veniantur,
597 1853 674 1912 qui
698 1853 814 1897 hora
840 1854 972 1898 tertia
999 1862 1048 1896 ut
1074 1852 1415 1910 crucifigeretur
1441 1851 1778 1898 clamaverunt:
1797 1866 2076 1911 quamquam
2100 1865 2196 1896 non
2221 1852 2296 1896 de-

327 1932 444 1975 sunt,
464 1921 540 1980 qui
558 1921 857 1974 Parasceven,
876 1935 1014 1979 quam
1035 1920 1234 1977 Joannes
1253 1930 1591 1963 commemorat
1613 1920 1791 1963 dicens:
1813 1921 1930 1964 Erat
1946 1920 2177 1964 Parasceve
2191 1919 2296 1964 hora

327 1991 445 2048 quasi
469 1995 599 2043 sexta,
626 1988 792 2031 horam
819 1987 908 2031 diei
941 1988 1121 2031 tertiam
1152 1987 1294 2030 velint
1324 1985 1532 2044 intelligi.
1559 1987 1812 2031 Parasceve
1844 1987 2011 2046 quippe
2036 1988 2296 2046 interpreta-

326 2068 398 2101 tur
429 2056 739 2115 praeparati03
761 2069 922 2098 verum
950 2065 1103 2098 autem
1131 2054 1323 2107 Pascha,
1351 2054 1474 2112 quod
1500 2055 1546 2097 in
1573 2054 1785 2112 passione
1806 2054 2000 2097 Domini
2026 2052 2295 2108 celebratur,

327 2125 530 2183 incoepit
555 2123 815 2183 praeparari
841 2123 894 2166 ab
915 2123 1028 2166 hora
1055 2121 1202 2166 noctis
1231 2136 1368 2174 nona,
1396 2122 1578 2180 quando
1606 2121 1780 2165 scilicet
1805 2135 1968 2166 omnes
1985 2120 2210 2180 principes
2232 2134 2298 2164 sa-

330 2192 567 2237 cerdotum
594 2191 824 2235 dixerunt:
843 2192 947 2235 Reus
973 2196 1026 2233 est
1042 2191 1189 2233 mortis
1204 2204 1220 2241 ‚·
1251 2189 1303 2232 ab
1331 2188 1409 2232 illa
1437 2202 1546 2246 ergo
1573 2189 1721 2232 noctis
1747 2189 1863 2232 hora
1889 2201 2032 2246 usque
2049 2187 2105 2231 ad
2125 2186 2298 2232 Christi

329 2258 687 2311 crucifixionem,
717 2257 916 2301 occurrit
940 2257 1056 2300 hora
1083 2257 1358 2299 Parasceves
1391 2266 1530 2310 sexta,
1564 2256 1815 2299 secundum
1836 2255 2080 2313 Joannem,
2106 2265 2150 2299 et
2180 2253 2298 2299 hora

329 2327 420 2371 diei
446 2328 591 2379 tertia,
620 2325 874 2369 secundum
901 2324 1176 2377 Marcum»;
1204 2322 1390 2381 quidam
1414 2333 1570 2366 tamen
1589 2322 1759 2376 dicunt,
1780 2322 1902 2380 quod
1923 2321 2039 2365 haec
2065 2321 2299 2365 diversitas

329 2409 383 2438 ex
408 2403 599 2452 peccato
627 2392 858 2450 scriptoris
887 2391 1004 2450 apud
1026 2391 1230 2435 Graecos
1258 2391 1473 2448 contigit3
1501 2404 1610 2433 nam
1634 2389 1820 2448 figurae,
1843 2389 2005 2448 quibus
2029 2388 2130 2443 tria,
2151 2397 2199 2435 et
2220 2402 2299 2433 sex

328 2469 735 2520 repraesentantur,
762 2460 870 2503 satis
897 2468 998 2502 sunt
1025 2459 1306 2517 propinquae
1339 2458 1455 2516 apud
1490 2471 1584 2501 eos.

419 2527 495 2572 AD
523 2540 740 2571 TERTIUM
767 2526 1025 2578 dicendum,
1063 2526 1199 2583 quod,
1232 2525 1351 2569 sicut
1393 2525 1554 2568 dicitur
1586 2525 1633 2568 in
1668 2523 1744 2569 lib.
1783 2523 1838 2568 de
1867 2522 1980 2577 QQ.
2005 2533 2093 2568 vet.
2120 2531 2165 2568 et
2187 2521 2300 2567 novi

332 2594 536 2639 Testam.
562 2596 618 2652 (q.
642 2607 698 2652 55.
726 2595 845 2637 inter.
875 2600 938 2651 op.
967 2593 1114 2650 Aug),
1147 2602 1295 2635 «tunc
1321 2592 1466 2636 voluit
1490 2591 1716 2635 Dominus
1734 2590 1945 2648 passione
1971 2604 2053 2635 sua
2074 2590 2298 2634 mundum

329 2662 569 2716 redimere,
596 2671 640 2704 et
665 2659 928 2714 reformare,
962 2660 1144 2718 quando
1189 2673 1295 2702 eum
1339 2669 1583 2713 creaverat,
1621 2659 1736 2702 idest
1766 2658 1812 2701 in
1845 2657 2153 2717 aequinoctio,
2178 2655 2299 2700 unde

332 2729 528 2773 mundus
555 2728 735 2771 initium
763 2728 895 2785 cepit,
930 2737 973 2770 et
1010 2727 1104 2770 dies
1138 2741 1272 2784 super
1308 2737 1494 2769 noctem
1530 2726 1743 2779 increvit;
1780 2725 1885 2783 quia
1921 2739 1999 2783 per
2035 2724 2298 2783 passionem

333 2796 583 2843 Salvatoris
611 2810 635 2840 a
663 2795 858 2839 tenebris
894 2795 948 2837 ad
982 2794 1134 2837 lucem
1168 2793 1458 2852 perducimur
1480 2809 1532 2847 »3
1570 2803 1614 2836 et
1649 2795 1754 2851 quia
1791 2790 1988 2851 perfecta
2024 2790 2297 2835 illuminatio

333 2865 418 2909 erit
441 2864 487 2907 in
513 2862 715 2907 secundo
745 2862 938 2906 adventu
968 2861 1153 2915 Christi,
1181 2862 1284 2904 ideo
1312 2871 1491 2919 tempus
1518 2860 1707 2904 secundi
1733 2859 1951 2904 adventus
1984 2858 2143 2903 aestati
2176 2871 2300 2902 com·

332 2941 514 2990 paratur
539 2930 700 2974 Matth.
729 2942 813 2986 24,
842 2929 915 2972 ubi
943 2929 1129 2972 dicitur:
1154 2929 1262 2972 Cum
1287 2943 1430 2972 ramus
1456 2931 1542 2986 ejus
1562 2931 1657 2986 jam
1685 2934 1796 2972 tener
1811 2927 1964 2985 fue-rit,
1990 2932 2026 2970 et
2042 2925 2153 2984 folia
2180 2931 2298 2979 nata,

331 3001 443 3044 scitis
469 3000 567 3057 quia
587 3005 720 3056 prope
747 3003 800 3041 est
827 3003 984 3040 aestas:
1012 2998 1073 3039 ita
1099 3002 1135 3039 et
1161 3010 1248 3048 vos,
1278 3011 1372 3039 cum
1398 2995 1585 3039 videritis
1603 2995 1698 3039 haec
1722 2995 1880 3048 omnia,
1897 2995 2035 3038 scitote
2053 2993 2152 3052 quia
2165 2999 2300 3052 prope.
2351 3018 2352 3021 =

333 3073 399 3120 est,
428 3072 464 3110 et
495 3068 539 3109 in
566 3066 735 3123 januis:
765 3074 808 3107 et
829 3075 935 3107 tunc
965 3062 1101 3105 etiam
1130 3064 1212 3105 erit
1239 3062 1438 3110 maxima
1468 3062 1639 3106 Christi
1666 3060 1894 3105 exaltatio.

423 3133 498 3176 AD
515 3144 752 3182 QUARTUM
767 3130 1025 3183 dicendum,
1047 3129 1168 3186 quod
1181 3129 1413 3172 Christus
1404 3143 1448 3172 m
1465 3128 1651 3186 juvenili
1670 3138 1816 3172 aetate
1832 3127 1925 3186 pati
1941 3125 2101 3182 voluit,
2118 3134 2300 3186 propter

334 3202 449 3245 tria:
473 3202 618 3259 primo
645 3198 846 3257 quidem,
875 3207 923 3240 ut
949 3211 1002 3240 ex
1029 3196 1118 3238 hoc
1147 3196 1293 3252 magis
1321 3210 1451 3239 suam
1479 3195 1773 3240 dilectionem
1800 3194 2159 3248 commendaret,
2176 3190 2299 3252 quod

333 3270 473 3313 vitam
502 3281 632 3310 suam
659 3279 741 3324 pro
768 3264 898 3308 nobis
925 3263 1060 3313 dedit
1090 3263 1272 3320 quando
1300 3263 1458 3306 eratin
1477 3262 1809 3321 perfectissimo
1826 3270 1968 3305 statu:
1983 3260 2170 3313 secundo,
2193 3258 2300 3319 quia
2343 3258 2352 3275 ⁵

333 3350 426 3379 non
451 3333 766 3383 conveniebat,
794 3342 841 3376 ut
868 3332 914 3375 in
941 3345 996 3375 eo
1025 3340 1260 3388 appareret
1287 3341 1474 3374 naturae
1503 3331 1759 3383 diminutio,
1782 3330 1898 3373 sicut
1918 3342 2003 3373 nec
2029 3328 2232 3385 morbus,
2250 3333 2301 3373 u't
2339 3334 2346 3336 ”

335 3417 467 3461 supra
495 3401 667 3444 dictum
695 3410 762 3444 est
789 3400 846 3458 (q.
881 3413 944 3455 14.
974 3405 1053 3442 art.
1087 3398 1152 3454 4.)
1165 3413 1179 3447 ,·
1211 3399 1344 3448 tarti0,
1379 3408 1426 3440 ut
1453 3398 1497 3440 in
1526 3397 1711 3453 juvenili
1738 3406 1885 3440 aetate
1913 3395 2127 3452 moriens,
2155 3405 2198 3440 et
2234 3407 2299 3439 re-
2339 3395 2341 3397 ’

335 3483 539 3526 surgens,
562 3467 759 3512 futuram
787 3465 1116 3524 resurgentium
1142 3464 1406 3522 qualitatem
1425 3465 1469 3507 in
1489 3465 1640 3523 seipso
1662 3464 1869 3509 Christus
1893 3470 2297 3522 praemonstraret:

337 3537 455 3580 unde
483 3536 646 3579 dicitur
673 3535 836 3593 Ephes.
864 3546 929 3588 4.:
957 3534 1100 3577 Donec
1123 3545 1392 3575 occurramus
1419 3547 1555 3576 omnes
1582 3533 1624 3574 in
1657 3533 1856 3575 unitatem
1867 3530 1985 3589 fidei,
2010 3536 2047 3574 et
2077 3529 2300 3588 agnitionis
2350 3558 2352 3590 2

339 3605 443 3648 Filii
464 3604 549 3647 Dei
574 3604 618 3647 in
642 3604 789 3646 virum
812 3602 1060 3662 perfectum,
1083 3600 1127 3643 in
1148 3613 1385 3643 mensuram
1408 3601 1552 3643 aetatis
1562 3599 1830 3657 plenitudinis
1850 3596 2021 3642 Christi.
2349 3593 2352 3603 ²
