2352 3926
705 296 985 344 QUAESTIO
1026 296 1174 336 LXIX.
1217 294 1526 336 ARTICULUS
1564 295 1600 334 1.
2030 296 2136 351 597

172 397 403 444 contrahit
436 398 589 444 solum
631 399 854 465 originale
890 410 1160 460 peccatum3
1191 413 1302 458 ergo
1336 412 1417 459 per
1450 398 1729 457 baptismum
1759 396 1951 442 solvitur
1983 396 2135 441 solum

171 465 394 524 originale
420 477 676 525 peccatum.

259 545 300 578 2.
327 533 625 578 PRAETEREA.
649 533 936 578 Poenitentia
965 544 1032 579 est
1057 532 1285 579 sufficiens
1304 546 1441 576 causa
1457 531 1741 576 remissionis
1764 530 2013 576 actualium
2035 543 2136 589 pec-

171 609 401 644 catorum:
439 601 517 644 sed
555 610 657 644 ante
689 601 966 660 baptismum
999 601 1045 644 in
1073 599 1234 644 adultis
1271 599 1511 658 requiritur
1548 598 1843 657 poenitentia,
1879 597 2133 643 secundum

169 664 280 711 illud
307 666 464 711 Actor.
489 678 550 711 2.:
579 668 880 712 Poenitentiam
906 669 1029 726 agite,
1057 673 1093 711 et
1126 668 1359 726 baptizetur
1385 668 1659 724 unusquisque
1684 672 1871 710 vestrum
1878 680 1895 718 ;
1930 678 2041 724 ergo
2064 663 2139 708 ba-

169 733 361 793 ptismus
386 733 499 777 nihil
527 744 738 793 operatur
765 734 885 778 circa
911 734 1232 778 remissionem
1259 732 1509 776 actualium
1535 742 1846 790 peccatorum.

262 813 300 859 3.
318 799 614 845 PRAETEREA.
632 800 934 845 Diversorum
951 800 1219 845 morborum
1237 800 1441 843 diversae
1460 810 1564 843 sunt
1580 799 1850 853 medicinae,
1885 799 2006 858 quia,
2019 797 2140 843 sicut

170 866 481 926 Hieronymus
514 867 623 912 dicit
657 868 766 926 (sup.
793 867 898 912 illud
924 868 1062 912 Marc.
1091 882 1151 926 9..·
1178 867 1272 910 Hoc
1302 881 1428 924 genus
1453 866 1808 924 daemoniorum),
1841 882 1864 907 c<
1885 880 1988 911 non
2005 874 2138 911 sanat

171 932 375 988 oculum,
393 934 516 993 quod
527 945 658 979 sanat
674 933 974 979 calcaneum»
993 933 1099 980 :sed
1116 943 1357 992 peccatum
1381 932 1619 991 originale,
1633 933 1756 992 quod
1767 947 1847 992 per
1858 933 2137 993 baptismum

170 999 359 1055 tollitur,
385 1010 453 1045 est
477 999 597 1045 aliud
620 1015 763 1060 genus
788 1001 964 1061 peccati
991 1015 1017 1044 a
1042 1010 1234 1059 peccato
1272 999 1468 1054 actuali3
1496 1014 1608 1058 ergo
1634 1014 1728 1044 non
1761 1000 1918 1044 omnia
1948 1009 2137 1060 peccata

172 1067 461 1112 remittuntur
482 1082 562 1127 per
586 1067 875 1127 baptismum.

261 1133 356 1179 SED
383 1146 580 1180 CONTRA
607 1144 688 1189 est,
702 1135 823 1193 quod
851 1134 1014 1179 dicitur
1030 1134 1195 1179 Ezech.
1227 1132 1315 1193 36.:
1342 1133 1570 1192 Effundam
1593 1141 1714 1193 super
1738 1148 1812 1179 vos
1837 1147 1992 1193 aquam
2015 1149 2138 1179 mun-

167 1200 282 1256 dam,
309 1207 346 1246 et
369 1201 678 1246 mundabimini
703 1203 754 1246 ab
783 1203 972 1247 omnibus
996 1202 1321 1261 inquinamentis
1344 1202 1503 1245 vestris.

259 1269 547 1314 RESPONDEO
571 1269 829 1324 dicendum,
847 1269 984 1328 quod,
1011 1269 1128 1313 sicut
1151 1267 1404 1328 Apostolus
1434 1268 1540 1312 dicit
1565 1267 1763 1312 Roman.
1785 1266 1848 1314 6.:
1875 1269 2140 1327 Quicumque

172 1336 374 1396 baptizati
403 1351 542 1381 sumus
561 1337 606 1379 in
629 1335 794 1381 Christo
820 1337 932 1393 Jesu,
960 1338 1005 1380 in
1035 1342 1168 1382 morte
1195 1337 1323 1396 ipsius
1354 1336 1555 1396 baptizati
1573 1350 1740 1388 sumus,·
1776 1345 1821 1379 et
1845 1345 2004 1394 postea
2030 1349 2138 1380 con-

172 1402 338 1448 cludit:
362 1403 432 1448 Ita
457 1409 497 1448 et
518 1417 593 1447 vos
613 1404 842 1448 existimate
867 1418 940 1448 vos
966 1409 1149 1448 mortuos
1175 1402 1339 1461 quidem
1364 1418 1440 1447 esse
1467 1409 1655 1462 peccato,
1673 1403 1859 1447 viventes
1883 1409 2021 1447 autem
2038 1403 2131 1447 Deo

171 1471 217 1514 in
245 1469 412 1515 Christo
433 1470 529 1527 Iesu
554 1471 743 1514 Domino
765 1477 918 1514 nostro.
946 1469 1012 1514 Ex
1039 1484 1129 1528 quo
1156 1479 1293 1528 patet,
1320 1469 1442 1528 quod
1465 1484 1544 1528 per
1564 1469 1843 1528 baptismum
1868 1469 2015 1514 homo
2042 1483 2139 1514 mo-

170 1536 282 1580 ritur
306 1536 520 1582 vetustati
545 1537 734 1596 peccati,
760 1547 805 1581 et
829 1537 987 1595 incipit
1013 1537 1165 1580 vivere
1191 1537 1385 1581 novitati
1410 1537 1604 1595 gratiae:
1633 1550 1772 1580 omne
1801 1546 1955 1581 autem
1979 1550 2139 1596 pecca-

169 1612 268 1648 tum
295 1603 351 1646 ad
377 1603 615 1661 pristinam
635 1613 909 1647 vetustatem
931 1603 1148 1662 pertinet;
1171 1604 1289 1648 unde
1309 1617 1594 1663 consequens
1621 1613 1701 1658 est,
1729 1603 1852 1662 quod
1875 1617 2015 1648 omne
2037 1617 2138 1663 pec-

171 1680 326 1715 catum
350 1684 432 1730 per
455 1670 734 1730 baptismum
757 1670 971 1715 tollatur.-

259 1737 335 1781 ΑΙ)
360 1749 550 1782 PRIMUM
582 1751 691 1796 ergo
729 1737 988 1790 dicendum,
1011 1737 1148 1796 quod,
1175 1737 1293 1782 sicut
1317 1737 1478 1796 Apost.
1509 1736 1617 1782 dicit
1642 1736 1779 1781 Rom.
1812 1750 1865 1795 5.‚
1891 1747 2135 1796 peccatum

171 1803 302 1848 Adae
326 1817 423 1848 non
447 1813 626 1848 tantum
647 1812 810 1863 potest,
837 1814 1057 1863 quantum
1089 1813 1239 1864 potest
1264 1804 1439 1848 donum
1466 1803 1652 1858 Christi,
1686 1803 1809 1863 quod
1834 1804 1882 1848 in
1906 1803 2135 1863 baptismo

171 1870 438 1931 percipitur:
464 1885 564 1915 nam
579 1870 790 1930 judicium
815 1886 865 1915 ex
895 1885 979 1915 uno
1010 1872 1057 1915 in
1088 1871 1485 1926 condemnationem,
1504 1873 1646 1930 gratia
1671 1877 1809 1915 autem
1835 1885 1885 1915 ex
1908 1871 2049 1916 multis
2073 1871 2140 1917 de-

172 1938 283 1984 lictis
299 1939 344 1983 in
357 1939 699 1998 justificationem
714 1954 730 1992 ;
766 1938 886 1982 unde
909 1949 954 1982 et
970 1938 1163 1998 August.
1197 1939 1305 1983 dicit
1335 1938 1382 1982 in
1398 1937 1474 1982 lib.
1506 1938 1562 1982 de
1589 1938 1824 1997 Baptismo
1844 1937 2141 1996 parvulorum

171 2005 262 2064 (seu
276 2004 323 2050 de
339 2005 549 2050 Peccator.
575 2007 710 2051 merit.
739 2011 777 2051 et
801 2007 957 2050 remiss.
981 2013 1074 2065 cap.
1096 2021 1153 2065 15.
1184 2007 1230 2050 in
1241 2006 1358 2065 fin),
1389 2005 1512 2064 quod
1548 2015 1833 2064 «generante
1861 2019 2012 2060 carne,
2038 2015 2137 2050 tan-

171 2072 415 2117 tummodo
440 2073 632 2117 trahitur
649 2083 889 2132 peccatum
916 2072 1164 2132 originale;
1189 2082 1486 2131 regenerante
1514 2082 1666 2116 autem
1684 2071 1856 2131 spiritu,
1871 2086 1967 2117 non
1985 2071 2137 2118 solum

171 2138 479 2199 originalium,
505 2139 584 2184 sed
610 2140 748 2184 etiam
773 2138 1138 2184 voluntariorum
1163 2139 1213 2184 fit
1238 2139 1447 2184 remissio
1480 2149 1776 2199 peccatorum
1794 2156 1835 2183 ».

261 2205 340 2251 AD
363 2218 623 2251 SECUNDUM
650 2205 911 2261 dicendum,
939 2207 1061 2266 quod
1096 2206 1263 2251 nullius
1289 2206 1465 2266 peccati
1496 2206 1704 2251 remissio
1731 2205 1832 2250 fieri
1855 2215 2020 2265 potest,
2050 2205 2139 2250 nisi

171 2285 254 2333 per
275 2271 491 2318 virtutem
516 2273 740 2333 passionis
768 2272 964 2328 Christi;
997 2273 1115 2318 unde
1143 2283 1187 2318 et
1212 2273 1374 2332 Apost.
1408 2273 1517 2318 dicit
1542 2273 1679 2317 Hebr.
1706 2287 1749 2333 9.
1783 2272 1905 2332 quod
1930 2275 2014 2318 sine
2043 2287 2135 2318 san-

170 2340 310 2399 guinis
339 2340 531 2399 effusione
562 2355 644 2384 non
670 2340 727 2399 fit
756 2341 956 2385 remissio.
990 2339 1125 2384 Unde
1151 2350 1304 2385 motus
1330 2340 1561 2385 humanae
1586 2339 1848 2394 voluntatis,
1881 2340 1959 2399 qui
1991 2349 2059 2384 est
2088 2340 2137 2384 in

171 2405 448 2467 poenitente,
473 2421 568 2451 non
594 2405 822 2451 sufficeret
847 2406 903 2451 ad
929 2407 1252 2452 remissionem
1279 2406 1454 2467 culpae,
1480 2407 1568 2452 nisi
1585 2406 1763 2451 adesset
1779 2406 1890 2451 fides
1912 2407 2136 2467 passionis

174 2472 361 2528 Christi,
397 2483 443 2519 et
476 2474 762 2534 propositum
794 2474 1092 2533 participandi
1122 2474 1284 2533 ipsam,
1314 2474 1390 2519 vel
1420 2474 1709 2534 suscipiendo
1741 2474 2034 2534 baptismum,
2066 2472 2142 2518 vel

173 2540 456 2600 subjiciendo
482 2555 531 2586 se
566 2540 768 2586 clavibus
795 2540 1043 2586 Ecclesiae.
1070 2541 1126 2586 Et
1152 2542 1255 2586 ideo
1283 2542 1466 2601 quando
1502 2541 1663 2601 aliquis
1690 2541 1869 2585 adultus
1900 2541 2139 2600 poenitens

177 2606 234 2651 ad
256 2607 534 2667 baptismum
560 2609 750 2663 accedit,
767 2608 1059 2667 consequitur
1076 2608 1261 2668 quidem
1277 2608 1596 2653 remissionem
1615 2609 1824 2653 omnium
1842 2618 2138 2668 peccatorum

175 2686 231 2719 ex
254 2675 490 2734 proposito
514 2675 741 2735 baptismi,
767 2673 1007 2735 perfectius
1034 2685 1186 2720 autem
1213 2690 1267 2720 ex
1293 2675 1403 2720 reali
1428 2676 1717 2734 susceptione
1744 2675 1971 2734 baptismi.

265 2739 343 2785 AD
369 2752 585 2786 TERTIUM
609 2741 867 2798 dicendum,
893 2741 1015 2801 quod
1042 2742 1158 2787 ratio
1183 2742 1262 2787 illa
1286 2743 1494 2802 procedit
1529 2743 1583 2787 de
1619 2742 1965 2802 particularibus
1998 2740 2140 2785 medi-

177 2806 304 2851 cinis.
330 2806 587 2865 Baptismus
614 2818 766 2853 autem
793 2818 1004 2868 operatur
1028 2809 1076 2853 in
1100 2810 1264 2854 virtute
1282 2809 1504 2869 passionis
1534 2809 1720 2864 Christi,
1738 2823 1854 2869 quae
1877 2818 1944 2853 est
1961 2807 2136 2852 univer-

176 2872 283 2918 salis
308 2873 537 2918 medicina
562 2875 770 2919 omnium
796 2886 1107 2934 peccatorum,
1144 2887 1189 2922 et
1212 2877 1317 2922 ideo
1343 2891 1424 2936 per
1455 2877 1734 2937 baptismum
1760 2876 1918 2922 omnia
1942 2883 2132 2935 peccata

176 2939 410 2985 tolluntur.

879 3119 1312 3178 ARTICULUS
1346 3122 1418 3177 Π.
2049 3147 2132 3195 397

177 3251 370 3291 UTRUM
398 3253 495 3291 PER
531 3252 844 3291 BAPTISMUM
874 3253 1177 3295 LIBERETUR
1212 3257 1378 3295 HOMO
1410 3257 1472 3296 ΑΒ
1503 3256 1642 3294 OMNI
1671 3254 1851 3294 REATU
1878 3254 2134 3293 PECCATI.

287 3362 433 3422 (Supr.
457 3377 494 3421 q.
513 3363 583 3409 68.
602 3369 682 3407 art.
700 3377 742 3420 4.
765 3369 804 3408 et
814 3378 850 3422 3.
868 3364 979 3409 Dist.
997 3379 1061 3424 19.
1079 3372 1164 3411 art.
1176 3381 1212 3425 3.
1230 3382 1268 3425 q.
1292 3381 1331 3412 2.
1354 3373 1391 3411 et
1406 3380 1446 3422 4.
1465 3367 1575 3410 Dist.
1591 3379 1632 3422 4.
1651 3380 1688 3424 q.
1708 3379 1746 3410 2.
1768 3371 1850 3409 art.
1877 3380 1912 3410 1.
1930 3378 1968 3423 q.
1986 3378 2026 3410 2.

321 3436 360 3476 et
376 3435 457 3475 art.
470 3444 506 3489 3.
529 3445 567 3489 q.
587 3446 622 3476 r.
639 3436 675 3475 et
691 3431 801 3474 Dist.
820 3443 859 3489 7.
884 3445 923 3490 q.
943 3446 979 3476 r.
1001 3438 1082 3477 art.
1099 3447 1134 3478 Ι.
1158 3447 1195 3492 q.
1213 3449 1248 3478 1.
1267 3440 1305 3478 et
1320 3447 1361 3490 4.
1382 3433 1530 3476 Contr.
1545 3446 1585 3490 g.
1602 3439 1692 3491 cap.
1706 3433 1771 3490 58.
1785 3446 1852 3491 59.
1870 3438 1909 3477 et
1924 3445 1992 3491 72.

652 3504 688 3543 et
719 3499 837 3543 Rom.
860 3513 917 3544 11.
944 3498 1033 3544 lect.
1050 3512 1092 3557 4.
1114 3506 1150 3545 et
1169 3500 1301 3545 Hebr.
1319 3501 1361 3546 6.
1385 3501 1475 3546 lect.
1493 3514 1531 3544 2.
1539 3499 1658 3557 fin.).

268 3606 346 3653 AD
371 3620 633 3654 SECUNDUM
658 3608 722 3652 sic
748 3608 1020 3668 proceditur.
1045 3606 1249 3664 Videtur,
1268 3610 1390 3669 quod
1412 3623 1491 3667 per
1516 3608 1793 3667 baptismum
1815 3621 1909 3652 non
1927 3607 2139 3654 liberetur

178 3672 325 3720 homo
351 3674 406 3719 ab
433 3675 562 3719 omni
588 3684 714 3720 reatu
740 3674 939 3735 peccati:
966 3675 1074 3721 dicit
1098 3677 1222 3721 enim
1247 3675 1499 3736 Apostolus
1524 3675 1721 3720 Roman.
1744 3688 1832 3735 13.:
1860 3675 1981 3734 Quae
2002 3676 2136 3722 aDeo
