<?xml version="1.0" encoding="UTF-8"?>
<!DOCTYPE html PUBLIC "-//W3C//DTD XHTML 1.0 Transitional//EN"
    "http://www.w3.org/TR/xhtml1/DTD/xhtml1-transitional.dtd">
<html xmlns="http://www.w3.org/1999/xhtml" xml:lang="en" lang="en">
 <head>
  <title>
</title>
<meta http-equiv="Content-Type" content="text/html;charset=utf-8" />
  <meta name='ocr-system' content='tesseract 3.04.00' />
  <meta name='ocr-capabilities' content='ocr_page ocr_carea ocr_par ocr_line ocrx_word'/>
</head>
<body>
  <div class='ocr_page' id='page_1' title='image "./divithomaeaquina04thom_0660.png"; bbox 0 0 2352 3926; ppageno 0'>
   <div class='ocr_carea' id='block_1_1' title="bbox 283 183 1729 266">
    <p class='ocr_par' dir='ltr' id='par_1_1' title="bbox 283 183 1729 266">
     <span class='ocr_line' id='line_1_1' title="bbox 283 183 1729 266; baseline 0.001 -16"><span class='ocrx_word' id='word_1_1' title='bbox 283 198 393 266; x_wconf 85' lang='lat'>656</span> <span class='ocrx_word' id='word_1_2' title='bbox 815 210 1097 257; x_wconf 76' lang='lat' dir='ltr'><strong>QUAESTIO</strong></span> <span class='ocrx_word' id='word_1_3' title='bbox 1139 211 1302 250; x_wconf 81' lang='lat' dir='ltr'>Lxxv.</span> <span class='ocrx_word' id='word_1_4' title='bbox 1343 183 1652 251; x_wconf 64' lang='lat' dir='ltr'>Ani-mutus</span> <span class='ocrx_word' id='word_1_5' title='bbox 1691 213 1729 252; x_wconf 93' lang='lat'>1.</span> 
     </span>
    </p>
   </div>
   <div class='ocr_carea' id='block_1_2' title="bbox 249 312 2248 3604">
    <p class='ocr_par' dir='ltr' id='par_1_2' title="bbox 272 312 2246 573">
     <span class='ocr_line' id='line_1_2' title="bbox 279 312 2245 374; baseline 0.002 -15"><span class='ocrx_word' id='word_1_6' title='bbox 279 329 400 359; x_wconf 91' lang='lat' dir='ltr'>nunc</span> <span class='ocrx_word' id='word_1_7' title='bbox 423 315 545 359; x_wconf 90' lang='lat' dir='ltr'>enim</span> <span class='ocrx_word' id='word_1_8' title='bbox 563 324 607 358; x_wconf 88' lang='lat' dir='ltr'>et</span> <span class='ocrx_word' id='word_1_9' title='bbox 621 313 760 371; x_wconf 89' lang='lat' dir='ltr'>ipsius</span> <span class='ocrx_word' id='word_1_10' title='bbox 778 313 971 357; x_wconf 85' lang='lat' dir='ltr'>Domini</span> <span class='ocrx_word' id='word_1_11' title='bbox 991 312 1291 372; x_wconf 81' lang='lat' dir='ltr'>professione,</span> <span class='ocrx_word' id='word_1_12' title='bbox 1309 322 1353 357; x_wconf 92' lang='lat' dir='ltr'>et</span> <span class='ocrx_word' id='word_1_13' title='bbox 1375 312 1461 358; x_wconf 90' lang='lat' dir='ltr'>fide</span> <span class='ocrx_word' id='word_1_14' title='bbox 1477 324 1634 358; x_wconf 89' lang='lat' dir='ltr'>nostra</span> <span class='ocrx_word' id='word_1_15' title='bbox 1651 328 1758 359; x_wconf 90' lang='lat' dir='ltr'>caro</span> <span class='ocrx_word' id='word_1_16' title='bbox 1777 315 1873 373; x_wconf 87' lang='lat' dir='ltr'>ejus</span> <span class='ocrx_word' id='word_1_17' title='bbox 1888 329 1996 361; x_wconf 87' lang='lat' dir='ltr'>vere</span> <span class='ocrx_word' id='word_1_18' title='bbox 2013 325 2083 362; x_wconf 87' lang='lat' dir='ltr'>est</span> <span class='ocrx_word' id='word_1_19' title='bbox 2099 315 2245 374; x_wconf 78' lang='lat' dir='ltr'>cibu8‚</span> 
     </span>
     <span class='ocr_line' id='line_1_3' title="bbox 280 380 2246 444; baseline 0.001 -18"><span class='ocrx_word' id='word_1_20' title='bbox 280 392 325 426; x_wconf 92' lang='lat' dir='ltr'>et</span> <span class='ocrx_word' id='word_1_21' title='bbox 349 384 532 440; x_wconf 85' lang='lat' dir='ltr'>sanguis</span> <span class='ocrx_word' id='word_1_22' title='bbox 561 383 656 439; x_wconf 88' lang='lat' dir='ltr'>ejus</span> <span class='ocrx_word' id='word_1_23' title='bbox 685 394 790 423; x_wconf 91' lang='lat' dir='ltr'>vere</span> <span class='ocrx_word' id='word_1_24' title='bbox 814 390 880 423; x_wconf 90' lang='lat' dir='ltr'>est</span> <span class='ocrx_word' id='word_1_25' title='bbox 905 390 1039 438; x_wconf 90' lang='lat' dir='ltr'>potus</span> <span class='ocrx_word' id='word_1_26' title='bbox 1062 397 1104 435; x_wconf 87' lang='lat'>»,</span> <span class='ocrx_word' id='word_1_27' title='bbox 1132 390 1176 424; x_wconf 92' lang='lat' dir='ltr'>et</span> <span class='ocrx_word' id='word_1_28' title='bbox 1202 380 1361 423; x_wconf 90' lang='lat' dir='ltr'>Ambr.</span> <span class='ocrx_word' id='word_1_29' title='bbox 1382 381 1490 424; x_wconf 92' lang='lat' dir='ltr'>dicit</span> <span class='ocrx_word' id='word_1_30' title='bbox 1513 380 1552 425; x_wconf 89' lang='lat'>6.</span> <span class='ocrx_word' id='word_1_31' title='bbox 1579 381 1651 424; x_wconf 90' lang='lat' dir='ltr'>De</span> <span class='ocrx_word' id='word_1_32' title='bbox 1671 381 1979 427; x_wconf 87' lang='lat' dir='ltr'>Sacramentis</span> <span class='ocrx_word' id='word_1_33' title='bbox 2003 383 2114 444; x_wconf 82' lang='lat' dir='ltr'>(cap.</span> <span class='ocrx_word' id='word_1_34' title='bbox 2139 397 2177 430; x_wconf 72' lang='grc' dir='ltr'>ι.</span> <span class='ocrx_word' id='word_1_35' title='bbox 2198 385 2246 428; x_wconf 81' lang='lat' dir='ltr'>in</span> 
     </span>
     <span class='ocr_line' id='line_1_4' title="bbox 272 447 2245 507; baseline 0.001 -15"><span class='ocrx_word' id='word_1_36' title='bbox 272 451 400 507; x_wconf 82' lang='lat' dir='ltr'>princ</span> <span class='ocrx_word' id='word_1_37' title='bbox 405 450 454 506; x_wconf 92' lang='lat'>..)·</span> <span class='ocrx_word' id='word_1_38' title='bbox 484 465 506 488; x_wconf 86' lang='lat'>«</span> <span class='ocrx_word' id='word_1_39' title='bbox 531 448 659 491; x_wconf 89' lang='lat' dir='ltr'>Sicut</span> <span class='ocrx_word' id='word_1_40' title='bbox 683 461 815 491; x_wconf 91' lang='lat' dir='ltr'>verus</span> <span class='ocrx_word' id='word_1_41' title='bbox 835 447 924 490; x_wconf 89' lang='lat' dir='ltr'>Dei</span> <span class='ocrx_word' id='word_1_42' title='bbox 940 447 1080 491; x_wconf 89' lang='lat' dir='ltr'>Filius</span> <span class='ocrx_word' id='word_1_43' title='bbox 1107 457 1175 491; x_wconf 92' lang='lat' dir='ltr'>est</span> <span class='ocrx_word' id='word_1_44' title='bbox 1199 447 1429 491; x_wconf 85' lang='lat' dir='ltr'>Dominus</span> <span class='ocrx_word' id='word_1_45' title='bbox 1444 447 1573 504; x_wconf 90' lang='lat' dir='ltr'>Jesus</span> <span class='ocrx_word' id='word_1_46' title='bbox 1602 447 1824 502; x_wconf 91' lang='lat' dir='ltr'>Christus,</span> <span class='ocrx_word' id='word_1_47' title='bbox 1849 449 1912 493; x_wconf 91' lang='lat' dir='ltr'>ita</span> <span class='ocrx_word' id='word_1_48' title='bbox 1935 463 2044 494; x_wconf 84' lang='lat' dir='ltr'>vera</span> <span class='ocrx_word' id='word_1_49' title='bbox 2063 449 2245 507; x_wconf 66' lang='lat' dir='ltr'>Chfisti</span> 
     </span>
     <span class='ocr_line' id='line_1_5' title="bbox 279 515 1836 573; baseline 0 -14"><span class='ocrx_word' id='word_1_50' title='bbox 279 530 384 559; x_wconf 90' lang='lat' dir='ltr'>caro</span> <span class='ocrx_word' id='word_1_51' title='bbox 413 525 493 569; x_wconf 88' lang='lat' dir='ltr'>est,</span> <span class='ocrx_word' id='word_1_52' title='bbox 522 529 659 573; x_wconf 86' lang='lat' dir='ltr'>quam</span> <span class='ocrx_word' id='word_1_53' title='bbox 684 515 952 572; x_wconf 84' lang='lat' dir='ltr'>accipimus,</span> <span class='ocrx_word' id='word_1_54' title='bbox 976 524 1022 558; x_wconf 86' lang='lat' dir='ltr'>et</span> <span class='ocrx_word' id='word_1_55' title='bbox 1046 528 1180 558; x_wconf 90' lang='lat' dir='ltr'>verus</span> <span class='ocrx_word' id='word_1_56' title='bbox 1207 515 1390 573; x_wconf 91' lang='lat' dir='ltr'>sanguis</span> <span class='ocrx_word' id='word_1_57' title='bbox 1420 516 1516 573; x_wconf 87' lang='lat' dir='ltr'>ejus</span> <span class='ocrx_word' id='word_1_58' title='bbox 1544 524 1612 558; x_wconf 91' lang='lat' dir='ltr'>est</span> <span class='ocrx_word' id='word_1_59' title='bbox 1637 525 1772 572; x_wconf 89' lang='lat' dir='ltr'>potus</span> <span class='ocrx_word' id='word_1_60' title='bbox 1794 532 1836 559; x_wconf 69' lang='lat' dir='ltr'>n.</span> 
     </span>
    </p>

    <p class='ocr_par' dir='ltr' id='par_1_3' title="bbox 259 581 2248 2860">
     <span class='ocr_line' id='line_1_6' title="bbox 365 581 2245 641; baseline 0.002 -15"><span class='ocrx_word' id='word_1_61' title='bbox 365 582 654 626; x_wconf 80' lang='lat' dir='ltr'>RESPONDEO</span> <span class='ocrx_word' id='word_1_62' title='bbox 678 581 937 638; x_wconf 82' lang='lat' dir='ltr'>dicendum,</span> <span class='ocrx_word' id='word_1_63' title='bbox 966 583 1089 640; x_wconf 89' lang='lat' dir='ltr'>quod</span> <span class='ocrx_word' id='word_1_64' title='bbox 1115 596 1274 626; x_wconf 89' lang='lat' dir='ltr'>verum</span> <span class='ocrx_word' id='word_1_65' title='bbox 1305 596 1467 640; x_wconf 88' lang='lat' dir='ltr'>corpus</span> <span class='ocrx_word' id='word_1_66' title='bbox 1497 581 1684 636; x_wconf 88' lang='lat' dir='ltr'>Christi,</span> <span class='ocrx_word' id='word_1_67' title='bbox 1708 593 1752 626; x_wconf 89' lang='lat' dir='ltr'>et</span> <span class='ocrx_word' id='word_1_68' title='bbox 1772 582 2044 641; x_wconf 89' lang='lat' dir='ltr'>sanguinem</span> <span class='ocrx_word' id='word_1_69' title='bbox 2070 597 2175 629; x_wconf 85' lang='lat' dir='ltr'>esse</span> <span class='ocrx_word' id='word_1_70' title='bbox 2195 584 2245 628; x_wconf 86' lang='lat' dir='ltr'>in</span> 
     </span>
     <span class='ocr_line' id='line_1_7' title="bbox 276 649 2248 709; baseline 0.002 -17"><span class='ocrx_word' id='word_1_71' title='bbox 276 649 365 692; x_wconf 92' lang='lat' dir='ltr'>hoc</span> <span class='ocrx_word' id='word_1_72' title='bbox 394 659 696 702; x_wconf 86' lang='lat' dir='ltr'>sacramento,</span> <span class='ocrx_word' id='word_1_73' title='bbox 722 663 871 708; x_wconf 91' lang='lat' dir='ltr'>neque</span> <span class='ocrx_word' id='word_1_74' title='bbox 900 663 1050 703; x_wconf 90' lang='lat' dir='ltr'>sensu,</span> <span class='ocrx_word' id='word_1_75' title='bbox 1083 663 1232 708; x_wconf 89' lang='lat' dir='ltr'>neque</span> <span class='ocrx_word' id='word_1_76' title='bbox 1263 649 1497 693; x_wconf 89' lang='lat' dir='ltr'>intellectu</span> <span class='ocrx_word' id='word_1_77' title='bbox 1531 649 1807 708; x_wconf 85' lang='lat' dir='ltr'>deprehendi</span> <span class='ocrx_word' id='word_1_78' title='bbox 1842 659 1992 709; x_wconf 89' lang='lat' dir='ltr'>potest</span> <span class='ocrx_word' id='word_1_79' title='bbox 2020 651 2096 708; x_wconf 89' lang='lat' dir='ltr'>[al.</span> <span class='ocrx_word' id='word_1_80' title='bbox 2120 650 2248 696; x_wconf 87' lang='lat' dir='ltr'>deest</span> 
     </span>
     <span class='ocr_line' id='line_1_8' title="bbox 275 716 2246 776; baseline 0.002 -17"><span class='ocrx_word' id='word_1_81' title='bbox 275 716 321 774; x_wconf 93' lang='lat' dir='ltr'>ly</span> <span class='ocrx_word' id='word_1_82' title='bbox 347 716 591 773; x_wconf 58' lang='lat' dir='ltr'>intellectu}</span> <span class='ocrx_word' id='word_1_83' title='bbox 619 716 697 760; x_wconf 90' lang='lat' dir='ltr'>sed</span> <span class='ocrx_word' id='word_1_84' title='bbox 723 716 821 760; x_wconf 90' lang='lat' dir='ltr'>sola</span> <span class='ocrx_word' id='word_1_85' title='bbox 844 716 946 771; x_wconf 88' lang='lat' dir='ltr'>fide,</span> <span class='ocrx_word' id='word_1_86' title='bbox 969 731 1084 776; x_wconf 89' lang='lat' dir='ltr'>quae</span> <span class='ocrx_word' id='word_1_87' title='bbox 1113 716 1368 761; x_wconf 86' lang='lat' dir='ltr'>auctoritati</span> <span class='ocrx_word' id='word_1_88' title='bbox 1391 717 1571 760; x_wconf 90' lang='lat' dir='ltr'>divinae</span> <span class='ocrx_word' id='word_1_89' title='bbox 1597 717 1822 770; x_wconf 87' lang='lat' dir='ltr'>innititur;</span> <span class='ocrx_word' id='word_1_90' title='bbox 1845 717 1966 761; x_wconf 91' lang='lat' dir='ltr'>unde</span> <span class='ocrx_word' id='word_1_91' title='bbox 1982 730 2119 776; x_wconf 90' lang='lat' dir='ltr'>super</span> <span class='ocrx_word' id='word_1_92' title='bbox 2133 716 2246 762; x_wconf 85' lang='lat' dir='ltr'>illud</span> 
     </span>
     <span class='ocr_line' id='line_1_9' title="bbox 277 783 2246 843; baseline 0.002 -17"><span class='ocrx_word' id='word_1_93' title='bbox 277 784 385 826; x_wconf 87' lang='lat' dir='ltr'>Luc.</span> <span class='ocrx_word' id='word_1_94' title='bbox 414 796 503 827; x_wconf 88' lang='lat'>22.:</span> <span class='ocrx_word' id='word_1_95' title='bbox 531 783 627 827; x_wconf 82' lang='lat' dir='ltr'>Hoc</span> <span class='ocrx_word' id='word_1_96' title='bbox 650 789 704 827; x_wconf 75' lang='lat' dir='ltr'>est</span> <span class='ocrx_word' id='word_1_97' title='bbox 730 791 876 842; x_wconf 81' lang='lat' dir='ltr'>corpus</span> <span class='ocrx_word' id='word_1_98' title='bbox 898 799 1050 838; x_wconf 86' lang='lat' dir='ltr'>meum,</span> <span class='ocrx_word' id='word_1_99' title='bbox 1077 783 1185 842; x_wconf 84' lang='lat' dir='ltr'>quod</span> <span class='ocrx_word' id='word_1_100' title='bbox 1201 791 1284 843; x_wconf 80' lang='lat' dir='ltr'>pro</span> <span class='ocrx_word' id='word_1_101' title='bbox 1310 785 1429 828; x_wconf 82' lang='lat' dir='ltr'>vobis</span> <span class='ocrx_word' id='word_1_102' title='bbox 1455 783 1658 837; x_wconf 79' lang='lat' dir='ltr'>tradetur,</span> <span class='ocrx_word' id='word_1_103' title='bbox 1688 783 1796 827; x_wconf 89' lang='lat' dir='ltr'>dicit</span> <span class='ocrx_word' id='word_1_104' title='bbox 1828 783 2030 843; x_wconf 90' lang='lat' dir='ltr'>Cyrillus</span> <span class='ocrx_word' id='word_1_105' title='bbox 2055 784 2172 842; x_wconf 83' lang='lat' dir='ltr'>(hab.</span> <span class='ocrx_word' id='word_1_106' title='bbox 2199 787 2246 829; x_wconf 83' lang='lat' dir='ltr'>in</span> 
     </span>
     <span class='ocr_line' id='line_1_10' title="bbox 279 850 2248 910; baseline 0.001 -15"><span class='ocrx_word' id='word_1_107' title='bbox 279 850 369 895; x_wconf 84' lang='lat' dir='ltr'>Cat.</span> <span class='ocrx_word' id='word_1_108' title='bbox 393 851 452 894; x_wconf 90' lang='lat' dir='ltr'>D.</span> <span class='ocrx_word' id='word_1_109' title='bbox 483 850 603 907; x_wconf 77' lang='lat' dir='ltr'>Th.).·</span> <span class='ocrx_word' id='word_1_110' title='bbox 635 850 783 895; x_wconf 88' lang='lat' dir='ltr'>«Non</span> <span class='ocrx_word' id='word_1_111' title='bbox 810 850 1001 905; x_wconf 89' lang='lat' dir='ltr'>dubites,</span> <span class='ocrx_word' id='word_1_112' title='bbox 1030 865 1087 894; x_wconf 92' lang='lat' dir='ltr'>an</span> <span class='ocrx_word' id='word_1_113' title='bbox 1113 851 1203 896; x_wconf 92' lang='lat' dir='ltr'>hoc</span> <span class='ocrx_word' id='word_1_114' title='bbox 1231 865 1392 895; x_wconf 88' lang='lat' dir='ltr'>verum</span> <span class='ocrx_word' id='word_1_115' title='bbox 1414 852 1494 905; x_wconf 83' lang='lat' dir='ltr'>sit3</span> <span class='ocrx_word' id='word_1_116' title='bbox 1522 851 1600 894; x_wconf 89' lang='lat' dir='ltr'>sed</span> <span class='ocrx_word' id='word_1_117' title='bbox 1621 852 1772 910; x_wconf 91' lang='lat' dir='ltr'>potius</span> <span class='ocrx_word' id='word_1_118' title='bbox 1795 850 1973 910; x_wconf 87' lang='lat' dir='ltr'>suscipe</span> <span class='ocrx_word' id='word_1_119' title='bbox 1989 851 2130 896; x_wconf 75' lang='lat' dir='ltr'>verba</span> <span class='ocrx_word' id='word_1_120' title='bbox 2150 851 2248 897; x_wconf 82' lang='lat' dir='ltr'>Sal-</span> 
     </span>
     <span class='ocr_line' id='line_1_11' title="bbox 273 917 2245 973; baseline 0.001 -12"><span class='ocrx_word' id='word_1_121' title='bbox 273 917 443 962; x_wconf 90' lang='lat' dir='ltr'>vatoris</span> <span class='ocrx_word' id='word_1_122' title='bbox 465 917 512 961; x_wconf 92' lang='lat' dir='ltr'>in</span> <span class='ocrx_word' id='word_1_123' title='bbox 539 918 649 972; x_wconf 85' lang='lat' dir='ltr'>fide3</span> <span class='ocrx_word' id='word_1_124' title='bbox 677 932 783 962; x_wconf 90' lang='lat' dir='ltr'>cum</span> <span class='ocrx_word' id='word_1_125' title='bbox 808 918 930 962; x_wconf 90' lang='lat' dir='ltr'>enim</span> <span class='ocrx_word' id='word_1_126' title='bbox 955 918 1012 962; x_wconf 91' lang='lat' dir='ltr'>sit</span> <span class='ocrx_word' id='word_1_127' title='bbox 1036 918 1217 973; x_wconf 89' lang='lat' dir='ltr'>veritas,</span> <span class='ocrx_word' id='word_1_128' title='bbox 1243 933 1338 962; x_wconf 92' lang='lat' dir='ltr'>non</span> <span class='ocrx_word' id='word_1_129' title='bbox 1365 919 1640 963; x_wconf 88' lang='lat' dir='ltr'>mentitur».</span> <span class='ocrx_word' id='word_1_130' title='bbox 1668 918 1770 962; x_wconf 92' lang='lat' dir='ltr'>Hoc</span> <span class='ocrx_word' id='word_1_131' title='bbox 1790 928 1944 962; x_wconf 88' lang='lat' dir='ltr'>autem</span> <span class='ocrx_word' id='word_1_132' title='bbox 1966 920 2245 964; x_wconf 88' lang='lat' dir='ltr'>conveniens</span> 
     </span>
     <span class='ocr_line' id='line_1_12' title="bbox 274 984 2241 1045; baseline 0.001 -16"><span class='ocrx_word' id='word_1_133' title='bbox 274 994 360 1029; x_wconf 88' lang='lat' dir='ltr'>est:</span> <span class='ocrx_word' id='word_1_134' title='bbox 380 987 520 1044; x_wconf 81' lang='lat' dir='ltr'>primo</span> <span class='ocrx_word' id='word_1_135' title='bbox 549 985 733 1045; x_wconf 91' lang='lat' dir='ltr'>quidem</span> <span class='ocrx_word' id='word_1_136' title='bbox 758 984 1029 1045; x_wconf 90' lang='lat' dir='ltr'>perfectioni</span> <span class='ocrx_word' id='word_1_137' title='bbox 1052 1000 1202 1030; x_wconf 88' lang='lat' dir='ltr'>novae</span> <span class='ocrx_word' id='word_1_138' title='bbox 1223 985 1361 1045; x_wconf 82' lang='lat' dir='ltr'>legis3</span> <span class='ocrx_word' id='word_1_139' title='bbox 1387 985 1610 1030; x_wconf 89' lang='lat' dir='ltr'>sacrificia</span> <span class='ocrx_word' id='word_1_140' title='bbox 1644 986 1766 1029; x_wconf 90' lang='lat' dir='ltr'>enim</span> <span class='ocrx_word' id='word_1_141' title='bbox 1793 985 1958 1030; x_wconf 90' lang='lat' dir='ltr'>veteris</span> <span class='ocrx_word' id='word_1_142' title='bbox 1990 984 2105 1044; x_wconf 90' lang='lat' dir='ltr'>legis</span> <span class='ocrx_word' id='word_1_143' title='bbox 2130 985 2241 1030; x_wconf 91' lang='lat' dir='ltr'>illud</span> 
     </span>
     <span class='ocr_line' id='line_1_13' title="bbox 273 1051 2243 1112; baseline 0.001 -17"><span class='ocrx_word' id='word_1_144' title='bbox 273 1066 431 1096; x_wconf 90' lang='lat' dir='ltr'>verum</span> <span class='ocrx_word' id='word_1_145' title='bbox 458 1052 734 1097; x_wconf 89' lang='lat' dir='ltr'>sacrificium</span> <span class='ocrx_word' id='word_1_146' title='bbox 760 1053 984 1112; x_wconf 90' lang='lat' dir='ltr'>passionis</span> <span class='ocrx_word' id='word_1_147' title='bbox 1013 1052 1186 1097; x_wconf 88' lang='lat' dir='ltr'>Christi</span> <span class='ocrx_word' id='word_1_148' title='bbox 1209 1052 1503 1097; x_wconf 85' lang='lat' dir='ltr'>continebant</span> <span class='ocrx_word' id='word_1_149' title='bbox 1535 1052 1687 1096; x_wconf 91' lang='lat' dir='ltr'>solum</span> <span class='ocrx_word' id='word_1_150' title='bbox 1719 1052 1766 1096; x_wconf 89' lang='lat' dir='ltr'>in</span> <span class='ocrx_word' id='word_1_151' title='bbox 1799 1051 1959 1111; x_wconf 90' lang='lat' dir='ltr'>figura,</span> <span class='ocrx_word' id='word_1_152' title='bbox 1991 1052 2243 1097; x_wconf 89' lang='lat' dir='ltr'>secundum</span> 
     </span>
     <span class='ocr_line' id='line_1_14' title="bbox 271 1118 2245 1179; baseline 0.001 -17"><span class='ocrx_word' id='word_1_153' title='bbox 271 1118 384 1163; x_wconf 93' lang='lat' dir='ltr'>illud</span> <span class='ocrx_word' id='word_1_154' title='bbox 410 1120 549 1164; x_wconf 88' lang='lat' dir='ltr'>Hebr.</span> <span class='ocrx_word' id='word_1_155' title='bbox 582 1133 669 1165; x_wconf 91' lang='lat'>10.:</span> <span class='ocrx_word' id='word_1_156' title='bbox 701 1121 908 1165; x_wconf 86' lang='lat' dir='ltr'>Umbram</span> <span class='ocrx_word' id='word_1_157' title='bbox 930 1121 1082 1165; x_wconf 82' lang='lat' dir='ltr'>habens</span> <span class='ocrx_word' id='word_1_158' title='bbox 1107 1120 1172 1164; x_wconf 82' lang='lat' dir='ltr'>lex</span> <span class='ocrx_word' id='word_1_159' title='bbox 1188 1120 1443 1179; x_wconf 85' lang='lat' dir='ltr'>futurorum</span> <span class='ocrx_word' id='word_1_160' title='bbox 1469 1121 1688 1174; x_wconf 88' lang='lat' dir='ltr'>bonorum,</span> <span class='ocrx_word' id='word_1_161' title='bbox 1715 1134 1799 1164; x_wconf 85' lang='lat' dir='ltr'>non</span> <span class='ocrx_word' id='word_1_162' title='bbox 1820 1121 1957 1179; x_wconf 84' lang='lat' dir='ltr'>ipsam</span> <span class='ocrx_word' id='word_1_163' title='bbox 1975 1134 2119 1165; x_wconf 81' lang='lat' dir='ltr'>rerum</span> <span class='ocrx_word' id='word_1_164' title='bbox 2139 1121 2245 1165; x_wconf 86' lang='lat' dir='ltr'>ima-</span> 
     </span>
     <span class='ocr_line' id='line_1_15' title="bbox 269 1186 2243 1248; baseline 0 -17"><span class='ocrx_word' id='word_1_165' title='bbox 269 1189 436 1246; x_wconf 83' lang='lat' dir='ltr'>ginem;</span> <span class='ocrx_word' id='word_1_166' title='bbox 474 1199 518 1233; x_wconf 92' lang='lat' dir='ltr'>et</span> <span class='ocrx_word' id='word_1_167' title='bbox 553 1188 658 1233; x_wconf 91' lang='lat' dir='ltr'>ideo</span> <span class='ocrx_word' id='word_1_168' title='bbox 678 1189 913 1248; x_wconf 68' lang='lat' dir='ltr'>.0p0rtuit,</span> <span class='ocrx_word' id='word_1_169' title='bbox 947 1198 996 1233; x_wconf 95' lang='lat' dir='ltr'>ut</span> <span class='ocrx_word' id='word_1_170' title='bbox 1029 1187 1198 1246; x_wconf 92' lang='lat' dir='ltr'>aliquid</span> <span class='ocrx_word' id='word_1_171' title='bbox 1231 1186 1333 1246; x_wconf 94' lang='lat' dir='ltr'>plus</span> <span class='ocrx_word' id='word_1_172' title='bbox 1365 1187 1555 1231; x_wconf 89' lang='lat' dir='ltr'>haberet</span> <span class='ocrx_word' id='word_1_173' title='bbox 1588 1186 1862 1231; x_wconf 85' lang='lat' dir='ltr'>sacrificium</span> <span class='ocrx_word' id='word_1_174' title='bbox 1894 1186 2183 1247; x_wconf 85' lang='lat' dir='ltr'>novaelegis</span> <span class='ocrx_word' id='word_1_175' title='bbox 2217 1201 2243 1231; x_wconf 91' lang='lat' dir='ltr'>a</span> 
     </span>
     <span class='ocr_line' id='line_1_16' title="bbox 273 1253 2243 1314; baseline 0 -16"><span class='ocrx_word' id='word_1_176' title='bbox 273 1254 460 1300; x_wconf 89' lang='lat' dir='ltr'>Christo</span> <span class='ocrx_word' id='word_1_177' title='bbox 482 1255 764 1310; x_wconf 85' lang='lat' dir='ltr'>institutum3</span> <span class='ocrx_word' id='word_1_178' title='bbox 789 1266 838 1300; x_wconf 92' lang='lat' dir='ltr'>ut</span> <span class='ocrx_word' id='word_1_179' title='bbox 858 1255 1035 1300; x_wconf 90' lang='lat' dir='ltr'>scilicet</span> <span class='ocrx_word' id='word_1_180' title='bbox 1058 1255 1312 1300; x_wconf 89' lang='lat' dir='ltr'>contineret</span> <span class='ocrx_word' id='word_1_181' title='bbox 1333 1255 1484 1314; x_wconf 91' lang='lat' dir='ltr'>ipsum</span> <span class='ocrx_word' id='word_1_182' title='bbox 1501 1253 1737 1298; x_wconf 89' lang='lat' dir='ltr'>Christum</span> <span class='ocrx_word' id='word_1_183' title='bbox 1759 1268 1961 1313; x_wconf 89' lang='lat' dir='ltr'>passum,</span> <span class='ocrx_word' id='word_1_184' title='bbox 1977 1268 2072 1298; x_wconf 89' lang='lat' dir='ltr'>non</span> <span class='ocrx_word' id='word_1_185' title='bbox 2090 1253 2243 1299; x_wconf 91' lang='lat' dir='ltr'>solum</span> 
     </span>
     <span class='ocr_line' id='line_1_17' title="bbox 270 1321 2240 1382; baseline 0.001 -17"><span class='ocrx_word' id='word_1_186' title='bbox 270 1322 317 1366; x_wconf 94' lang='lat' dir='ltr'>in</span> <span class='ocrx_word' id='word_1_187' title='bbox 343 1323 690 1382; x_wconf 89' lang='lat' dir='ltr'>significatione,</span> <span class='ocrx_word' id='word_1_188' title='bbox 716 1323 790 1367; x_wconf 90' lang='lat' dir='ltr'>vel</span> <span class='ocrx_word' id='word_1_189' title='bbox 816 1323 975 1382; x_wconf 88' lang='lat' dir='ltr'>figura,</span> <span class='ocrx_word' id='word_1_190' title='bbox 1001 1324 1080 1367; x_wconf 90' lang='lat' dir='ltr'>sed</span> <span class='ocrx_word' id='word_1_191' title='bbox 1107 1322 1250 1366; x_wconf 89' lang='lat' dir='ltr'>etiam</span> <span class='ocrx_word' id='word_1_192' title='bbox 1271 1322 1318 1366; x_wconf 91' lang='lat' dir='ltr'>in</span> <span class='ocrx_word' id='word_1_193' title='bbox 1350 1322 1416 1366; x_wconf 89' lang='lat' dir='ltr'>rei</span> <span class='ocrx_word' id='word_1_194' title='bbox 1441 1322 1655 1366; x_wconf 84' lang='lat' dir='ltr'>veritate:</span> <span class='ocrx_word' id='word_1_195' title='bbox 1679 1331 1723 1365; x_wconf 94' lang='lat' dir='ltr'>et</span> <span class='ocrx_word' id='word_1_196' title='bbox 1744 1321 1848 1365; x_wconf 90' lang='lat' dir='ltr'>ideo</span> <span class='ocrx_word' id='word_1_197' title='bbox 1870 1321 1966 1367; x_wconf 87' lang='lat' dir='ltr'>hoc</span> <span class='ocrx_word' id='word_1_198' title='bbox 1985 1334 2240 1367; x_wconf 81' lang='lat' dir='ltr'>sacramen-</span> 
     </span>
     <span class='ocr_line' id='line_1_18' title="bbox 267 1387 2242 1450; baseline 0 -17"><span class='ocrx_word' id='word_1_199' title='bbox 267 1398 381 1445; x_wconf 88' lang='lat' dir='ltr'>tum,</span> <span class='ocrx_word' id='word_1_200' title='bbox 408 1390 531 1450; x_wconf 92' lang='lat' dir='ltr'>quod</span> <span class='ocrx_word' id='word_1_201' title='bbox 557 1391 706 1448; x_wconf 90' lang='lat' dir='ltr'>ipsum</span> <span class='ocrx_word' id='word_1_202' title='bbox 735 1390 972 1435; x_wconf 88' lang='lat' dir='ltr'>Christum</span> <span class='ocrx_word' id='word_1_203' title='bbox 1013 1389 1198 1434; x_wconf 85' lang='lat' dir='ltr'>realiter</span> <span class='ocrx_word' id='word_1_204' title='bbox 1230 1389 1447 1442; x_wconf 90' lang='lat' dir='ltr'>continet,</span> <span class='ocrx_word' id='word_1_205' title='bbox 1479 1397 1529 1432; x_wconf 90' lang='lat' dir='ltr'>ut</span> <span class='ocrx_word' id='word_1_206' title='bbox 1552 1389 1746 1447; x_wconf 88' lang='lat' dir='ltr'>Dionys.</span> <span class='ocrx_word' id='word_1_207' title='bbox 1775 1387 1884 1432; x_wconf 87' lang='lat' dir='ltr'>dicit</span> <span class='ocrx_word' id='word_1_208' title='bbox 1911 1402 1949 1447; x_wconf 83' lang='lat'>3.</span> <span class='ocrx_word' id='word_1_209' title='bbox 1985 1388 2083 1446; x_wconf 87' lang='lat' dir='ltr'>cap.</span> <span class='ocrx_word' id='word_1_210' title='bbox 2109 1387 2242 1433; x_wconf 87' lang='lat' dir='ltr'>Eccl.</span> 
     </span>
     <span class='ocr_line' id='line_1_19' title="bbox 271 1455 2241 1517; baseline 0.001 -17"><span class='ocrx_word' id='word_1_211' title='bbox 271 1457 506 1502; x_wconf 88' lang='lat' dir='ltr'>Hierarch.</span> <span class='ocrx_word' id='word_1_212' title='bbox 539 1458 665 1514; x_wconf 82' lang='lat' dir='ltr'>(vers.</span> <span class='ocrx_word' id='word_1_213' title='bbox 696 1457 816 1517; x_wconf 71' lang='lat' dir='ltr'>fin),</span> <span class='ocrx_word' id='word_1_214' title='bbox 855 1468 923 1502; x_wconf 88' lang='lat' dir='ltr'>est</span> <span class='ocrx_word' id='word_1_215' title='bbox 957 1457 1256 1516; x_wconf 90' lang='lat' dir='ltr'>perfectivum</span> <span class='ocrx_word' id='word_1_216' title='bbox 1293 1456 1502 1500; x_wconf 91' lang='lat' dir='ltr'>omnium</span> <span class='ocrx_word' id='word_1_217' title='bbox 1530 1455 1727 1500; x_wconf 90' lang='lat' dir='ltr'>aliorum</span> <span class='ocrx_word' id='word_1_218' title='bbox 1753 1463 2164 1512; x_wconf 88' lang='lat' dir='ltr'>sacramentorum,</span> <span class='ocrx_word' id='word_1_219' title='bbox 2194 1456 2241 1501; x_wconf 90' lang='lat' dir='ltr'>in</span> 
     </span>
     <span class='ocr_line' id='line_1_20' title="bbox 273 1522 2241 1583; baseline 0.001 -16"><span class='ocrx_word' id='word_1_220' title='bbox 273 1525 434 1583; x_wconf 91' lang='lat' dir='ltr'>quibus</span> <span class='ocrx_word' id='word_1_221' title='bbox 460 1525 602 1569; x_wconf 90' lang='lat' dir='ltr'>virtus</span> <span class='ocrx_word' id='word_1_222' title='bbox 633 1525 808 1569; x_wconf 87' lang='lat' dir='ltr'>Christi</span> <span class='ocrx_word' id='word_1_223' title='bbox 833 1525 1148 1583; x_wconf 88' lang='lat' dir='ltr'>participatur:</span> <span class='ocrx_word' id='word_1_224' title='bbox 1175 1523 1347 1569; x_wconf 81' lang='lat' dir='ltr'>secundo</span> <span class='ocrx_word' id='word_1_225' title='bbox 1374 1523 1465 1567; x_wconf 91' lang='lat' dir='ltr'>hoc</span> <span class='ocrx_word' id='word_1_226' title='bbox 1494 1523 1715 1581; x_wconf 90' lang='lat' dir='ltr'>competit</span> <span class='ocrx_word' id='word_1_227' title='bbox 1740 1522 1950 1567; x_wconf 80' lang='lat' dir='ltr'>charitati</span> <span class='ocrx_word' id='word_1_228' title='bbox 1974 1522 2164 1578; x_wconf 87' lang='lat' dir='ltr'>Christi,</span> <span class='ocrx_word' id='word_1_229' title='bbox 2185 1536 2241 1568; x_wconf 82' lang='lat' dir='ltr'>ex</span> 
     </span>
     <span class='ocr_line' id='line_1_21' title="bbox 273 1589 2247 1651; baseline 0 -17"><span class='ocrx_word' id='word_1_230' title='bbox 273 1605 360 1650; x_wconf 90' lang='lat' dir='ltr'>qua</span> <span class='ocrx_word' id='word_1_231' title='bbox 386 1605 468 1650; x_wconf 89' lang='lat' dir='ltr'>pro</span> <span class='ocrx_word' id='word_1_232' title='bbox 496 1592 642 1635; x_wconf 90' lang='lat' dir='ltr'>salute</span> <span class='ocrx_word' id='word_1_233' title='bbox 668 1603 824 1636; x_wconf 90' lang='lat' dir='ltr'>nostra</span> <span class='ocrx_word' id='word_1_234' title='bbox 852 1606 1017 1651; x_wconf 90' lang='lat' dir='ltr'>corpus</span> <span class='ocrx_word' id='word_1_235' title='bbox 1039 1606 1200 1636; x_wconf 88' lang='lat' dir='ltr'>verum</span> <span class='ocrx_word' id='word_1_236' title='bbox 1226 1602 1410 1635; x_wconf 89' lang='lat' dir='ltr'>nostrae</span> <span class='ocrx_word' id='word_1_237' title='bbox 1431 1600 1621 1634; x_wconf 88' lang='lat' dir='ltr'>naturae</span> <span class='ocrx_word' id='word_1_238' title='bbox 1648 1589 1891 1648; x_wconf 85' lang='lat' dir='ltr'>assumpsit</span> <span class='ocrx_word' id='word_1_239' title='bbox 1907 1605 1926 1638; x_wconf 68' lang='lat' dir='ltr'>z,</span> <span class='ocrx_word' id='word_1_240' title='bbox 1947 1599 1992 1634; x_wconf 87' lang='lat' dir='ltr'>et</span> <span class='ocrx_word' id='word_1_241' title='bbox 2015 1589 2122 1649; x_wconf 86' lang='lat' dir='ltr'>quia</span> <span class='ocrx_word' id='word_1_242' title='bbox 2146 1603 2247 1635; x_wconf 85' lang='lat' dir='ltr'>ma—</span> 
     </span>
     <span class='ocr_line' id='line_1_22' title="bbox 273 1656 2240 1717; baseline 0.002 -17"><span class='ocrx_word' id='word_1_243' title='bbox 273 1658 395 1702; x_wconf 85' lang='lat' dir='ltr'>xime</span> <span class='ocrx_word' id='word_1_244' title='bbox 414 1659 648 1717; x_wconf 90' lang='lat' dir='ltr'>proprium</span> <span class='ocrx_word' id='word_1_245' title='bbox 660 1660 886 1703; x_wconf 87' lang='lat' dir='ltr'>amicitiae</span> <span class='ocrx_word' id='word_1_246' title='bbox 904 1667 971 1702; x_wconf 92' lang='lat' dir='ltr'>est</span> <span class='ocrx_word' id='word_1_247' title='bbox 988 1659 1235 1703; x_wconf 86' lang='lat' dir='ltr'>convivere</span> <span class='ocrx_word' id='word_1_248' title='bbox 1245 1658 1419 1711; x_wconf 90' lang='lat' dir='ltr'>amicis,</span> <span class='ocrx_word' id='word_1_249' title='bbox 1433 1667 1482 1701; x_wconf 86' lang='lat' dir='ltr'>ut</span> <span class='ocrx_word' id='word_1_250' title='bbox 1494 1657 1666 1702; x_wconf 89' lang='lat' dir='ltr'>Philos.</span> <span class='ocrx_word' id='word_1_251' title='bbox 1682 1657 1789 1701; x_wconf 90' lang='lat' dir='ltr'>dicit</span> <span class='ocrx_word' id='word_1_252' title='bbox 1799 1656 1999 1717; x_wconf 81' lang='lat' dir='ltr'>9.Ethic.</span> <span class='ocrx_word' id='word_1_253' title='bbox 2014 1657 2240 1717; x_wconf 67' lang='lat' dir='ltr'>(cap-12),</span> 
     </span>
     <span class='ocr_line' id='line_1_23' title="bbox 272 1722 2240 1789; baseline 0 -21"><span class='ocrx_word' id='word_1_254' title='bbox 272 1727 339 1769; x_wconf 90' lang='lat' dir='ltr'>sui</span> <span class='ocrx_word' id='word_1_255' title='bbox 367 1726 672 1783; x_wconf 84' lang='lat' dir='ltr'>praesentiam</span> <span class='ocrx_word' id='word_1_256' title='bbox 695 1725 984 1785; x_wconf 84' lang='lat' dir='ltr'>corporalem</span> <span class='ocrx_word' id='word_1_257' title='bbox 1000 1722 1132 1770; x_wconf 84' lang='lat' dir='ltr'>nobis</span> <span class='ocrx_word' id='word_1_258' title='bbox 1149 1726 1425 1785; x_wconf 88' lang='lat' dir='ltr'>repromittit</span> <span class='ocrx_word' id='word_1_259' title='bbox 1440 1726 1487 1768; x_wconf 92' lang='lat' dir='ltr'>in</span> <span class='ocrx_word' id='word_1_260' title='bbox 1505 1724 1777 1789; x_wconf 83' lang='lat' dir='ltr'>praemium,</span> <span class='ocrx_word' id='word_1_261' title='bbox 1796 1724 1952 1768; x_wconf 80' lang='lat' dir='ltr'>dicens</span> <span class='ocrx_word' id='word_1_262' title='bbox 1974 1723 2136 1769; x_wconf 85' lang='lat' dir='ltr'>Matth.</span> <span class='ocrx_word' id='word_1_263' title='bbox 2155 1735 2240 1781; x_wconf 69' lang='lat'>24:</span> 
     </span>
     <span class='ocr_line' id='line_1_24' title="bbox 276 1792 2242 1853; baseline 0.001 -17"><span class='ocrx_word' id='word_1_264' title='bbox 276 1793 359 1837; x_wconf 88' lang='lat' dir='ltr'>Ubi</span> <span class='ocrx_word' id='word_1_265' title='bbox 388 1794 524 1851; x_wconf 78' lang='lat' dir='ltr'>fuerit</span> <span class='ocrx_word' id='word_1_266' title='bbox 565 1801 727 1853; x_wconf 80' lang='lat' dir='ltr'>corpus,</span> <span class='ocrx_word' id='word_1_267' title='bbox 767 1794 867 1839; x_wconf 81' lang='lat' dir='ltr'>illuc:</span> <span class='ocrx_word' id='word_1_268' title='bbox 905 1795 1269 1852; x_wconf 79' lang='lat' dir='ltr'>congregabuntur</span> <span class='ocrx_word' id='word_1_269' title='bbox 1305 1800 1343 1838; x_wconf 85' lang='lat' dir='ltr'>et</span> <span class='ocrx_word' id='word_1_270' title='bbox 1383 1793 1578 1851; x_wconf 80' lang='lat' dir='ltr'>aquilae:</span> <span class='ocrx_word' id='word_1_271' title='bbox 1616 1792 1800 1836; x_wconf 89' lang='lat' dir='ltr'>interim</span> <span class='ocrx_word' id='word_1_272' title='bbox 1835 1801 1992 1836; x_wconf 87' lang='lat' dir='ltr'>tamen</span> <span class='ocrx_word' id='word_1_273' title='bbox 2030 1803 2118 1836; x_wconf 86' lang='lat' dir='ltr'>nec</span> <span class='ocrx_word' id='word_1_274' title='bbox 2157 1804 2242 1837; x_wconf 87' lang='lat' dir='ltr'>sua</span> 
     </span>
     <span class='ocr_line' id='line_1_25' title="bbox 267 1858 2238 1920; baseline 0 -16"><span class='ocrx_word' id='word_1_275' title='bbox 267 1861 522 1918; x_wconf 85' lang='lat' dir='ltr'>praesentia</span> <span class='ocrx_word' id='word_1_276' title='bbox 548 1861 779 1920; x_wconf 87' lang='lat' dir='ltr'>corporali</span> <span class='ocrx_word' id='word_1_277' title='bbox 804 1875 890 1905; x_wconf 90' lang='lat' dir='ltr'>nos</span> <span class='ocrx_word' id='word_1_278' title='bbox 925 1862 972 1905; x_wconf 90' lang='lat' dir='ltr'>in</span> <span class='ocrx_word' id='word_1_279' title='bbox 998 1862 1086 1905; x_wconf 90' lang='lat' dir='ltr'>hac</span> <span class='ocrx_word' id='word_1_280' title='bbox 1123 1860 1488 1920; x_wconf 89' lang='lat' dir='ltr'>peregrinatione</span> <span class='ocrx_word' id='word_1_281' title='bbox 1515 1859 1743 1914; x_wconf 83' lang='lat' dir='ltr'>destituit3</span> <span class='ocrx_word' id='word_1_282' title='bbox 1779 1858 1857 1903; x_wconf 92' lang='lat' dir='ltr'>sed</span> <span class='ocrx_word' id='word_1_283' title='bbox 1890 1872 1970 1918; x_wconf 89' lang='lat' dir='ltr'>per</span> <span class='ocrx_word' id='word_1_284' title='bbox 1999 1859 2238 1904; x_wconf 80' lang='lat' dir='ltr'>veritatem</span> 
     </span>
     <span class='ocr_line' id='line_1_26' title="bbox 268 1925 2240 1988; baseline 0 -17"><span class='ocrx_word' id='word_1_285' title='bbox 268 1928 488 1986; x_wconf 90' lang='lat' dir='ltr'>corporis,</span> <span class='ocrx_word' id='word_1_286' title='bbox 516 1938 561 1973; x_wconf 90' lang='lat' dir='ltr'>et</span> <span class='ocrx_word' id='word_1_287' title='bbox 585 1929 819 1988; x_wconf 90' lang='lat' dir='ltr'>sanguinis</span> <span class='ocrx_word' id='word_1_288' title='bbox 853 1929 923 1972; x_wconf 91' lang='lat' dir='ltr'>sui</span> <span class='ocrx_word' id='word_1_289' title='bbox 949 1943 1034 1972; x_wconf 93' lang='lat' dir='ltr'>nos</span> <span class='ocrx_word' id='word_1_290' title='bbox 1069 1928 1154 1972; x_wconf 90' lang='lat' dir='ltr'>sibi</span> <span class='ocrx_word' id='word_1_291' title='bbox 1189 1927 1425 1986; x_wconf 83' lang='lat' dir='ltr'>conjungit</span> <span class='ocrx_word' id='word_1_292' title='bbox 1451 1927 1497 1970; x_wconf 91' lang='lat' dir='ltr'>in</span> <span class='ocrx_word' id='word_1_293' title='bbox 1531 1927 1622 1970; x_wconf 87' lang='lat' dir='ltr'>hoc</span> <span class='ocrx_word' id='word_1_294' title='bbox 1650 1934 1962 1979; x_wconf 87' lang='lat' dir='ltr'>sacramento;</span> <span class='ocrx_word' id='word_1_295' title='bbox 1994 1925 2115 1970; x_wconf 87' lang='lat' dir='ltr'>unde</span> <span class='ocrx_word' id='word_1_296' title='bbox 2140 1926 2240 1985; x_wconf 88' lang='lat' dir='ltr'>ipse</span> 
     </span>
     <span class='ocr_line' id='line_1_27' title="bbox 266 1994 2240 2053; baseline 0.001 -16"><span class='ocrx_word' id='word_1_297' title='bbox 266 1994 373 2038; x_wconf 91' lang='lat' dir='ltr'>dicit</span> <span class='ocrx_word' id='word_1_298' title='bbox 393 1994 524 2053; x_wconf 89' lang='lat' dir='ltr'>Joan.</span> <span class='ocrx_word' id='word_1_299' title='bbox 553 1994 617 2041; x_wconf 77' lang='lat'>6.:</span> <span class='ocrx_word' id='word_1_300' title='bbox 655 1997 745 2053; x_wconf 82' lang='lat' dir='ltr'>Qui</span> <span class='ocrx_word' id='word_1_301' title='bbox 777 1996 1006 2040; x_wconf 85' lang='lat' dir='ltr'>manducat</span> <span class='ocrx_word' id='word_1_302' title='bbox 1039 2010 1173 2040; x_wconf 80' lang='lat' dir='ltr'>meam</span> <span class='ocrx_word' id='word_1_303' title='bbox 1211 2009 1395 2049; x_wconf 75' lang='lat' dir='ltr'>carnem,</span> <span class='ocrx_word' id='word_1_304' title='bbox 1434 2001 1473 2052; x_wconf 72' lang='lat' dir='ltr'>et</span> <span class='ocrx_word' id='word_1_305' title='bbox 1508 1995 1611 2038; x_wconf 86' lang='lat' dir='ltr'>bibit</span> <span class='ocrx_word' id='word_1_306' title='bbox 1643 2008 1780 2037; x_wconf 83' lang='lat' dir='ltr'>meum</span> <span class='ocrx_word' id='word_1_307' title='bbox 1814 1994 2075 2051; x_wconf 78' lang='lat' dir='ltr'>sanguinem,</span> <span class='ocrx_word' id='word_1_308' title='bbox 2105 1994 2152 2037; x_wconf 85' lang='lat' dir='ltr'>in</span> <span class='ocrx_word' id='word_1_309' title='bbox 2175 2007 2240 2038; x_wconf 80' lang='lat' dir='ltr'>me</span> 
     </span>
     <span class='ocr_line' id='line_1_28' title="bbox 264 2059 2238 2122; baseline -0.001 -16"><span class='ocrx_word' id='word_1_310' title='bbox 264 2068 416 2116; x_wconf 82' lang='lat' dir='ltr'>manet,</span> <span class='ocrx_word' id='word_1_311' title='bbox 443 2069 483 2108; x_wconf 81' lang='lat' dir='ltr'>et</span> <span class='ocrx_word' id='word_1_312' title='bbox 507 2077 576 2122; x_wconf 82' lang='lat' dir='ltr'>ego</span> <span class='ocrx_word' id='word_1_313' title='bbox 602 2065 648 2107; x_wconf 84' lang='lat' dir='ltr'>in</span> <span class='ocrx_word' id='word_1_314' title='bbox 674 2078 718 2108; x_wconf 85' lang='lat' dir='ltr'>eo</span> <span class='ocrx_word' id='word_1_315' title='bbox 727 2078 743 2116; x_wconf 90' lang='lat'><em>;</em></span> <span class='ocrx_word' id='word_1_316' title='bbox 774 2063 894 2107; x_wconf 91' lang='lat' dir='ltr'>unde</span> <span class='ocrx_word' id='word_1_317' title='bbox 926 2063 1018 2107; x_wconf 93' lang='lat' dir='ltr'>hoc</span> <span class='ocrx_word' id='word_1_318' title='bbox 1052 2072 1392 2107; x_wconf 87' lang='lat' dir='ltr'>sacramentum</span> <span class='ocrx_word' id='word_1_319' title='bbox 1419 2071 1487 2105; x_wconf 90' lang='lat' dir='ltr'>est</span> <span class='ocrx_word' id='word_1_320' title='bbox 1513 2060 1742 2104; x_wconf 82' lang='lat' dir='ltr'>maximae</span> <span class='ocrx_word' id='word_1_321' title='bbox 1772 2059 2004 2104; x_wconf 87' lang='lat' dir='ltr'>charitatis</span> <span class='ocrx_word' id='word_1_322' title='bbox 2040 2059 2238 2119; x_wconf 79' lang='lat' dir='ltr'>signum,</span> 
     </span>
     <span class='ocr_line' id='line_1_29' title="bbox 266 2126 2238 2188; baseline 0.001 -16"><span class='ocrx_word' id='word_1_323' title='bbox 266 2138 310 2172; x_wconf 92' lang='lat' dir='ltr'>et</span> <span class='ocrx_word' id='word_1_324' title='bbox 334 2139 517 2173; x_wconf 89' lang='lat' dir='ltr'>nostrae</span> <span class='ocrx_word' id='word_1_325' title='bbox 540 2130 638 2188; x_wconf 89' lang='lat' dir='ltr'>spei</span> <span class='ocrx_word' id='word_1_326' title='bbox 659 2130 1057 2174; x_wconf 87' lang='lat' dir='ltr'>sublevamentum</span> <span class='ocrx_word' id='word_1_327' title='bbox 1081 2143 1134 2173; x_wconf 82' lang='lat' dir='ltr'>ex</span> <span class='ocrx_word' id='word_1_328' title='bbox 1156 2139 1252 2173; x_wconf 91' lang='lat' dir='ltr'>tam</span> <span class='ocrx_word' id='word_1_329' title='bbox 1273 2128 1487 2172; x_wconf 87' lang='lat' dir='ltr'>familiari</span> <span class='ocrx_word' id='word_1_330' title='bbox 1510 2127 1836 2186; x_wconf 88' lang='lat' dir='ltr'>conjunctione</span> <span class='ocrx_word' id='word_1_331' title='bbox 1854 2126 2026 2172; x_wconf 89' lang='lat' dir='ltr'>Christi</span> <span class='ocrx_word' id='word_1_332' title='bbox 2047 2127 2105 2172; x_wconf 82' lang='lat' dir='ltr'>ad</span> <span class='ocrx_word' id='word_1_333' title='bbox 2126 2140 2238 2174; x_wconf 81' lang='lat' dir='ltr'>nos:</span> 
     </span>
     <span class='ocr_line' id='line_1_30' title="bbox 265 2193 2238 2261; baseline -0.001 -21"><span class='ocrx_word' id='word_1_334' title='bbox 265 2198 384 2240; x_wconf 79' lang='lat' dir='ltr'>tertio</span> <span class='ocrx_word' id='word_1_335' title='bbox 411 2196 503 2240; x_wconf 89' lang='lat' dir='ltr'>hoc</span> <span class='ocrx_word' id='word_1_336' title='bbox 532 2197 753 2255; x_wconf 89' lang='lat' dir='ltr'>competit</span> <span class='ocrx_word' id='word_1_337' title='bbox 777 2196 1050 2254; x_wconf 85' lang='lat' dir='ltr'>perfectioni</span> <span class='ocrx_word' id='word_1_338' title='bbox 1074 2196 1194 2251; x_wconf 91' lang='lat' dir='ltr'>fidei,</span> <span class='ocrx_word' id='word_1_339' title='bbox 1221 2210 1337 2255; x_wconf 90' lang='lat' dir='ltr'>quae</span> <span class='ocrx_word' id='word_1_340' title='bbox 1359 2196 1480 2261; x_wconf 66' lang='lat' dir='ltr'>sicut</span> <span class='ocrx_word' id='word_1_341' title='bbox 1507 2205 1575 2239; x_wconf 90' lang='lat' dir='ltr'>est</span> <span class='ocrx_word' id='word_1_342' title='bbox 1607 2194 1662 2238; x_wconf 89' lang='lat' dir='ltr'>de</span> <span class='ocrx_word' id='word_1_343' title='bbox 1695 2194 1930 2239; x_wconf 90' lang='lat' dir='ltr'>divinitate</span> <span class='ocrx_word' id='word_1_344' title='bbox 1957 2193 2145 2250; x_wconf 83' lang='lat' dir='ltr'>Christi,</span> <span class='ocrx_word' id='word_1_345' title='bbox 2174 2195 2238 2240; x_wconf 83' lang='lat' dir='ltr'>ita</span> 
     </span>
     <span class='ocr_line' id='line_1_31' title="bbox 265 2262 2236 2322; baseline 0.001 -15"><span class='ocrx_word' id='word_1_346' title='bbox 265 2272 333 2307; x_wconf 90' lang='lat' dir='ltr'>est</span> <span class='ocrx_word' id='word_1_347' title='bbox 358 2263 414 2307; x_wconf 88' lang='lat' dir='ltr'>de</span> <span class='ocrx_word' id='word_1_348' title='bbox 441 2264 537 2322; x_wconf 85' lang='lat' dir='ltr'>ejus</span> <span class='ocrx_word' id='word_1_349' title='bbox 563 2263 864 2317; x_wconf 86' lang='lat' dir='ltr'>humanitate,</span> <span class='ocrx_word' id='word_1_350' title='bbox 891 2263 1146 2308; x_wconf 89' lang='lat' dir='ltr'>secundum</span> <span class='ocrx_word' id='word_1_351' title='bbox 1171 2263 1283 2307; x_wconf 87' lang='lat' dir='ltr'>illud</span> <span class='ocrx_word' id='word_1_352' title='bbox 1304 2263 1436 2321; x_wconf 91' lang='lat' dir='ltr'>Joan.</span> <span class='ocrx_word' id='word_1_353' title='bbox 1468 2275 1560 2318; x_wconf 88' lang='lat'>14.:</span> <span class='ocrx_word' id='word_1_354' title='bbox 1591 2262 1770 2307; x_wconf 83' lang='lat' dir='ltr'>Creditis</span> <span class='ocrx_word' id='word_1_355' title='bbox 1796 2264 1841 2306; x_wconf 87' lang='lat' dir='ltr'>in</span> <span class='ocrx_word' id='word_1_356' title='bbox 1866 2263 2022 2317; x_wconf 73' lang='lat' dir='ltr'>Deum,</span> <span class='ocrx_word' id='word_1_357' title='bbox 2044 2267 2085 2308; x_wconf 79' lang='lat' dir='ltr'>et</span> <span class='ocrx_word' id='word_1_358' title='bbox 2104 2264 2151 2308; x_wconf 76' lang='lat' dir='ltr'>in</span> <span class='ocrx_word' id='word_1_359' title='bbox 2171 2277 2236 2309; x_wconf 77' lang='lat' dir='ltr'>me</span> 
     </span>
     <span class='ocr_line' id='line_1_32' title="bbox 263 2329 2236 2389; baseline 0.001 -15"><span class='ocrx_word' id='word_1_360' title='bbox 263 2329 438 2383; x_wconf 83' lang='lat' dir='ltr'>credite;</span> <span class='ocrx_word' id='word_1_361' title='bbox 468 2340 511 2374; x_wconf 89' lang='lat' dir='ltr'>et</span> <span class='ocrx_word' id='word_1_362' title='bbox 537 2331 642 2389; x_wconf 89' lang='lat' dir='ltr'>quia</span> <span class='ocrx_word' id='word_1_363' title='bbox 667 2330 780 2375; x_wconf 91' lang='lat' dir='ltr'>fides</span> <span class='ocrx_word' id='word_1_364' title='bbox 813 2340 882 2375; x_wconf 91' lang='lat' dir='ltr'>est</span> <span class='ocrx_word' id='word_1_365' title='bbox 914 2331 1225 2385; x_wconf 89' lang='lat' dir='ltr'>invisibilium,</span> <span class='ocrx_word' id='word_1_366' title='bbox 1253 2332 1372 2375; x_wconf 89' lang='lat' dir='ltr'>sicut</span> <span class='ocrx_word' id='word_1_367' title='bbox 1397 2329 1682 2374; x_wconf 86' lang='lat' dir='ltr'>divinitatem</span> <span class='ocrx_word' id='word_1_368' title='bbox 1717 2343 1850 2374; x_wconf 85' lang='lat' dir='ltr'>suam</span> <span class='ocrx_word' id='word_1_369' title='bbox 1885 2329 2020 2374; x_wconf 89' lang='lat' dir='ltr'>nobis</span> <span class='ocrx_word' id='word_1_370' title='bbox 2054 2329 2236 2375; x_wconf 85' lang='lat' dir='ltr'>exhibet</span> 
     </span>
     <span class='ocr_line' id='line_1_33' title="bbox 263 2395 2238 2453; baseline 0.001 -12"><span class='ocrx_word' id='word_1_371' title='bbox 263 2395 473 2442; x_wconf 91' lang='lat' dir='ltr'>Christus</span> <span class='ocrx_word' id='word_1_372' title='bbox 499 2397 796 2453; x_wconf 89' lang='lat' dir='ltr'>invisibiliter,</span> <span class='ocrx_word' id='word_1_373' title='bbox 822 2398 885 2442; x_wconf 89' lang='lat' dir='ltr'>ita</span> <span class='ocrx_word' id='word_1_374' title='bbox 911 2408 955 2442; x_wconf 92' lang='lat' dir='ltr'>et</span> <span class='ocrx_word' id='word_1_375' title='bbox 980 2399 1026 2442; x_wconf 92' lang='lat' dir='ltr'>in</span> <span class='ocrx_word' id='word_1_376' title='bbox 1058 2398 1149 2443; x_wconf 91' lang='lat' dir='ltr'>hoc</span> <span class='ocrx_word' id='word_1_377' title='bbox 1182 2407 1472 2442; x_wconf 88' lang='lat' dir='ltr'>sacramento</span> <span class='ocrx_word' id='word_1_378' title='bbox 1508 2411 1693 2442; x_wconf 89' lang='lat' dir='ltr'>carnem</span> <span class='ocrx_word' id='word_1_379' title='bbox 1724 2410 1855 2442; x_wconf 91' lang='lat' dir='ltr'>suam</span> <span class='ocrx_word' id='word_1_380' title='bbox 1886 2396 2021 2445; x_wconf 87' lang='lat' dir='ltr'>nobis</span> <span class='ocrx_word' id='word_1_381' title='bbox 2054 2396 2238 2442; x_wconf 83' lang='lat' dir='ltr'>exhibet</span> 
     </span>
     <span class='ocr_line' id='line_1_34' title="bbox 260 2464 2236 2524; baseline 0.001 -16"><span class='ocrx_word' id='word_1_382' title='bbox 260 2464 475 2509; x_wconf 86' lang='lat' dir='ltr'>invisibili</span> <span class='ocrx_word' id='word_1_383' title='bbox 505 2465 662 2509; x_wconf 90' lang='lat' dir='ltr'>modo.</span> <span class='ocrx_word' id='word_1_384' title='bbox 693 2464 826 2517; x_wconf 83' lang='lat' dir='ltr'>Quae</span> <span class='ocrx_word' id='word_1_385' title='bbox 849 2465 1035 2524; x_wconf 90' lang='lat' dir='ltr'>quidam</span> <span class='ocrx_word' id='word_1_386' title='bbox 1061 2479 1156 2509; x_wconf 90' lang='lat' dir='ltr'>non</span> <span class='ocrx_word' id='word_1_387' title='bbox 1184 2464 1466 2509; x_wconf 87' lang='lat' dir='ltr'>attendentes</span> <span class='ocrx_word' id='word_1_388' title='bbox 1493 2473 1757 2523; x_wconf 89' lang='lat' dir='ltr'>posuerunt,</span> <span class='ocrx_word' id='word_1_389' title='bbox 1785 2477 1966 2523; x_wconf 88' lang='lat' dir='ltr'>corpus,</span> <span class='ocrx_word' id='word_1_390' title='bbox 1989 2472 2035 2508; x_wconf 89' lang='lat' dir='ltr'>et</span> <span class='ocrx_word' id='word_1_391' title='bbox 2056 2465 2236 2524; x_wconf 84' lang='lat' dir='ltr'>sangui-</span> 
     </span>
     <span class='ocr_line' id='line_1_35' title="bbox 261 2531 2237 2590; baseline 0.002 -15"><span class='ocrx_word' id='word_1_392' title='bbox 261 2546 368 2576; x_wconf 90' lang='lat' dir='ltr'>nem</span> <span class='ocrx_word' id='word_1_393' title='bbox 397 2531 571 2576; x_wconf 91' lang='lat' dir='ltr'>Christi</span> <span class='ocrx_word' id='word_1_394' title='bbox 595 2546 690 2576; x_wconf 93' lang='lat' dir='ltr'>non</span> <span class='ocrx_word' id='word_1_395' title='bbox 717 2546 815 2576; x_wconf 90' lang='lat' dir='ltr'>esse</span> <span class='ocrx_word' id='word_1_396' title='bbox 842 2532 889 2576; x_wconf 91' lang='lat' dir='ltr'>in</span> <span class='ocrx_word' id='word_1_397' title='bbox 914 2532 1006 2577; x_wconf 92' lang='lat' dir='ltr'>hoc</span> <span class='ocrx_word' id='word_1_398' title='bbox 1033 2542 1323 2577; x_wconf 88' lang='lat' dir='ltr'>sacramento</span> <span class='ocrx_word' id='word_1_399' title='bbox 1355 2532 1443 2576; x_wconf 89' lang='lat' dir='ltr'>nisi</span> <span class='ocrx_word' id='word_1_400' title='bbox 1469 2532 1587 2576; x_wconf 92' lang='lat' dir='ltr'>sicut</span> <span class='ocrx_word' id='word_1_401' title='bbox 1617 2532 1664 2575; x_wconf 94' lang='lat' dir='ltr'>in</span> <span class='ocrx_word' id='word_1_402' title='bbox 1697 2532 1855 2590; x_wconf 83' lang='lat' dir='ltr'>sign03</span> <span class='ocrx_word' id='word_1_403' title='bbox 1888 2531 2013 2590; x_wconf 90' lang='lat' dir='ltr'>quod</span> <span class='ocrx_word' id='word_1_404' title='bbox 2044 2541 2112 2576; x_wconf 88' lang='lat' dir='ltr'>est</span> <span class='ocrx_word' id='word_1_405' title='bbox 2140 2540 2237 2578; x_wconf 86' lang='lat' dir='ltr'>tan·</span> 
     </span>
     <span class='ocr_line' id='line_1_36' title="bbox 261 2598 2237 2676; baseline 0.001 -32"><span class='ocrx_word' id='word_1_406' title='bbox 261 2613 401 2659; x_wconf 88' lang='lat' dir='ltr'>quam</span> <span class='ocrx_word' id='word_1_407' title='bbox 436 2599 720 2644; x_wconf 88' lang='lat' dir='ltr'>haereticum</span> <span class='ocrx_word' id='word_1_408' title='bbox 758 2599 1080 2676; x_wconf 78' lang='lat' dir='ltr'>abjiciendum,</span> <span class='ocrx_word' id='word_1_409' title='bbox 1108 2610 1265 2675; x_wconf 81' lang='lat' dir='ltr'>utpote</span> <span class='ocrx_word' id='word_1_410' title='bbox 1298 2599 1449 2644; x_wconf 88' lang='lat' dir='ltr'>verbis</span> <span class='ocrx_word' id='word_1_411' title='bbox 1486 2599 1661 2643; x_wconf 91' lang='lat' dir='ltr'>Christi</span> <span class='ocrx_word' id='word_1_412' title='bbox 1698 2600 2009 2643; x_wconf 87' lang='lat' dir='ltr'>contrarium:</span> <span class='ocrx_word' id='word_1_413' title='bbox 2043 2598 2164 2644; x_wconf 88' lang='lat' dir='ltr'>unde</span> <span class='ocrx_word' id='word_1_414' title='bbox 2190 2609 2237 2645; x_wconf 90' lang='lat' dir='ltr'>et</span> 
     </span>
     <span class='ocr_line' id='line_1_37' title="bbox 261 2665 2234 2726; baseline 0 -15"><span class='ocrx_word' id='word_1_415' title='bbox 261 2667 579 2726; x_wconf 89' lang='lat' dir='ltr'>Berengarius,</span> <span class='ocrx_word' id='word_1_416' title='bbox 606 2666 684 2726; x_wconf 93' lang='lat' dir='ltr'>qui</span> <span class='ocrx_word' id='word_1_417' title='bbox 709 2667 882 2726; x_wconf 89' lang='lat' dir='ltr'>primus</span> <span class='ocrx_word' id='word_1_418' title='bbox 907 2666 1042 2724; x_wconf 84' lang='lat' dir='ltr'>hujus</span> <span class='ocrx_word' id='word_1_419' title='bbox 1072 2667 1236 2711; x_wconf 88' lang='lat' dir='ltr'>erroris</span> <span class='ocrx_word' id='word_1_420' title='bbox 1259 2675 1418 2710; x_wconf 89' lang='lat' dir='ltr'>auctor</span> <span class='ocrx_word' id='word_1_421' title='bbox 1442 2665 1602 2719; x_wconf 89' lang='lat' dir='ltr'>fuerat,</span> <span class='ocrx_word' id='word_1_422' title='bbox 1625 2675 1784 2724; x_wconf 89' lang='lat' dir='ltr'>postea</span> <span class='ocrx_word' id='word_1_423' title='bbox 1804 2675 1990 2711; x_wconf 89' lang='lat' dir='ltr'>coactus</span> <span class='ocrx_word' id='word_1_424' title='bbox 2009 2674 2078 2711; x_wconf 87' lang='lat' dir='ltr'>est</span> <span class='ocrx_word' id='word_1_425' title='bbox 2098 2679 2234 2711; x_wconf 84' lang='lat' dir='ltr'>suum</span> 
     </span>
     <span class='ocr_line' id='line_1_38' title="bbox 259 2733 2231 2794; baseline 0.001 -16"><span class='ocrx_word' id='word_1_426' title='bbox 259 2747 462 2779; x_wconf 89' lang='lat' dir='ltr'>errorem</span> <span class='ocrx_word' id='word_1_427' title='bbox 486 2748 719 2788; x_wconf 89' lang='lat' dir='ltr'>revocare,</span> <span class='ocrx_word' id='word_1_428' title='bbox 746 2743 791 2779; x_wconf 91' lang='lat' dir='ltr'>et</span> <span class='ocrx_word' id='word_1_429' title='bbox 815 2733 1057 2778; x_wconf 87' lang='lat' dir='ltr'>veritatem</span> <span class='ocrx_word' id='word_1_430' title='bbox 1082 2733 1188 2778; x_wconf 90' lang='lat' dir='ltr'>fidei</span> <span class='ocrx_word' id='word_1_431' title='bbox 1215 2733 1422 2778; x_wconf 90' lang='lat' dir='ltr'>confiteri</span> <span class='ocrx_word' id='word_1_432' title='bbox 1447 2734 1516 2792; x_wconf 86' lang='lat' dir='ltr'>(ut</span> <span class='ocrx_word' id='word_1_433' title='bbox 1547 2735 1640 2778; x_wconf 88' lang='lat' dir='ltr'>hab.</span> <span class='ocrx_word' id='word_1_434' title='bbox 1674 2741 1794 2794; x_wconf 54' lang='grc' dir='ltr'>σαμε</span> <span class='ocrx_word' id='word_1_435' title='bbox 1822 2734 1912 2793; x_wconf 84' lang='lat' dir='ltr'>Ego</span> <span class='ocrx_word' id='word_1_436' title='bbox 1938 2734 2231 2793; x_wconf 70' lang='lat' dir='ltr'>Berengarius,</span> 
     </span>
     <span class='ocr_line' id='line_1_39' title="bbox 259 2801 843 2860; baseline -0.002 -13"><span class='ocrx_word' id='word_1_437' title='bbox 259 2802 332 2847; x_wconf 79' lang='lat' dir='ltr'>De</span> <span class='ocrx_word' id='word_1_438' title='bbox 355 2801 595 2847; x_wconf 83' lang='lat' dir='ltr'>Consecrat.</span> <span class='ocrx_word' id='word_1_439' title='bbox 623 2802 736 2847; x_wconf 86' lang='lat' dir='ltr'>Dist.</span> <span class='ocrx_word' id='word_1_440' title='bbox 764 2816 788 2846; x_wconf 91' lang='lat'><em>2</em></span> <span class='ocrx_word' id='word_1_441' title='bbox 794 2802 843 2860; x_wconf 89' lang='lat'>.).</span> 
     </span>
    </p>

    <p class='ocr_par' dir='ltr' id='par_1_4' title="bbox 249 2866 2231 3604">
     <span class='ocr_line' id='line_1_40' title="bbox 347 2866 2228 2928; baseline 0 -14"><span class='ocrx_word' id='word_1_442' title='bbox 347 2869 424 2914; x_wconf 85' lang='lat' dir='ltr'>An</span> <span class='ocrx_word' id='word_1_443' title='bbox 450 2882 640 2915; x_wconf 81' lang='lat' dir='ltr'>PRIMUM</span> <span class='ocrx_word' id='word_1_444' title='bbox 666 2882 777 2927; x_wconf 90' lang='lat' dir='ltr'>ergo</span> <span class='ocrx_word' id='word_1_445' title='bbox 805 2868 1062 2923; x_wconf 88' lang='lat' dir='ltr'>dicendum,</span> <span class='ocrx_word' id='word_1_446' title='bbox 1089 2868 1212 2927; x_wconf 92' lang='lat' dir='ltr'>quod</span> <span class='ocrx_word' id='word_1_447' title='bbox 1245 2883 1299 2913; x_wconf 84' lang='lat' dir='ltr'>ex</span> <span class='ocrx_word' id='word_1_448' title='bbox 1331 2869 1418 2912; x_wconf 90' lang='lat' dir='ltr'>hac</span> <span class='ocrx_word' id='word_1_449' title='bbox 1454 2869 1724 2914; x_wconf 89' lang='lat' dir='ltr'>auctoritate</span> <span class='ocrx_word' id='word_1_450' title='bbox 1756 2867 1977 2928; x_wconf 81' lang='lat' dir='ltr'>praedicti</span> <span class='ocrx_word' id='word_1_451' title='bbox 2007 2866 2228 2916; x_wconf 80' lang='lat' dir='ltr'>haeretici</span> 
     </span>
     <span class='ocr_line' id='line_1_41' title="bbox 258 2934 2230 2996; baseline 0.001 -15"><span class='ocrx_word' id='word_1_452' title='bbox 258 2937 554 2982; x_wconf 89' lang='lat' dir='ltr'>occasionem</span> <span class='ocrx_word' id='word_1_453' title='bbox 569 2936 747 2981; x_wconf 90' lang='lat' dir='ltr'>errandi</span> <span class='ocrx_word' id='word_1_454' title='bbox 764 2945 1068 2995; x_wconf 89' lang='lat' dir='ltr'>sumpserunt,</span> <span class='ocrx_word' id='word_1_455' title='bbox 1086 2935 1207 2980; x_wconf 90' lang='lat' dir='ltr'>male</span> <span class='ocrx_word' id='word_1_456' title='bbox 1217 2937 1353 2980; x_wconf 87' lang='lat' dir='ltr'>verba</span> <span class='ocrx_word' id='word_1_457' title='bbox 1368 2937 1614 2996; x_wconf 86' lang='lat' dir='ltr'>Augustini</span> <span class='ocrx_word' id='word_1_458' title='bbox 1631 2935 1950 2996; x_wconf 85' lang='lat' dir='ltr'>intelligentes.</span> <span class='ocrx_word' id='word_1_459' title='bbox 1965 2934 2088 2981; x_wconf 88' lang='lat' dir='ltr'>Cum</span> <span class='ocrx_word' id='word_1_460' title='bbox 2105 2937 2230 2982; x_wconf 82' lang='lat' dir='ltr'>enim</span> 
     </span>
     <span class='ocr_line' id='line_1_42' title="bbox 256 3002 2230 3064; baseline 0 -15"><span class='ocrx_word' id='word_1_461' title='bbox 256 3005 451 3064; x_wconf 90' lang='lat' dir='ltr'>August.</span> <span class='ocrx_word' id='word_1_462' title='bbox 479 3004 614 3048; x_wconf 88' lang='lat' dir='ltr'>dicit:</span> <span class='ocrx_word' id='word_1_463' title='bbox 644 3019 668 3045; x_wconf 90' lang='lat'>«</span> <span class='ocrx_word' id='word_1_464' title='bbox 689 3003 796 3048; x_wconf 92' lang='lat' dir='ltr'>Non</span> <span class='ocrx_word' id='word_1_465' title='bbox 822 3003 914 3047; x_wconf 88' lang='lat' dir='ltr'>hoc</span> <span class='ocrx_word' id='word_1_466' title='bbox 942 3016 1122 3062; x_wconf 87' lang='lat' dir='ltr'>corpus,</span> <span class='ocrx_word' id='word_1_467' title='bbox 1149 3003 1270 3062; x_wconf 92' lang='lat' dir='ltr'>quod</span> <span class='ocrx_word' id='word_1_468' title='bbox 1297 3004 1474 3058; x_wconf 91' lang='lat' dir='ltr'>videtis,</span> <span class='ocrx_word' id='word_1_469' title='bbox 1501 3003 1820 3049; x_wconf 86' lang='lat' dir='ltr'>manducaturi</span> <span class='ocrx_word' id='word_1_470' title='bbox 1845 3003 1952 3049; x_wconf 86' lang='lat' dir='ltr'>estis</span> <span class='ocrx_word' id='word_1_471' title='bbox 1978 3014 2022 3058; x_wconf 65' lang='grc' dir='ltr'>ιο,</span> <span class='ocrx_word' id='word_1_472' title='bbox 2048 3002 2230 3049; x_wconf 73' lang='lat' dir='ltr'>nonin-</span> 
     </span>
     <span class='ocr_line' id='line_1_43' title="bbox 254 3069 2226 3131; baseline 0 -15"><span class='ocrx_word' id='word_1_473' title='bbox 254 3072 397 3117; x_wconf 90' lang='lat' dir='ltr'>tendit</span> <span class='ocrx_word' id='word_1_474' title='bbox 425 3071 664 3117; x_wconf 85' lang='lat' dir='ltr'>excludere</span> <span class='ocrx_word' id='word_1_475' title='bbox 690 3071 929 3116; x_wconf 88' lang='lat' dir='ltr'>veritatem</span> <span class='ocrx_word' id='word_1_476' title='bbox 953 3070 1158 3129; x_wconf 65' lang='lat' dir='ltr'>corporis</span> <span class='ocrx_word' id='word_1_477' title='bbox 1176 3070 1362 3126; x_wconf 88' lang='lat' dir='ltr'>Christi,</span> <span class='ocrx_word' id='word_1_478' title='bbox 1386 3071 1465 3116; x_wconf 88' lang='lat' dir='ltr'>sed</span> <span class='ocrx_word' id='word_1_479' title='bbox 1488 3072 1611 3131; x_wconf 92' lang='lat' dir='ltr'>quod</span> <span class='ocrx_word' id='word_1_480' title='bbox 1630 3085 1722 3116; x_wconf 91' lang='lat' dir='ltr'>non</span> <span class='ocrx_word' id='word_1_481' title='bbox 1741 3080 1836 3116; x_wconf 86' lang='lat' dir='ltr'>erat</span> <span class='ocrx_word' id='word_1_482' title='bbox 1852 3069 2226 3117; x_wconf 64' lang='lat' dir='ltr'>manducandum</span> 
     </span>
     <span class='ocr_line' id='line_1_44' title="bbox 254 3137 2231 3199; baseline 0.001 -16"><span class='ocrx_word' id='word_1_483' title='bbox 254 3140 301 3184; x_wconf 93' lang='lat' dir='ltr'>in</span> <span class='ocrx_word' id='word_1_484' title='bbox 326 3140 413 3184; x_wconf 89' lang='lat' dir='ltr'>hac</span> <span class='ocrx_word' id='word_1_485' title='bbox 442 3139 607 3199; x_wconf 90' lang='lat' dir='ltr'>specie,</span> <span class='ocrx_word' id='word_1_486' title='bbox 633 3139 681 3183; x_wconf 91' lang='lat' dir='ltr'>in</span> <span class='ocrx_word' id='word_1_487' title='bbox 706 3153 796 3199; x_wconf 89' lang='lat' dir='ltr'>qua</span> <span class='ocrx_word' id='word_1_488' title='bbox 823 3139 876 3183; x_wconf 91' lang='lat' dir='ltr'>ab</span> <span class='ocrx_word' id='word_1_489' title='bbox 905 3139 968 3183; x_wconf 90' lang='lat' dir='ltr'>eis</span> <span class='ocrx_word' id='word_1_490' title='bbox 994 3138 1250 3182; x_wconf 88' lang='lat' dir='ltr'>videbatur:</span> <span class='ocrx_word' id='word_1_491' title='bbox 1283 3153 1363 3197; x_wconf 90' lang='lat' dir='ltr'>per</span> <span class='ocrx_word' id='word_1_492' title='bbox 1387 3139 1479 3196; x_wconf 85' lang='lat' dir='ltr'>hoc</span> <span class='ocrx_word' id='word_1_493' title='bbox 1508 3149 1662 3184; x_wconf 91' lang='lat' dir='ltr'>autem</span> <span class='ocrx_word' id='word_1_494' title='bbox 1680 3138 1803 3199; x_wconf 92' lang='lat' dir='ltr'>quod</span> <span class='ocrx_word' id='word_1_495' title='bbox 1824 3139 2002 3184; x_wconf 84' lang='lat' dir='ltr'>subdit:</span> <span class='ocrx_word' id='word_1_496' title='bbox 2031 3137 2231 3185; x_wconf 71' lang='lat' dir='ltr'>«Sacra-</span> 
     </span>
     <span class='ocr_line' id='line_1_45' title="bbox 254 3201 2220 3267; baseline -0.001 -15"><span class='ocrx_word' id='word_1_497' title='bbox 254 3218 476 3263; x_wconf 89' lang='lat' dir='ltr'>mentum,</span> <span class='ocrx_word' id='word_1_498' title='bbox 499 3207 622 3267; x_wconf 92' lang='lat' dir='ltr'>quod</span> <span class='ocrx_word' id='word_1_499' title='bbox 647 3207 778 3251; x_wconf 87' lang='lat' dir='ltr'>vobis</span> <span class='ocrx_word' id='word_1_500' title='bbox 805 3205 1142 3259; x_wconf 89' lang='lat' dir='ltr'>commendavi,</span> <span class='ocrx_word' id='word_1_501' title='bbox 1170 3206 1461 3265; x_wconf 87' lang='lat' dir='ltr'>spiritualiter</span> <span class='ocrx_word' id='word_1_502' title='bbox 1493 3207 1777 3251; x_wconf 89' lang='lat' dir='ltr'>intellectum</span> <span class='ocrx_word' id='word_1_503' title='bbox 1797 3201 2047 3251; x_wconf 83' lang='lat' dir='ltr'>vivificabit</span> <span class='ocrx_word' id='word_1_504' title='bbox 2069 3216 2156 3251; x_wconf 82' lang='lat' dir='ltr'>vos</span> <span class='ocrx_word' id='word_1_505' title='bbox 2175 3220 2220 3262; x_wconf 60' lang='lat' dir='ltr'>a,</span> 
     </span>
     <span class='ocr_line' id='line_1_46' title="bbox 254 3272 2225 3334; baseline -0.001 -15"><span class='ocrx_word' id='word_1_506' title='bbox 254 3289 348 3319; x_wconf 87' lang='lat' dir='ltr'>non</span> <span class='ocrx_word' id='word_1_507' title='bbox 380 3275 571 3319; x_wconf 88' lang='lat' dir='ltr'>intendit</span> <span class='ocrx_word' id='word_1_508' title='bbox 608 3274 731 3334; x_wconf 91' lang='lat' dir='ltr'>quod</span> <span class='ocrx_word' id='word_1_509' title='bbox 769 3287 934 3333; x_wconf 90' lang='lat' dir='ltr'>corpus</span> <span class='ocrx_word' id='word_1_510' title='bbox 968 3272 1140 3318; x_wconf 89' lang='lat' dir='ltr'>Christi</span> <span class='ocrx_word' id='word_1_511' title='bbox 1173 3274 1227 3317; x_wconf 88' lang='lat' dir='ltr'>sit</span> <span class='ocrx_word' id='word_1_512' title='bbox 1259 3274 1303 3317; x_wconf 88' lang='lat' dir='ltr'>in</span> <span class='ocrx_word' id='word_1_513' title='bbox 1338 3274 1428 3318; x_wconf 89' lang='lat' dir='ltr'>hoc</span> <span class='ocrx_word' id='word_1_514' title='bbox 1462 3284 1754 3320; x_wconf 86' lang='lat' dir='ltr'>sacramento</span> <span class='ocrx_word' id='word_1_515' title='bbox 1786 3272 1938 3319; x_wconf 90' lang='lat' dir='ltr'>solum</span> <span class='ocrx_word' id='word_1_516' title='bbox 1969 3272 2225 3319; x_wconf 79' lang='lat' dir='ltr'>secundum</span> 
     </span>
     <span class='ocr_line' id='line_1_47' title="bbox 254 3339 2228 3402; baseline -0.001 -17"><span class='ocrx_word' id='word_1_517' title='bbox 254 3343 496 3402; x_wconf 83' lang='lat' dir='ltr'>mysticam</span> <span class='ocrx_word' id='word_1_518' title='bbox 523 3342 922 3401; x_wconf 87' lang='lat' dir='ltr'>significationem,</span> <span class='ocrx_word' id='word_1_519' title='bbox 949 3340 1026 3385; x_wconf 90' lang='lat' dir='ltr'>sed</span> <span class='ocrx_word' id='word_1_520' title='bbox 1052 3341 1328 3400; x_wconf 74' lang='lat' dir='ltr'>spiritualiter</span> <span class='ocrx_word' id='word_1_521' title='bbox 1354 3342 1474 3396; x_wconf 89' lang='lat' dir='ltr'>dicit,</span> <span class='ocrx_word' id='word_1_522' title='bbox 1501 3342 1618 3386; x_wconf 90' lang='lat' dir='ltr'>idest</span> <span class='ocrx_word' id='word_1_523' title='bbox 1645 3340 1944 3396; x_wconf 85' lang='lat' dir='ltr'>invisibiliter,</span> <span class='ocrx_word' id='word_1_524' title='bbox 1962 3349 2016 3386; x_wconf 41' lang='lat' dir='ltr'>*et</span> <span class='ocrx_word' id='word_1_525' title='bbox 2038 3353 2123 3402; x_wconf 80' lang='lat' dir='ltr'>per</span> <span class='ocrx_word' id='word_1_526' title='bbox 2142 3339 2228 3385; x_wconf 85' lang='lat' dir='ltr'>vir·</span> 
     </span>
     <span class='ocr_line' id='line_1_48' title="bbox 252 3406 2227 3470; baseline -0.001 -16"><span class='ocrx_word' id='word_1_527' title='bbox 252 3420 396 3455; x_wconf 90' lang='lat' dir='ltr'>tutem</span> <span class='ocrx_word' id='word_1_528' title='bbox 425 3410 618 3470; x_wconf 88' lang='lat' dir='ltr'>Spiritus</span> <span class='ocrx_word' id='word_1_529' title='bbox 646 3409 827 3463; x_wconf 83' lang='lat' dir='ltr'>Sancti3</span> <span class='ocrx_word' id='word_1_530' title='bbox 854 3408 974 3453; x_wconf 90' lang='lat' dir='ltr'>unde</span> <span class='ocrx_word' id='word_1_531' title='bbox 1002 3421 1136 3466; x_wconf 90' lang='lat' dir='ltr'>super</span> <span class='ocrx_word' id='word_1_532' title='bbox 1152 3407 1281 3465; x_wconf 80' lang='lat' dir='ltr'>Joan.</span> <span class='ocrx_word' id='word_1_533' title='bbox 1311 3423 1542 3468; x_wconf 84' lang='lat' dir='ltr'>exponens</span> <span class='ocrx_word' id='word_1_534' title='bbox 1568 3408 1613 3452; x_wconf 92' lang='lat' dir='ltr'>id</span> <span class='ocrx_word' id='word_1_535' title='bbox 1641 3409 1763 3468; x_wconf 89' lang='lat' dir='ltr'>quod</span> <span class='ocrx_word' id='word_1_536' title='bbox 1783 3408 1971 3453; x_wconf 81' lang='lat' dir='ltr'>dicitur:</span> <span class='ocrx_word' id='word_1_537' title='bbox 1999 3406 2115 3454; x_wconf 85' lang='lat' dir='ltr'>Caro</span> <span class='ocrx_word' id='word_1_538' title='bbox 2140 3420 2227 3452; x_wconf 72' lang='lat' dir='ltr'>non</span> 
     </span>
     <span class='ocr_line' id='line_1_49' title="bbox 249 3473 2227 3536; baseline -0.001 -14"><span class='ocrx_word' id='word_1_539' title='bbox 249 3478 415 3536; x_wconf 71' lang='lat' dir='ltr'>prodest</span> <span class='ocrx_word' id='word_1_540' title='bbox 441 3477 667 3536; x_wconf 85' lang='lat' dir='ltr'>quidquam</span> <span class='ocrx_word' id='word_1_541' title='bbox 697 3476 836 3533; x_wconf 84' lang='lat' dir='ltr'>(tract.</span> <span class='ocrx_word' id='word_1_542' title='bbox 864 3489 930 3535; x_wconf 84' lang='lat'>27.</span> <span class='ocrx_word' id='word_1_543' title='bbox 950 3482 1108 3536; x_wconf 82' lang='lat' dir='ltr'>parum</span> <span class='ocrx_word' id='word_1_544' title='bbox 1146 3481 1238 3519; x_wconf 70' lang='lat' dir='ltr'>ante</span> <span class='ocrx_word' id='word_1_545' title='bbox 1281 3475 1422 3533; x_wconf 65' lang='lat' dir='ltr'>med),</span> <span class='ocrx_word' id='word_1_546' title='bbox 1453 3476 1588 3519; x_wconf 90' lang='lat' dir='ltr'>dicit:</span> <span class='ocrx_word' id='word_1_547' title='bbox 1627 3492 1651 3518; x_wconf 89' lang='lat'>«</span> <span class='ocrx_word' id='word_1_548' title='bbox 1676 3475 1767 3520; x_wconf 88' lang='lat' dir='ltr'>Sed</span> <span class='ocrx_word' id='word_1_549' title='bbox 1794 3474 2034 3536; x_wconf 88' lang='lat' dir='ltr'>quomodo</span> <span class='ocrx_word' id='word_1_550' title='bbox 2063 3473 2133 3520; x_wconf 74' lang='lat' dir='ltr'>illi</span> <span class='ocrx_word' id='word_1_551' title='bbox 2162 3474 2227 3520; x_wconf 82' lang='lat' dir='ltr'>in-</span> 
     </span>
     <span class='ocr_line' id='line_1_50' title="bbox 252 3541 2225 3604; baseline -0.002 -15"><span class='ocrx_word' id='word_1_552' title='bbox 252 3544 544 3589; x_wconf 83' lang='lat' dir='ltr'>tellexerunt:</span> <span class='ocrx_word' id='word_1_553' title='bbox 573 3558 760 3589; x_wconf 89' lang='lat' dir='ltr'>carnem</span> <span class='ocrx_word' id='word_1_554' title='bbox 787 3543 953 3604; x_wconf 87' lang='lat' dir='ltr'>quippe</span> <span class='ocrx_word' id='word_1_555' title='bbox 980 3542 1043 3588; x_wconf 89' lang='lat' dir='ltr'>sic</span> <span class='ocrx_word' id='word_1_556' title='bbox 1070 3541 1388 3587; x_wconf 83' lang='lat' dir='ltr'>intellexerunt</span> <span class='ocrx_word' id='word_1_557' title='bbox 1416 3543 1801 3598; x_wconf 87' lang='lat' dir='ltr'>manducandam,</span> <span class='ocrx_word' id='word_1_558' title='bbox 1824 3541 2063 3602; x_wconf 81' lang='lat' dir='ltr'>quomodo</span> <span class='ocrx_word' id='word_1_559' title='bbox 2082 3541 2225 3587; x_wconf 80' lang='lat' dir='ltr'>inca·</span> 
     </span>
    </p>
   </div>
   <div class='ocr_carea' id='block_1_3' title="bbox 253 3608 2222 3670">
    <p class='ocr_par' dir='ltr' id='par_1_5' title="bbox 253 3608 2222 3670">
     <span class='ocr_line' id='line_1_51' title="bbox 253 3608 2222 3670; baseline -0.002 -15"><span class='ocrx_word' id='word_1_560' title='bbox 253 3612 418 3657; x_wconf 87' lang='lat' dir='ltr'>davere</span> <span class='ocrx_word' id='word_1_561' title='bbox 445 3611 702 3666; x_wconf 86' lang='lat' dir='ltr'>dilaniatur,</span> <span class='ocrx_word' id='word_1_562' title='bbox 729 3620 807 3657; x_wconf 85' lang='lat' dir='ltr'>aut</span> <span class='ocrx_word' id='word_1_563' title='bbox 838 3611 884 3655; x_wconf 91' lang='lat' dir='ltr'>in</span> <span class='ocrx_word' id='word_1_564' title='bbox 912 3608 1108 3656; x_wconf 85' lang='lat' dir='ltr'>macello</span> <span class='ocrx_word' id='word_1_565' title='bbox 1140 3609 1364 3664; x_wconf 86' lang='lat' dir='ltr'>venditur,</span> <span class='ocrx_word' id='word_1_566' title='bbox 1398 3622 1493 3655; x_wconf 90' lang='lat' dir='ltr'>non</span> <span class='ocrx_word' id='word_1_567' title='bbox 1519 3610 1757 3669; x_wconf 89' lang='lat' dir='ltr'>quomodo</span> <span class='ocrx_word' id='word_1_568' title='bbox 1783 3609 1943 3670; x_wconf 84' lang='lat' dir='ltr'>spiritu</span> <span class='ocrx_word' id='word_1_569' title='bbox 1967 3617 2222 3669; x_wconf 71' lang='lat' dir='ltr'>vegetatur.</span> 
     </span>
    </p>
   </div>
   <div class='ocr_carea' id='block_1_4' title="bbox 2315 2436 2352 3767">
    <p class='ocr_par' dir='ltr' id='par_1_6' title="bbox 2315 2436 2352 3767">
     <span class='ocr_line' id='line_1_52' title="bbox 2315 2436 2352 3767; baseline 0 0"><span class='ocrx_word' id='word_1_570' title='bbox 2315 2436 2352 3767; x_wconf 95' lang='lat' dir='ltr'> </span> 
     </span>
    </p>
   </div>
  </div>
 </body>
</html>
