2352 3926
672 263 953 312 QUABSTIO
991 262 1178 303 vaul.
1218 260 1528 302 ARTICULUS
1565 261 1618 300 V.
2015 243 2121 315 587

215 402 218 403 γ
253 367 331 413 An
352 380 540 413 numm
562 380 672 426 ergo
695 366 954 421 dicendum,
971 365 1109 426 quod,
1127 365 1245 411 sicut
1259 364 1454 424 August.
1470 363 1579 409 dicit
1593 362 1641 408 in
1656 360 1733 407 lib.
1759 374 1796 407 1.
1812 361 1869 407 de
1885 361 2123 421 Baptismo

165 433 459 495 parvulorum
484 434 574 493 (seu
598 434 646 479 de
668 434 828 479 Peccat.
860 435 998 479 merit.
1023 438 1064 479 et
1086 434 1242 478 remiss.
1265 440 1355 492 cap.
1372 431 1445 477 26.
1468 444 1495 476 a
1510 429 1653 488 med),
1676 427 1731 474 ad
1755 428 1847 475 hoc
1871 427 2124 488 baptismus

163 500 299 556 valet,
319 517 342 543 ε(
359 511 408 546 ut
430 501 644 561 baptizati
661 500 847 546 Christo
865 500 1226 560 incorporentur,
1243 508 1293 544 ut
1305 498 1513 543 membra
1530 498 1625 556 ejus
1643 513 1667 540 >2
1685 511 1697 552 3
1722 495 1844 541 unde
1859 495 1958 554 ipsa
1975 509 2125 555 poena

166 567 340 614 Christi
355 567 439 613 fuit
454 567 753 613 satisfactoria
771 582 851 628 pro
868 566 1068 627 peccatis
1093 567 1440 624 baptizatorum,
1468 565 1584 609 sicut
1602 574 1646 609 et
1663 576 1812 624 poena
1833 562 1966 608 unius
1982 576 2126 608 mern-

163 634 234 679 bri
253 645 404 695 potest
424 650 522 681 esse
549 634 846 680 satisfactoria
866 648 947 694 pro
966 642 1156 692 peccato
1175 632 1357 677 alterius
1374 631 1592 685 membri;
1610 630 1729 675 unde
1745 630 1830 675 Isa.
1853 642 1918 688 53.
1939 629 2124 675 dicitur:

174 702 272 748 Vere
298 703 514 762 languores
536 709 696 747 nostros
720 704 802 761 ipse
828 701 935 755 tulit,
964 706 1000 745 et
1025 699 1182 744 dolores
1203 705 1360 743 nostros
1381 701 1463 758 ipse
1483 700 1687 758 portavit.

252 770 330 815 AD
362 783 621 815 SECUNDUM
643 768 904 821 dicendum,
927 766 1049 826 quod
1076 781 1219 826 nuper
1243 766 1456 825 baptizati
1482 765 1759 810 exercitandi
1783 775 1888 810 sunt
1913 764 1970 809 ad
1995 762 2120 823 justi-

163 836 290 891 tiam,
315 851 409 882 non
435 851 515 896 per
541 850 678 896 opera
703 834 929 895 poenalia,
956 834 1034 878 sed
1061 847 1141 892 per
1166 847 1304 892 opera
1326 832 1490 886 facilia,
1518 847 1541 873 «
1563 842 1613 876 ut
1638 833 1765 891 quasi
1786 832 1988 892 quodam
2005 831 2125 876 lacte

162 902 308 949 facilis
340 904 540 948 exercitii
564 912 918 963 promoveantur
951 901 1006 944 ad
1038 899 1307 960 perfectiora
1342 916 1382 954 2),
1410 909 1459 944 ut
1485 898 1636 943 Gloss.
1665 899 1773 957 (ord.
1800 900 1982 960 implic.)
2016 898 2128 943 dicit

165 985 301 1030 super
325 970 436 1015 illud
462 970 580 1016 Psal.
606 983 728 1029 -13o.:
755 970 871 1014 Sicut
901 968 1133 1013 ablactatus
1157 973 1212 1012 est
1241 974 1364 1026 super
1387 973 1521 1011 matre
1550 981 1652 1019 sua;
1681 967 1799 1011 unde
1826 977 1872 1012 et
1895 965 2125 1011 Dominus

165 1037 412 1098 discipulos
438 1052 544 1082 suos
571 1037 626 1081 de
651 1051 776 1081 novo
803 1049 1048 1080 conversos
1076 1049 1101 1078 a
1126 1035 1297 1094 jejunio
1326 1034 1574 1087 excusavit,
1594 1043 1643 1077 ut
1667 1044 1790 1092 patet
1811 1034 1973 1079 Matth.
1995 1047 2058 1095 9.;
2082 1042 2127 1078 et

163 1104 256 1150 hoc
282 1114 351 1150 est
374 1104 497 1164 quod
524 1103 685 1148 dicitur
715 1118 751 1147 1.
778 1103 897 1147 Petr.
925 1115 991 1146 2.:
1016 1103 1132 1147 Sicut
1159 1101 1278 1146 modo
1302 1103 1430 1161 geniti
1454 1101 1649 1160 infantes,
1677 1100 1742 1146 lac
1769 1103 2054 1162 concupiscite,
2079 1105 2127 1145 ut

163 1173 212 1216 in
234 1186 280 1218 eo
304 1173 496 1217 crescatis
522 1173 564 1216 in
589 1171 774 1216 salutem.

250 1237 328 1284 An
355 1251 568 1285 TERTIUM
593 1237 852 1294 dicendum,
885 1237 1008 1297 quod
1039 1237 1272 1282 restituere
1299 1235 1421 1281 male
1449 1235 1599 1280 ablata
1625 1236 1860 1296 proximis,
1882 1245 1927 1281 et
1951 1234 2122 1281 satisfa-

164 1319 268 1351 cere
293 1306 359 1351 eis
385 1306 441 1351 de
467 1306 643 1366 injuriis
667 1305 818 1360 illatis,
845 1315 912 1350 est
938 1318 1115 1350 cessare
1143 1318 1167 1348 a
1193 1303 1453 1364 peccando;
1481 1302 1588 1363 quia
1612 1303 1704 1348 hoc
1725 1303 1890 1362 ipsum,
1912 1303 2036 1364 quod
2058 1313 2127 1348 est

164 1372 366 1418 detinere
392 1372 555 1427 aliena,
581 1383 626 1417 et
650 1373 911 1433 proximum
937 1371 1115 1417 laesum
1131 1386 1225 1416 non
1244 1370 1439 1431 placare,
1457 1381 1523 1416 est
1539 1381 1805 1431 peccatum:
1832 1381 1877 1416 et
1899 1371 2006 1416 ideo
2026 1385 2128 1431 pec-

166 1440 394 1485 catoribus
415 1440 651 1500 baptizatis
673 1439 1002 1499 iniungendum
1021 1449 1101 1494 est,
1119 1439 1242 1499 quod
1260 1437 1539 1484 satisfaciant
1559 1438 1793 1498 proximis,
1810 1438 1928 1483 sicut
1942 1448 1988 1484 et
2002 1438 2126 1498 quod

162 1506 380 1552 desistant
405 1521 431 1552 a
456 1517 677 1566 peccato:¹
696 1521 792 1551 non
818 1515 885 1551 est
911 1517 1065 1552 autem
1092 1506 1155 1551 eis
1176 1505 1523 1566 injungendum,
1540 1506 1663 1566 quod
1680 1519 1764 1566 pro
1780 1506 1980 1566 peccatis
1997 1519 2127 1566 prae-

161 1574 303 1621 teritis
328 1573 529 1635 aliquam
555 1589 754 1635 poenam
779 1575 1019 1634 patiantur.

870 1737 1302 1796 ARTICULUS
1343 1739 1441 1794 VI.
2035 1752 2118 1814 389

407 1872 602 1913 UTRUM
640 1873 995 1912 PECCATORES
1035 1875 1110 1912 AD
1152 1875 1467 1913 BAPTISMUM
1507 1874 1868 1914 ACCEDENTES

583 1955 915 1995 TENEANTUR
954 1956 1058 1994 SUA
1096 1957 1350 1995 PECCATA
1390 1957 1701 1996 CONFITERI.

193 2064 249 2124 (3.
270 2064 384 2110 Dist.
410 2077 477 2125 19.
501 2071 580 2111 art.
595 2081 632 2125 3.
656 2081 694 2125 q.
717 2082 752 2111 ι.
775 2066 828 2111 ad
848 2083 884 2112 1.
906 2073 945 2112 et
965 2068 1035 2111 lib.
1058 2081 1099 2125 4.
1122 2067 1268 2113 Contr.
1288 2082 1328 2126 g.
1351 2075 1442 2128 cap.
1465 2068 1528 2114 18.
1552 2073 1590 2112 et
1612 2069 1788 2114 Roman.
1815 2083 1872 2113 Π.
1901 2067 1988 2113 lect.
2014 2068 2094 2127 4.).

253 2178 330 2222 An
366 2190 556 2223 SEXTUM
593 2179 657 2223 sic
684 2180 954 2237 proceditur.
982 2180 1187 2235 Videtur,
1214 2180 1339 2240 quod
1366 2190 1633 2239 peccatores
1660 2180 1715 2225 ad
1740 2180 2019 2240 baptismum
2056 2194 2127 2225 ac·

165 2243 376 2289 cedentes
401 2254 639 2290 teneantur
670 2260 751 2290 sua
777 2258 964 2306 peccata
992 2248 1219 2292 confiteri:
1249 2248 1410 2292 dicitur
1437 2248 1560 2292 enim
1586 2248 1747 2292 Matth.
1781 2263 1817 2307 3.
1846 2248 1967 2307 quod
1995 2250 2127 2308 bapti-

163 2312 370 2369 zabantur
386 2313 508 2358 multi
529 2327 555 2357 a
565 2314 727 2370 Joanne
742 2316 788 2358 in
799 2314 999 2371 Iordane,
1020 2316 1252 2370 confitentes
1270 2322 1443 2375 peccata
1462 2329 1553 2360 sua:
1572 2316 1652 2360 sed
1676 2315 1928 2375 baptismus
1954 2315 2128 2360 Christi

163 2388 232 2423 est
254 2378 511 2438 perfectior,
538 2394 676 2439 quam
701 2381 954 2440 baptismus
974 2382 1189 2439 Joannis;
1217 2397 1327 2441 ergo
1353 2383 1544 2437 videtur,
1563 2382 1686 2442 quod
1704 2382 1851 2427 multo
1875 2383 2026 2442 magis
2047 2382 2128 2437 illi,

163 2445 242 2505 qui
266 2456 371 2491 sunt
394 2446 650 2505 baptizandi
674 2447 902 2507 baptismo
930 2448 1116 2504 Christi,
1143 2450 1337 2494 debeant
1358 2464 1439 2494 sua
1464 2459 1652 2510 peccata
1679 2449 1899 2495 confiteri.

252 2525 292 2557 2.
318 2513 617 2562 PRAETEREA.
634 2516 848 2560 Proverb.
876 2517 945 2562 28.
977 2517 1161 2562 dicitur:
1183 2518 1272 2575 Qui
1291 2518 1504 2563 abscondit
1518 2519 1669 2563 scelera
1685 2533 1776 2574 sua,
1794 2534 1876 2563 non
1894 2518 2125 2578 dirigetur:

163 2580 235 2638 qui
258 2586 393 2626 autem
419 2583 621 2641 confessus
635 2583 783 2642 fuerit,
812 2591 850 2629 et
873 2584 1090 2644 reliquerit
1109 2599 1173 2640 ea,
1197 2586 1529 2631 misericordiam
1553 2592 1817 2645 consequetur
1827 2602 1843 2639 ,·
1863 2585 1942 2630 sed
1961 2585 2016 2629 ad
2033 2585 2123 2630 hoc

164 2644 301 2706 aliqui
326 2647 621 2707 baptizantur,
648 2660 696 2695 ut
722 2650 778 2695 de
804 2652 1003 2711 peccatis
1030 2652 1121 2697 suis
1139 2652 1504 2698 misericordiam
1531 2663 1891 2713 consequammi-3
1914 2667 2024 2713 ergo
2049 2653 2126 2697 ba-

164 2712 359 2772 ptizandi
385 2713 551 2760 debent
575 2730 656 2761 sua
682 2728 871 2776 peccata
902 2718 1123 2765 confiteri.

257 2793 294 2838 3.
331 2779 628 2828 PRAETEREA.
665 2784 954 2830 Poenitentia
986 2786 1226 2846 requiritur
1263 2797 1366 2833 ante
1399 2788 1694 2847 baptismum,
1726 2787 1979 2833 secundum
2010 2786 2124 2831 illud

164 2846 268 2890 Act.
303 2859 368 2891 2.:
395 2849 518 2907 Agite
547 2851 860 2910 poenitentiam,
895 2859 932 2898 et
964 2853 1193 2913 baptizetur
1227 2857 1502 2914 unusquisque
1532 2862 1742 2900 vestrum:
1779 2854 1858 2900 sed
1895 2853 2122 2898 confessio

166 2923 234 2958 est
263 2928 367 2973 pars
403 2915 733 2974 poenitentiae3
760 2932 872 2978 ergo
897 2918 1088 2976 videtur,
1116 2921 1237 2981 quod
1271 2922 1499 2967 confessio
1540 2933 1837 2982 peccatorum
1873 2921 2124 2980 requiratur

105 3039 108 3042 Δ
165 2991 268 3026 ante
293 2981 584 3041 baptismum.

254 3048 348 3093 SED
367 3062 562 3095 CONTRA
596 3059 676 3105 est,
700 3053 822 3111 quod
844 3053 1072 3100 confessio
1099 3067 1395 3116 peccatorum
1423 3057 1557 3102 debet
1585 3071 1683 3102 esse
1712 3070 1817 3100 cum
1843 3055 1979 3100 fletu:
2015 3055 2125 3101 dicit

164 3115 286 3160 enim
314 3116 595 3176 Augustinus
620 3118 666 3162 in
691 3117 808 3163 libro
836 3120 891 3165 de
916 3122 1204 3168 Poenitentia
1231 3123 1316 3181 (seu
1343 3125 1410 3169 De
1429 3139 1548 3179 vera,
1575 3130 1610 3168 et
1626 3123 1743 3182 falsa
1762 3124 1917 3182 poenit,
1946 3130 2036 3183 cap.
2054 3137 2123 3181 14.

154 3190 313 3242 parum
339 3198 365 3228 a
384 3185 621 3244 princip.):
662 3201 686 3227 «
706 3185 873 3231 Omnis
898 3188 984 3233 ista
1018 3190 1212 3236 varietas
1239 3191 1498 3236 confitenda
1525 3201 1604 3244 est,
1640 3201 1684 3234 et
1717 3189 1924 3234 deflenda
1942 3206 1995 3236 »ε
2028 3190 2124 3246 sed,

163 3250 280 3295 sicut
303 3251 574 3296 Ambrosius
602 3252 709 3297 dicit
744 3252 850 3313 (sup.
866 3254 972 3300 illud
993 3257 1112 3303 Rom.
1139 3273 1196 3303 ιι.
1215 3271 1229 3300 .’
1257 3259 1352 3304 Sine
1368 3259 1627 3318 poenitentia
1650 3263 1742 3301 sunt
1763 3257 1908 3315 dona),
1936 3273 1959 3298 ι(
1977 3258 2126 3317 gratia

163 3317 254 3362 Dei
277 3318 325 3362 in
350 3318 576 3376 baptismo
603 3334 696 3363 non
722 3321 910 3379 requirit
928 3324 1163 3381 gemitum,
1184 3340 1332 3385 neque
1349 3325 1584 3385 planctum
1597 3340 1647 3379 »;
1668 3337 1777 3383 ergo
1802 3338 1828 3368 a
1844 3323 2125 3384 baptizandis

163 3397 258 3429 non
286 3395 353 3430 est
378 3386 645 3445 requirenda
673 3386 900 3432 confessio
928 3401 1236 3448 peccatorum.

253 3451 542 3498 Responnzo
569 3453 827 3509 dicendum,
854 3456 976 3514 quod
993 3457 1140 3517 duplex
1165 3470 1234 3503 est
1259 3469 1554 3518 peccatorum
1571 3458 1819 3502 confessio:
1838 3473 1923 3503 una
1939 3457 2122 3518 quidem

163 3516 366 3573 interior,
379 3533 495 3579 quae
508 3519 558 3565 fit
567 3521 692 3575 Deo;
715 3530 760 3565 et
775 3520 878 3565 talis
897 3521 1122 3569 confessio
1135 3537 1430 3585 peccatorum
1446 3525 1685 3584 requiritur
1712 3535 1815 3570 ante
1831 3525 2124 3585 baptismum,

165 3594 215 3630 ut
238 3585 414 3631 scilicet
437 3587 583 3632 homo
610 3601 691 3632 sua
716 3598 906 3648 peccata
930 3591 1190 3650 recogitans
1217 3592 1272 3637 de
1300 3593 1363 3637 eis
1390 3592 1557 3646 doleat,
1587 3607 1611 3633 c<
1627 3606 1721 3636 non
1749 3591 1871 3636 enim
1897 3602 2048 3651 potest
2062 3593 2127 3637 in-

166 3650 337 3697 choare
360 3665 531 3698 novam
557 3654 715 3708 vitam,
741 3654 829 3699 nisi
854 3655 1085 3715 poeniteat
1121 3672 1228 3703 eum
1253 3658 1418 3704 veteris
1439 3660 1612 3712 vitae»,
1639 3668 1687 3703 ut
1719 3658 1828 3704 dicit
1852 3658 2047 3720 August.
2076 3660 2123 3705 in
