2352 3926
267 231 374 291 752
764 199 1042 278 QUAEsrto
1081 228 1289 270 Lxxxn.
1322 228 1645 271 Ana-tcums
1668 230 1762 271 vn.

266 337 373 382 dare
390 354 431 380 >›.
454 335 526 381 Illi
550 335 701 393 igitur,
728 334 806 393 qui
830 333 948 378 intra
973 332 1228 377 Ecclesiam
1265 332 1501 377 constituti
1528 326 1802 392 receperunt
1824 343 2099 393 potestatem
2124 350 2231 382 con-

264 404 473 450 secrandi
498 401 832 446 Eucharistiam
858 401 906 444 in
933 399 1221 444 ordinatione
1253 400 1517 455 sacerdotii,
1541 409 1664 445 recte
1697 400 1883 460 quidem
1907 401 2078 448 habent
2101 413 2232 464 spate.

264 481 443 525 statem,
469 469 548 514 sed
574 482 668 512 non
694 476 816 511 recte
845 481 899 512 ea
925 476 1125 521 utuntur,
1144 467 1182 511 si
1207 467 1506 527 postmodum
1531 481 1612 526 per
1636 467 1880 522 haeresim,
1899 478 1986 514 aut
2009 469 2228 526 schffla,

263 539 338 583 vel
364 535 891 582 excommunicationem
920 534 973 578 ab
1002 534 1210 580 Ecclesia
1232 543 1512 594 separentur.
1541 533 1638 587 Qui
1665 544 1820 580 autem
1844 535 1911 580 sic
1932 537 2136 596 separati
2162 552 2232 584 or-

262 606 487 657 dinantur,
505 617 590 647 nec
610 612 731 647 recte
750 602 920 646 habent
942 610 1232 661 potestatem,
1249 615 1334 646 nec
1352 611 1474 645 recte
1491 610 1692 646 utuntur.
1712 601 1854 654 Quod
1874 611 2031 648 tamen
2051 603 2231 664 utrique

259 681 536 732 potestatem
561 670 773 723 habeant,
800 678 925 728 patet
950 683 1029 728 per
1054 669 1160 724 hoc,
1186 669 1327 728 quod,
1353 668 1471 713 sicut
1494 669 1691 727 August.
1708 668 1880 714 ibidem
1897 669 2021 725 dicit,
2039 685 2146 715 cum
2163 686 2233 717 re·

262 739 399 783 deunt
426 738 482 782 ad
508 739 730 781 unitatem
756 735 1006 790 Ecclesiae,
1033 750 1129 780 non
1154 736 1486 790 reordinantur,
1513 737 1592 780 sed
1618 736 1897 795 recipiuntur
1914 737 1969 782 in
1992 738 2086 784 suis
2111 739 2232 784 ordi-

260 806 470 850 nibus.Et
480 806 585 864 quia
603 804 889 848 consecratio
907 803 1221 849 Eucharistiae
1234 814 1302 848 est
1313 812 1440 847 actus
1454 817 1739 863 consequens
1756 803 2231 864 ordim'spotestazem,

259 875 327 919 illi
352 874 430 933 qui
455 883 558 917 sunt
584 873 637 916 ab
664 870 871 916 Ecclesia
897 872 1094 930 separati
1119 886 1199 931 per
1215 871 1459 925 haeresim,
1487 881 1565 915 aut
1590 871 1806 926 schisma,
1823 871 2230 918 velexcommuni·

262 942 506 994 cationem,
533 950 725 999 possunt
750 939 936 999 quidem
964 953 1234 984 consecrare
1260 939 1610 992 Eucharistiam‚
1638 953 1754 998 quae
1787 939 1841 984 ab
1870 939 1934 984 eis
1961 951 2229 986 consecrata

260 1023 421 1054 verum
445 1022 625 1066 corpus,
649 1016 693 1051 et
718 1009 990 1066 sanguinem
1018 1006 1191 1052 Christi
1214 1008 1438 1061 continet3
1464 1021 1558 1050 non
1585 1016 1739 1051 tamen
1770 1007 1863 1051 hoc
1894 1017 2018 1052 recte
2043 1007 2229 1063 faciunt,

260 1077 339 1122 sed
366 1087 560 1136 peccant
584 1075 817 1130 facientes,
845 1085 890 1119 et
914 1075 1019 1119 ideo
1047 1074 1247 1119 fructum
1274 1073 1485 1119 sacrificii
1509 1088 1604 1118 non
1630 1074 1898 1135 percipiunt,
1927 1075 2050 1135 quod
2076 1085 2144 1121 est
2164 1091 2231 1122 sa·

262 1144 484 1189 crificium
511 1143 755 1203 spirituale.

350 1213 427 1257 AD
445 1225 634 1257 PRIMUM
658 1225 768 1270 ergo
787 1210 1049 1264 dicendum,
1069 1209 1191 1268 quod
1216 1208 1508 1253 auctoritates
1525 1208 1644 1263 illae,
1662 1218 1706 1254 et
1722 1208 1894 1255 similes
1905 1208 2229 1270 intelligendae

259 1291 376 1335 sunt,
404 1291 626 1340 quantum
654 1279 708 1323 ad
735 1280 827 1323 hoc
856 1279 980 1338 quod
1006 1291 1101 1322 non
1128 1287 1251 1321 recte
1275 1287 1399 1321 extra
1429 1275 1687 1321 Ecclesiam
1724 1277 1999 1322 sacrificium
2025 1277 2227 1324 offertur.

261 1349 396 1394 Unde
419 1358 545 1392 extra
570 1346 830 1391 Ecclesiam
856 1360 953 1390 non
980 1355 1132 1404 potest
1158 1358 1256 1389 esse
1274 1343 1506 1403 spirituale
1523 1343 1814 1401 sacrificium,
1831 1343 1955 1403 quod
1975 1355 2046 1390 est
2066 1359 2228 1399 verum

258 1417 445 1461 veritate
463 1415 649 1469 fructuS,
667 1414 773 1459 licet
799 1414 856 1458 sit
880 1427 1041 1457 verum
1058 1412 1247 1456 veritate
1265 1411 1563 1466 sacramenti3
1591 1411 1708 1456 sicut
1734 1411 1873 1456 etiam
1899 1426 2034 1472 supra
2053 1411 2227 1458 dictum

260 1495 328 1530 est
361 1485 419 1544 (q.
447 1486 517 1530 80.
546 1490 625 1528 art.
649 1484 722 1542 3.)‚
753 1482 875 1542 quod
901 1491 1119 1541 peccator
1145 1480 1285 1525 sumit
1318 1493 1483 1538 corpus
1518 1479 1693 1524 Christi
1717 1478 2121 1534 sacramentaliter,
2146 1481 2227 1527 sed

255 1567 350 1597 non
376 1551 680 1611 spiritualiter.

346 1620 422 1664 AD
449 1631 710 1664 SECUNDUM
739 1616 999 1671 dicendum,
1022 1615 1145 1675 quod
1164 1615 1290 1660 solus
1305 1615 1559 1674 baptismus
1575 1613 1864 1673 permittitur
1860 1624 2107 1660 «εεεεηῐιιε
2123 1614 2229 1661 hae-

255 1687 421 1741 reticis,
449 1697 494 1731 et
519 1685 837 1739 schismaticis,
864 1685 970 1744 quia
995 1693 1188 1744 possunt
1222 1683 1346 1728 licite
1370 1683 1599 1742 baptizare
1624 1683 1673 1726 in
1700 1680 1892 1726 articulo
1910 1682 2225 1729 necessitatis:

254 1756 300 1799 in
326 1754 455 1799 nullo
484 1764 637 1798 autem
664 1767 771 1798 casu
798 1752 922 1798 licite
952 1762 1143 1811 possunt
1175 1750 1511 1796 Eucharistiam
1545 1763 1830 1804 consecrare,
1852 1748 1930 1794 vel
1960 1748 2051 1795 alia
2071 1756 2228 1796 Quanta

257 1833 411 1867 menta
434 1821 657 1866 conferre.

343 1890 418 1934 An
452 1901 667 1934 TERTIUM
693 1887 954 1942 dicendum,
981 1886 1104 1965 quod
1137 1886 1386 1931 sacerdos
1376 1900 1423 1930 m
1455 1885 1609 1939 missa,
1642 1884 1690 1928 in
1717 1884 2000 1930 orationibus
2024 1858 2220 1944 quidem

253 1957 490 2017 loquitur
478 1971 525 2000 1n
552 1970 748 2016 persona
774 1955 1022 2009 Ecclesiae,
1044 1955 1092 1998 in
1115 1956 1242 2013 cujus
1259 1954 1431 1999 unitate
1449 1953 1676 1999 consistit:
1703 1952 1822 1997 sed
1809 1967 1858 1996 m
1875 1953 2224 2000 consecratione

254 2026 529 2070 sacramenti
554 2024 790 2085 loquitur
779 2039 827 2068 in
853 2038 1048 2084 persona
1073 2023 1259 2078 Christi,
1286 2024 1413 2081 cujUs
1440 2022 1592 2066 vicem
1617 2021 1664 2064 in
1689 2021 1782 2065 hoc
1805 2021 1922 2080 gerit
1939 2034 2027 2098 ‘per
2052 2021 2227 2067 ordinis

254 2103 548 2152 potestatem:
577 2102 621 2137 et
645 2093 750 2136 ideo
777 2092 816 2136 si
841 2091 1055 2136 sacerdos
1084 2092 1138 2135 ab
1166 2091 1338 2136 unitate
1364 2089 1598 2134 Ecclesiae
1623 2088 1856 2149 praecisus
1886 2088 2078 2135 missam
2102 2089 2225 2134 eele-

252 2162 364 2216 bret‚
391 2161 496 2220 quia
527 2169 804 2220 potestatem
836 2160 1007 2204 ordinis
1042 2173 1136 2203 non
1171 2159 1349 2212 amittit,
1377 2168 1616 2202 consecrat
1641 2171 1802 2201 verum
1834 2170 2033 2216 corpus,
2036 2165 2094 2202 et
2119 2170 2226 2203 nan-

254 2229 440 2287 guinem
468 2228 662 2283 Christi3
690 2227 769 2272 sed
801 2228 907 2287 quia
940 2237 1007 2272 est
1038 2227 1092 2271 ab
1126 2225 1360 2271 Ecclesiae
1386 2226 1559 2270 unitate
1581 2234 1830 2284 separatu8‚
1858 2224 2098 2270 orationes
2115 2225 2228 2285 eim

254 2295 507 2340 efficaciam
532 2309 628 2340 non
653 2295 838 2340 habent.

2338 1150 2352 1272 ..firman-12»
2348 1106 2352 1142 .-.n
2343 1044 2352 1099 staff.
2350 1029 2352 1034 ,
2348 989 2352 994 t
2349 935 2352 939 .
2350 885 2352 887 .
2350 851 2352 854 .

2341 1453 2352 1531 {J

2343 1693 2352 1735 εἰ,

914 2457 1349 2516 ARTICULUS
1383 2456 1540 2515 vm.
2111 2447 2229 2531 '501

475 2596 669 2636 UTRUM
710 2596 986 2636 SACERDOS
1029 2595 1399 2634 DEGRADATUS
1443 2593 1752 2633 CONFICERE
1780 2591 1972 2632 POSSIT

942 2678 1061 2717 HOC
1102 2677 1528 2718 SACRAMENTUM.
1964 2671 1967 2675 ’

583 2789 645 2849 (4.
679 2789 791 2835 Dist.
818 2804 872 2848 13.
900 2803 938 2848 q.
965 2803 1006 2834 2.
1033 2795 1114 2834 art.
1147 2804 1182 2834 1.
1211 2803 1248 2848 q.
1271 2802 1314 2846 4.
1341 2794 1378 2833 et
1405 2787 1558 2846 Quodl.
1583 2803 1646 2834 12.
1674 2794 1755 2833 art.
1783 2787 1887 2847 16).

341 2903 417 2948 AD
436 2915 675 2948 OCTAVUM
702 2903 765 2946 sic
784 2901 1056 2961 proceditur.
1079 2900 1284 2955 Videtur,
1303 2901 1424 2960 quod
1443 2900 1657 2945 sacerdos
1673 2899 1943 2960 degradatus
1956 2913 2056 2945 non
2070 2899 2218 2959 possit

251 2971 342 3015 hoc
369 2978 708 3015 sacramentum
736 2969 988 3014 conficere:
1012 2968 1162 3013 nullus
1190 2969 1313 3013 enim
1342 2968 1527 3013 conficit
1542 2969 1634 3014 hoc
1657 2966 2218 3027 sacramentum,«nisi¹per

250 3048 525 3098 potestatem
551 3037 865 3091 consecrandi,
891 3051 1031 3096 quam
1056 3036 1214 3080 habet:
1245 3037 1321 3081 sed
1355 3036 1628 3095 degradatus
1653 3051 1749 3081 non
1772 3036 1915 3082 habet
1938 3044 2215 3096 potestatem

251 3105 564 3160 consecrandi,
586 3105 694 3150 licet
718 3105 884 3149 habeat
899 3114 1173 3164 potestatem
1196 3103 1466 3162 baptizandi,
1494 3114 1544 3149 ut
1568 3103 1676 3148 dicit
1699 3117 1863 3149 canon.
1883 3107 1960 3161 (r.
1973 3117 2015 3163 q.
2034 3118 2072 3149 1
2094 3109 2221 3163 cap-³:

252 3172 378 3231 Quod
394 3172 614 3232 quidam,
597 3188 643 3217 m
661 3172 885 3233 appendice
906 3172 1109 3218 Gratiani
1126 3171 1179 3215 ad
1196 3186 1288 3215 can.
1311 3171 1479 3226 illum);
1504 3185 1614 3230 ergo
1630 3171 1823 3226 videtur,
1841 3170 1966 3231 quod
1980 3169 2218 3231 presbyter

250 3241 520 3300 degradatus
552 3253 646 3284 non
679 3240 824 3300 possit
849 3239 1184 3284 Eucharistiam
1212 3252 1496 3283 consecrare.
2296 3249 2310 3264 ··
2344 3241 2349 3271 ἰ

339 3321 379 3352 2.
413 3309 710 3353 PRAETEREA.
744 3306 825 3351 Ille
858 3307 936 3367 qui
963 3306 1131 3366 aliquid
1166 3306 1255 3359 dat,
1288 3316 1440 3366 potest
1472 3306 1610 3351 etiam
1638 3305 1838 3352 auferre:
1865 3305 1945 3351 sed
1970 3305 2223 3366 episeopus
2315 3344 2340 3358 ,

249 3375 325 3420 dat
350 3376 614 3436 presbytero
642 3385 916 3436 potestatem
943 3374 1257 3428 consecrandi,
1281 3374 1572 3419 ordinando
1562 3388 1736 3433 ipsum3
1764 3388 1876 3435 ergo
1899 3373 2041 3420 etiem
2060 3379 2215 3435 potest
2296 3372 2313 3430 J

250 3443 292 3489 ci
319 3442 508 3497 auferre,
535 3443 828 3502 degradando
855 3456 976 3487 eum.
1985 3472 1987 3474 -

343 3526 380 3571 3.
406 3512 704 3557 PRAETEREA.
740 3510 966 3556 Sacerdos
988 3524 1069 3571 per
1094 3509 1469 3570 degradationem
1503 3520 1580 3555 aut
1611 3510 1777 3554 amittit
1804 3518 2083 3590 potestatem
2104 3521 2215 3555 eon·

250 3580 472 3634 sectandi,
501 3589 578 3624 aut
602 3579 751 3624 solam
778 3580 1118 3624 executionem:
1145 3577 1223 3623 sed
1242 3591 1336 3623 non
1357 3577 1507 3623 solam
1537 3578 1873 3632 executionem,
1897 3579 2023 3638 quia
2029 3577 2219 3623 denen

249 3646 350 3710 plus
370 3647 596 3695 amitteret
612 3646 901 3709 degradatus,
918 3660 1056 3709 quam
1072 3645 1513 3702 excommunicatus,
1527 3646 1604 3707 qui
1618 3645 1758 3692 etiam
1774 3645 2046 3692 executione
2061 3653 2210 3707 caoet3
