2352 3926
341 205 447 261 688
832 217 1112 265 QuAsssno
1155 216 1360 256 Lxxvn.
1399 191 1710 256 ARTrcuLus
1747 217 1801 257 v.

338 334 454 378 runt,
481 323 603 383 quod
635 321 750 366 redit
774 320 1022 365 substantia
1048 319 1194 378 panis,
1221 328 1266 363 et
1290 318 1386 363 vini
1420 318 1468 363 in
1508 319 1606 378 ipsa
1639 320 1930 379 corruptione
1953 321 2227 381 specierum,
2254 331 2300 367 et

338 392 402 435 sic
430 405 484 434 ex
511 390 757 434 substantia
783 387 926 446 panis,
960 397 1003 430 et
1028 387 1120 430 vini
1146 386 1364 430 redeunte
1391 397 1665 444 generantur
1691 387 1880 442 cineres,
1903 397 1980 432 aut
2002 402 2197 444 verme-¹8,
2224 398 2300 433 aut

339 457 505 516 aliquid
529 454 819 513 hujusmodi:
847 453 926 497 sed
951 454 1068 497 haec
1086 452 1255 512 positio
1280 452 1457 496 videtur
1474 466 1572 497 esse
1597 453 1914 512 impossibilis:
1933 456 2077 514 primo
2099 455 2300 515 quidem,

338 525 442 583 quia
468 524 506 567 si
528 522 775 567 substantia
800 521 944 579 panis,
972 530 1016 565 et
1040 520 1136 564 vini
1162 533 1384 564 conversa
1406 529 1474 564 est
1493 520 1540 563 in
1559 534 1739 579 corpus,
1752 530 1797 565 et
1820 521 2093 580 sanguinem
2114 518 2300 577 Christi,

337 602 385 634 ut
411 604 545 648 supra
585 589 793 632 habitum
820 597 888 631 est
914 585 979 646 (q.
1011 600 1070 647 75.
1102 593 1183 632 art,
1221 601 1261 632 2.
1284 593 1320 631 et
1350 588 1430 644 4.),
1458 601 1552 631 non
1589 597 1740 645 potest
1764 587 2014 633 substantia
2049 589 2193 649 panis,
2225 599 2303 643 aut

335 657 430 701 vini
455 656 614 709 redire,
641 655 728 698 nisi
755 669 963 714 corpore,
1008 663 1084 698 aut
1125 653 1346 713 sanguine
1373 653 1547 699 Christi
1570 654 1736 699 iterum
1773 669 1996 700 converso
2028 656 2076 700 in
2101 655 2302 701 substan-

335 725 447 768 tiam
473 724 616 782 panis,
629 722 704 766 vel
727 722 836 775 vini,
864 721 987 780 quod
1005 731 1074 766 est
1098 720 1404 780 impossibile;
1423 721 1540 765 sicut
1556 722 1592 765 si
1616 726 1692 765 aer
1707 722 1765 767 sit
1790 736 2037 768 conversus
2057 723 2106 767 in
2129 723 2301 782 ignem,

336 805 430 836 non
456 800 607 849 potest
633 794 708 834 aer
734 789 895 842 redire,
921 789 1007 832 nisi
1031 789 1198 833 iterum
1227 788 1346 848 ignis
1373 799 1663 833 convertatur
1702 789 1751 833 in
1783 793 1960 835 aerem:
1987 790 2027 835 si
2060 803 2171 836 vero
2203 790 2302 835 sub-

336 858 499 902 stantia
521 858 665 917 panis,
693 866 770 901 aut
799 856 894 900 vini
920 856 978 900 sit
1002 855 1267 910 annihilata,
1292 869 1387 899 non
1409 865 1559 915 potest
1583 856 1749 900 iterum
1781 856 1945 911 redire,
1979 857 2085 917 quia
2109 858 2233 917 quod
2253 856 2302 901 in

335 924 532 970 nihilum
559 924 739 978 decidit,
764 937 860 968 non
890 923 1007 968 redit
1031 923 1153 967 idem
1179 937 1396 977 numer03
1428 923 1516 966 nisi
1541 922 1658 967 forte
1690 923 1866 967 dicatur
1901 924 2047 970 redire
2071 925 2301 984 praedicta

291 1040 299 1046 ‚
336 992 599 1047 substantia,
621 992 727 1051 quia
751 991 878 1035 Deus
905 990 960 1035 de
986 1004 1110 1034 novo
1134 1000 1258 1034 creat
1284 989 1422 1034 aliam
1447 1003 1619 1034 novam
1645 990 1944 1035 substantiam
1969 990 2077 1037 loco
2103 991 2300 1050 primae:

334 1060 506 1105 secundo
528 1060 704 1104 videtur
728 1058 820 1102 hoc
858 1071 956 1102 esse
992 1056 1288 1117 impossibile,
1322 1057 1426 1115 quia
1466 1071 1560 1100 non
1595 1067 1661 1101 est
1694 1057 1801 1101 dare
1827 1057 2011 1117 quando
2046 1057 2300 1103 substantia

335 1127 465 1187 panis
492 1127 659 1171 redeat.
686 1124 982 1169 Manifestum
1010 1134 1078 1169 est
1103 1124 1226 1168 enim
1253 1137 1306 1167 ex
1323 1123 1591 1182 supradictis
1611 1124 1712 1181 (art.
1719 1133 1864 1184 praec.
1881 1131 1968 1184 εἰς.
1988 1133 2135 1188 praec.
2155 1131 2236 1170 art.
2255 1125 2299 1171 6.

337 1195 391 1239 ad
411 1194 486 1254 3.)‚
516 1193 639 1253 quod
666 1193 954 1237 manentibus
977 1192 1213 1250 speciebus
1239 1191 1383 1249 panis,
1422 1201 1466 1234 et
1501 1191 1610 1245 vini,
1642 1201 1800 1236 manet
1831 1195 2012 1252 corpus,
2036 1201 2085 1237 et
2112 1191 2300 1252 sanguis

339 1263 523 1315 Christi,
542 1274 658 1320 quae
682 1275 778 1304 non
800 1269 905 1303 sunt
919 1259 1055 1303 simul
1076 1273 1181 1302 cum
1200 1258 1448 1302 substantia
1471 1259 1614 1316 panis,
1642 1269 1684 1302 et
1701 1259 1795 1302 vini
1811 1260 1858 1303 in
1878 1258 1970 1304 hoc
1992 1270 2300 1315 sacramento,

336 1329 588 1374 secundum
614 1327 878 1387 praehabita
900 1327 959 1385 (q.
984 1340 1042 1385 75.
1068 1332 1151 1371 art.
1178 1340 1218 1370 2.
1242 1332 1283 1373 el}
1305 1325 1396 1382 6.).·
1424 1325 1544 1369 unde
1571 1325 1821 1370 substantia
1847 1326 1991 1385 panis,
2017 1336 2063 1371 et
2085 1325 2183 1371 vini
2205 1340 2301 1371 non

334 1407 486 1456 potest
510 1396 669 1449 redire,
695 1395 931 1453 speciebus
958 1391 1362 1438 sacramentalibus
1386 1393 1700 1437 manentibus:
1726 1391 1936 1437 similiter
1960 1392 2212 1438 etiamnon
2235 1393 2300 1438 eis
2348 1436 2352 1445 ἶ

336 1463 628 1516 cessantibus,
656 1462 761 1521 quia
786 1463 878 1520 jam
905 1460 1154 1505 substantia
1187 1460 1332 1517 paniS,
1369 1469 1414 1503 et
1444 1460 1539 1503 vini
1565 1469 1682 1504 esset
1714 1459 1811 1504 sine
1843 1461 2037 1520 propriis
2063 1459 2303 1507 accidenti·

334 1532 437 1585 bus;
466 1530 588 1590 quod
615 1539 683 1573 est
703 1527 999 1587 impossibile.
1023 1527 1123 1571 Nisi
1144 1526 1260 1570 forte
1273 1526 1461 1581 dicatur,
1475 1527 1599 1585 quod
1626 1527 1791 1586 inipso
1818 1526 1982 1572 ultimo
2001 1526 2191 1573 instanti
2204 1542 2303 1573 cor-

335 1597 556 1657 ruptionis
582 1596 836 1655 specierum
849 1595 964 1639 redit
989 1608 1083 1637 non
1102 1593 1286 1653 quidem
1305 1594 1553 1637 substantia
1580 1594 1724 1652 panis,
1743 1604 1788 1638 et
1801 1593 1909 1650 vini,
1927 1594 2032 1654 quia
2046 1593 2160 1640 illud
2175 1595 2298 1641 idem
2328 1535 2352 1652 ἐ

333 1665 506 1709 instans
533 1674 615 1717 est,
641 1663 688 1706 in
715 1676 806 1721 quo
827 1663 974 1719 primo
1002 1661 1172 1705 habent
1188 1675 1286 1705 esse
1303 1661 1580 1707 substantiae
1604 1671 1848 1720 generatae
1865 1676 1921 1707 ex
1935 1661 2197 1722 speciebus;
2221 1663 2301 1709 sed
2340 1663 2352 1711 4

335 1731 527 1776 materia
558 1731 702 1790 panis,
730 1739 775 1773 et
794 1729 916 1783 vini3
944 1742 1060 1788 quae
1087 1728 1235 1786 magis
1262 1728 1318 1772 de
1339 1742 1464 1772 novo
1492 1738 1643 1772 creata
1669 1728 1909 1783 diceretur,
1935 1743 2075 1789 quam
2104 1730 2301 1787 redime,
2344 1693 2352 1762 Ξ

333 1798 514 1857 proprie
545 1796 792 1856 loquendo.
821 1796 878 1839 Et
909 1795 1162 1839 secundum
1193 1794 1284 1838 hoc
1312 1805 1468 1854 posset
1499 1796 1710 1839 sustineri
1751 1795 1982 1855 praedicta
2005 1797 2189 1857 positio.
2214 1797 2302 1844 Ve-
2336 1784 2352 1860 ἐξ

333 1881 437 1910 rum
464 1866 568 1925 quia
595 1879 689 1909 non
716 1863 1046 1908 rationabiliter
1071 1863 1248 1907 videtur
1273 1862 1377 1917 dici,
1404 1863 1526 1921 quod
1559 1862 1832 1908 miraculose
1853 1862 2027 1923 aliquid
2049 1864 2230 1910 accidat
2251 1865 2299 1910 in
2338 1851 2352 1920 Ξ

335 1934 426 1977 hoc
464 1941 768 1985 sacramento,
794 1931 882 1974 nisi
919 1945 972 1974 ex
1004 1931 1101 1989 ipsa
1141 1930 1501 1984 consecratione,
1535 1944 1589 1974 ex
1615 1944 1703 1989 qua
1733 1944 1830 1974 non
1855 1939 1924 1975 est
1947 1930 2071 1990 quod
2107 1932 2300 1978 materia
2338 1920 2352 1983 {s

335 2009 525 2054 creetur,
541 1999 616 2043 vel
641 1998 810 2053 redeat,
827 1997 991 2042 melius
1017 1997 1196 2041 videtur
1221 1997 1481 2051 dicendum,
1508 1997 1630 2056 quod
1655 1997 1703 2041 in
1728 1999 1827 2056 ipsa
1852 1998 2200 2045 consecratione
2215 2000 2299 2045 mi-

334 2067 542 2112 raculose
575 2066 707 2110 datur
738 2065 978 2125 quantitati
1005 2064 1284 2108 dimensivae
1311 2066 1453 2123 panis,
1482 2074 1525 2109 et
1551 2065 1658 2119 vini,
1685 2064 1809 2124 quod
1834 2065 1892 2109 sit
1921 2065 2124 2125 primum
2154 2066 2348 2126 subje-

334 2144 460 2178 ctum
491 2133 863 2192 subsequentium
898 2131 1173 2176 formarum:
1198 2131 1288 2175 hoc
1323 2141 1477 2175 autem
1503 2141 1571 2176 est
1594 2132 1831 2191 proprium
1856 2131 2103 2188 materiae:
2119 2142 2169 2179 et
2193 2132 2300 2179 ideo

334 2215 388 2245 ex
414 2201 713 2276 consequenti
739 2199 869 2243 datur
901 2199 1158 2258 praedictae
1185 2199 1424 2258 quantitati
1457 2198 1738 2243 dimensivae
1765 2213 1905 2244 omne
1936 2198 2063 2256 illud,
2089 2200 2215 2261 quod
2239 2199 2297 2246 ad
2332 2242 2336 2248 ,Α

334 2269 576 2312 materiam
601 2267 823 2326 pertinet.
858 2276 903 2310 et
932 2266 1038 2310 ideo
1071 2265 1288 2325 quidquid
1315 2276 1471 2325 posset
1503 2266 1709 2324 generari
1743 2280 1799 2310 ex
1823 2267 2016 2312 materia
2045 2266 2192 2328 panis,
2225 2267 2303 2313 vel
2325 2298 2341 2332 3-

332 2336 441 2389 vini,
453 2336 490 2379 si
512 2335 702 2388 adesset,
720 2343 868 2378 totum
886 2343 1036 2392 potest
1057 2334 1262 2391 generari
1280 2348 1334 2377 ex
1351 2333 1582 2392 praedicta
1605 2333 1854 2392 quantitate
1877 2333 2131 2380 dimensiva
2154 2335 2302 2396 panis,
2316 2351 2342 2391 »j

331 2401 407 2447 vel
431 2402 539 2456 vini,
566 2416 660 2445 non
687 2401 873 2460 quidem
898 2414 1022 2444 novo
1056 2399 1295 2455 miraculo,
1322 2401 1401 2444 sed
1425 2415 1480 2444 ex
1506 2402 1550 2444 vi
1577 2401 1787 2445 miraculi
1813 2401 1936 2460 prius
1960 2401 2082 2448 facti.
2319 2445 2324 2455 2

422 2469 498 2513 AD
529 2481 718 2514 PRIMUM
755 2483 864 2527 ergo
902 2467 1161 2520 dicendum,
1198 2467 1321 2526 quod
1357 2468 1566 2526 quamvis
1602 2481 1697 2512 non
1723 2468 1779 2512 sit
1805 2468 1868 2511 ibi
1894 2471 2099 2525 materia,
2126 2484 2183 2516 ex
2208 2485 2301 2532 qua
2314 2482 2334 2529 »ς

333 2536 503 2596 aliquid
530 2547 790 2594 generetur3
818 2536 1044 2594 quantitas
1069 2544 1225 2578 tamen
1252 2534 1506 2579 dimensiva
1532 2534 1714 2593 supplet
1738 2535 1889 2580 vicem
1916 2537 2152 2594 materiae,
2168 2548 2219 2584 ut
2238 2539 2302 2585 di·
2329 2530 2332 2532 ’

334 2614 460 2649 ctum
487 2613 555 2648 est
580 2604 646 2661 (in
669 2611 785 2661 corp.
808 2603 929 2659 art..)

423 2670 499 2714 AD
526 2682 787 2714 SECUNDUM
815 2667 1072 2721 dicendum,
1101 2667 1222 2726 quod
1254 2666 1360 2711 illae
1388 2652 1564 2726 species
1591 2668 1958 2714 sacramentales
1976 2678 2082 2714 sunt
2111 2669 2321 2730 quidem

333 2737 602 2791 accidentia,
628 2736 797 2779 habent
822 2746 976 2779 tamen
1000 2745 1167 2789 actum,
1205 2744 1250 2778 et
1281 2735 1375 2778 vim
1411 2735 1702 2791 substantiae,
1739 2745 1787 2780 ut
1822 2735 1996 2782 dictum
2020 2747 2090 2782 est
2113 2737 2237 2797 (ibid.
2263 2733 2319 2798 et}

318 2811 416 2851 art.
443 2821 478 2850 1.
506 2805 593 2863 huj.
621 2818 659 2862 q.
687 2803 741 2847 ad
765 2804 845 2861 4.).
2302 2828 2316 2856 ,4

422 2873 498 2916 An
525 2883 742 2919 TERTIUM
769 2869 1027 2923 dicendum,
1065 2868 1187 2928 quod
1220 2869 1446 2927 quantitas
1479 2869 1734 2914 dimensiva
1764 2871 1909 2929 panis,
1941 2879 1987 2916 et
2015 2870 2112 2916 vini
2134 2871 2320 2927 retinet

332 2950 543 2985 naturam
569 2938 816 2997 propriam,
843 2947 887 2981 et
914 2937 1078 2995 accipit
1103 2935 1376 2979 miraculose
1403 2937 1512 2992 vim,
1532 2947 1575 2981 et
1596 2938 1922 2996 proprietatem
1943 2938 2237 2995 substantiae,
2252 2947 2318 2987 αἱ
2346 2955 2352 2983 1

331 3008 436 3053 ideo
463 3015 614 3067 potest
637 3005 826 3051 transire
852 3004 898 3048 in
925 3012 1181 3062 utrumque,
1208 3003 1360 3047 idest
1350 3018 1394 3047 1n
1421 3004 1735 3060 substantiam,
1762 3013 1807 3050 et
1838 3004 2191 3052 dimensionem.
2318 2999 2320 3002 ’

1032 3182 1465 3240 ARTICULUS
1507 3185 1604 3240 VI.
2206 3167 2329 3258 45³

570 3322 762 3361 UTRUM
791 3321 1006 3360 smzcnzs
1040 3320 1502 3362 SACRAMENTALES
1536 3322 1766 3363 possmr
1798 3320 2059 3363 NUTRIRE.

335 3432 395 3491 (4.
419 3434 528 3478 Dist.
558 3447 621 3478 12.
649 3448 686 3491 q
706 3449 739 3478 1.
758 3437 839 3476 art.
867 3445 906 3476 2.
934 3446 971 3490 q.
993 3444 1031 3491 5.
1045 3437 1082 3475 et
1103 3430 1173 3475 111)
1190 3445 1231 3489 4.
1254 3431 1399 3477 Contr.
1426 3447 1463 3491 g.
1493 3440 1583 3493 cap.
1608 3433 1681 3478 66.
1704 3438 1789 3478 etr.
1812 3432 1910 3478 Cor.
1932 3444 1991 3492 rr.
2018 3431 2104 3478 lect.
2121 3396 2323 3492 ιιχῐωᾶ.ι

422 3544 497 3588 An
524 3557 715 3589 SEXTUM
742 3543 806 3587 sic
833 3542 1104 3602 proceditur.
1128 3542 1332 3597 Videtur,
1356 3545 1478 3603 quod
1507 3545 1681 3603 species
1705 3542 2059 3589 sacramentales
2079 3556 2175 3589 non
2194 3543 2294 3605 pe&-

335 3611 423 3656 sint
447 3611 639 3656 nutrire:
668 3611 776 3655 dicit
801 3611 924 3655 enim
951 3609 1165 3655 Ambros.
1192 3610 1238 3653 in
1264 3610 1340 3654 lib.
1372 3624 1409 3668 3.
1438 3612 1492 3656 de
1522 3611 1834 3656 Sacramentis
1865 3611 1981 3671 (cap.
2012 3623 2056 3669 4.
2082 3611 2128 3656 in
2150 3608 2291 3667 mdo:
