2352 3926
319 243 419 298 132
851 242 1129 288 QUAESTIO
1170 239 1613 284 xt1.ART1(:ULU's
1652 245 1730 286 111.

311 346 612 405 experientiae
644 344 783 389 talem
822 344 1038 388 scientiae
1078 345 1270 403 gradum
1307 346 1532 406 attigisse3
1568 348 1688 394 unde
1722 349 1974 409 Gregorius
2002 350 2112 396 dicit
2135 365 2271 412 super

309 412 474 456 Ezech.
508 413 638 469 (hom.
671 413 750 469 2)
788 427 811 452 «
837 411 1130 455 Duodecimo
1165 426 1285 456 anno
1319 415 1476 457 aetatis
1508 429 1618 460 suae
1649 415 1930 476 interrogare
1962 417 2171 476 dignatus
2202 429 2272 464 est

309 479 549 522 homines
539 493 584 521 in
608 489 749 522 terra·
774 479 878 536 quia
899 479 1023 537 juxta
1045 479 1232 523 rationis
1255 494 1404 535 usum,
1422 480 1656 527 doctrinae
1676 497 1828 528 sermo
1850 499 1944 529 non
1966 485 2164 545 suppetit
2181 486 2270 531 nisi

312 546 359 589 in
386 556 532 590 aetate
558 545 819 604 perfecta».

1003 724 1437 782 ARTICULUS
1481 726 1577 782 IV.
2159 722 2162 726 ⁵
2199 744 2264 791 >81

555 860 747 897 UTRUM
781 860 1048 898 chsTus
1082 860 1314 906 ALIQUID
1344 861 1648 901 ACCEPERIT
1682 864 1749 901 AB
1781 863 2032 902 ANGELIS.

615 969 748 1029 (Insr.
772 985 809 1029 q.
832 985 899 1029 30.
923 977 1004 1014 art.
1029 985 1068 1015 2.
1092 969 1146 1013 ad
1170 980 1206 1016 x.
1233 975 1269 1014 et
1289 985 1325 1030 3.
1349 970 1461 1016 Dist.
1487 986 1542 1031 13.
1570 986 1608 1030 q.
1635 986 1675 1017 2.
1697 978 1779 1018 art.
1801 987 1841 1018 2.
1865 988 1904 1032 q.
1926 988 1961 1019 r.

984 1043 1020 1081 et
1042 1037 1153 1081 Dist.
1182 1050 1247 1094 14.
1271 1043 1353 1082 art.
1376 1053 1412 1097 3.
1440 1053 1478 1097 q.
1507 1038 1586 1096 6.).

395 1150 471 1194 An
506 1162 744 1200 QUARTUM
771 1150 834 1194 sic
862 1150 1133 1208 proceditur.
1151 1150 1356 1205 Videtur,
1373 1152 1495 1210 quod
1514 1151 1723 1196 Christus
1746 1152 1799 1195 ab
1824 1151 1997 1211 angelis
2023 1152 2266 1198 scientiam

305 1218 553 1275 acceperit:
582 1217 744 1261 dicitur
772 1218 893 1260 enim
923 1218 1074 1261 Lucae
1102 1230 1188 1271 22„
1210 1218 1333 1277 quod
1355 1220 1553 1278 apparuit
1578 1219 1744 1263 Christo
1767 1220 1932 1278 angelus
1962 1219 2010 1264 de
2041 1220 2149 1264 coelo
2175 1235 2269 1265 con-

301 1287 464 1341 fortans
491 1301 606 1329 eum:
634 1285 712 1328 sed
741 1284 1013 1329 confortatio
1046 1284 1095 1328 fit
1127 1300 1207 1344 per
1228 1286 1366 1330 verba
1397 1285 1724 1330 confortatoria
1757 1287 1979 1340 docentis,
2011 1287 2267 1332 secundum

301 1352 412 1396 illud
439 1353 524 1410 Job
558 1365 623 1407 4.:
657 1354 762 1396 Ecce
793 1352 968 1396 docuisti
993 1353 1216 1411 plurimos,
1260 1359 1295 1398 et
1326 1367 1474 1398 manus
1505 1354 1630 1398 lassas
1661 1355 1882 1407 roborasti,
1908 1354 2152 1399 vacillantes
2175 1369 2268 1400 con-

299 1425 580 1481 firmaverunt
604 1436 804 1466 sermones
831 1423 891 1465 tui
901 1437 917 1473 ‚·
947 1435 1056 1478 ergo
1086 1421 1295 1465 Christus
1325 1422 1378 1464 ab
1408 1421 1580 1480 angelis
1614 1422 1802 1464 edoctus
1829 1430 1910 1467 est.

394 1502 433 1533 2.
461 1490 758 1534 PRAETEREA.
786 1489 1035 1547 Dionysius
1068 1488 1176 1532 dicit
1199 1500 1242 1543 4.
1271 1503 1368 1546 cap.
1398 1489 1529 1532 Coel.
1565 1489 1711 1532 Hier.:
1744 1505 1767 1529 ε(
1789 1487 1938 1532 Video
1971 1488 2111 1542 enirn,
2143 1489 2267 1548 quod

299 1567 344 1601 et
368 1557 464 1614 ipse
486 1557 615 1614 Jesus
642 1555 1048 1614 supercoelestium
1075 1555 1427 1599 substantiarum
1455 1554 1898 1613 supersubstantialis
1915 1555 2188 1610 substantia,
2210 1556 2268 1600 ad

298 1635 503 1668 nostram
531 1623 978 1667 intransmutabiliter
1010 1623 1212 1678 veniens,
1247 1623 1511 1666 obedienter
1537 1622 1772 1680 subjicitur
1798 1621 1960 1676 Patris,
1991 1632 2037 1667 et
2065 1623 2156 1667 Dei
2186 1637 2268 1682 per

297 1691 486 1750 angelos
512 1690 862 1733 formationibus
880 1706 931 1734 »ε
958 1690 1135 1733 videtur
1160 1689 1311 1748 igitur,
1340 1690 1463 1748 quod
1489 1689 1586 1748 ipse
1615 1689 1826 1739 Christus
1854 1689 2131 1734 ordinationi
2150 1688 2266 1749 legis

297 1759 476 1802 divinae
499 1758 659 1815 subjici
681 1757 889 1810 voluerit,
917 1771 998 1816 per
1024 1771 1163 1815 quarn
1196 1757 1408 1800 homines
1442 1757 1746 1800 mediantibus
1779 1755 1954 1815 angelis
1986 1756 2264 1809 erudiuntur.

391 1840 427 1885 3.
455 1826 752 1870 PRAETEREA.
782 1824 909 1868 Sicut
937 1838 1100 1883 corpus
1134 1824 1391 1867 humanum
1423 1823 1618 1868 naturali
1651 1824 1810 1868 ordine
1842 1823 2078 1881 subjicitur
2102 1838 2269 1883 corpo-

295 1893 417 1937 ribus
445 1891 739 1946 coelestibus;
775 1892 837 1934 ita
870 1892 1010 1935 etiam
1050 1891 1253 1934 humana
1290 1905 1420 1935 mens
1449 1890 1666 1949 angelicis
1704 1891 1961 1935 mentibus:
1989 1891 2068 1936 sed
2100 1904 2265 1950 corpus

298 1959 467 2004 Christi
495 1959 750 2017 subjectum
770 1957 854 2002 fuit
879 1958 1254 2016 impressionibus
1282 1958 1551 2002 coelestium
1576 1972 1846 2017 corporum:
1873 1971 2031 2017 passus
2053 1968 2122 2003 est
2141 1958 2266 2004 enim

298 2026 501 2070 calorem
533 2026 580 2069 in
613 2035 797 2078 aestate,
832 2036 876 2069 et
906 2026 952 2068 in
984 2026 1153 2084 hyeme
1186 2024 1342 2083 frigus,
1376 2026 1494 2069 sicut
1526 2035 1571 2069 et
1603 2025 1713 2069 alias
1746 2025 1973 2070 humanas
2003 2026 2265 2085 passiones;

294 2108 404 2152 ergo
432 2094 570 2138 etiam
598 2094 694 2150 ejus
721 2107 850 2136 mens
884 2092 1088 2136 humana
1121 2092 1381 2150 subjacebat
1411 2091 1825 2137 illuminationibus
1857 2091 2264 2152 supercoelestium

295 2161 549 2220 spirituum.

384 2228 478 2272 SED
513 2239 709 2272 CONTRA
742 2235 822 2280 est,
851 2226 973 2284 quod
1006 2226 1143 2270 Dion.
1172 2226 1282 2270 dicit
1314 2239 1354 2284 7.
1390 2241 1487 2286 cap.
1523 2226 1656 2271 Coel.
1690 2227 1830 2280 Hier„
1862 2226 1986 2286 quod
2015 2242 2040 2268 α
2061 2227 2264 2286 supremi

293 2295 445 2354 angeli
471 2294 525 2339 ad
552 2295 703 2353 ipsum
740 2293 897 2369 Jesum
924 2293 1241 2352 quaestionem
1274 2292 1460 2347 faciunt,
1488 2293 1719 2352 divinique
1751 2292 1874 2337 illius
1905 2294 2071 2352 operis,
2098 2302 2144 2339 et
2176 2308 2260 2353 pro

291 2363 423 2406 nobis
442 2371 701 2419 assumptae
719 2360 866 2404 carnis
884 2361 1125 2404 scientiam
1144 2361 1337 2414 discunt,
1356 2371 1400 2404 et
1419 2375 1498 2404 eos
1516 2361 1612 2419 ipse
1624 2361 1754 2418 Jesus
1771 2361 1868 2405 sine
1886 2361 2040 2405 medio
2065 2361 2209 2407 docet
2220 2377 2261 2406 »z

287 2444 383 2473 non
410 2439 478 2473 est
504 2439 657 2472 autern
685 2428 891 2486 ejusdem
918 2427 1099 2481 docere,
1127 2438 1172 2471 et
1198 2428 1378 2513 doceri3
1413 2442 1523 2486 ergo
1552 2427 1762 2472 Christus
1788 2441 1884 2472 non
1911 2428 2089 2488 accepit
2115 2430 2263 2475 scien-

290 2496 403 2540 tiam
431 2497 484 2540 ab
511 2495 699 2554 angelis.

378 2563 667 2608 stponnsso
695 2561 954 2615 dicendum,
981 2561 1104 2620 quod
1137 2562 1253 2606 sicut
1288 2562 1442 2605 anima
1473 2562 1677 2605 humana
1710 2562 1862 2606 media
1893 2572 1960 2607 est
1989 2563 2108 2608 inter
2137 2563 2264 2623 spiri·

287 2630 432 2675 tuales
458 2629 746 2683 substantias,
775 2639 819 2673 et
844 2643 914 2673 res
942 2628 1229 2687 corporales;
1262 2629 1324 2673 ita
1350 2629 1507 2673 duobus
1534 2629 1684 2672 modis
1716 2639 1823 2673 nata
1855 2639 1925 2674 est
1956 2629 2142 2689 perfici:
2173 2646 2265 2677 uno,

290 2698 475 2757 quidem
506 2697 626 2741 modo
659 2710 739 2755 per
771 2696 1010 2740 scientiam
1045 2706 1282 2755 acceptam
1315 2710 1368 2739 ex
1400 2696 1532 2739 rebus
1565 2695 1875 2742 sensibilibus:
1909 2697 1993 2742 alio
2026 2697 2149 2743 modo
2176 2706 2261 2758 per

287 2765 525 2810 scientiam
552 2763 757 2818 inditam,
790 2763 886 2807 sive
914 2763 1186 2822 impressam
1215 2777 1270 2807 ex
1297 2762 1634 2807 illuminatione
1664 2763 1965 2822 spiritualium
1990 2764 2260 2811 substantia-

289 2846 406 2876 rum.
426 2831 631 2890 Utroque
649 2840 802 2874 autem
821 2830 963 2873 modo
983 2831 1136 2873 anima
1155 2829 1327 2874 Christi
1345 2829 1428 2873 fuit
1444 2829 1666 2889 perfecta:
1696 2845 1749 2874 ex
1766 2830 2054 2877 sensibilibus
2073 2832 2259 2892 quidem

289 2899 541 2944 secundum
569 2898 807 2942 scientiam
825 2897 1254 2954 experimentalem3
1282 2897 1338 2941 ad
1361 2911 1498 2955 quam
1517 2898 1701 2956 quidem
1724 2912 1818 2941 non
1841 2899 2080 2958 requiritur
2098 2899 2258 2946 lum'en

290 2965 567 3025 angelicum,
594 2965 672 3009 sed
699 2963 864 3009 sufficit
891 2964 1046 3008 lumen
1073 2963 1330 3009 intellectus
1358 2965 1557 3022 agentis:
1587 2979 1640 3008 ex
1667 2966 1967 3023 impressione
1990 2980 2258 3026 venozsupe·

288 3034 399 3078 riori
424 3033 678 3077 secundum
704 3032 942 3076 scientiam
966 3031 1178 3085 infusam,
1195 3045 1334 3090 quam
1363 3042 1429 3076 est
1454 3031 1719 3077 immediate
1745 3034 1932 3092 adeptus
1951 3034 2121 3081 aDen:
2140 3035 2260 3080 sicut

291 3101 411 3146 enim
440 3114 576 3159 supra
604 3113 903 3143 communem
931 3098 1122 3142 modum
1151 3107 1383 3142 creaturae
1407 3099 1559 3143 anima
1582 3098 1659 3142 illa
1682 3100 1807 3144 unita
1830 3111 1898 3145 est
1912 3100 2109 3147 Verbo
2096 3115 2149 3148 m
2164 3100 2260 3148 uni·
2266 3132 2270 3138 -

288 3179 380 3213 tate
414 3180 659 3227 personae3
692 3165 755 3211 ita
789 3180 923 3225 supra
951 3180 1250 3210 communem
1283 3166 1475 3209 modum
1508 3166 1750 3210 hominum
1783 3167 2048 3213 immediate
2074 3167 2167 3213 ab
2153 3181 2256 3229 ipso

287 3236 376 3279 Dei
402 3235 556 3279 Verbo
584 3232 753 3292 repleta
781 3243 848 3277 est
874 3233 1076 3287 scientia,
1098 3243 1142 3276 et
1160 3233 1323 3291 gratia:
1343 3247 1437 3277 non
1462 3243 1615 3277 autern
1643 3234 1948 3280 mediantibus
1970 3234 2165 3293 angelis,—
2177 3248 2257 3295 qm

290 3303 426 3347 etiam
457 3316 511 3346 ex
537 3300 770 3345 influentia
796 3300 933 3345 Verbi
962 3314 1113 3344 rerum
1141 3301 1379 3344 scientiam
1405 3300 1452 3343 in
1478 3301 1545 3344 sui
1572 3300 1794 3360 principio
1827 3310 2131 3362 acceperunt,
2140 3301 2257 3349 sicut

288 3370 334 3413 in
363 3383 402 3413 2.
430 3383 563 3429 super
591 3368 706 3413 Gen.
735 3367 790 3411 ad
817 3367 1011 3411 litteram
1042 3368 1153 3427 (cap.
1183 3369 1243 3426 8.)
1274 3368 1393 3425 Aug
1422 3367 1543 3411 dicit.
2209 3395 2212 3396 ν

380 3438 456 3481 An
495 3449 682 3481 ΡκιΜυΜ
725 3449 835 3512 ergo
877 3435 1135 3489 dicendum,
1164 3435 1285 3493 quod
1313 3433 1390 3478 illa
1417 3434 1692 3479 confortatio
1735 3435 1886 3495 angeli
1926 3449 2046 3483 non
2058 3434 2148 3482 fuit
2177 3450 2258 3497 per

292 3504 482 3549 modurn
501 3503 822 3557 instructionis,
847 3502 924 3547 sed
949 3503 1003 3546 ad
1027 3502 1430 3546 demonstrandam
1449 3503 1771 3561 proprietatem
1788 3503 2020 3549 humanae
2039 3513 2265 3561 naturam,
2337 3490 2352 3547 *f

293 3573 410 3615 unde
441 3572 561 3615 Beda
588 3572 697 3615 dicit
729 3584 824 3630 sup.
855 3570 963 3614 Luc.
992 3571 1106 3629 (cap.
1135 3570 1245 3629 92.):
1277 3586 1299 3610 ‹<
1327 3569 1376 3612 In
1404 3569 1683 3614 documento
1718 3571 1949 3630 utriusque
1973 3580 2185 3626 naturae„
2209 3580 2256 3617 et
2338 3627 2339 3630 Ἰ

292 3639 440 3699 angeli
470 3641 510 3684 ei
537 3640 828 3693 ministrasse,
856 3648 901 3684 et
927 3652 1032 3683 eum
1060 3637 1341 3683 confortasse
1368 3637 1599 3682 dicuntur:
1630 3638 1825 3683 Creator
1865 3638 1988 3684 enim
2021 3649 2258 3686 creaturae*
2330 3638 2334 3640 ’
