2352 3926
246 142 319 199 40
806 139 1081 186 QUAESTIO
1123 138 1180 178 11.
1219 137 1526 177 ARTICULUS
1565 137 1639 176 VI.

247 243 507 288 insurrexit:
534 256 618 287 una
641 240 823 300 quidem
847 239 1220 284 confundentium
1242 248 1452 283 naturas:
1477 239 1594 282 sicut
1613 236 1894 297 Eutychetis,
1912 248 1956 284 et
1970 239 2202 297 Dioscuri,

247 311 325 369 qui
349 319 610 368 posuerunt,
637 308 757 366 quod
790 321 843 349 ex
876 306 1048 350 duabus
1082 306 1254 349 naturis
1288 315 1355 349 est
1387 305 1633 348 constituta
1657 319 1748 349 una
1779 315 1966 362 natura;
1990 306 2055 352 ita
2076 307 2203 368 quod

250 377 582 427 confiterentur,
612 374 846 418 Christum
867 386 965 416 esse
989 386 1042 415 ex
1065 372 1235 415 duabus
1259 371 1445 425 naturis,
1462 371 1592 429 quasi
1609 381 1712 415 ante
1729 372 1950 417 unionem
1966 373 2202 428 distinctis,

247 458 341 488 non
369 453 518 487 autem
559 442 605 484 in
647 440 818 483 duabus
849 438 1035 492 naturis,
1068 437 1197 496 quasi
1227 448 1332 496 post
1362 438 1582 482 unionem
1614 447 1881 483 naturarum
1913 439 2202 499 distinam

251 519 474 554 cessante:
500 508 585 551 alia
610 520 718 550 vero
745 505 828 549 fuit
852 506 1050 549 haeresis
1075 504 1290 558 Nestorii,
1309 514 1363 550 et
1390 504 1630 549 Theodori
1653 505 1967 564 Mopsuesteni
1988 502 2202 568 sepm-

247 579 364 621 tium
391 588 618 635 personas.
655 573 912 617 Posuerunt
943 572 1079 626 enim,
1108 571 1245 615 aliam
1271 585 1370 615 esse
1397 585 1644 630 personam
1678 571 1782 616 Filii
1805 573 1910 628 Dei,
1935 582 1980 619 et
2010 573 2206 623 filiiho—

249 643 396 695 minis,
424 656 533 700 quas
560 641 769 684 dicebant
789 639 873 683 sibi
897 640 1093 683 invicem
1117 652 1214 682 esse
1237 638 1407 682 unitas:
1429 640 1572 698 primo
1595 638 1780 698 quidem
1802 641 2057 686 secundum
2074 641 2204 689 inha-

246 709 540 754 bitationem:
569 710 836 766 inquantum
864 706 1037 751 scilicet
1060 705 1265 750 Verbum
1292 705 1380 749 Dei
1410 705 1631 750 habitavit
1662 706 1708 751 in
1738 706 1820 752 illo
1851 707 2058 763 homine,
2088 708 2206 754 sicut

249 777 296 821 in
322 774 515 834 templo:
539 774 712 819 secundo
739 789 818 834 per
843 774 1064 818 unitatem
1097 771 1305 816 affectus:
1339 772 1611 831 inquantum
1642 773 1818 819 scilicet
1839 773 2053 821 voluntas
2081 774 2205 821 illius

246 843 445 887 hominis
473 851 540 886 est
565 855 744 900 semper
771 839 1019 886 conformis
1044 839 1270 883 voluntati
1294 838 1434 883 Verbi
1467 839 1581 884 Dei:
1616 842 1736 885 tertio
1767 841 2020 887 secundum
2046 856 2205 903 opera·

246 912 436 963 tionem,
458 918 591 968 prout
614 908 788 953 scilicet
811 908 1021 952 dicebant
1042 906 1281 966 hominem
1303 905 1434 950 illum
1452 920 1550 951 esse
1568 907 1708 952 Verbi
1725 907 1814 952 Dei
1830 909 2203 957 instrumentum:

247 983 396 1036 quarto
423 975 674 1020 secundum
697 975 960 1034 dignitatem
983 973 1194 1028 honoris;
1216 983 1352 1032 prout
1374 973 1525 1018 omnis
1547 973 1713 1029 honor,
1735 975 1814 1034 qui
1833 975 2069 1023 exhibetur
2086 975 2205 1023 Ffflo

247 1044 350 1098 Dei,
374 1043 667 1088 coexhibetur
691 1042 787 1086 filio
813 1041 1028 1094 hominiS,
1046 1050 1229 1100 propter
1255 1041 1630 1099 conjunctionem
1657 1041 1713 1085 ad
1729 1041 1896 1087 Filium
1916 1043 2034 1089 Dei:
2060 1045 2205 1104 quinto

248 1112 500 1157 secundum
526 1110 965 1170 aequivocationem,
982 1109 1098 1152 idest
1119 1108 1590 1153 communicationem
1607 1109 1866 1164 nominum,
1881 1121 2018 1170 prout
2032 1109 2208 1156 scilicet

249 1179 456 1233 dicimus,
488 1178 618 1222 illurn
643 1178 881 1221 hominem
908 1190 1005 1220 esse
1031 1176 1198 1229 Deum,
1226 1185 1270 1219 et
1294 1174 1460 1219 Filium
1486 1176 1597 1220 Dei:
1627 1176 1920 1222 manifestum
1945 1188 2013 1222 est
2038 1187 2206 1233 autem,

247 1248 357 1291 istos
386 1260 546 1290 omnes
572 1245 737 1289 modos
765 1243 1091 1288 accidentalem
1118 1243 1337 1286 unionem
1363 1242 1626 1302 importare.
1657 1243 1844 1301 Quidam
1877 1254 2030 1290 autem
2061 1254 2208 1305 poste-

248 1315 389 1358 riores
416 1314 632 1372 magistri,
659 1322 865 1371 putantes
898 1326 945 1355 se
977 1311 1060 1354 has
1086 1310 1296 1354 haereses
1321 1309 1564 1366 declinare,
1595 1311 1643 1354 in
1676 1325 1752 1356 eas
1787 1325 1868 1372 per
1897 1312 2207 1372 ignorantiam

249 1380 525 1425 inciderunt:
554 1379 723 1438 quidam
756 1379 877 1423 enim
911 1392 1070 1422 eorum
1105 1388 1429 1421 concesserunt
1460 1392 1601 1422 unam
1634 1377 1806 1435 Christi
1836 1386 2096 1438 personam,
2129 1379 2207 1425 sed

250 1457 496 1507 posuerunt
523 1447 633 1490 duas
653 1447 937 1505 hypostases,
962 1446 1054 1489 sive
1078 1445 1167 1489 duo
1190 1445 1439 1504 supposita,
1462 1445 1677 1501 dicentes,
1698 1445 1940 1491 hominem
1961 1446 2209 1507 quemdam

251 1514 556 1574 compositum
585 1528 637 1557 ex
664 1528 870 1572 corpore,
898 1523 942 1557 et
969 1512 1121 1556 anima
1149 1527 1173 1555 a
1198 1512 1421 1572 principio
1449 1527 1558 1557 suae
1581 1513 1896 1573 conceptionis
1919 1528 2017 1560 esse
2040 1528 2210 1560 assum-

251 1593 378 1641 ptum
402 1596 426 1624 a
448 1581 536 1624 Dei
553 1580 731 1634 Verb03
759 1590 804 1624 et
828 1579 942 1624 haec
967 1590 1034 1623 est
1056 1579 1202 1638 prima
1225 1580 1398 1638 opinio,
1422 1595 1560 1639 quam
1578 1580 1798 1640 Magister
1817 1578 2011 1641 ponitin
2034 1581 2075 1627 6.
2090 1582 2208 1627 Dist.

249 1649 324 1692 lib.
356 1663 391 1707 3.
422 1648 565 1692 Sent.:
594 1647 669 1691 alii
693 1661 802 1691 vero
829 1646 1035 1691 volentes
1058 1661 1239 1691 servare
1262 1646 1483 1692 unitatem
1506 1662 1742 1707 personae,
1764 1659 2014 1708 posuerunt
2036 1648 2210 1695 Christi

251 1716 451 1760 animam
477 1730 570 1760 non
603 1730 701 1760 esse
734 1715 916 1775 corpori
947 1716 1147 1774 unitam,
1170 1715 1248 1759 sed
1279 1715 1395 1760 haec
1429 1716 1520 1760 duo
1554 1727 1759 1776 separata
1792 1716 1847 1761 ab
1878 1716 2208 1764 invicem-‘esse

251 1783 375 1827 unita
397 1782 549 1826 Verbo
573 1782 925 1836 accidentaliter,
943 1793 992 1827 ut
1013 1784 1075 1827 sic
1094 1797 1189 1827 non
1207 1794 1431 1828 cresceret
1446 1781 1662 1828 numerus
1683 1798 2006 1844 personarum;
2028 1794 2074 1830 et
2092 1784 2207 1830 haec

253 1859 320 1894 est
344 1850 474 1894 tertia
501 1850 671 1907 opinio,
699 1865 837 1909 quam
862 1850 1080 1909 Magister
1103 1849 1273 1894 ibidem
1298 1851 1450 1910 ponit:
1478 1859 1651 1910 utraque
1674 1861 1828 1896 autem
1849 1851 2015 1897 harum
2036 1851 2212 1912 opinio-

251 1931 363 1960 num
389 1917 546 1960 incidit
570 1917 617 1960 in
641 1917 868 1961 haeresim
893 1917 1113 1961 Nestorii:
1136 1919 1280 1977 prima
1307 1918 1507 1977 quidem,
1530 1919 1636 1978 quia
1661 1918 1784 1962 idem
1811 1928 1880 1964 est
1902 1932 2075 1978 ponere
2096 1919 2210 1966 duas

252 1984 533 2043 hypostases,
554 1982 629 2027 vel
650 1983 739 2028 duo
758 1985 989 2043 supposita
1007 1987 1052 2028 in
1071 1985 1273 2039 Christo,
1292 1986 1414 2044 quod
1436 1999 1607 2045 ponere
1625 1985 1736 2030 duas
1758 1999 1993 2045 personas,
2010 1996 2062 2031 ut
2074 1999 2210 2046 supra

254 2051 425 2094 dictum
453 2060 521 2094 est
548 2050 649 2107 (art.
670 2066 707 2110 3.
735 2052 820 2110 huj.
849 2052 909 2110 q.)
919 2068 935 2105 ;
964 2063 1008 2096 et
1033 2053 1070 2096 si
1095 2053 1174 2097 fiat
1198 2054 1265 2098 vis
1287 2054 1334 2097 in
1356 2055 1544 2099 nomine
1567 2068 1804 2114 personae,
1827 2054 2211 2101 considerandum

256 2127 337 2170 est,
364 2117 486 2176 quod
513 2117 650 2161 etiam
675 2118 912 2163 Nestorius
938 2119 1144 2164 utebatur
1169 2121 1341 2165 unitate
1363 2135 1587 2180 personae
1613 2131 1798 2181 propter
1822 2123 2046 2168 unitatem
2070 2122 2213 2183 digni-

252 2185 371 2238 tatis,
390 2194 433 2228 et
449 2185 663 2239 honoris;
686 2186 803 2229 unde
821 2186 957 2230 etiam
979 2200 1015 2243 5.
1040 2188 1252 2247 Synodus
1273 2189 1510 2246 (Constant.
1537 2204 1576 2235 2.
1602 2204 1736 2248 gener.
1758 2203 1796 2249 5.
1822 2189 1960 2236 collat.
1976 2190 2021 2236 8.
2042 2199 2138 2236 can.
2148 2189 2210 2250 5.)

254 2251 410 2295 definit
436 2251 678 2295 anathema
704 2266 823 2307 eum,
850 2254 927 2312 qui
953 2254 1060 2298 dicit
1089 2272 1112 2296 «
1134 2270 1274 2300 unam
1300 2271 1547 2315 personam
1572 2256 1827 2301 secundum
1851 2256 2136 2316 dignitatem,
2167 2266 2214 2302 et

253 2317 496 2372 honorem,
529 2329 573 2362 et
605 2319 932 2374 adorationem,
966 2323 1082 2366 sicut
1115 2322 1406 2378 Theodorus,
1439 2334 1484 2368 et
1514 2323 1756 2369 Nestorius
1791 2323 2067 2369 insanientes
2101 2337 2212 2368 con-

251 2385 526 2443 scripserunt
546 2402 592 2430 »z
620 2386 706 2429 alia
731 2401 840 2430 vero
868 2388 1022 2445 opinio
1049 2389 1208 2434 incidit
1238 2393 1285 2435 in
1318 2405 1520 2435 errorem
1552 2390 1757 2435 Nestorii
1787 2400 2006 2450 quantum
2033 2389 2092 2437 ad
2118 2390 2211 2440 hoc

252 2451 375 2510 quod
401 2452 552 2510 posuit
576 2453 793 2498 unionem
820 2454 1169 2500 accidentalem:
1197 2471 1292 2502 non
1326 2458 1447 2502 enim
1481 2457 1631 2502 differt
1662 2457 1829 2512 dicere,
1855 2457 1980 2517 quod
2004 2456 2212 2505 Verbum

252 2516 342 2562 Dei
369 2519 543 2562 unitum
576 2529 643 2563 est
674 2520 852 2564 homini
878 2521 1062 2567 Christo
1096 2524 1349 2568 secundum
1379 2525 1776 2579 inhabitationem,
1808 2525 1927 2570 sicut
1955 2525 2004 2569 in
2031 2525 2211 2586 templo

251 2599 335 2629 suo
363 2585 500 2642 (sicut
525 2586 701 2630 dicebat
725 2587 995 2643 Nestorius),
1019 2600 1062 2634 et
1084 2590 1248 2646 dicere,
1272 2592 1394 2652 quod
1412 2592 1591 2637 unitum
1605 2591 1690 2636 fuit
1705 2591 1911 2637 Verbum
1924 2592 2213 2639 Deihomini

251 2652 501 2696 secundum
528 2652 839 2708 induitionem,
858 2657 973 2700 sicut
989 2658 1275 2713 vestimento,
1294 2660 1410 2703 sicut
1435 2660 1545 2704 dicit
1568 2659 1700 2704 tertia
1723 2659 1880 2719 opinio
1894 2676 1909 2706 .·
1932 2673 2050 2720 quae
2072 2661 2212 2707 etiam

252 2720 379 2778 peius
405 2720 514 2763 dicit
540 2719 721 2779 aliquid,
749 2737 886 2780 quam
911 2724 1163 2780 Nestorius,
1190 2726 1364 2771 scilicet
1390 2728 1512 2786 quod
1540 2727 1708 2782 anima,
1732 2736 1777 2772 et
1802 2741 1968 2787 corpus
1989 2741 2085 2773 non
2107 2735 2212 2773 sun‘t

252 2787 391 2831 unita.
418 2786 548 2830 Fides
577 2797 727 2831 autem
751 2789 975 2834 catholica
1002 2793 1205 2837 medium
1230 2794 1346 2839 inter
1363 2795 1616 2854 praedictas
1643 2794 1895 2854 positiones
1919 2804 2095 2849 tenens,
2115 2807 2212 2840 non

253 2852 362 2896 dicit
394 2853 611 2896 unionem
642 2853 808 2898 factam
842 2856 942 2910 Dei,
986 2869 1029 2902 et
1067 2860 1267 2905 hominis
1300 2862 1553 2906 secundum
1591 2861 1849 2915 essentiam,
1883 2860 1956 2906 vel
1985 2871 2212 2916 naturam,

251 2933 399 2978 neque
427 2920 565 2963 etiam
587 2922 838 2965 secundum
866 2925 1088 2980 accidens,
1116 2927 1194 2971 sed
1221 2929 1374 2982 medio
1403 2929 1545 2975 modo
1572 2927 1826 2973 secundum
1857 2927 2211 2983 subsistentiam,

253 3000 332 3030 seu
350 2986 658 3045 hypostasim;
685 2989 802 3032 unde
826 2990 869 3032 in
894 3004 927 3047 5.
949 2992 1137 3051 Synodo
1157 2995 1252 3051 (loc.
1270 3004 1358 3055 sup.
1378 2997 1470 3054 cit.)
1489 2996 1673 3040 dicitur:
1705 3011 1729 3037 <c
1747 2995 1871 3041 Cum
1888 2994 2044 3042 multis
2061 2995 2213 3043 modis

253 3053 400 3097 unitas
426 3053 716 3111 intelligatur,
745 3056 820 3113 qui
845 3057 1128 3116 iniquitatem
1162 3062 1449 3121 Apollinarii,
1483 3073 1528 3108 et
1558 3062 1824 3122 Eutychetis
1856 3061 2214 3122 sequuntur-,jin-

252 3122 603 3180 teremptionem
627 3137 787 3166 eorum
805 3139 919 3182 quae
938 3140 1246 3174 convenerunt
1271 3131 1473 3176 colentes
1493 3131 1630 3189 (idest
1644 3130 1956 3176 interimentes
1971 3140 2213 3191 utramque

251 3189 483 3246 naturam)
511 3189 728 3233 unionem
752 3193 1003 3237 secundum
1031 3195 1347 3242 confusionem
1374 3199 1554 3243 dicunt:
1590 3197 1831 3242 Theodori
1863 3208 2032 3255 autem,
2058 3207 2103 3244 et
2125 3197 2214 3249 Ne-

253 3255 375 3299 storii
404 3269 619 3314 sequaces
638 3256 858 3301 divisione
878 3261 1138 3317 gaudentes,
1159 3263 1446 3310 affectualem
1469 3265 2027 3311 unitatem'introducunt:
2055 3259 2213 3314 sancta

256 3335 365 3365 vero
392 3322 479 3366 Dei
511 3322 717 3368 Ecclesia
750 3325 979 3384 utriusque
1014 3329 1225 3386 perfidiae
1259 3332 1540 3391 impietatem
1571 3331 1796 3391 rejiciens,
1828 3333 2048 3380 unionem
2074 3331 2215 3381 Verbi

254 3387 342 3431 Dei
377 3387 431 3431 ad
470 3402 654 3434 carnem
681 3392 932 3435 secundum
970 3396 1351 3454 compositionem
1397 3398 1650 3452 confitetur,
1686 3398 1810 3457 quod
1850 3409 1920 3445 est
1958 3399 2213 3451 seeundum

252 3454 588 3500 subsistentiam
610 3472 663 3510 »ς
697 3458 760 3501 sic
796 3472 906 3517 ergo
943 3470 1078 3517 patet,
1106 3464 1226 3521 quod
1254 3466 1453 3510 secunda
1486 3466 1624 3511 trium
1660 3465 1947 3524 opinionum,
1973 3479 2084 3526 quas
2114 3465 2213 3510 Ma·

252 3521 391 3579 gister
415 3522 542 3580 ponit
568 3523 663 3581 (lib.
687 3539 721 3582 3.
749 3525 859 3571 Sent.
886 3527 997 3572 Dist.
1025 3528 1066 3573 6.
1071 3526 1111 3585 ),
1138 3544 1253 3588 quae
1281 3533 1438 3578 asserit
1465 3547 1604 3579 unam
1629 3532 1917 3593 hypostasim
1937 3532 2047 3590 Dei,
2061 3532 2214 3585 etho-
