2352 3926
648 241 928 289 QUABSTIO
969 241 1153 282 Lxxtv.
1194 241 1507 283 ARTICULUS
1547 243 1584 280 1.
1999 229 2102 299 645

222 356 264 389 2.
289 344 588 391 Puni-nam.
616 345 719 397 Hoc
746 355 1086 391 sacramentum
1113 356 1180 392 est
1204 345 1372 405 ubique
1400 343 1752 390 celebrandum:
1774 343 1922 390 sedin
1944 343 2099 389 multis

131 411 262 457 terris
285 426 381 457 non
405 413 632 458 invenitur
656 415 784 472 panis
810 413 1027 468 triticeus,
1050 423 1095 458 et
1115 414 1162 457 in
1184 413 1408 472 aliquibus
1423 427 1518 457 non
1536 412 1762 457 invenitur
1776 413 1960 467 vinum3
1987 426 2097 472 ergo

131 478 277 538 panis,
303 489 348 524 et
367 480 526 524 vinum
552 494 646 524 non
672 491 777 525 sunt
803 481 1082 525 conveniens
1109 481 1300 525 materia
1325 481 1460 538 hujus
1487 479 1777 525 sacramenti.

225 560 262 605 3.
288 546 587 593 PRAETEREA.
616 548 718 592 Hoc
745 558 1084 593 sacramentum
1107 548 1328 607 competit
1353 548 1489 602 sanis,
1516 558 1562 592 et
1585 547 1803 609 infirmis:
1831 547 1911 593 sed
1936 548 2095 592 vinum

131 623 270 658 nocet
294 614 564 672 quibusdam
589 614 805 670 infirmis;
832 629 942 673 ergo
966 614 1157 669 videtur,
1175 615 1297 674 quod
1320 615 1478 660 vinum
1494 629 1589 659 non
1606 615 1769 660 debeat
1791 629 1890 663 esse
1907 615 2098 661 materia

131 679 266 739 hujus
292 682 579 726 sacramenti.

221 747 315 792 SED
343 761 540 793 CONTRA
566 758 646 801 est,
674 748 795 807 quod
823 746 1082 792 Alexander
1107 748 1140 792 Ι.
1169 762 1286 807 papa
1320 748 1429 792 dicit
1462 748 1597 808 (epist.
1629 761 1666 792 1.
1694 748 1750 793 ad
1775 764 1912 794 omnes
1938 748 2096 794 orthod.

131 821 222 873 cap.
247 828 291 872 4.
321 815 532 872 Concil.).·
575 831 598 856 (ι
624 815 675 858 In
709 825 1104 859 sacramentorum
1137 814 1443 859 oblationibus
1478 816 1607 873 panis
1642 826 1834 872 tantum,
1868 826 1912 861 et
1935 816 2095 861 vinum

136 894 253 940 aqua
279 882 553 941 permixtum
578 882 626 925 in
651 881 925 926 sacrificium
953 880 1263 926 offerantur».

220 947 510 994 RESPONDEO
537 948 799 1003 dicendum,
826 948 949 1007 quod
977 948 1098 992 circa
1121 950 1360 992 materiam
1387 949 1522 1006 hujus
1544 951 1819 994 sacramenti
1838 949 1977 1009 aliqui
1997 950 2103 995 mul-

131 1015 325 1075 tipliciter
349 1025 634 1069 erraverunt;
660 1015 831 1074 quidam
858 1016 983 1059 enim
1009 1017 1087 1074 qui
1114 1016 1324 1060 dicuntur
1351 1016 1646 1076 Artotyritae‚
1680 1027 1728 1061 ut
1760 1017 1954 1077 August.
1988 1017 2097 1062 dicit

130 1081 176 1125 in
201 1080 278 1126 lib.
304 1081 376 1126 De
402 1081 676 1126 Haeresibus
707 1081 839 1138 (haer.
867 1081 976 1140 28.),
1012 1081 1210 1127 offerunt
1242 1097 1424 1143 panem,
1458 1093 1500 1127 et
1534 1097 1718 1128 caseum
1751 1085 1797 1128 in
1829 1085 1919 1129 hoc
1951 1098 2104 1129 sacra·

130 1157 302 1202 mento,
326 1148 544 1202 dicentes,
573 1163 598 1192 a
622 1149 780 1208 primis
806 1149 1071 1194 hominibus
1090 1149 1344 1194 oblationes
1371 1150 1427 1195 de
1442 1148 1670 1195 >fructibus
1688 1161 1848 1206 terrae,
1871 1163 1916 1196 et
1937 1152 2096 1196 ovium

129 1213 267 1259 fuisse
299 1214 577 1260 celebratas:
615 1217 692 1260 alii
717 1230 843 1270 vero,
878 1216 1055 1260 scilicet
1091 1217 1431 1277 Cataphrygae,
1459 1227 1504 1262 et
1534 1218 1795 1278 Pepuziani,
1825 1219 1881 1263 de
1912 1218 2098 1264 infantis

129 1282 364 1342 sanguine,
391 1297 527 1342 quem
554 1282 610 1326 de
636 1292 735 1327 toto
762 1284 858 1342 ejus
886 1297 1078 1342 corpore
1112 1284 1297 1328 minutis
1331 1285 1632 1344 punctionum
1658 1285 1919 1330 vulneribus
1953 1296 2097 1331 extor-

128 1359 282 1408 quent,
299 1349 429 1409 quasi
444 1349 779 1394 Eucharistiam
797 1364 928 1394 suam
945 1351 1172 1395 conficere
1189 1352 1499 1410 perhibentur,
1517 1353 1760 1397 miscentes
1778 1367 1885 1397 eum
1907 1352 2096 1408 farinae,
2115 1409 2118 1412 .

128 1429 386 1476 panemque
412 1416 517 1461 inde
542 1416 779 1462 facientes:
816 1417 988 1476 quidam
1014 1432 1139 1473 vero,
1167 1419 1244 1478 qui
1277 1418 1487 1463 dicuntur
1513 1419 1718 1478 Aquarii,
1746 1434 1914 1480 aquam
1940 1419 2091 1466 solam

127 1483 210 1528 sub
237 1483 387 1543 specie
413 1484 668 1528 sobrietatis
695 1486 741 1528 in
768 1484 858 1528 hoc
885 1495 1175 1529 sacramento
1203 1485 1413 1530 offerunt.
1443 1486 1621 1531 Omnes
1645 1497 1798 1531 autern
1824 1486 1873 1531 hi
1900 1501 2094 1543 errores,

128 1559 174 1594 et
198 1549 370 1595 similes
397 1550 697 1595 excluduntur
721 1565 801 1610 per
827 1551 933 1606 hoc,
960 1552 1082 1611 quod
1111 1552 1322 1598 Christus
1348 1553 1439 1598 hoc
1467 1564 1807 1598 sacramentum
1833 1555 1914 1600 sub
1942 1555 2094 1605 specie

128 1617 272 1677 panis,
300 1626 345 1662 et
368 1617 463 1661 vini
494 1618 700 1670 instituit,
728 1628 775 1660 ut
801 1629 925 1674 patet
949 1619 1110 1660 Matth.
1139 1619 1239 1670 26.;
1272 1620 1391 1659 unde
1424 1619 1568 1674 panis,
1601 1624 1646 1659 et
1676 1615 1835 1658 vinum
1868 1624 1973 1658 sunt
2004 1628 2098 1657 ma-

127 1685 242 1729 teria
268 1684 548 1728 conveniens
573 1684 708 1742 huJus
731 1684 1020 1728 sacramenti.
1038 1683 1095 1727 Et
1110 1683 1200 1727 hoc
1218 1681 1570 1727 rationabiliter:
1591 1685 1734 1742 primo
1753 1681 1938 1741 quidem
1957 1695 2096 1740 quan·

128 1761 228 1795 tum
255 1750 311 1794 ad
337 1764 470 1795 usum
498 1750 632 1809 hujus
658 1750 946 1804 sacramenti,
980 1750 1058 1809 qui
1084 1759 1151 1794 est
1178 1749 1500 1803 manducatio;
1525 1749 1644 1793 sicut
1675 1749 1797 1794 enim
1832 1763 1948 1807 aqua
1976 1762 2096 1792 assu-

128 1817 267 1861 mitur
293 1817 339 1860 in
366 1827 655 1862 sacramento
680 1817 894 1875 baptismi
921 1816 976 1860 ad
1004 1831 1138 1861 usum
1160 1816 1403 1876 spiritualis
1431 1815 1690 1870 ablutionis,
1707 1816 1813 1875 quia
1845 1814 2098 1875 corporalis

129 1883 300 1928 ablutio
329 1884 636 1928 communiter
661 1883 710 1927 fit
735 1884 781 1927 in
809 1898 939 1942 aqua,
973 1884 1035 1927 ita
1062 1883 1205 1942 panis,
1234 1894 1278 1927 et
1304 1884 1477 1937 vinum,
1505 1883 1666 1942 quibus
1695 1882 1990 1927 communius
2017 1881 2099 1926 ho·

126 1951 275 1996 mines
301 1950 577 2005 reficiuntur,
605 1961 896 1995 assumuntur
922 1951 967 1993 in
995 1950 1083 1995 hoc
1117 1959 1406 1994 sacramento
1441 1949 1496 1993 ad
1529 1964 1663 1994 usum
1696 1948 1940 2009 spiritualis
1975 1963 2100 1992 man-

127 2018 404 2063 ducationis:
430 2017 604 2063 secundo
631 2027 852 2076 quantum
880 2017 935 2061 ad
963 2018 1225 2076 passionem
1255 2017 1438 2071 Christi,
1466 2017 1512 2060 in
1539 2031 1628 2076 qua
1654 2016 1840 2075 sanguis
1863 2025 1931 2060 est
1954 2030 1979 2060 a
2003 2030 2098 2060 cor·

126 2098 238 2145 pore
264 2094 520 2144 separatus3
547 2094 591 2129 et
615 2085 720 2128 ideo
747 2084 794 2127 in
821 2085 910 2127 hoc
939 2094 1244 2136 sacramento,
1271 2085 1393 2142 quod
1420 2095 1488 2127 est
1521 2083 1792 2127 memoriale
1819 2083 2096 2127 Dominicae

128 2151 367 2213 passioniS,
394 2164 602 2195 seorsum
628 2151 821 2194 sumitur
848 2150 990 2208 panis,
1018 2160 1067 2193 ut
1093 2160 1435 2194 sacramentum
1460 2151 1680 2208 corporis,
1704 2161 1749 2193 et
1766 2150 1940 2203 vinum,
1964 2159 2014 2194 ut
2033 2163 2104 2194 sa-

129 2227 418 2263 cramentum
435 2218 687 2276 sanguinis:
706 2219 824 2262 tertio
842 2227 1061 2276 quantum
1084 2218 1138 2260 ad
1157 2215 1374 2260 effectum
1391 2217 1734 2261 consideratum
1753 2216 1800 2259 in
1820 2230 2100 2275 unoquoque

127 2285 434 2340 sumentium3
461 2285 581 2344 quia,
608 2294 657 2329 ut
682 2285 897 2328 Ambros.
926 2284 1034 2328 dicit
1059 2298 1193 2343 super
1218 2283 1348 2343 epist.
1373 2298 1407 2327 1.
1434 2283 1488 2327 ad
1513 2283 1622 2327 Cor.
1641 2284 1752 2343 (sup.
1773 2283 1879 2327 illud
1901 2291 1992 2343 cap.
2019 2298 2098 2328 11..·

46 2362 58 2375 ·
79 2379 83 2382 «
126 2350 216 2398 Hic
241 2353 353 2398 calix
377 2367 548 2406 novum,
574 2353 685 2410 eta),
713 2367 737 2392 «
759 2352 850 2395 hoc
879 2361 1221 2395 sacramentum
1244 2349 1366 2395 valet
1387 2350 1443 2394 ad
1458 2350 1702 2394 tuitionem
1727 2350 1924 2405 animae,
1942 2359 1987 2394 et
2004 2364 2102 2394 cor·

127 2419 267 2479 poris,
291 2429 337 2464 et
366 2419 471 2464 ideo
506 2433 670 2478 corpus
703 2417 877 2464 Christi
909 2418 990 2462 sub
1024 2418 1175 2477 specie
1209 2419 1337 2477 panis
1370 2432 1453 2477 pro
1487 2417 1631 2462 salute
1666 2418 1885 2477 corporis,
1913 2417 2099 2476 sanguis

127 2499 239 2531 vero
264 2486 345 2531 sub
372 2486 523 2546 specie
539 2486 636 2530 vini
653 2499 736 2545 pro
759 2485 902 2529 salute
925 2485 1106 2528 animae
1125 2483 1312 2529 offertur
1329 2501 1380 2540 >³3
1408 2485 1525 2529 sicut
1541 2484 1705 2529 dicitur
1723 2485 1866 2529 Levit.
1892 2497 1957 2542 17.
1976 2484 2098 2544 quod

129 2555 275 2598 anima
300 2555 440 2598 carnis
464 2555 509 2597 in
534 2555 734 2612 sanguine
760 2559 843 2598 est:
871 2559 1021 2611 quarto
1048 2562 1270 2611 quantum
1298 2553 1353 2596 ad
1382 2551 1598 2597 effectum
1624 2562 1832 2611 respectu
1854 2552 1993 2596 totius
2019 2551 2100 2595 Ec·

131 2619 311 2676 clesiae,
336 2634 452 2679 quae
479 2620 765 2664 constituitur
796 2634 851 2664 ex
877 2619 1065 2664 diversis
1093 2619 1324 2664 fidelibus:
1355 2635 1379 2660 «
1401 2620 1519 2663 sicut
1539 2620 1669 2678 panis
1699 2619 1938 2663 conficitur
1959 2632 2015 2662 ex
2040 2618 2101 2661 di-

130 2686 273 2731 versis
298 2687 465 2745 granis,
492 2697 538 2731 et
560 2687 719 2730 vinum
744 2686 843 2731 fluit
874 2701 928 2731 ex
961 2686 1148 2731 diversis
1182 2687 1280 2730 uvis
1306 2704 1348 2741 »,
1377 2697 1425 2731 ut
1451 2686 1562 2731 dicit
1589 2685 1742 2731 Gloss.
1779 2686 1888 2743 (ord.
1922 2687 2099 2744 August.

131 2760 250 2800 tract.
277 2754 348 2800 26.
371 2755 416 2797 in
438 2755 562 2811 Joan.
590 2755 794 2813 aliquant.
822 2759 916 2799 ante
930 2754 1051 2813 fin.)‚
1080 2768 1216 2812 super
1241 2753 1351 2798 illud
1385 2768 1423 2799 1.
1447 2754 1656 2798 Corinth.
1692 2767 1783 2799 1o.:
1811 2754 1939 2798 Multi
1969 2766 2098 2797 unum

132 2829 280 2881 corpus
302 2835 457 2875 sumus,
485 2829 570 2864 etc.

222 2888 297 2932 AD
309 2900 498 2932 PR1MUM
515 2901 625 2946 ergo
638 2886 898 2941 dicendum,
916 2887 1164 2946 quodlicet
1182 2902 1340 2932 carnes
1360 2887 1626 2932 animalium
1646 2887 1907 2932 occisorum
1926 2900 2101 2946 expres-

132 2955 224 3000 sius
252 2963 590 3015 repraesentent
607 2953 778 2998 Christi
794 2955 1070 3014 passionem,
1092 2965 1247 2999 tamen
1265 2958 1414 2999 minus
1440 2964 1707 3014 competunt
1725 2954 1779 2998 ad
1800 2966 2098 2998 communem

131 3036 267 3067 usum
286 3023 420 3080 hujus
445 3022 733 3076 sacramenti,
759 3032 804 3066 et
829 3023 884 3066 ad
911 3022 1267 3067 ecclesiasticam
1295 3023 1513 3067 unitatem
1541 3021 1899 3081 significandam.

222 3089 298 3133 AD
325 3101 584 3134 SECUNDUM
610 3088 867 3142 dicendum,
895 3089 1016 3148 quod
1043 3090 1150 3134 licet
1180 3105 1274 3134 non
1300 3091 1346 3133 in
1374 3090 1586 3133 omnibus
1620 3089 1749 3132 terris
1782 3098 1995 3132 nascatur
2025 3087 2100 3132 tri-

131 3157 288 3210 ticum,
315 3155 390 3200 vel
426 3158 599 3208 vinum,
626 3166 779 3199 tamen
807 3155 862 3199 de
887 3155 1011 3200 facili
1043 3157 1097 3200 ad
1132 3171 1293 3201 omnes
1320 3167 1460 3201 terras
1495 3155 1655 3199 deferri
1688 3165 1850 3214 potest,
1877 3165 2097 3214 quantum

133 3223 298 3268 sufficit
324 3224 378 3267 ad
406 3237 538 3266 usum
565 3223 698 3281 hujus
727 3224 1021 3267 sacramenti:
1055 3238 1140 3268 nec
1174 3235 1358 3283 propter
1391 3223 1618 3267 defectum
1654 3222 1836 3267 alterius
1862 3233 1929 3266 est
1954 3237 2096 3267 unum

131 3300 310 3335 tanturn
336 3290 433 3334 sine
461 3289 603 3333 altero
631 3290 1010 3345 consecrandum,
1050 3290 1156 3349 quia
1189 3305 1281 3335 non
1317 3300 1433 3334 esset
1467 3289 1717 3348 perfectum
1745 3298 2099 3333 sacramentum.

222 3358 298 3403 AD
327 3370 542 3402 TERTIUM
570 3357 828 3410 dicendum,
852 3358 973 3416 quod
999 3359 1158 3402 vinum
1184 3358 1229 3400 in
1258 3357 1439 3400 modica
1468 3356 1716 3415 quantitate
1744 3366 1975 3415 sumptum
2001 3369 2096 3400 non

133 3434 283 3485 potest
307 3425 502 3468 multum
536 3424 790 3482 aegrotanti
821 3437 1014 3468 nocere:
1048 3434 1092 3468 et
1121 3435 1276 3469 tamen
1310 3425 1347 3467 si
1378 3433 1710 3467 nocumentum
1742 3423 1970 3476 timeatur,
2001 3436 2095 3467 non

134 3501 203 3536 est
217 3505 404 3536 necesse
422 3491 545 3550 quod
564 3504 726 3535 omnes
746 3490 1020 3549 accipientes
1038 3504 1204 3551 corpus
1224 3490 1394 3536 Christi
1412 3490 1550 3534 etiam
1568 3489 1795 3549 accipiant
1810 3490 2099 3549 sanguinem,

135 3568 186 3603 ut
209 3556 327 3603 infra
352 3557 528 3603 dicetur
555 3558 613 3616 (q.
633 3558 703 3603 80.
733 3563 813 3601 art.
836 3556 938 3614 12.).
