2352 3926
278 238 382 294 104
808 232 1085 280 QUAESTIO
1122 230 1240 269 VIII.
1281 229 1589 270 ARTICULUS
1628 229 1681 267 V.

273 341 476 393 animae3
494 348 538 383 et
556 337 608 381 ad
629 336 767 380 alium
795 345 946 379 actum
973 333 1208 378 ordinatur
1223 332 1370 390 gratia
1387 331 1560 390 capitis,
1578 328 1755 375 scilicet
1771 330 1827 374 ad
1844 329 2224 375 sanctificandum

274 406 411 460 alios3
439 419 549 463 ergo
578 403 664 447 alia
691 413 757 446 est
783 402 926 459 gratia
953 399 1204 459 personalis
1225 399 1365 459 ipsius
1391 397 1579 453 Christi,
1599 408 1642 442 et
1665 396 1752 442 alia
1778 407 1848 442 est
1865 397 2011 457 gratia
2037 398 2149 456 ejus,
2165 397 2229 442 in-

275 482 495 531 quantum
523 481 589 515 est
616 479 750 527 caput
776 467 1022 511 Ecclesiae.

370 554 406 596 3.
433 539 728 582 PRAETEREA.
763 535 892 578 Sicut
924 549 1058 593 supra
1090 534 1263 577 dictum
1297 543 1364 577 est
1395 533 1455 591 (q.
1491 532 1532 577 6.
1570 538 1651 576 art.
1686 532 1766 591 6),
1782 531 1829 576 in
1859 531 2048 576 Christo
2072 531 2232 576 ›dinin-

277 607 425 664 guitur
452 605 599 663 triplex
632 602 804 661 gratia3
837 601 1037 646 scilicet:
1061 603 1202 660 gratia
1227 601 1408 654 unionis,
1429 601 1572 658 gratia
1593 601 1758 659 capitis,
1782 609 1831 644 et
1845 601 1987 658 gratia
2009 596 2233 658 singzdaris

277 673 396 716 illius
422 672 643 715 hominis:
671 669 749 714 sed
777 670 920 727 gratia
951 668 1191 727 singularis
1224 667 1397 712 Christi
1429 676 1497 710 est
1528 666 1617 711 alia
1650 681 1676 710 a
1708 666 1854 725 gratia
1884 666 2087 711 unionis:
2120 678 2232 725 ergo

279 739 417 783 etiam
443 748 511 782 est
539 736 626 780 alia
659 750 685 779 a
710 735 856 795 gratia
883 735 1055 794 capitis.
2163 767 2168 773 .

368 805 461 848 SED
506 815 701 848 CONTRA
745 812 826 857 est,
859 802 981 861 quod
1014 802 1176 846 dicitur
1202 801 1364 859 Joann.
1404 814 1465 844 1.:
1498 801 1566 844 De
1591 799 1848 860 plenitudine
1878 801 1966 859 ejus
1993 813 2069 844 nos
2100 812 2237 843 omnes

278 873 531 930 accepimus:
567 870 816 914 secundum
844 869 935 913 hoc
964 879 1113 912 autern
1144 878 1210 912 est
1233 877 1368 927 caput
1398 878 1622 922 nostrum,
1644 866 1768 926 quod
1794 866 1848 911 ab
1873 880 1933 911 eo
1959 865 2236 926 accipimus;

281 952 390 997 ergo
424 938 675 982 secundum
697 937 787 981 hoc
819 936 941 995 quod
977 936 1132 979 habuit
1156 935 1486 994 plenitudinem
1513 934 1699 994 gratiae,
1732 944 1801 979 est
1830 943 1969 994 caput
1998 943 2234 978 nostrum:

279 1004 607 1063 plenitudinem
629 1014 782 1048 autem
799 1004 969 1062 gratiae
991 1003 1163 1056 habuit,
1186 1002 1438 1046 secundum
1456 1002 1579 1061 quod
1596 1001 1797 1061 perfecte
1817 1000 1900 1045 fuit
1915 1001 1963 1051 in
1990 999 2072 1045 iilo
2091 1000 2236 1060 gratia

281 1072 545 1131 personalis,
578 1082 626 1115 ut
656 1085 791 1130 supra
822 1071 995 1115 dictum
1038 1080 1106 1114 est
1126 1071 1187 1129 (q.
1211 1083 1249 1129 7.
1272 1077 1354 1115 art.
1372 1071 1432 1130 9.)
1446 1085 1462 1122 ;
1491 1083 1600 1128 ergo
1628 1069 1881 1116 secundum
1912 1068 2106 1127 gratiam
2135 1077 2236 1126 per-

280 1139 488 1183 sonalem
511 1149 578 1183 est
605 1149 740 1198 caput
764 1149 995 1192 nostrum;
1024 1148 1069 1181 et
1099 1137 1162 1181 ita
1193 1151 1287 1180 non
1314 1147 1383 1181 est
1409 1136 1498 1180 alia
1524 1137 1669 1195 gratia
1696 1136 1869 1197 capitis,
1899 1145 1949 1181 et
1973 1134 2063 1180 alia
2084 1134 2239 1194 'gratia

282 1206 549 1266 personalis.
2252 1249 2261 1261 Ι

372 1273 659 1317 RESPONDEO
687 1272 946 1326 dicendum,
970 1271 1095 1331 quod
1123 1272 1227 1331 quia
1253 1271 1613 1330 unumquodque
1641 1271 1747 1330 agit,
1773 1271 2044 1330 inquantum
2067 1278 2142 1314 est
2156 1278 2240 1313 ens

285 1350 402 1394 actu,
437 1350 614 1399 oportet
646 1340 766 1399 quod
799 1340 921 1384 idem
946 1340 1004 1383 sit
1036 1349 1177 1393 actus,
1204 1353 1295 1398 quo
1330 1338 1500 1397 aliquid
1533 1348 1601 1382 est
1632 1348 1750 1394 actu,
1783 1347 1829 1382 et
1849 1350 1946 1397 quo
1978 1333 2094 1396 ag'itz
2123 1337 2243 1380 sicut

284 1407 406 1451 idem
425 1418 491 1451 est
509 1407 648 1461 calor,
666 1422 756 1466 quo
774 1407 890 1466 ignis
910 1416 975 1450 est
997 1406 1184 1460 calidus,
1208 1417 1252 1450 et
1272 1420 1363 1465 quo
1381 1405 1616 1451 calefacit:
1633 1414 1900 1453 nontamen
1913 1404 2070 1449 omnis
2095 1412 2242 1456 acuis,

287 1488 377 1532 quo
406 1473 573 1532 aliquid
600 1485 667 1518 est
684 1484 800 1528 actu,
827 1473 992 1518 sufficit
1009 1474 1063 1517 ad
1082 1474 1186 1527 hoc,
1205 1474 1327 1532 quod
1348 1474 1407 1517 sit
1431 1473 1706 1532 principium
1733 1471 1900 1531 agendi
1922 1472 1970 1516 in
1991 1470 2103 1517 alia-2
2128 1483 2244 1515 vum
2312 1488 2329 1500 ·

286 1541 408 1585 enim
441 1555 580 1599 agens
615 1541 672 1586 sit
703 1541 1001 1600 praestantius
1027 1541 1237 1600 patiente,
1260 1550 1309 1585 ut
1334 1541 1529 1599 August.
1557 1540 1667 1584 dicit
1702 1551 1769 1584 12.
1801 1548 1937 1599 super
1961 1537 2083 1583 Gen.
2098 1536 2244 1582 adlit

291 1607 399 1667 (cap.
427 1609 526 1661 16),
551 1619 594 1652 et
625 1608 796 1652 Philos.
824 1609 870 1651 in
897 1623 933 1666 3.
953 1608 1007 1651 de
1040 1608 1128 1651 An.
1162 1610 1262 1665 (tex.
1289 1608 1394 1666 19),
1423 1616 1617 1666 oportet,
1645 1606 1767 1666 quod
1795 1618 1936 1665 agens
1965 1605 2015 1649 in
2039 1603 2138 1649 ‘alia
2160 1603 2247 1653 ha·-

285 1675 390 1718 beat
412 1685 562 1719 actum
581 1675 831 1719 secundum
859 1675 1154 1718 eminentiam
1182 1674 1451 1734 quamdam:
1480 1674 1739 1718 dictumest
1760 1682 1914 1717 autem
1939 1685 2076 1732 supra
2088 1672 2193 1729 (art.
2209 1686 2246 1716 1.

290 1742 375 1800 huj.
409 1757 447 1800 q.
480 1749 518 1787 et
543 1757 580 1800 q.
609 1756 646 1801 7.
675 1748 754 1786 art.
789 1757 828 1801 9.
828 1742 868 1800 ),
898 1742 1019 1800 quod
1046 1742 1093 1785 in
1120 1742 1274 1786 anima
1300 1740 1478 1785 Christi
1504 1751 1686 1800 recepta
1712 1750 1780 1785 est
1801 1740 1956 1799 gratia
1987 1737 2243 1790 secundnm

288 1810 536 1852 maximam
563 1810 882 1864 eminentiam3
905 1819 949 1853 et
961 1809 1066 1853 ideo
1089 1823 1145 1853 ex
1169 1808 1249 1853 illa
1274 1808 1522 1853 eminentia
1550 1808 1721 1867 gratiae
1743 1818 1882 1867 quam
1902 1806 2097 1866 accepit,
2115 1816 2246 1850 zeum-

288 1876 398 1934 petit
422 1877 520 1930 sibi,
548 1877 670 1935 quod
702 1877 845 1935 gratia
876 1876 954 1920 illa
982 1876 1037 1919 ad
1061 1876 1175 1920 alios
1198 1876 1453 1920 derivetur:
1481 1875 1603 1934 quod
1629 1875 1825 1935 pertinet
1847 1874 1903 1918 ad
1927 1873 2157 1918 rationem
2175 1885 2250 1916 oa-

289 1943 415 2001 pitis;
442 1953 486 1987 et
516 1944 619 1987 ideo
653 1945 812 1987 eadem
846 1954 913 1987 est
943 1943 1196 1987 secundum
1229 1943 1474 1987 essentiam
1498 1944 1642 2002 gratia
1674 1940 1941 2002 personalis,
1971 1953 2063 2000 qua
2092 1939 2249 1984 anima

293 2010 462 2054 Christi
487 2021 554 2054 est
577 2010 830 2068 justificata,
861 2021 904 2055 et
929 2011 1074 2069 gratia
1102 2012 1211 2069 ejus,
1233 2010 1486 2055 secundum
1512 2023 1651 2069 quam
1678 2019 1746 2054 est
1762 2017 1904 2068 caput
1926 2006 2163 2052 Ecclesiae
2187 2006 2252 2065 ju-

291 2078 486 2122 stificans
522 2078 657 2123 alios:
691 2078 837 2123 differt
860 2090 1016 2123 tamen
1042 2079 1295 2124 secundum
1323 2079 1561 2123 rationem.

380 2145 455 2189 An
487 2159 672 2190 PRIMUM
699 2161 808 2205 ergo
835 2147 1094 2201 dicendum,
1121 2146 1243 2206 quod
1270 2155 1513 2205 peccatum
1535 2144 1763 2205 originale
1780 2144 1831 2188 -in
1857 2142 2024 2198 Adam,
2040 2141 2167 2203 quod
2183 2151 2253 2186 est

293 2222 530 2271 peccatum
556 2223 756 2267 naturae,
784 2214 1035 2258 derivatum
1054 2224 1121 2258 est
1147 2228 1171 2257 a
1194 2224 1389 2272 peccato
1409 2213 1575 2258 actuali
1595 2214 1752 2273 ipsius,
1770 2212 1894 2272 quod
1916 2221 1987 2256 est
2008 2219 2251 2271 peceamm

295 2279 560 2337 personale:
589 2280 693 2339 quia
719 2282 764 2324 in
780 2295 837 2325 eo
855 2295 1049 2340 persona
1077 2282 1277 2341 corrupit
1302 2291 1538 2336 naturam3
1566 2294 1655 2340 qua
1682 2279 1974 2338 corruptione
2002 2277 2253 2332 mediante,

296 2356 534 2404 peccatum
560 2348 692 2405 primi
718 2349 919 2392 hominis
945 2349 1172 2393 derivatur
1199 2349 1254 2392 ad
1281 2359 1505 2408 posteros,
1530 2347 1788 2392 secundum
1808 2345 1936 2406 quod
1959 2355 2123 2396 nazara
2154 2357 2253 2389 cor-

296 2423 426 2471 rupta
453 2415 701 2473 corrumpit
724 2429 988 2474 personam:
1024 2417 1102 2460 sed
1136 2418 1280 2475 gratia
1311 2430 1405 2459 non
1439 2415 1674 2459 derivatur·
1700 2429 1726 2458 a
1752 2413 1940 2459 Christo
1965 2413 2014 2456 in
2043 2425 2130 2456 nos
2161 2424 2254 2455 me-

297 2479 447 2523 diante
469 2490 627 2524 natura
645 2481 858 2537 humana,
870 2483 948 2526 sed
966 2497 1044 2542 per
1062 2483 1211 2527 solam
1223 2482 1516 2542 personalem
1535 2483 1766 2527 actionem
1781 2481 1922 2541 ipsius
1935 2478 2121 2525 Christi:
2134 2478 2255 2522 unde

297 2560 390 2592 non
409 2557 590 2605 oportet
605 2548 650 2591 in
669 2548 853 2593 Christo
872 2542 1144 2608 distinguere
1167 2550 1396 2610 duplicem
1421 2550 1629 2609 gratiam,
1649 2563 1842 2609 quarum
1873 2561 1964 2592 una
1982 2545 2257 2606 respondeat

300 2623 503 2669 naturae,
521 2613 610 2658 alia
635 2629 879 2674 personae3
903 2617 1019 2662 sicut
1034 2618 1080 2660 in
1097 2618 1250 2666 Adam
1277 2618 1565 2676 distinguitur
1589 2627 1833 2676 peccatum
1857 2624 2061 2669 naturae,
2087 2622 2146 2664 et.
2161 2626 2258 2673 per-

300 2694 453 2725 sonae.

384 2748 460 2792 An
502 2762 761 2794 SECUNDUM
787 2750 1044 2805 dicendum,
1072 2750 1194 2810 quod
1221 2750 1386 2796 diversi
1420 2762 1562 2807 actus,
1601 2765 1798 2811 quorum
1824 2764 1954 2803 unus
1977 2758 2046 2794 est
2068 2749 2186 2793 ratio
2213 2756 2258 2792 et

302 2829 438 2859 causa
466 2815 660 2869 alterius,
685 2831 778 2860 non
797 2818 1099 2862 diversificant
1113 2818 1343 2862 habiturn:
1375 2829 1499 2863 actus
1520 2830 1674 2864 autem
1698 2817 1951 2878 personalis
1973 2816 2159 2876 gratiae,
2180 2814 2259 2875 qui

303 2892 371 2938 est
400 2893 607 2926 sanctum
635 2882 783 2927 facere
809 2883 1057 2929 formaliter
1083 2886 1331 2929 habentem
1355 2886 1470 2944 (vide
1505 2886 1666 2932 Concil.
1709 2885 1826 2931 Trid.
1858 2885 1958 2933 Sess.
1991 2884 2034 2931 6.
2064 2890 2155 2945 cap.
2178 2881 2256 2942 7.),

304 2959 372 2995 est
392 2950 506 2995 ratio
533 2951 862 3009 justificationis
877 2951 1085 3005 aliorum,
1104 2967 1218 3011 quae
1244 2954 1437 3014 pertinet
1461 2954 1515 2997 ad
1535 2954 1729 3013 gratiam
1751 2952 1936 3015 capitis
1961 2961 2007 2997 et
2026 2950 2142 3001 ‚inde
2176 2959 2259 3004 eat,
2331 2945 2346 2966 “³

306 3017 427 3076 quod
455 3032 533 3077 per
558 3018 820 3076 hujusmodi
855 3018 1153 3062 differentiam
1180 3034 1272 3063 non
1302 3020 1629 3065 diversificatur
1656 3020 1852 3065 essentia
1874 3018 2070 3064 habitus.
2329 3048 2339 3060 ⁷·

392 3084 467 3130 AD
491 3097 705 3130 'rem-xum
733 3085 989 3138 dicendum,
1009 3086 1129 3143 quod
1157 3087 1300 3143 gratia
1327 3087 1593 3146 personalis,
1613 3098 1658 3132 et
1674 3087 1818 3147 gratia
1838 3086 2003 3147 *capitiis
2028 3083 2261 3130 ordinatur
2330 3115 2337 3135 .·.

306 3151 362 3196 ad
380 3152 578 3211 aliquem
598 3162 772 3196 actum:
803 3153 945 3210 gratia
965 3163 1114 3195 autem
1135 3153 1316 3197 unionis
1342 3169 1435 3197 non
1455 3156 1688 3199 ordinatur
1706 3155 1763 3199 ad
1789 3164 1958 3208 actum,
1984 3152 2064 3198 sed
2084 3151 2261 3197 adesse
2281 3166 2284 3170 ’
2335 3149 2337 3151 ’

306 3218 577 3278 personale3
610 3229 654 3263 et
679 3219 782 3263 ideo
813 3219 954 3277 gratia
982 3219 1246 3277 personalis,
1266 3230 1309 3263 et
1327 3221 1470 3296 gratia
1500 3222 1658 3280 capitis
1693 3221 1971 3267 conveniunt
1993 3220 2041 3265 in
2066 3217 2263 3265 essentia

307 3287 510 3340 habitus3
536 3299 627 3330 non
649 3296 796 3330 autem
819 3286 961 3344 gratia
988 3287 1192 3339 unionis;
1222 3288 1429 3344 quamvis
1447 3288 1697 3346 personalis
1717 3289 1862 3347 gratia
1878 3287 2022 3348 pom
2045 3285 2263 3346 quodam-

308 3354 448 3398 modo
482 3354 570 3397 dici
603 3354 745 3413 gratia
773 3354 968 3406 unionis,
1002 3364 1136 3411 prout
1162 3353 1269 3397 facit
1295 3356 1628 3412 congruitatem
1658 3356 1906 3414 quamdam
1930 3355 1990 3399 ad
2014 3354 2260 3399 unionem:

309 3430 352 3465 et
377 3421 627 3465 secundum
660 3421 749 3465 hoc
784 3434 872 3464 una
898 3435 977 3479 per
1003 3421 1245 3464 essentiam
1279 3431 1346 3464 est
1371 3422 1515 3479 gratia
1542 3422 1737 3477 unionis,
1772 3433 1818 3468 et
1846 3422 1994 3483 gratia
2019 3420 2193 3481 capitis,
2215 3429 2265 3465 ‘et

310 3489 452 3545 gratia
479 3488 719 3547 singularis
744 3501 979 3548 personae,
1007 3487 1085 3531 sed
1112 3486 1321 3531 differens
1347 3487 1446 3532 sola
1477 3489 1668 3533 ratione.
