2352 3926
305 231 405 284 128
857 242 1133 289 omas-no
1173 243 1246 282 xl.
1286 243 1594 282 ARTICULOS
1633 242 1707 283 v1.

298 357 519 423 quantum
546 345 602 390 ad
627 345 688 400 id,
715 345 838 404 quod
865 344 1177 389 consideratur
1199 345 1248 389 in
1274 358 1328 390 ea
1354 359 1410 390 ex
1434 354 1562 405 parte
1592 345 1683 390 Dei
1712 344 1964 390 influentis:
2003 353 2072 389 est
2101 350 2257 390 tamen

297 414 414 458 infra
439 414 675 458 scientiam
705 411 980 488 angelicam,
1007 422 1230 472 quantum
1252 412 1308 457 ad
1334 413 1525 458 modum
1548 413 1830 472 recipientis:
1857 421 1902 457 et
1922 412 1979 457 ad
1994 411 2260 470 hujusmodi

298 481 490 526 modum
517 480 722 539 pertinet,
750 479 872 538 quod
898 479 1090 524 scientia
1105 478 1183 524 illa
1201 495 1279 539 per
1297 479 1465 525 multos
1486 480 1667 525 habitus
1690 479 2006 539 distinguatur,
2032 477 2164 577 quasi
2177 490 2260 538 per

297 549 470 608 species
497 547 645 606 magis
671 545 968 606 particulares
995 547 1204 591 existens.
2130 573 2132 575 ν

386 616 462 659 An
490 627 752 659 SECUNDUM
779 613 1039 669 dicendum,
1062 615 1185 673 quod
1217 613 1328 658 fides
1364 624 1521 659 nostra
1546 614 1751 658 innititur
1775 615 1950 673 primae
1979 610 2182 658 veritati
2213 622 2261 658 et

297 682 399 726 ideo
428 682 638 726 Christus
667 690 735 725 est
761 690 920 725 auctor
945 681 1052 726 fidei
1074 691 1258 726 nostrae
1285 682 1538 727 secundum
1556 681 1759 726 divinam
1775 680 2032 735 scientiam,
2058 693 2175 740 quae
2193 689 2262 725 est

295 748 560 808 simpliciter
587 762 690 792 una.

383 817 460 861 AD
489 828 705 861 TERTIUM
732 815 991 869 dicendum,
1018 815 1140 875 quod
1166 815 1323 860 lumen
1346 816 1558 860 divinitus
1583 815 1785 860 infusum
1812 825 1880 861 est
1901 814 2164 860 communis
2190 828 2258 859 ra-

295 884 359 928 tio
378 882 664 942 intelligendi
681 897 748 937 ea,
767 897 883 942 quae
906 883 1119 927 divinitus
1136 882 1417 928 revelantur:
1444 884 1561 928 sicut
1582 893 1626 928 et
1637 883 1794 927 lumen
1809 882 2067 927 intellectus
2085 882 2260 941 agentis

297 965 474 1005 eorum,
500 965 616 1010 quae
642 949 908 994 naturaliter
933 960 1299 1009 cognoscuntur3
1323 961 1367 995 et
1388 951 1492 995 ideo
1520 951 1722 1010 oportuit
1738 964 1836 996 esse
1851 950 1900 994 in
1916 949 2071 995 anima
2087 948 2262 995 Christi

297 1019 504 1078 proprias
531 1018 706 1078 species
744 1016 1024 1077 singularum
1062 1032 1229 1073 rerum,
1267 1017 1322 1061 ad
1360 1018 1737 1077 cognoscendum
1778 1017 2043 1077 cognitione
2077 1017 2261 1077 propria

297 1085 680 1144 unumquodque;
708 1094 754 1130 et
778 1084 1032 1130 secundum
1057 1085 1148 1129 hoc
1177 1085 1380 1144 oportuit
1404 1099 1503 1130 esse
1529 1085 1732 1130 diversos
1757 1085 1939 1130 habitus
1964 1085 2181 1167 scientiae
2212 1084 2261 1128 in
2327 1134 2330 1138 ⁴

298 1152 452 1197 anima
479 1152 644 1207 Chisti,
670 1162 720 1197 ut
744 1151 919 1196 dictum
945 1161 1013 1197 est
1038 1152 1106 1210 (in
1128 1159 1240 1211 corp.
1267 1153 1389 1211 art)

962 1467 1410 1546 QUAESTIO
1453 1467 1589 1527 XII.

621 1624 702 1665 DE
735 1623 1011 1665 SCIENTIA
1043 1623 1281 1663 ANIMAE
1314 1621 1550 1663 CHRISTI
1582 1620 1922 1673 ACQUISITA,

774 1714 840 1754 IN
873 1713 1162 1765 QUATUOR
1193 1712 1524 1754 ARTICULOS
1556 1712 1781 1756 DIVISA.

385 1892 564 1937 Deinde
583 1892 966 1937 considerandum
985 1902 1053 1937 est
1070 1892 1124 1937 de
1151 1891 1341 1936 scientia
1359 1890 1533 1936 Christi
1559 1890 1794 1950 acquisita,
1810 1888 1884 1936 vel
1906 1888 2261 1951 experimentali.

879 2005 938 2050 Et
962 2005 1078 2050 circa
1102 2005 1177 2049 hoc
1204 2010 1463 2063 quaeruntur
1484 2010 1678 2063 quatuor.

383 2093 556 2138 Primo.
584 2094 751 2138 Utrum
777 2094 1031 2138 secundum
1056 2093 1177 2138 hanc
1204 2093 1443 2138 scientiam
1471 2093 1743 2151 cognoverit
1767 2093 1938 2138 omnia.

386 2161 618 2206 Secundo.
650 2161 818 2205 Utrum
843 2161 891 2205 in
917 2161 1005 2205 hac
1032 2161 1222 2206 scientia
1248 2160 1506 2219 profecerit.

386 2227 563 2275 Tertio,
590 2228 759 2273 Utrum
787 2227 956 2287 aliquid
985 2228 1038 2272 ab
1061 2228 1252 2272 homine
1280 2228 1502 2272 didicerit.

387 2295 583 2349 Quarto.
610 2296 778 2341 Utrum
806 2295 1034 2355 acceperit
1061 2295 1231 2356 aliquid
1259 2296 1313 2339 ab
1341 2294 1529 2354 angelis.

1005 2450 1455 2508 ‚ARTICULUS
1499 2451 1541 2506 Ι.
2205 2464 2262 2523 78

294 2590 489 2629 UTRUM
524 2589 825 2628 SECUNDUM
858 2588 1008 2628 HANC
1043 2589 1341 2628 SCIENTIAM
1374 2588 1641 2627 CHRISTUS
1677 2587 2040 2627 COGNOVERIT
2068 2586 2260 2626 OMNIA.

385 2700 460 2744 AD
487 2713 677 2745 PRIMUM
695 2700 758 2743 sic
777 2698 1051 2757 proceditur.
1077 2697 1283 2752 Videtur,
1301 2698 1423 2758 quod
1451 2698 1704 2743 secundum
1727 2698 1846 2742 hanc
1869 2697 2109 2742 scientiam
2132 2696 2264 2743 Chri-

297 2777 392 2812 stus
418 2781 512 2811 non
540 2767 697 2810 omnia
715 2766 1005 2825 cognoverit:
1033 2766 1300 2825 hujusmodi
1317 2766 1439 2809 enim
1457 2766 1646 2809 scientia
1669 2780 1749 2824 per
1766 2765 2092 2824 experientiam
2111 2763 2261 2820 acqui-

295 2835 426 2879 ritur:
455 2835 532 2878 sed
561 2833 770 2877 Christus
796 2847 890 2877 non
913 2834 1069 2877 omnia
1089 2843 1295 2892 expertus
1315 2843 1404 2888 est3
1431 2847 1526 2876 non
1543 2833 1679 2891 igitur
1697 2834 1853 2877 omnia
1869 2832 2125 2877 secundum
2141 2832 2260 2876 hanc
2282 2825 2286 2831 ”

293 2903 532 2947 scientiam
560 2902 704 2947 scivit.

384 2982 424 3014 2.
451 2969 749 3014 PRAETEREA.
774 2969 931 3012 Homo
959 2968 1197 3012 scientiam
1221 2982 1301 3027 per
1328 2982 1512 3012 sensum
1541 2969 1754 3027 acquirit:
1779 2968 1857 3012 sed
1874 2982 1970 3013 non
1987 2967 2145 3013 omnia
2160 2981 2260 3013 sen-

289 3036 436 3081 sibilia
467 3036 670 3080 sensibus
704 3036 1015 3114 corporalibus
1043 3035 1215 3079 Christi
1240 3034 1420 3079 fuerunt
1451 3035 1674 3094 subjecta:
1708 3051 1802 3080 non
1835 3036 1972 3095 igitur
2001 3035 2258 3081 secundum

290 3104 409 3148 hanc
435 3104 671 3149 scientiam
698 3105 853 3147 omnia
878 3103 1096 3161 cognovit
1123 3102 1346 3148 Christus.

383 3185 419 3230 3.
452 3171 748 3227 PRAErEREA.
779 3169 1022 3222 Quantitas
1050 3170 1265 3214 scientiae
1299 3170 1543 3214 attenditur
1568 3160 1835 3214 secundum
1847 3169 2049 3217 scibilia·
2068 3169 2262 3230 sugitur

291 3238 544 3283 secundum
590 3238 710 3282 hanc
747 3237 986 3281 scientiam
1027 3237 1237 3282 Christus
1281 3237 1437 3280 omnia
1474 3237 1694 3292 scivisset,
1733 3248 1851 3283 esset
1893 3238 1940 3283 in
1979 3251 2037 3283 eo
2072 3237 2262 3283 scientia

289 3306 509 3364 acquisita
541 3303 742 3364 aequalis
774 3305 990 3353 scientiae
1023 3302 1213 3358 infusae,
1251 3314 1294 3347 et
1330 3304 1547 3348 scientiae
1584 3305 1764 3350 beatae:
1800 3305 1924 3364 quod
1951 3313 2020 3350 est
2042 3305 2264 3350 inconve-

288 3373 441 3427 niens;
467 3386 561 3417 non
589 3386 698 3431 ergo
726 3372 980 3416 secundum
1006 3372 1123 3415 hanc
1152 3372 1389 3415 scientiam
1418 3371 1627 3416 Christus
1655 3372 1812 3416 onmia
1833 3372 1981 3417 scivit.

380 3440 473 3485 SED
501 3453 696 3485 CONTRA
717 3450 796 3493 est,
816 3439 938 3498 quod
965 3438 1079 3482 nihil
1101 3438 1420 3497 imperfectum
1446 3438 1530 3482 fuit
1555 3439 1600 3482 in
1630 3439 1816 3484 Christo
1835 3449 2057 3499 quantum
2083 3439 2139 3484 ad
2165 3437 2256 3482 ani-

289 3522 438 3551 mam:
467 3507 623 3552 fuisset
650 3516 805 3551 autem
823 3505 1087 3565 imperfecta
1111 3506 1225 3549 haec
1254 3507 1348 3563 ejus
1375 3506 1577 3559 scientia,
1597 3507 1634 3550 si
1653 3508 1905 3551 secundum
1933 3520 2036 3551 eam
2057 3519 2152 3550 non
2177 3504 2261 3550 sci·

290 3575 427 3619 visset
452 3575 638 3629 omnia;
665 3574 770 3634 quia
796 3572 1115 3633 imperfectum
1142 3582 1222 3625 est,
1250 3573 1323 3617 cui
1349 3581 1498 3632 potest
1525 3573 1619 3618 fieri
1649 3573 1844 3628 additi03
1871 3571 2260 3632 ergosecundum

290 3641 410 3686 hanc
437 3641 676 3687 scientiam
704 3641 914 3687 Christus
941 3640 1098 3685 omnia
1125 3640 1268 3684 scivit.
