2352 3926
316 247 423 315 360
864 261 1143 306 QUAESTIO
1184 261 1336 300 XLIII.
1377 262 1684 301 ARTICULUS
1725 263 1760 302 1.

314 364 490 417 mitate,
518 363 769 407 secundum
797 362 1020 419 illudQIsa.
1041 376 1136 439 ‚53³
1174 364 1322 408 Virum
1349 363 1552 416 dolorum,
1585 371 1623 408 et
1645 365 1834 408 scientem
1859 365 2174 424 infirmitatem:
2195 366 2280 423 ‘sed

316 431 522 488 operatio
562 429 891 473 miraculorum
928 430 1075 488 magis
1111 431 1305 507 pertinet
1340 431 1396 474 ad
1432 431 1661 484 virtutem,
1695 445 1834 489 quam
1861 433 1916 476 ad
1942 432 2279 488 ἰηίίτῐῐιίῖλῆεω;

316 511 425 555 ergo
452 512 546 540 non
573 497 656 540 fuit
683 497 976 550 conveniens,
1005 497 1163 555 quod
1153 512 1197 540 1n
1226 499 1375 555 primo
1404 499 1599 541 adventu
1627 497 1849 541 miracula
1873 497 2056 544 faceret.

409 577 444 619 3.
471 564 769 608 PRAETEREA.
800 563 1009 608 Christus
1035 563 1160 608 venit
1187 565 1242 608 ad
1269 564 1374 618 hoc,
1401 575 1451 608 ut
1475 565 1687 608 homines
1713 563 1910 610 salvaret
1936 580 2013 624 per
2038 550 2191 620 fidem,
2213 581 2277 611 se-

315 631 515 673 cundum
544 630 653 674 illud
681 631 1258 690 Heb.12.:A5picientesm
1275 639 1486 676 auctorem
1498 631 1615 690 fidei,
1650 638 1686 676 et
1708 638 2079 677 consummatorem
2104 634 2272 690 Iesum:

314 697 393 741 sed
422 697 643 741 miracula
676 698 935 742 diminuunt
966 698 1180 742 meritum
1213 698 1344 745 fidei:
1368 699 1487 742 unde
1520 699 1749 742 Dominus
1776 699 1907 756 Joan.
1936 714 1983 754 4.
2013 699 2158 744 dicit:
2168 701 2274 753 Nisi

309 766 443 822 signa,
472 771 508 809 et
532 765 728 824 prodigia
761 765 966 819 videritis,
998 780 1082 810 non
1114 765 1303 819 creditis;
1339 779 1448 824 ergo
1475 780 1569 846 non
1596 765 1786 820 videtur,
1814 766 1937 824 quod
1965 765 2191 821 Christus
2201 767 2274 811 de·
2302 773 2317 780 ’

311 831 458 875 buerit
484 831 706 875 miracula
727 831 891 876 facere.
2093 849 2099 854 ·

404 899 498 943 SED
527 913 623 943 CON
629 912 722 943 ΓΒΑ
751 910 831 953 est,
859 899 979 958 quod
1016 914 1068 943 ex
1094 914 1290 958 persona
1325 900 1689 944 adversariorum
1715 900 1804 944 Dei
1829 899 1993 944 dicitur
2015 882 2148 959 Joan.
2186 914 2253 946 11.

315 967 432 1023 Quid
450 967 645 1024 facimus,
680 969 780 1025 quia
811 967 875 1012 hic
909 967 1029 1011 homo
1055 967 1187 1011 multa
1217 970 1335 1025 signa
1358 969 1502 1026 facit?

401 1035 691 1080 RESPONDEO
719 1035 978 1088 dicendum,
996 1036 1118 1093 quod
1137 1035 1348 1079 divinitus
1378 1035 1644 1079 conceditur
1663 1035 1844 1079 homini
1860 1033 2082 1079 miracula
2107 1020 2272 1090 facere,

312 1112 497 1160 propter
513 1102 620 1147 duo.-
646 1105 791 1161 primo
809 1103 1009 1161 quidem,
1028 1112 1072 1145 et
1087 1101 1393 1161 principaliter
1411 1102 1465 1145 ad
1485 1102 1850 1146 confirmandam
1863 1102 2116 1156 veritatem,
2133 1116 2274 1161 quam

313 1169 474 1228 aliquis
501 1169 650 1223 docet,
677 1169 782 1228 quia
809 1171 933 1213 enim
970 1184 1023 1214 ea
1062 1184 1176 1228 quae
1214 1179 1318 1213 sunt
1343 1169 1461 1223 fidei,
1496 1170 1748 1213 humanam
1776 1170 2009 1219 rationem
2040 1169 2278 1223 excedunt,

311 1250 406 1280 non
433 1247 624 1295 possunt
650 1251 730 1295 per
755 1237 954 1281 rationes
982 1238 1207 1280 humanas
1235 1237 1429 1294 probari,
1454 1237 1531 1280 sed
1561 1247 1740 1294 oportet
1772 1236 1893 1295 quod
1921 1236 2169 1295 probentur
2194 1251 2274 1296 per

312 1314 632 1362 argumentum
662 1304 840 1348 divinae
877 1304 1067 1358 virtutis,
1105 1314 1154 1347 ut
1180 1303 1288 1346 dum
1327 1303 1487 1362 aliquis
1524 1302 1634 1347 facit
1669 1317 1822 1380 opera,
1850 1317 1966 1362 quae
1992 1302 2118 1348 solus
2147 1303 2275 1347 Deus

310 1370 460 1415 facere
486 1381 649 1430 potest,
670 1371 909 1415 credantur
927 1386 980 1415 ea
999 1385 1114 1430 quae
1137 1371 1347 1414 dicuntur
1365 1385 1463 1414 esse
1482 1386 1505 1415 a
1523 1371 1651 1416 Deo:
1678 1371 1796 1415 sicut
1821 1384 1925 1414 cum
1945 1369 2108 1430 aliquis
2131 1369 2274 1416 defert

310 1438 462 1482 literas
486 1438 655 1482 annulo
683 1439 801 1497 regis
828 1439 1042 1497 signatas,
1071 1438 1266 1481 creditur
1293 1452 1345 1482 ex
1373 1437 1607 1481 voluntate
1633 1431 1753 1495 regis
1779 1438 2068 1496 processisse,
2089 1438 2240 1497 quod
2229 1452 2277 1482 m

315 1505 406 1549 illis
434 1506 711 1559 continetur3
737 1506 908 1550 secundo
930 1505 984 1548 ad
1003 1504 1330 1549 ostendendam
1360 1506 1665 1564 praesentiam
1686 1506 1809 1550 Dei
1798 1520 1843 1549 1n
1866 1505 2055 1550 homine
2081 1519 2161 1564 per
2183 1519 2279 1564 gra-

312 1573 424 1616 tiam
453 1573 644 1632 Spiritus
672 1573 843 1626 Sancti,
872 1583 919 1617 ut
955 1573 1062 1615 dum
1101 1572 1275 1616 scilicet
1311 1573 1456 1616 homo
1483 1571 1588 1616 facit
1617 1587 1755 1630 opera
1780 1572 1884 1626 Dei,
1912 1573 2121 1616 credatur
2151 1572 2279 1617 Deus

310 1640 514 1684 habitare
541 1641 587 1683 in
615 1654 670 1684 eo
698 1654 778 1699 per
804 1641 1020 1698 gratiam:
1049 1641 1169 1683 unde
1187 1640 1349 1683 dicitur
1377 1639 1525 1684 Galat.
1558 1654 1616 1699 3.:
1647 1641 1736 1697 Qui
1757 1642 1910 1685 tribuit
1938 1641 2056 1684 vobis
2077 1640 2280 1699 Spiritum

313 1707 526 1761 Sanctum,
562 1714 761 1767 operatur
785 1709 957 1751 virtutes
988 1709 1032 1750 in
1050 1708 1192 1750 vobis:
1228 1717 1471 1765 utrumque
1500 1717 1651 1750 autem
1680 1707 1800 1750 circa
1818 1706 2055 1751 Christum
2083 1715 2180 1750 erat
2198 1705 2280 1750 ho·

316 1774 512 1817 minibus
550 1773 950 1828 manifestandum,
987 1773 1162 1818 scilicet
1194 1774 1316 1832 quod
1348 1774 1475 1817 Deus
1510 1783 1628 1818 esset
1658 1774 1704 1816 in
1741 1787 1797 1817 eo
1831 1787 1911 1832 per
1942 1773 2152 1832 gratiam,
2183 1786 2278 1816 non

317 1841 588 1900 adoptionis,
615 1842 695 1885 sed
723 1842 919 1896 unionis,
943 1851 988 1885 et
1013 1841 1135 1900 quod
1165 1842 1258 1899 ejus
1287 1839 1640 1900 supernaturalis
1667 1841 1874 1885 doctrina
1901 1850 2018 1885 esset
2045 1840 2205 1884 aDeo.
2223 1839 2279 1884 Et

316 1909 419 1952 ideo
447 1909 931 1953 convenientissimum
958 1908 1055 1963 fuit,
1078 1919 1128 1952 ut
1153 1908 1374 1952 miracula
1396 1907 1578 1952 faceret.
1607 1908 1741 1952 Unde
1766 1909 1864 1966 ipse
1880 1907 1999 1953 dicit
2017 1906 2149 1965 Joan.
2181 1920 2275 1952 10.:

317 1975 365 2020 Si
396 1976 501 2019 mihi
532 1991 615 2020 non
647 1977 775 2021 vultis
807 1976 981 2030 credere,
1018 1977 1206 2035 operibus
1238 1975 1413 2028 credite,·
1434 1985 1478 2019 et
1497 1975 1628 2033 Joan.
1660 1988 1720 2031 §.z
1746 1975 1905 2035 Opera,
1923 1989 2027 2034 quae
2047 1974 2157 2020 dedit
2173 1974 2279 2018 mihi

310 2043 436 2087 Pater
468 2049 512 2087 ut
533 2044 717 2102 faciam,
750 2045 839 2102 ipsa
869 2050 977 2097 sunt,
1012 2057 1114 2102 quae
1148 2044 1428 2088 testimonium
1453 2044 1674 2102 perhibent
1706 2042 1752 2086 de
1782 2058 1860 2087 me.

399 2110 474 2154 AD
507 2124 696 2155 PRIMUM
717 2125 827 2168 ergo
858 2111 1116 2164 dicendum,
1145 2110 1267 2169 quod
1295 2111 1386 2155 hoc
1414 2110 1536 2169 quod
1565 2110 1701 2154 dicit:
1733 2110 1904 2168 Signum
1922 2124 2005 2153 non
2030 2109 2201 2155 dabitur
2221 2111 2274 2164 ei,

308 2178 391 2222 nisi
405 2179 568 2235 signum
595 2178 727 2235 Jonae
749 2178 991 2237 Prophetae,
1010 2177 1359 2236 intelligendum
1382 2188 1463 2231 est,
1482 2187 1531 2221 ut
1554 2177 1877 2236 Chrysostom.
1903 2177 2015 2222 dicit
2040 2176 2171 2234 (hom.
2203 2190 2276 2234 44.

308 2246 354 2288 in
382 2245 534 2289 Matth.
564 2259 589 2288 a
603 2245 781 2304 princ),
802 2245 923 2303 quod
951 2256 1058 2289 tunc
1090 2261 1113 2286 «
1139 2259 1233 2288 non
1262 2255 1536 2304 acceperunt
1561 2245 1650 2295 tale
1670 2245 1867 2303 signum,
1890 2244 2025 2303 quale
2050 2244 2276 2304 petebant,

310 2310 485 2355 scilicet
512 2312 566 2355 de
595 2311 743 2366 coelo,
770 2327 863 2356 non
891 2313 1012 2371 quod
1030 2312 1207 2356 nullum
1227 2313 1409 2371 signum
1428 2313 1492 2357 eis
1510 2313 1706 2367 dederit3
1723 2312 1797 2357 vel
1815 2312 2068 2372 quia-signu
2081 2310 2279 2357 faciebat

309 2393 403 2422 non
431 2389 617 2438 propter
644 2393 737 2433 eos,
766 2394 880 2438 quos
908 2380 1079 2423 sciebat
1104 2380 1309 2439 lapideos
1338 2394 1451 2434 esse,
1479 2381 1556 2424 sed
1584 2390 1632 2424 ut
1650 2380 1764 2424 alios
1791 2380 2078 2431 emendaret:
2105 2389 2150 2423 et
2169 2378 2276 2423 ideo

310 2460 405 2490 non
434 2446 512 2500 eis,
541 2446 617 2490 sed
645 2446 743 2490 aliis
770 2445 847 2489 illa
875 2447 1004 2505 signa
1032 2447 1254 2491 dabantur
1279 2464 1320 2490 ».

399 2513 476 2557 AD
490 2526 751 2557 SECUNDUM
769 2513 1030 2567 dicendum,
1046 2515 1168 2572 quod
1191 2513 1298 2558 licet
1317 2514 1527 2559 Christus
1545 2514 1720 2558 venerit
1737 2515 1781 2557 in
1798 2512 2109 2561 infirmitatem
2125 2513 2275 2557 carnis

311 2580 457 2639 (quod
485 2579 800 2624 manifestatur
826 2594 905 2639 per
930 2581 1204 2639 passiones);
1223 2581 1347 2625 venit
1368 2591 1522 2625 tamen
1539 2581 1586 2624 in
1612 2582 1776 2625 virtute
1802 2580 1906 2634 Dei,
1923 2581 2058 2639 quod
2062 2589 2161 2630 erat—
2183 2593 2278 2624 ma-

306 2646 612 2691 nifestandum
641 2661 719 2705 per
748 2647 982 2691 miracula.

397 2714 472 2758 AD
491 2727 709 2759 TERTIUM
727 2715 986 2768 dicendum,
1007 2715 1128 2773 quod
1149 2714 1398 2758 miracula
1388 2725 1616 2759 intantum
1637 2715 1895 2759 diminuunt
1915 2709 2128 2764 meritum
2151 2713 2272 2768 fidei,

307 2782 577 2841 inquantum
616 2796 695 2840 per
732 2781 822 2824 hoc
861 2782 1111 2825 ostenditur
1152 2782 1314 2825 duritia
1351 2797 1527 2836 eorum,
1568 2783 1644 2841 qui
1670 2781 1834 2826 nolunt
1860 2782 2044 2826 credere
2071 2796 2125 2826 ea
2157 2795 2274 2841 quae

309 2849 552 2907 Scripturis
581 2849 743 2892 divinis
780 2849 1041 2907 probantur,
1069 2848 1155 2892 nisi
1182 2863 1261 2907 per
1288 2848 1530 2893 miracula:
1561 2859 1605 2893 et
1630 2860 1784 2892 tamen
1821 2847 1984 2893 melius
2017 2859 2085 2893 est
2111 2849 2191 2903 eis,
2225 2857 2274 2893 ut

308 2916 383 2961 vel
410 2931 489 2975 per
516 2915 737 2959 miracula
766 2926 1090 2959 convertantur
1123 2916 1178 2958 ad
1215 2916 1367 2970 fidem,
1395 2931 1531 2974 quam
1559 2918 1680 2975 quod
1720 2918 1912 2960 omnino
1938 2917 1983 2960 in
2010 2915 2274 2961 infidelitate

308 2993 629 3044 permaneant;
658 2983 820 3027 dicitur
847 2983 969 3026 enim
999 2997 1032 3026 1.
1060 2982 1114 3026 ad
1140 2982 1351 3027 Corinth.
1386 2996 1475 3038 14,
1504 2984 1625 3042 quod
1650 2985 1769 3042 signa
1796 2983 1893 3029 data
1910 2989 2006 3028 sunt
2025 2982 2272 3044 infidelibus,

309 3061 358 3096 ut
378 3050 555 3096 scilicet
581 3061 906 3095 convertantur
932 3050 988 3094 ad
1014 3049 1166 3094 fidem.

1010 3197 1445 3255 ARTICULUS
1494 3200 1564 3254 ΙΙ.
2175 3198 2266 3272 ἠς

310 3322 546 3361 UTRUM
579 3321 927 3360 cuntsrus
962 3321 1246 3358 FECERIT
1283 3320 1629 3358 MIRACULA
1674 3320 1913 3359 DIVINA
1945 3317 2269 3359 VIRTUTE.

502 3418 558 3476 (3.
579 3418 690 3462 Dist.
710 3430 765 3475 15.
784 3431 821 3475 q.
841 3431 875 3461 ι.
895 3421 975 3460 art.
990 3430 1026 3474 3.
1054 3423 1168 3475 corp.
1197 3421 1233 3459 et
1260 3415 1371 3459 Dist.
1403 3415 1471 3459 16.
1500 3430 1537 3473 q.
1566 3431 1600 3460 I.
1629 3421 1708 3459 art.
1723 3430 1759 3474 3.
1784 3423 1897 3475 corp.
1921 3413 2033 3460 etad
2056 3426 2099 3471 4.

728 3490 764 3528 et
788 3497 830 3540 4.
855 3484 964 3528 Dist.
982 3497 1019 3542 5.
1043 3496 1081 3541 q.
1105 3499 1138 3527 1.
1163 3489 1242 3526 art.
1267 3498 1303 3527 1.
1331 3489 1366 3526 et
1392 3491 1530 3542 opusc.
1554 3498 1611 3527 11.
1637 3490 1726 3542 cap.
1754 3482 1854 3541 17.).

399 3589 475 3634 AD
498 3602 758 3634 SECUNDUM
777 3588 840 3633 sic
874 3587 1144 3648 proceditur.
1173 3586 1376 3640 Videtur,
1400 3587 1521 3646 quod
1542 3586 1751 3631 Christus
1768 3601 1861 3631 non
1879 3584 2270 3634 fecerit-miracula
2330 3621 2331 3624 ,

308 3657 461 3700 divina
477 3656 667 3702 virtute:
693 3656 834 3701 virtus
857 3655 980 3700 enirn
997 3654 1150 3699 divina
1167 3665 1233 3699 est
1251 3654 1565 3713 omnipotens:
1595 3654 1674 3698 sed
1700 3654 1892 3708 videtur,
1914 3653 2037 3712 quod
2059 3651 2268 3699 Christus
