2352 3926
649 179 928 226 QUAEs'rlo
967 178 1095 220 XLV.
1135 177 1443 220 ARTlcULUs
1474 176 1540 227 111.
1967 174 2072 236 377

200 297 250 343 3.
268 282 567 328 Pium-Em.
594 280 792 327 Claritas
817 281 990 341 gloriae
1018 295 1114 326 non
1138 290 1207 327 est
1230 279 1318 328 nisi
1342 280 1390 326 in
1410 291 1611 339 corpore
1634 277 1865 329 humanm
1888 275 1967 322 sed
1990 275 2077 320 cla-

110 349 224 396 ritas
246 348 328 395 illa
351 348 759 407 transfigurationis
781 348 992 408 ¹apparuit
1022 362 1118 392 non
1149 347 1301 393 solum
1326 347 1372 393 in
1400 360 1593 406 corpore
1619 344 1807 399 Christi,
1832 344 1911 395 sed
1938 343 2077 394 etiam

112 415 163 462 in
186 416 468 462 vestimentis
492 417 606 473 ejus,
633 409 677 460 et
702 415 749 460 in
774 415 894 460 nube
919 415 1087 468 lucida,
1114 428 1231 473 quae
1257 413 1505 473 discipulos
1532 412 1842 467 obumbravit3
1873 425 1985 470 ergo
2017 410 2081 455 vi-

111 483 260 539 datur,
285 482 407 542 quod
433 482 512 527 illa
538 481 718 527 claritas
743 497 838 527 non
862 481 997 526 fuerit
1018 480 1198 525 claritas
1225 480 1411 539 gloriae.

205 548 300 595 SED
330 562 527 596 CONTRA
554 559 636 602 est,
662 549 784 608 quod
810 562 945 607 super
975 547 1087 592 illud
1118 548 1280 593 Matth.
1313 561 1399 606 17.:
1437 549 1774 607 Transfiguratus
1798 552 1854 592 cst
1877 552 1971 597 ante
1996 559 2077 600 eos,

32 611 40 618 ’
109 616 225 666 dicit
241 616 452 664 Hieron.:
475 632 499 658 «
518 615 683 668 Qualis
707 615 882 660 futurus
908 624 976 659 est
1001 624 1209 672 tempore
1232 614 1402 672 judicii,
1418 615 1520 659 talis
1539 614 1776 673 Apostolis
1799 612 2006 673 apparuit
2025 627 2078 667 »3

116 694 163 731 et
185 697 321 744 super
345 683 457 728 illud
483 683 646 728 Matth.
676 683 767 727 16.:
796 683 940 728 Donec
961 681 1128 726 videant
1139 682 1282 740 filiam
1305 682 1483 726 hominis
1507 684 1736 726 venientem
1761 683 1807 725 in
1839 695 1964 740 regno
1988 694 2076 734 suo,

113 753 226 798 dicit
247 751 487 812 Chrysost.
509 752 642 810 (hom.
659 765 724 810 57.
751 752 796 794 in
821 750 973 795 Matth.
997 751 1073 794 cir.
1099 750 1279 808 princ.).·
1310 764 1334 790 «
1360 748 1534 794 Volens
1568 759 1838 803 monstrare,
1870 747 1978 807 quid
2010 757 2079 795 est

112 818 193 865 illa
219 818 380 878 gloria,
406 821 452 864 in
478 832 567 877 qua
593 827 751 876 postea
781 826 997 861 venturus
1031 826 1112 871 est,
1145 817 1209 860 eis
1241 816 1289 861 in
1320 816 1546 875 praesenti
1576 816 1667 860 vita
1698 815 1931 869 revelavit,
1962 815 2081 862 sicut

114 885 333 947 possibile.
353 895 451 933 erat
475 899 554 930 eos
579 885 769 938 discere,
796 894 845 928 ut
868 898 1016 942 neque
1042 884 1088 927 in
1114 883 1306 927 Domini
1333 893 1480 927 morte
1506 884 1600 941 jam
1627 881 1811 927 doleant
1836 898 1878 926 ».

205 953 493 999 Responm-:o
521 952 780 1006 dicendum,
813 951 934 1010 quod
968 951 1148 996 claritas
1180 950 1272 1005 illa,
1304 965 1442 1010 quam
1477 951 1687 995 Christus
1719 951 1765 993 in
1796 949 2082 1008 transfigura-

113 1021 241 1069 tione
267 1020 523 1078 assumpsit,
540 1019 623 1063 fuit
641 1018 820 1063 claritas
847 1018 1021 1077 gloriae
1049 1029 1269 1077 quantum
1297 1018 1351 1062 ad
1375 1019 1632 1073 essentiam,
1650 1031 1744 1062 non
1767 1028 1923 1065 tamen
1945 1030 2082 1075 quan-

114 1098 214 1134 tum
240 1087 297 1132 ad
323 1087 516 1131 modum
543 1087 744 1140 essendi3
773 1085 952 1130 claritas
979 1085 1103 1133 enim
1130 1086 1334 1144 corporis
1361 1085 1551 1144 gloriosi
1572 1086 1800 1130 derivatur
1822 1085 1876 1130 ab
1901 1084 2081 1128 animae

36 1178 39 1182 ·
116 1155 334 1209 claritate,
361 1154 478 1199 sicut
502 1155 694 1213 August.
723 1153 831 1198 dicit
855 1154 901 1196 in
929 1155 1055 1211 epist.
1085 1152 1139 1196 ad
1167 1153 1448 1197 Dioscorum
1474 1152 1601 1211 (quae
1632 1158 1686 1197 est
1712 1153 1780 1212 56.
1815 1158 1910 1197 ante
1934 1150 2079 1208 med).-

116 1232 162 1268 et
186 1221 392 1267 similiter
417 1220 596 1265 claritas
623 1221 826 1279 corporis
848 1220 1018 1265 Christi
1046 1220 1091 1263 in
1117 1219 1514 1279 transfiguratione
1542 1220 1743 1264 derivata
1769 1229 1837 1264 est
1862 1227 1906 1263 et
1928 1233 1954 1262 a
1976 1218 2084 1262 divi-

110 1287 256 1334 nitate
280 1288 435 1348 ipsius,
452 1298 501 1332 ut
517 1289 791 1332 Damascen.
809 1287 918 1332 dicit
935 1288 1084 1347 (potest
1105 1288 1244 1346 colligi
1260 1303 1309 1332 ex
1326 1290 1412 1346 ejus
1429 1287 1499 1331 lib.
1518 1288 1626 1332 Sent.
1645 1288 1690 1331 in
1706 1294 1799 1347 cap.
1813 1286 1859 1330 de
1877 1286 2081 1344 Transfig.

118 1353 312 1414 Christi),
340 1365 385 1400 et
410 1370 436 1399 a
462 1354 608 1414 gloria
635 1356 814 1399 animae
842 1356 962 1413 ejus;
993 1355 1114 1414 quod
1143 1357 1263 1399 enim
1284 1370 1308 1399 a
1325 1355 1548 1414 principio
1576 1354 1893 1414 conceptionis
1912 1353 2084 1398 Christi

117 1421 264 1481 gloria
296 1423 477 1467 animae
507 1437 603 1467 non
634 1422 907 1467 redundaret
940 1423 996 1466 ad
1029 1437 1210 1482 corpus,
1241 1436 1296 1467 ex
1328 1422 1525 1482 quadam
1558 1422 1898 1481 dispensatione
1930 1421 2084 1466 divina

116 1488 289 1534 factum
315 1500 396 1544 est,
422 1500 471 1534 ut
501 1490 548 1533 in
583 1504 775 1549 corpore
808 1489 1008 1548 passibili
1039 1500 1223 1538 nostrae
1256 1490 1583 1548 redemptionis
1618 1489 1817 1549 expleret
1849 1488 2082 1548 mysteria,

116 1557 236 1602 sicut
258 1571 394 1616 supra
420 1557 592 1601 dictum
619 1567 686 1601 est
713 1557 772 1615 (q.
800 1571 864 1613 14.
891 1564 973 1602 art.
1001 1573 1035 1602 1.
1064 1557 1117 1600 ad
1139 1572 1177 1602 2.
1177 1557 1231 1614 ):
1258 1571 1353 1601 non
1379 1567 1533 1601 tamen
1560 1571 1640 1616 per
1657 1557 1749 1600 hoc
1776 1557 1990 1615 adempta
2015 1565 2085 1600 est

119 1623 306 1670 Christo
332 1633 531 1682 potestas
557 1623 792 1669 derivandi
817 1624 1013 1682 gloriam
1041 1624 1220 1668 animae
1254 1624 1310 1668 ad
1342 1638 1531 1682 corpus;
1559 1635 1605 1669 et
1635 1624 1724 1668 hoc
1759 1624 1944 1683 quidem
1975 1622 2084 1668 fecit

119 1701 341 1750 quantum
374 1690 430 1735 ad
471 1690 644 1750 gloriae
686 1690 937 1736 claritatem
974 1691 1021 1735 in
1056 1691 1476 1750 transfiguratione:
1513 1690 1642 1736 aliter
1672 1702 1844 1746 tamen,
1870 1705 2010 1750 quam
2036 1691 2083 1735 in

33 1810 37 1819 3
119 1772 313 1817 corpore
339 1757 619 1816 glorificato:
646 1773 754 1802 nam
780 1759 837 1802 ad
865 1773 1030 1817 corpus
1058 1758 1364 1817 glorificatum
1388 1759 1608 1803 redundat
1634 1759 1814 1803 claritas
1836 1759 1891 1804 ab
1915 1759 2083 1813 anima,

21 1854 48 1876 f
118 1825 235 1871 sicut
252 1824 452 1884 vqualitas
486 1826 711 1884 quaedam
739 1840 1028 1884 permanens,
1063 1840 1228 1883 corpus
1262 1826 1486 1879 afficiens;
1514 1827 1632 1870 unde
1663 1826 1839 1885 fulgere
1873 1840 2084 1885 corpora-

118 1892 233 1947 liter,
265 1907 360 1937 non
392 1903 459 1936 est
491 1892 819 1936 miraculosum
859 1893 906 1936 in
949 1907 1140 1952 corpore
1181 1893 1406 1952 glorioso:
1432 1894 1510 1938 sed
1554 1894 1609 1937 ad
1647 1908 1811 1952 corpus
1838 1893 2012 1938 Christi
2036 1893 2084 1938 in

24 1970 41 2009 ζ
120 1960 518 2019 transfiguratione
544 1961 744 2004 derivata
772 1971 839 2004 est
866 1960 1046 2005 claritas
1073 1975 1096 2004 a
1124 1961 1373 2016 divinitate,
1391 1971 1436 2005 et
1453 1962 1606 2004 anima
1633 1963 1744 2019 ejus,
1766 1976 1859 2007 non
1886 1976 1968 2020 per
1989 1975 2082 2005 mo·

111 2027 231 2074 -dum
247 2027 483 2086 ,qualitatis
508 2028 873 2081 immanentis,et
891 2026 1127 2072 afficientis
1145 2029 1293 2086 ipsum
1322 2043 1501 2087 corpuS,
1524 2029 1602 2073 sed
1631 2029 1778 2087 magis
1796 2043 1874 2087 per
1891 2029 2084 2073 modum

29 2109 57 2138 :2
111 2095 342 2155 passionis
367 2096 662 2140 transeuntis:
690 2096 806 2140 sicut
832 2110 938 2139 curn
965 2110 1042 2140 aer
1067 2095 1350 2141 illuminatur
1369 2111 1394 2140 a
1415 2096 1529 2150 sole,
1551 2097 1670 2140 unde
1696 2096 1772 2141 ille
1798 2095 1951 2156 fulgor
1976 2107 2084 2141 tunc

39 2192 49 2212 2
117 2161 167 2208 in
188 2175 388 2221 corpore
414 2161 588 2207 Christi
613 2177 833 2222 apparens
860 2163 1162 2208 miraculosus
1195 2163 1298 2219 fuit3
1325 2164 1444 2208 sicut
1474 2174 1518 2208 et
1548 2164 1638 2209 hoc
1666 2164 1816 2222 ipsum
1843 2163 1967 2223 quod
1994 2178 2086 2208 arn-

110 2228 293 2276 sshulavit
316 2244 449 2289 super
465 2230 607 2274 undas
632 2230 770 2274 maris
785 2245 796 2284 ·‚
813 2230 932 2274 unde
948 2230 1142 2290 Dionys.
1161 2231 1269 2275 dicit
1284 2231 1330 2274 in
1350 2231 1474 2290 epist.
1493 2244 1535 2286 4.
1555 2231 1611 2275 ad
1630 2231 1713 2290 Caj
1721 2245 1798 2275 um
1817 2231 2083 2290 (cir.·med.).·

109 2311 148 2340 -c
168 2295 320 2355 Super
343 2297 584 2342 hominem
611 2297 882 2356 operabatur
908 2296 1118 2343 Christus
1144 2312 1198 2342 ea
1231 2312 1347 2357 quae
1379 2308 1485 2343 sunt
1514 2298 1741 2343 hominis:
1770 2308 1815 2342 et
1839 2298 1930 2343 hoc
1957 2312 2088 2343 mon-

112 2373 229 2410 strat
250 2363 385 2423 virgo
409 2363 812 2423 supernaturaliter
834 2364 1114 2424 concipiens,
1135 2375 1178 2409 et
1207 2379 1326 2425 aqua
1345 2365 1566 2411 instabilis
1593 2364 1916 2420 materialium,
1938 2374 1984 2411 et
2003 2375 2088 2410 ter·

118 2444 336 2476 tenorum
362 2431 531 2490 pedum
558 2432 782 2476 sustinens
810 2434 1080 2490 gravitatem
1106 2448 1158 2487 »3
1185 2434 1305 2477 unde
1330 2447 1426 2477 non
1448 2443 1515 2478 est
1532 2433 1792 2487 dicendum,
1809 2433 1926 2478 sicut
1947 2433 2085 2492 Hugo

113 2497 178 2544 ade
202 2497 250 2543 S.
268 2497 456 2543 Victore
482 2498 549 2556 (id
569 2499 857 2544 habetInnoc.
875 2499 958 2544 ΙΙΙ.
982 2499 1054 2544 lib.
1072 2513 1114 2556 4.
1137 2499 1184 2544 de
1203 2501 1371 2559 Myster.
1395 2501 1548 2546 Missae
1571 2508 1664 2560 cap.
1686 2515 1749 2546 12.
1773 2500 1827 2544 ad
1838 2500 1943 2559 fin.)
1962 2500 2085 2555 dicit,

32 2579 55 2603 ἰ
111 2565 244 2625 ,quod
261 2564 470 2610 Christus
496 2565 743 2624 assumpsit
767 2573 947 2625 quatuor
957 2567 1111 2612 dotes:
1130 2568 1346 2622 claritatis,
1380 2568 1426 2613 in
1443 2567 1853 2626 transfiguratione3
1869 2568 2084 2627 agilitatis,

121 2631 398 2677 ambulando
431 2646 565 2692 super
597 2647 743 2687 mare3
768 2634 1020 2688 subtilitatis,
1050 2635 1325 2694 egrediendo
1359 2635 1414 2680 de
1447 2635 1604 2680 clauso
1638 2644 1767 2680 utero
1800 2635 2014 2695 virginis;
2041 2645 2087 2680 et

112 2700 466 2760 &passibilitatis
495 2699 543 2743 in
576 2713 736 2754 coena,
768 2701 951 2759 quando
985 2702 1107 2746 dedit
1139 2716 1304 2761 corpus
1335 2716 1470 2747 suurn
1502 2702 1558 2747 ad
1591 2702 1834 2757 edendum,
1866 2703 1964 2747 sine
1995 2702 2086 2746 hoc

11 2803 13 2805 >
91 2802 93 2804 -
129 2766 251 2825 quod
278 2766 572 2821 divideretur3
598 2767 705 2826 quia
730 2767 814 2811 dos
839 2768 1050 2813 nominat
1074 2769 1321 2827 quamdam
1348 2768 1615 2828 qualitatem
1638 2771 1967 2814 immanentem
1994 2783 2090 2814 cor-

11 2850 12 2853 *
32 2844 64 2895 3
120 2831 471 2892 poritglorioso:
494 2833 573 2878 sed
595 2833 871 2879 miraculose
893 2829 1050 2880 habuit
1073 2850 1140 2890 ea,
1158 2850 1274 2894 quae
1293 2837 1520 2894 pertinent
1542 2837 1598 2880 ad
1614 2836 1769 2881 dotes:
1789 2847 1834 2881 et
1850 2847 1916 2882 est
1938 2835 2087 2880 simile

29 2925 56 2958 „5
120 2909 340 2958 quantum
366 2899 422 2944 ad
440 2902 642 2945 animam
669 2901 723 2945 de
749 2901 941 2956 visione,
964 2917 1053 2961 qua
1079 2902 1247 2948 Paulus
1275 2903 1387 2948 vidit
1403 2904 1556 2948 Deum
1581 2904 1628 2948 in
1655 2913 1800 2963 raptu,
1828 2913 1876 2948 ut
1902 2905 1948 2948 in
1967 2916 2007 2948 2.
2027 2903 2088 2947 di-

34 2976 59 3031 ῃἁ
123 2974 248 3011 ctum
273 2975 342 3011 est
365 2967 472 3024 (2-2.
498 2982 537 3025 q.
559 2982 644 3027 175.
667 2974 748 3012 art.
763 2983 797 3027 3.
821 2968 875 3013 ad
900 2971 975 3027 2.)-

213 3032 289 3077 An
321 3046 508 3078 ramum
531 3048 641 3092 ergo
669 3035 928 3089 dicendum,
947 3037 1069 3095 quod
1103 3051 1157 3081 ex
1184 3037 1264 3081 illo
1291 3038 1432 3082 verbo
1459 3052 1553 3082 non
1576 3039 1842 3092 ostenditur,
1860 3038 1982 3097 quod
2002 3036 2090 3082 cla·

123 3097 232 3143 ritas
258 3099 429 3145 Christi
452 3115 546 3146 non
570 3097 912 3147 fuerit'claritas
939 3103 1126 3162 gloriae,
1148 3105 1227 3149 sed
1251 3105 1374 3163 quod
1396 3119 1490 3149 non
1517 3105 1652 3150 fuerit
1677 3106 1857 3150 claritas
1885 3105 2089 3164 corporis

22 3214 28 3225 3
125 3163 337 3224 gloriosi;
363 3166 468 3224 quia
495 3181 658 3226 corpus
686 3168 860 3214 Christi
884 3171 1090 3215 nondum
1117 3182 1214 3216 erat
1245 3172 1530 3218 immortale:
1557 3174 1674 3217 sicut
1706 3174 1829 3217 enim
1862 3172 2088 3231 dispensa-

125 3231 217 3276 tive
242 3230 415 3277 factum
442 3242 523 3286 est,
549 3243 598 3278 ut
621 3235 668 3278 in
696 3235 883 3282 Christo
911 3238 1056 3295 gloria
1089 3239 1270 3284 animae
1303 3253 1398 3284 non
1430 3240 1702 3284 redundaret
1729 3241 1782 3283 ad
1810 3253 1999 3298 corpus:
2026 3239 2090 3284 ita

42 3362 62 3365 ‚‚
122 3296 223 3343 fieri
249 3298 397 3356 potuit
421 3298 739 3357 dispensative,
766 3313 815 3347 ut
839 3304 1111 3350 redundaret
1143 3317 1365 3365 quantum
1393 3308 1447 3351 ad
1475 3309 1631 3352 dotem
1664 3307 1893 3361 claritatis,
1921 3318 1966 3352 et
1994 3322 2090 3352 non

127 3374 350 3423 quantum
377 3365 432 3408 ad
458 3365 614 3410 dotem
634 3367 1020 3426 impassibilitatis.

38 3482 42 3486 3
218 3430 295 3475 AD
312 3444 571 3477 SECUNDUM
599 3433 858 3490 dicendum,
880 3437 1003 3495 quod
1026 3438 1102 3483 illa
1129 3439 1309 3485 claritas
1337 3441 1499 3485 dicitur
1520 3441 1792 3498 imaginaria
1818 3441 1970 3496 fuisse,
1995 3457 2090 3487 non

128 3497 236 3570 guia
258 3507 381 3545 ,esset
405 3512 512 3544 vera
538 3498 718 3546 claritas
745 3501 934 3560 gloriae,
961 3505 1040 3549 sed
1066 3507 1171 3565 quia
1194 3518 1290 3551 erat
1315 3508 1542 3566 quaedam
1567 3508 1724 3565 imago
1746 3520 2090 3566 repraesentans

115 3563 258 3613 auam
282 3563 458 3624 gloriae
482 3563 824 3624 perfectionem,
842 3570 1094 3617 sectandum
1115 3587 1254 3631 quam
1281 3587 1446 3632 corpus
1473 3574 1556 3619 erit
1582 3572 1853 3632 gloriosum.
