2352 3926
293 235 401 304 630
778 247 1055 293 QUAEsno
1096 247 1263 286 Lxxn.
1302 248 1612 288 ART1cuLus
1649 249 1744 290 vn.

292 350 495 408 sequitur
519 348 758 408 poenitens
790 348 1045 406 pleniorem
1072 349 1392 394 remissionem
1428 350 1628 408 peccati:
1669 360 1713 394 et
1748 350 1788 395 si
1813 349 1974 410 aliquis
2006 349 2251 396 adultusin

290 427 481 476 peccato
509 416 717 469 existens,
746 417 873 473 cujus
907 416 1237 460 conscientiam
1263 431 1359 461 non
1390 417 1543 472 habet,
1575 416 1650 460 vel
1686 417 1723 460 si
1756 417 1894 461 etiam
1925 430 2020 461 non
2051 414 2250 477 pet-&cte

293 484 511 527 contritus
536 482 737 538 accedat,
762 482 1016 526 dummodo
1043 497 1138 527 non
1160 483 1291 528 fictus
1310 484 1511 538 accedat,
1529 498 1608 541 per
1634 484 1828 543 gratiam
1846 483 2064 528 collatam
2086 483 2135 528 in
2155 483 2250 528 hoc

291 559 579 594 sacramento
607 560 857 608 consequet
843 565 911 594 tur
944 551 1264 595 remissionem
1285 561 1597 610 peccatorum.

380 618 455 661 AD
483 629 700 661 TERTmM
727 617 986 672 dicendum,
1013 618 1151 676 quod,
1174 618 1291 662 sicut
1316 618 1490 662 dictum
1523 628 1590 667 est
1614 618 1674 676 (q.
1702 618 1771 663 62.
1799 623 1879 663 art.
1905 619 1984 673 2.),
2012 617 2157 676 gratia
2181 630 2251 661 sa-

292 683 581 727 cramentalis
624 678 747 727 addit
779 698 915 742 super
948 684 1143 743 gratiam
1176 694 1358 743 gratum
1398 683 1644 729 facientem
1687 685 1994 729 communiter
2022 693 2252 760 sumptam

291 750 460 809 aliquid
487 749 750 794 effectivum
777 750 987 809 specialis
1006 750 1208 805 effectus,
1235 751 1290 795 ad
1309 751 1432 810 quod
1451 751 1684 796 ordinatur
1705 761 2064 805 sacramentum;
2087 750 2126 796 si
2141 764 2252 809 ergo

291 817 602 862 consideretur
628 817 775 876 gratia
800 818 848 861 in
873 817 964 863 hoc
992 827 1280 862 sacramento
1300 817 1482 874 collata,
1510 828 1731 877 quantum
1754 819 1810 862 ad
1831 818 1876 861 id
1895 818 2018 874 quod
2043 827 2112 862 est
2132 831 2255 861 com-

290 898 444 939 mune,
471 884 534 928 sic
562 898 641 944 per
667 884 758 928 hoc
786 894 1126 929 sacramentum
1147 899 1243 929 non
1270 885 1502 929 confertur
1534 884 1686 944 aliqua
1713 884 1802 928 alia
1827 885 1986 943 gratia,
2011 897 2150 944 quam
2175 897 2254 942 per

288 950 580 1010 baptismum,
606 950 686 996 sed
711 965 829 1011 quae
854 953 979 1011 prius
1011 952 1170 1006 inerat,
1198 962 1411 1011 augetur:
1440 952 1479 996 si
1510 962 1665 996 autem
1697 951 2009 996 consideretur
2032 959 2252 1010 quantum

289 1018 347 1062 ad
371 1017 487 1063 illud
511 1017 708 1078 speciale
727 1019 850 1079 quod
872 1019 1204 1078 superadditur,
1222 1020 1287 1064 sic
1312 1033 1408 1064 non
1435 1029 1502 1064 est
1528 1019 1734 1079 ejusdem
1755 1019 1926 1079 speciei
1950 1032 2058 1064 cum
2080 1019 2193 1079 ipsa.

972 1182 1404 1275 ARTICULU§
1445 1184 1601 1239 VIII.
2165 1209 2248 1254 421

289 1317 521 1357 UTRUM
562 1317 702 1357 HOC
744 1317 1258 1358 SACRAMENTUM
1289 1317 1392 1356 SIT
1427 1317 1730 1357 OMNIBUS
1770 1315 2252 1363 EXHIBENDUM.

494 1427 559 1485 (4.
576 1427 690 1472 Dist.
714 1439 752 1485 7.
770 1440 810 1484 q.
821 1441 859 1486 3.
881 1432 965 1471 art.
981 1441 1021 1471 2.
1040 1441 1079 1485 q.
1096 1441 1136 1472 2.
1159 1433 1197 1471 et
1208 1442 1244 1486 3.
1261 1432 1298 1471 et
1313 1427 1424 1471 Dist.
1443 1440 1504 1486 25.
1522 1441 1559 1485 q.
1575 1441 1615 1472 2.
1634 1432 1716 1472 art.
1733 1441 1769 1472 1.
1787 1441 1827 1485 q.
1843 1439 1884 1472 2.
1902 1424 2053 1486 corp).

378 1537 455 1582 AD
497 1549 736 1582 oeTAVUM
768 1536 834 1581 sic
860 1537 1137 1596 proceditur.
1174 1537 1381 1592 Videtur,
1414 1538 1537 1597 quod
1573 1538 1665 1583 hoc
1700 1546 2042 1591 sacramentum
2071 1551 2169 1589 non
2197 1537 2256 1590 sit
2341 1595 2344 1598 .

289 1605 502 1650 omnibus
534 1604 862 1649 exhibendum:
905 1604 998 1648 hoc
1032 1605 1156 1649 enim
1188 1615 1526 1656 sacramentum
1569 1605 1625 1649 ad
1662 1605 1893 1664 quandam
1934 1603 2254 1656 excellentiam
2338 1577 2352 1657 i

289 1671 433 1726 datur,
455 1682 505 1715 ut
531 1672 704 1716 dictum
727 1681 795 1716 est
817 1671 920 1729 (art.
939 1688 974 1717 1.
994 1678 1031 1716 et
1050 1686 1092 1729 4.
1115 1673 1202 1731 huj.
1221 1674 1310 1731 q.).·
1330 1673 1410 1717 sed
1426 1672 1471 1716 id
1499 1672 1621 1731 quod
1640 1672 1695 1716 ad
1714 1671 2254 1733 excellentiampertinet,
2340 1659 2352 1714 l

288 1753 383 1783 non
410 1738 630 1797 competit
657 1738 896 1793 omnibus;
923 1752 1034 1798 ergo
1060 1738 1152 1783 hoc
1179 1749 1520 1784 sacramentum
1546 1753 1641 1783 non
1662 1738 1796 1784 debet
1817 1738 2170 1790 omnibus-dari.
2345 1758 2347 1764 ·

380 1819 420 1851 2.
447 1806 745 1850 PRAETEREA.
773 1806 862 1850 Per
886 1806 978 1850 hoc
1006 1816 1345 1851 sacramentum
1373 1818 1563 1867 augetur
1590 1806 1751 1866 aliquis
1776 1798 2065 1866 spiritualiter
2086 1806 2136 1858 in
2153 1821 2256 1870 :per-
2331 1852 2334 1869 ,Ἴ

289 1872 457 1917 fectam
491 1882 716 1918 aetatem:
750 1873 829 1917 sed
859 1872 1061 1932 perfecta
1094 1883 1219 1919 aetas
1251 1883 1474 1934 repugnat
1500 1876 1636 1919 aetati
1666 1873 1851 1934 puerili;
1878 1887 1991 1934 ergo
2021 1874 2077 1921 ad
2102 1873 2254 1926 minus
2329 1911 2333 1924 ,-

289 1940 440 2000 pueris
468 1939 564 1984 dari
588 1953 683 1983 non
710 1938 856 1984 debet.

383 2020 419 2064 3.
447 2007 746 2051 PRAETEREA.
778 2006 906 2050 Sicut
930 2005 1215 2051 Melchiades
1242 2021 1360 2067 papa
1386 2007 1496 2052 dicit
1527 2008 1660 2067 (epist.
1686 2009 1811 2053 unica
1837 2021 1863 2052 a
1887 2007 1992 2052 med.
2019 2006 2182 2057 Concil.
2212 2014 2254 2061 tt
2325 2038 2330 2051 .·

292 2074 465 2119 habetur
491 2082 582 2133 cap.
608 2088 648 2118 2.
671 2074 738 2117 De
766 2072 1004 2118 Consecrat.
1018 2075 1129 2118 Dist.
1152 2088 1176 2133 5
1180 2076 1226 2130 .),
1258 2090 1280 2116 «
1303 2084 1407 2133 post
1431 2074 1711 2134 baptismum
1737 2074 2064 2124 confirmamur
2095 2075 2153 2124 ad
2176 2089 2255 2135 pu·
2319 2130 2322 2134 ⁴

292 2155 432 2199 gnam
458 2155 510 2184 »z
543 2140 623 2185 sed
656 2154 858 2199 pugnare
890 2155 985 2184 non
1019 2142 1240 2200 competit
1271 2141 1538 2186 mulieribus
1564 2151 1749 2201 propter
1779 2141 2073 2201 fragilitatem
2098 2155 2254 2197 sexus3
2312 2145 2325 2186 ξ

293 2222 404 2267 ergo
427 2221 513 2252 nec
540 2207 806 2252 mulieribus
828 2208 919 2251 hoc
946 2219 1287 2253 sacramentum
1314 2209 1412 2253 dari
1438 2209 1583 2254 debet.
2315 2242 2325 2264 f

381 2287 422 2330 4.
440 2274 739 2319 PRAETEREA.
767 2274 1050 2319 Melchiades
1069 2290 1196 2352 papa
1222 2276 1332 2320 dicit
1353 2276 1452 2334 (loc.
1471 2276 1580 2333 cia),
1607 2275 1730 2335 quod
1759 2291 1784 2318 «
1809 2275 2020 2335 quamvis
2035 2274 2255 2324 continuo
2307 2285 2321 2311 ⁵-

291 2341 543 2386 transituris
569 2340 796 2385 sufficiant
827 2342 1185 2400 regenerationis
1217 2341 1460 2397 beneficia,
1491 2342 1677 2386 victuris
1703 2352 1858 2387 tamen
1896 2341 2256 2388 confirmationis
2303 2338 2319 2398 ’ᾗ

292 2408 458 2453 auxilia
483 2409 739 2453 necessaria
767 2418 895 2463 sunt;
922 2409 1028 2467 quia
1055 2409 1344 2454 confirmatio
1372 2419 1532 2463 armat,
1559 2419 1604 2453 et
1627 2408 1807 2453 instruit
1824 2408 1880 2452 ad
1906 2422 2079 2468 agones
2094 2407 2256 2454 mundi
2302 2424 2306 2454 ;

290 2476 442 2535 hujus,
469 2485 514 2519 et
538 2474 708 2534 praelia
733 2476 1052 2519 reservandos:
1088 2478 1164 2535 qui
1186 2486 1338 2520 autem
1372 2485 1475 2534 post
1504 2475 1781 2534 baptismum
1809 2489 1916 2520 cum
1947 2474 2169 2535 acquisita
2192 2474 2257 2519 in-

290 2542 508 2588 nocentia
533 2541 855 2586 immaculatus
889 2543 1145 2602 pervenerit
1176 2543 1232 2587 ad
1264 2552 1478 2596 mortem,
1506 2542 1802 2587 confirmatur
1825 2551 1999 2598 morte;
2025 2542 2132 2602 quia,
2160 2542 2256 2602 jam
2297 2535 2317 2569 ’ῑ

289 2624 387 2655 non
426 2618 577 2669 potest
601 2622 792 2668 peccare
830 2618 934 2668 post
965 2619 1164 2654 mortem
1195 2625 1245 2665 »3
1279 2624 1388 2668 ergo
1421 2610 1574 2654 statim
1607 2610 1838 2655 morituris
1869 2624 1965 2669 non
1998 2609 2133 2660 debet
2160 2608 2253 2661 hoc
2295 2621 2316 2670 ᾗ.

290 2686 630 2723 sacramentum
657 2675 877 2720 conferri:
902 2686 947 2720 et
973 2676 1036 2720 sic
1062 2690 1157 2720 non
1183 2676 1317 2721 debet
1343 2676 1556 2721 omnibus
1583 2677 1691 2722 dari.
2299 2671 2303 2676 ‘

383 2743 478 2789 SED
512 2755 709 2788 CONTRA
736 2753 817 2797 est,
845 2742 968 2802 quod
996 2743 1159 2787 dicitur
1184 2743 1287 2787 Act.
1317 2757 1356 2787 2.
1380 2743 1502 2802 quod
1528 2744 1711 2803 Spiritus
1743 2744 1919 2790 Sanctus
1949 2743 2175 2790 adveniens
2191 2757 2254 2793 toz·
2294 2759 2296 2761 ’

282 2811 419 2872 plevit
444 2817 572 2856 totam
596 2810 780 2864 domum,
808 2824 888 2868 per
904 2824 1042 2868 quam
1070 2809 1350 2868 significatur
1376 2809 1606 2864 Ecclesia;
1638 2820 1682 2855 et
1712 2821 1871 2871 postea
1896 2810 2114 2866 subditur,
2129 2808 2254 2870 quod

290 2877 452 2938 repleti
476 2887 580 2922 sunt
605 2890 768 2922 omnes
791 2877 961 2936 Spiritu
983 2877 1176 2922 Sancto:
1201 2877 1280 2921 sed
1303 2877 1358 2921 ad
1380 2877 1508 2922 illam
1534 2877 1864 2937 plenitudinem
1881 2877 2252 2938 consequendam
2296 2884 2308 2900 ³*

289 2946 381 2990 hoc
414 2953 754 2990 sacramentum
800 2943 955 2998 datur;
988 2958 1098 3003 ergo
1141 2954 1209 2989 est
1250 2945 1478 3000 omnibus,
1519 2945 1597 3004 qui
1628 2955 1732 2991 sunt
1770 2947 1818 2991 in
1867 2945 2095 3001 Ecclesia,
2131 2944 2254 2997 exhi—
2299 2943 2306 2964 '³

289 3013 505 3058 bendum.
2238 3039 2241 3043 <
2344 3062 2348 3068 ,

378 3079 668 3126 RESPONDEO
696 3077 956 3132 dicendum,
983 3077 1120 3137 quod,
1147 3080 1261 3123 sicut
1286 3079 1457 3123 dictum
1479 3089 1546 3124 est
1571 3080 1678 3138 (art.
1704 3095 1741 3126 1.
1763 3079 1850 3139 huj.
1869 3080 1948 3139 q),
1970 3093 2051 3140 per
2065 3078 2158 3129 hoc
2183 3092 2250 3127 sa·

291 3157 577 3192 eramentum
603 3155 900 3223 promovetur
925 3145 1070 3189 homo
1094 3145 1413 3203 spiritualiter
1402 3160 1447 3191 m
1471 3157 1666 3191 aetatem
1693 3145 1956 3207 perfectam.
1973 3146 2076 3192 Hoc
2099 3154 2252 3200 am
2338 3142 2340 3144 ’

291 3223 357 3259 est
383 3214 438 3259 de
464 3214 717 3259 intentione
743 3222 948 3266 naturae,
975 3222 1025 3256 ut
1056 3212 1206 3256 omnis
1234 3215 1309 3271 qui
1337 3213 1634 3273 corporaliter
1665 3213 1878 3268 nascitur,
1910 3212 1967 3263 ad
1998 3211 2284 3274 perfectu
2339 3232 2340 3235 “

288 3292 486 3327 aetatem
511 3281 765 3341 perveniat:
794 3280 872 3325 sed
904 3280 994 3324 hoc
1028 3280 1299 3338 quandoque
1333 3280 1576 3338 impeditur
1607 3291 1791 3341 propter
1822 3279 2289 3341 corruptibilitatem
2283 3277 2302 3336 ,ᾗ
2300 3306 2336 3352 3

289 3349 509 3426 corporis,
534 3348 656 3408 quod
683 3357 831 3391 morte
853 3347 1151 3406 praevenitur.
1179 3347 1325 3391 Multo
1354 3358 1506 3393 autern
1533 3349 1680 3407 magis
1707 3348 1763 3392 de
1788 3347 2044 3398 intentione
2065 3346 2158 3392 Dei
2181 3353 2253 3397 eat
2280 3342 2335 3418 {5¹

287 3417 445 3461 omnia
472 3417 526 3461 ad
553 3415 881 3475 perfectionem
908 3413 1169 3473 perducere,
1193 3428 1248 3458 ex
1275 3415 1401 3473 cujus
1424 3415 1681 3460 imitatione
1690 3414 1790 3461 ,hoc
1808 3423 1968 3460 natura
1986 3403 2326 3474 pancmat,'“³

287 3484 406 3528 unde
433 3494 477 3528 et
502 3484 686 3528 Deuter.
718 3495 786 3541 32.
813 3482 997 3526 dicitur:
1025 3482 1110 3526 Dei
1129 3482 1316 3540 perfecta
1341 3489 1432 3527 sunt
1459 3491 1600 3542 opera.
1628 3482 1799 3527 Anima
1832 3491 2006 3536 autem,
2026 3481 2082 3530 ad
2108 3491 2273 3540 qum
2276 3502 2305 3545 3

286 3550 480 3609 pertinet
505 3560 550 3594 et
574 3548 816 3609 spiritualis
841 3548 1068 3602 nativitas,
1090 3557 1134 3592 et
1159 3547 1403 3605 spiritualis
1428 3548 1585 3593 aetatis
1608 3548 1841 3625 perfectio,
1862 3545 2136 3598 immortalis
2153 3552 2284 3602 cett

289 3627 333 3662 et
357 3626 508 3676 potest
533 3617 650 3662 sicut
674 3625 882 3676 tempore
908 3614 1152 3662 senectutis
1178 3614 1459 3674 spiritualem
1484 3615 1770 3661 nativitatem
1796 3628 2032 3675 consequi„
2047 3613 2110 3664 ita
2134 3623 2248 3665 mv
