2352 3926
290 211 362 263 26
855 218 1131 266 QUAESTIO
1173 217 1207 257 1.
1249 213 1554 255 ARTICULUS
1593 212 1664 250 1v.

288 337 356 371 ter
380 325 426 369 in
453 335 674 384 posteros,
699 323 778 367 sed
806 322 942 366 etiam
969 322 1023 365 ad
1042 320 1317 366 deletionem
1335 318 1542 363 omnium
1559 323 1868 375 peccatorum,
1890 326 2007 372 quae
2030 320 2233 372 postmo-
2302 324 2307 329 ·

290 393 399 436 dum
424 391 709 450 superaddita
735 398 856 432 sunt:
882 402 976 432 non
1002 387 1124 446 quod
1142 387 1298 431 omnia
1314 385 1560 436 deleantur,
1578 380 1699 440 quod
1718 389 1786 424 est
1802 388 1986 439 propter
2002 376 2232 429 defectum

289 458 544 511 hominum,
572 457 647 515 qui
675 456 859 499 Christo
884 469 979 500 non
999 454 1249 508 inhaerent,
1276 451 1527 496 secundum
1553 448 1663 492 illud
1684 447 1814 505 Joan.
1845 459 1899 505 3.:
1932 446 2053 491 Venit
2070 445 2156 491 vlux
2182 447 2233 491 ‘in

288 525 502 578 mundum,
522 531 558 568 et
583 524 813 567 dilexerunt
838 522 1020 566 homines
1043 523 1174 580 magis
1199 522 1396 572 tenebras,
1423 532 1549 576 quam
1572 516 1727 560 lucem:
1753 514 1831 558 sed
1859 514 1965 572 quia
1988 513 2087 574 ipse
2113 513 2234 581 σεβί·-

287 591 396 645 buit,
422 591 541 650 quod
568 588 793 633 sufficiens
830 588 914 632 fuit
940 589 994 632 ad
1029 588 1237 632 omnium
1270 595 1564 646 peccatorum
1591 581 1892 634 deletionem
1923 579 2044 624 unde
2063 576 2234 632 dicha·

288 657 421 701 Rom.
453 670 501 714 5.:
531 657 627 700 Non
651 658 763 700 sicut
787 655 994 710 delictum,
1020 657 1080 699 ita
1105 660 1142 698 et
1166 653 1403 697 donum.....·
1435 665 1534 695 nam
1549 649 1760 708 judicium
1784 661 1833 693 ex
1863 660 1949 691 uno
1971 648 2019 691 in
2049 645 2234 692 condom-

287 726 509 778 nationem‚
529 725 670 782 gratia
700 730 838 768 autem
864 738 912 767 ex
936 723 1078 767 multis
1098 721 1252 766 delictis
1277 722 1322 763 in
1342 718 1711 778 justificationem:
1738 723 1866 759 tanto
1893 722 2046 758 autem
2068 713 2231 777 princi-

288 790 432 850 palius
458 790 513 833 ad
540 789 729 848 alicujus
754 788 930 849 peccati
955 788 1229 832 deletionem
1256 785 1464 830 Christus
1488 782 1626 836 venit,
1653 791 1827 841 quanto
1851 780 1964 825 illud
1988 786 2233 840 peceatum

289 858 435 915 majus
461 865 549 900 est:
575 855 737 900 dicitur
762 865 914 900 autem
938 855 1104 914 aliquid
1130 855 1278 912 majus
1303 852 1541 912 dupliciter:
1574 863 1658 894 uno
1690 848 1812 893 modo
1838 844 2086 892 intensive:
2104 846 2235 893 elcut

290 933 355 967 est
381 923 527 981 major
553 921 729 977 albedo,
756 937 870 981 quae
897 932 964 966 est
988 921 1232 974 intensior;
1262 930 1305 964 et
1326 933 1405 978 per
1430 919 1552 962 hunc
1579 916 1773 961 modum
1798 915 1948 974 majus
1977 923 2047 960 est
2074 918 2234 976 pocca-

288 1000 386 1034 tum
419 988 608 1043 actuale‚
635 1003 771 1048 quam
798 988 1042 1047 originale:
1070 988 1174 1046 quia
1205 986 1304 1046 plus
1326 986 1462 1030 habet
1483 985 1538 1029 de
1569 985 1745 1028 ratione
1766 981 2028 1042 voluntarii,
2051 981 2169 1027 utin
2189 994 2232 1026 2.

288 1056 493 1100 habitum
519 1066 586 1100 est
611 1056 709 1113 (1-2.
741 1071 779 1115 q.
805 1057 868 1102 81.
900 1062 981 1100 art.
1008 1057 1092 1113 1.):
1125 1054 1208 1099 alio
1247 1052 1366 1097 modo
1398 1052 1560 1096 dicitur
1596 1049 1765 1109 aliquid
1800 1050 1948 1108 majus
1980 1047 2232 1094 extensive:

289 1122 405 1167 sicut
429 1122 592 1166 dicitur
618 1123 766 1181 major
792 1122 968 1175 albedo,
995 1136 1109 1180 quae
1137 1130 1203 1165 est
1233 1120 1279 1164 in
1305 1119 1469 1178 majori
1494 1117 1760 1177 superficie3
1794 1126 1839 1161 et
1862 1115 2113 1162 hocmodo
2132 1126 2234 1177 poe·-

290 1198 442 1232 catum
469 1188 703 1247 originale,
730 1203 809 1247 per
834 1190 954 1247 quod
981 1198 1126 1232 totum
1155 1201 1297 1246 genus
1321 1187 1576 1231 humanum
1607 1184 1817 1238 inficitur,
1849 1193 1927 1228 εει»
1943 1184 2237 1243 majusque-

289 1254 398 1299 libet
422 1266 610 1314 peccato
639 1255 816 1309 actuali,
844 1256 964 1314 quod
993 1265 1059 1299 est
1083 1254 1315 1313 proprium
1342 1253 1580 1312 singularis
1598 1265 1846 1311 personae:
1871 1259 1918 1296 et
1937 1260 2159 1311 quantum
2176 1249 2233 1294 ad

290 1322 379 1366 hoc
409 1322 616 1367 Christus
640 1322 929 1382 principalius
946 1323 1069 1366 venit
1095 1322 1149 1365 ad
1166 1321 1421 1365 tollendum
1439 1318 1660 1378 originale
1681 1327 1948 1378 peccatum3
1963 1317 2235 1378 inquantum

291 1404 315 1430 «
334 1388 506 1432 bonum
531 1390 676 1447 gentis
704 1389 911 1443 divinius,
939 1399 983 1433 et
1009 1388 1279 1432 eminentius
1305 1398 1385 1442 est,
1408 1401 1546 1446 quam
1571 1387 1746 1430 bonum
1769 1387 1902 1431 unius
1916 1400 1960 1441 »3
1991 1394 2042 1431 ut
2071 1384 2236 1430 dicitur

295 1468 330 1499 1.
357 1454 503 1500 Ethic.
529 1456 644 1516 (cap.
665 1458 742 1514 2.).
1673 1489 1678 1493 .
1911 1470 1916 1472 -
1978 1483 1981 1486 .

378 1522 454 1566 An
479 1535 665 1567 mmmm
698 1537 806 1582 ergo
834 1522 1090 1577 dicendum,
1117 1522 1237 1582 quod
1259 1522 1375 1567 ratio
1401 1521 1481 1566 illa
1504 1521 1717 1581 proceditv
1735 1520 1791 1567 de
1812 1518 2038 1566 intensiva
2061 1519 2237 1581 magni·

291 1588 445 1632 tudine
470 1590 657 1648 peccati.

379 1655 454 1699 An
474 1669 730 1701 SECUNDUM
749 1656 1004 1710 dicendum,
1018 1656 1139 1715 quod
1155 1665 1344 1715 peccato
1363 1655 1574 1715 originali
1594 1655 1640 1699 in
1662 1654 1813 1700 futura
1829 1654 2125 1700 retributione
2139 1666 2236 1699 non

293 1723 478 1767 debetur
503 1738 651 1783 poena
676 1738 854 1768 sensus:
881 1724 1179 1782 poenalitates
1204 1734 1374 1778 tamen,
1392 1739 1504 1783 quas
1530 1722 1799 1768 sensibiliter
1823 1722 1870 1773 in
1894 1722 1984 1785 hac
2004 1721 2103 1783 vita
2120 1720 2237 1782 pati·

294 1804 408 1843 mur,
426 1790 540 1834 sicut
555 1789 739 1844 famem,
762 1791 896 1845 sitim,
923 1801 1135 1845 mortem,
1153 1801 1197 1835 et
1219 1789 1307 1835 alia
1322 1790 1600 1849 hujusmodi,
1623 1805 1676 1834 ex
1693 1799 1884 1849 peccato
1905 1787 2238 1851 originali'pro-

292 1857 478 1912 cedunt;
505 1867 548 1903 et
572 1858 675 1903 ideo
702 1858 924 1913 Christus,
950 1867 999 1902 ut
1022 1858 1154 1917 plene
1180 1872 1262 1918 pro
1284 1867 1474 1917 peccato
1502 1857 1713 1916 originali
1729 1855 2021 1912 satisfaceret,
2045 1852 2237 1902 sedsibi—

291 1923 383 1968 lem
409 1924 616 1969 dolorem
641 1926 733 1984 pati
748 1925 906 1979 voluit,
931 1936 981 1969 ut
1006 1935 1217 1979 mortem,
1243 1935 1289 1969 et
1306 1925 1393 1968 alia
1414 1925 1682 1984 hujusmodi
1696 1925 1742 1968 in
1759 1925 1913 1984 seipso
1928 1932 2236 1969 consumam.

379 1991 455 2035 Ao
468 2004 680 2037 TERTmM
693 1992 950 2046 dicendum,
965 1993 1100 2051 quod,
1114 1993 1230 2037 sicut
1242 1992 1478 2051 Chrysost.
1504 1993 1609 2037 ibid.
1633 1992 1744 2051 (cap.
1758 1992 1819 2051 6.)
1834 1991 1958 2051 dicit,
1970 1990 2141 2042 «verba
2156 1989 2237 2036 ma

292 2056 468 2102 dicebat
493 2057 757 2116 Apostolus,
781 2073 875 2103 non
893 2060 1020 2118 quasi
1037 2059 1286 2103 diminuere
1302 2058 1461 2103 volens
1486 2058 1782 2118 amplissima,
1799 2070 1845 2104 et
1865 2071 1946 2119 per
1967 2059 2135 2105 orbem
2146 2066 2236 2104 ter-

291 2137 443 2167 rarum
469 2123 629 2169 diffusa
654 2124 825 2169 Christi
849 2139 1063 2179 munera;
1089 2125 1168 2170 sed
1185 2136 1234 2169 ut
1258 2140 1339 2184 pro
1367 2127 1577 2170 omnibus
1599 2141 1648 2172 se
1674 2126 1824 2171 solum
1848 2126 2072 2186 judicaret
2091 2126 2239 2174 obno-

291 2191 429 2236 xium.
457 2192 582 2246 Quid
606 2193 728 2237 enim
754 2194 951 2247 interest,
978 2193 1015 2237 si
1041 2202 1084 2237 et
1112 2194 1210 2237 aliis
1236 2194 1468 2251 praestitit,
1496 2208 1603 2238 cum
1630 2208 1747 2253 quae
1767 2193 1850 2238 tibi
1877 2203 1985 2239 sunt
2006 2194 2236 2254 mettin,

290 2257 353 2302 ita
377 2259 551 2318 integra
576 2269 692 2314 sunt,
719 2270 763 2304 et
786 2260 848 2304 ita
873 2259 1086 2319 perfecta,
1112 2260 1242 2319 quasi
1266 2260 1379 2303 nulli
1405 2260 1482 2304 alii
1507 2275 1561 2305 ex
1591 2260 1662 2305 his
1688 2260 1858 2320 aliquid
1887 2259 2026 2305 fuerit
2051 2258 2239 2321 praesti—

290 2325 416 2368 tum?
441 2341 482 2380 »3
508 2341 563 2370 ex
588 2326 678 2370 hoc
705 2340 813 2385 ergo
840 2327 962 2385 quod
989 2326 1147 2385 aliquis
1177 2326 1307 2370 debet
1332 2338 1537 2386 reputare
1563 2328 1647 2371 sibi
1673 2327 1895 2372 beneficia
1919 2326 2241 2388 Christlpme·

290 2393 392 2437 stita
419 2407 533 2448 esse,
567 2407 661 2438 non
698 2394 830 2438 debet
871 2394 1127 2439 existimare
1153 2394 1275 2453 quod
1310 2408 1404 2439 non
1437 2395 1527 2439 sint
1559 2396 1658 2440 aliis
1682 2395 1918 2455 praestita3
1944 2405 1991 2441 et
2012 2394 2127 2441 idea
2142 2409 2240 2441 non

292 2458 554 2514 excluditur,
581 2460 689 2519 quin
711 2460 1001 2520 principalius
1026 2461 1200 2504 venerit
1226 2461 1408 2506 abolere
1434 2472 1674 2520 peccatum
1705 2463 1845 2507 totius
1870 2472 2074 2518 nauatae,
2098 2473 2240 2523 qum

291 2536 532 2584 peccatum
558 2527 690 2571 unius
710 2541 954 2586 personae:
982 2528 1059 2572 sed
1081 2527 1193 2571 illud
1226 2538 1466 2587 peccatum
1497 2539 1685 2573 naturae
1716 2529 1779 2573 ita
1804 2529 2003 2589 perfecte
2029 2538 2239 2575 curatum

292 2603 360 2638 est
383 2593 431 2638 in
456 2607 746 2653 unoquoque,
774 2607 825 2638 ac
851 2595 890 2638 si
914 2595 960 2638 in
986 2608 1078 2638 uno
1104 2594 1206 2639 solo
1240 2606 1357 2640 esset
1374 2606 1605 2650 curatum3
1627 2605 1672 2639 et
1692 2595 1797 2640 ideo
1819 2605 2003 2655 propter
2018 2595 2239 2641 unionem

293 2659 523 2704 charitatis
563 2670 712 2705 totum
744 2660 865 2719 quod
898 2661 1108 2706 omnibus
1140 2671 1208 2705 est
1237 2661 1512 2721 impensum,
1545 2662 1852 2722 unusquisque
1883 2662 2018 2708 debet
2047 2662 2133 2708 sib&
2162 2662 2241 2708 ad-

290 2726 496 2771 scribere.

997 2854 1427 2911 ARTICULUS
1462 2855 1529 2910 V.
2215 2883 2235 2928 5

325 2980 514 3020 υτιωΜ
555 2982 896 3021 εοΝνΕΝῙΕΝε
931 2983 1126 3022 Fumu‘r
1167 2984 1322 3021 DEuM
1364 2983 1657 3022 INCARNARI
1698 2984 1764 3021 AB
1805 2983 1981 3024 mmo
2015 2983 2214 3024 nuum.

647 3086 748 3140 (1-2.
776 3099 813 3143 q.
842 3086 911 3143 98.
944 3092 1025 3130 art.
1060 3086 1100 3130 6.
1135 3094 1248 3145 corp.
1282 3093 1319 3131 et
1345 3101 1379 3145 3.
1408 3087 1519 3131 Dist.
1542 3101 1576 3131 Ι.
1600 3100 1637 3145 q.
1664 3102 1698 3131 1.
1732 3092 1813 3132 art.
1840 3099 1883 3145 4.

557 3157 592 3195 el
624 3150 695 3195 lib.
724 3166 765 3208 4.
806 3151 950 3197 Contr.
978 3168 1015 3210 g.
1050 3162 1139 3213 cap.
1172 3168 1226 3212 55.
1269 3153 1323 3197 ad
1357 3169 1397 3212 9.
1433 3159 1470 3198 ct
1501 3154 1582 3198 Isa.
1615 3168 1654 3198 2.
1688 3159 1726 3199 et
1762 3153 1858 3199 Gal.
1890 3155 1969 3216 4.).

381 3263 456 3307 AD
488 3276 712 3314 Qum'rtm
745 3264 806 3307 sic
835 3265 1103 3322 proceditur.
1136 3264 1337 3319 Videtur,
1371 3266 1492 3324 quod
1521 3266 1797 3311 conveniens
1827 3265 1966 3312 fuisse
1997 3267 2152 3313 Deum
2175 3267 2241 3313 in-

292 3329 465 3374 carnari
492 3344 515 3373 a
543 3330 763 3389 principio
795 3331 984 3374 humani
1010 3331 1206 3389 generis:
1233 3332 1556 3377 incarnationis
1583 3334 1704 3376 enim
1723 3347 1836 3392 opus
1859 3347 1913 3378 ex
1930 3334 2239 3381 immensitate

293 3396 468 3440 divinae
495 3396 724 3441 charitatis
750 3397 980 3456 processit,
1014 3398 1261 3442 secundum
1289 3397 1398 3442 illud
1425 3398 1590 3459 Ephcs.
1619 3412 1682 3445 2.:
1712 3401 1839 3455 Deus,
1873 3402 1946 3460 qui
1969 3400 2084 3448 dives
2112 3407 2169 3448 est
2191 3403 2238 3447 in

292 3463 589 3517 misericordiaez,
621 3470 791 3523 proptor
822 3465 996 3508 nimiam
1015 3465 1261 3510 charitatem
1282 3480 1416 3521 suam,
1433 3481 1514 3525 qua
1531 3466 1675 3512 dilexit
1691 3482 1777 3523 nos,
1791 3483 1883 3513 cum
1896 3482 2067 3517 essemus
2079 3471 2240 3516 mortui

286 3531 476 3589 peccatis,
500 3532 814 3589 convivificavit
837 3545 907 3575 nos
938 3533 981 3575 in
1010 3530 1202 3576 Christo:
1220 3532 1299 3577 sed
1327 3532 1523 3578 charitas
1548 3548 1641 3578 non
1659 3535 1805 3579 tardat
1819 3535 2062 3582 subvenire
2084 3535 2237 3582 amico

293 3596 606 3641 necessitatem
634 3597 834 3656 patienti,
859 3598 1108 3642 secundum
1136 3597 1247 3644 illud
1272 3598 1407 3643 Prov.
1438 3613 1498 3657 3.:
1527 3600 1591 3646 Νι
1615 3601 1727 3646 dicas
1752 3604 1890 3647 amico
1913 3608 2015 3648 tuo:-
2044 3602 2170 3659 Vade,
2201 3600 2239 3649 'at
