<?xml version="1.0" encoding="UTF-8"?>
<!DOCTYPE html PUBLIC "-//W3C//DTD XHTML 1.0 Transitional//EN"
    "http://www.w3.org/TR/xhtml1/DTD/xhtml1-transitional.dtd">
<html xmlns="http://www.w3.org/1999/xhtml" xml:lang="en" lang="en">
 <head>
  <title>
</title>
<meta http-equiv="Content-Type" content="text/html;charset=utf-8" />
  <meta name='ocr-system' content='tesseract 3.04.00' />
  <meta name='ocr-capabilities' content='ocr_page ocr_carea ocr_par ocr_line ocrx_word'/>
</head>
<body>
  <div class='ocr_page' id='page_1' title='image "./divithomaeaquina04thom_0450.png"; bbox 0 0 2352 3926; ppageno 0'>
   <div class='ocr_carea' id='block_1_1' title="bbox 318 235 1745 304">
    <p class='ocr_par' dir='ltr' id='par_1_1' title="bbox 318 235 1745 304">
     <span class='ocr_line' id='line_1_1' title="bbox 318 235 1745 304; baseline -0.001 -18"><span class='ocrx_word' id='word_1_1' title='bbox 318 235 428 304; x_wconf 86' lang='lat'>446</span> <span class='ocrx_word' id='word_1_2' title='bbox 871 245 1149 291; x_wconf 82' lang='lat' dir='ltr'>QUAEsTlo</span> <span class='ocrx_word' id='word_1_3' title='bbox 1191 246 1281 285; x_wconf 79' lang='lat' dir='ltr'>Lu,</span> <span class='ocrx_word' id='word_1_4' title='bbox 1323 245 1632 285; x_wconf 74' lang='lat' dir='ltr'>AR‘rrcutus</span> <span class='ocrx_word' id='word_1_5' title='bbox 1672 246 1745 286; x_wconf 81' lang='lat' dir='ltr'>vl.</span> 
     </span>
    </p>
   </div>
   <div class='ocr_carea' id='block_1_2' title="bbox 316 346 2278 460">
    <p class='ocr_par' dir='ltr' id='par_1_2' title="bbox 316 346 2278 460">
     <span class='ocr_line' id='line_1_2' title="bbox 318 346 2278 409; baseline 0.002 -18"><span class='ocrx_word' id='word_1_6' title='bbox 318 349 409 393; x_wconf 88' lang='lat' dir='ltr'>vita</span> <span class='ocrx_word' id='word_1_7' title='bbox 444 363 538 393; x_wconf 92' lang='lat' dir='ltr'>non</span> <span class='ocrx_word' id='word_1_8' title='bbox 572 356 675 392; x_wconf 90' lang='lat' dir='ltr'>sunt</span> <span class='ocrx_word' id='word_1_9' title='bbox 705 347 921 391; x_wconf 90' lang='lat' dir='ltr'>homines</span> <span class='ocrx_word' id='word_1_10' title='bbox 953 346 1212 391; x_wconf 85' lang='lat' dir='ltr'>confirmati</span> <span class='ocrx_word' id='word_1_11' title='bbox 1243 347 1289 391; x_wconf 92' lang='lat' dir='ltr'>in</span> <span class='ocrx_word' id='word_1_12' title='bbox 1320 347 1460 402; x_wconf 91' lang='lat' dir='ltr'>bono,</span> <span class='ocrx_word' id='word_1_13' title='bbox 1486 346 1562 391; x_wconf 89' lang='lat' dir='ltr'>vel</span> <span class='ocrx_word' id='word_1_14' title='bbox 1586 346 1727 403; x_wconf 91' lang='lat' dir='ltr'>malo,</span> <span class='ocrx_word' id='word_1_15' title='bbox 1754 347 1869 393; x_wconf 92' lang='lat' dir='ltr'>sicut</span> <span class='ocrx_word' id='word_1_16' title='bbox 1893 359 1998 409; x_wconf 90' lang='lat' dir='ltr'>post</span> <span class='ocrx_word' id='word_1_17' title='bbox 2030 349 2200 394; x_wconf 82' lang='lat' dir='ltr'>exitum</span> <span class='ocrx_word' id='word_1_18' title='bbox 2224 350 2278 394; x_wconf 88' lang='lat' dir='ltr'>ab</span> 
     </span>
     <span class='ocr_line' id='line_1_3' title="bbox 316 417 537 460; baseline 0 0"><span class='ocrx_word' id='word_1_19' title='bbox 316 417 404 460; x_wconf 91' lang='lat' dir='ltr'>hac</span> <span class='ocrx_word' id='word_1_20' title='bbox 431 417 537 460; x_wconf 87' lang='lat' dir='ltr'>vita.</span> 
     </span>
    </p>
   </div>
   <div class='ocr_carea' id='block_1_3' title="bbox 1018 576 2279 655">
    <p class='ocr_par' dir='ltr' id='par_1_3' title="bbox 1018 576 2279 655">
     <span class='ocr_line' id='line_1_4' title="bbox 1018 576 2279 655; baseline 0.006 -23"><span class='ocrx_word' id='word_1_21' title='bbox 1018 576 1452 635; x_wconf 81' lang='lat' dir='ltr'>ARTICULUS</span> <span class='ocrx_word' id='word_1_22' title='bbox 1486 577 1613 638; x_wconf 79' lang='lat' dir='ltr'>VH,</span> <span class='ocrx_word' id='word_1_23' title='bbox 2194 606 2279 655; x_wconf 85' lang='lat'>292</span> 
     </span>
    </p>
   </div>
   <div class='ocr_carea' id='block_1_4' title="bbox 407 711 2188 832">
    <p class='ocr_par' dir='ltr' id='par_1_4' title="bbox 407 711 2188 832">
     <span class='ocr_line' id='line_1_5' title="bbox 407 711 2188 765; baseline 0.002 -16"><span class='ocrx_word' id='word_1_24' title='bbox 407 711 599 750; x_wconf 88' lang='lat' dir='ltr'>UTRUM</span> <span class='ocrx_word' id='word_1_25' title='bbox 638 711 815 762; x_wconf 85' lang='lat' dir='ltr'>PUERI,</span> <span class='ocrx_word' id='word_1_26' title='bbox 859 712 956 757; x_wconf 82' lang='lat' dir='ltr'>QUI</span> <span class='ocrx_word' id='word_1_27' title='bbox 1000 711 1115 749; x_wconf 92' lang='lat' dir='ltr'>CUM</span> <span class='ocrx_word' id='word_1_28' title='bbox 1155 712 1440 750; x_wconf 83' lang='lat' dir='ltr'>ORIGINALI</span> <span class='ocrx_word' id='word_1_29' title='bbox 1483 712 1738 750; x_wconf 85' lang='lat' dir='ltr'>PECCATO</span> <span class='ocrx_word' id='word_1_30' title='bbox 1780 713 2188 765; x_wconf 78' lang='lat' dir='ltr'>DECESSERANT,</span> 
     </span>
     <span class='ocr_line' id='line_1_6' title="bbox 851 794 1754 832; baseline 0.002 -2"><span class='ocrx_word' id='word_1_31' title='bbox 851 794 1086 832; x_wconf 90' lang='lat' dir='ltr'>FUERINT</span> <span class='ocrx_word' id='word_1_32' title='bbox 1127 795 1162 831; x_wconf 90' lang='lat' dir='ltr'>A</span> <span class='ocrx_word' id='word_1_33' title='bbox 1204 794 1442 832; x_wconf 84' lang='lat' dir='ltr'>CHRISTO</span> <span class='ocrx_word' id='word_1_34' title='bbox 1484 794 1754 832; x_wconf 86' lang='lat' dir='ltr'><strong>LIBERATI.</strong></span> 
     </span>
    </p>
   </div>
   <div class='ocr_carea' id='block_1_5' title="bbox 645 904 1954 964">
    <p class='ocr_par' dir='ltr' id='par_1_5' title="bbox 645 904 1954 964">
     <span class='ocr_line' id='line_1_7' title="bbox 645 904 1954 964; baseline 0 -17"><span class='ocrx_word' id='word_1_35' title='bbox 645 904 700 962; x_wconf 83' lang='lat'>(3.</span> <span class='ocrx_word' id='word_1_36' title='bbox 727 904 840 948; x_wconf 84' lang='lat' dir='ltr'>Dist.</span> <span class='ocrx_word' id='word_1_37' title='bbox 872 919 940 949; x_wconf 89' lang='lat'>22.</span> <span class='ocrx_word' id='word_1_38' title='bbox 968 919 1007 963; x_wconf 87' lang='lat' dir='ltr'>q.</span> <span class='ocrx_word' id='word_1_39' title='bbox 1040 919 1081 949; x_wconf 88' lang='lat'>2.</span> <span class='ocrx_word' id='word_1_40' title='bbox 1107 911 1189 949; x_wconf 83' lang='lat' dir='ltr'>art.</span> <span class='ocrx_word' id='word_1_41' title='bbox 1217 919 1256 949; x_wconf 91' lang='lat'>2.</span> <span class='ocrx_word' id='word_1_42' title='bbox 1285 919 1322 963; x_wconf 86' lang='lat' dir='ltr'>q.</span> <span class='ocrx_word' id='word_1_43' title='bbox 1347 919 1382 963; x_wconf 82' lang='lat'>3.</span> <span class='ocrx_word' id='word_1_44' title='bbox 1410 910 1446 949; x_wconf 82' lang='lat' dir='ltr'>et</span> <span class='ocrx_word' id='word_1_45' title='bbox 1472 912 1607 964; x_wconf 83' lang='lat' dir='ltr'>opusc.</span> <span class='ocrx_word' id='word_1_46' title='bbox 1634 919 1675 949; x_wconf 88' lang='lat'>2.</span> <span class='ocrx_word' id='word_1_47' title='bbox 1703 913 1795 964; x_wconf 86' lang='lat' dir='ltr'>cap.</span> <span class='ocrx_word' id='word_1_48' title='bbox 1823 904 1954 962; x_wconf 68' lang='lat'><em>142).</em></span> 
     </span>
    </p>
   </div>
   <div class='ocr_carea' id='block_1_6' title="bbox 297 1014 2305 2016">
    <p class='ocr_par' dir='ltr' id='par_1_6' title="bbox 297 1014 2284 1344">
     <span class='ocr_line' id='line_1_8' title="bbox 407 1014 2283 1076; baseline 0.002 -17"><span class='ocrx_word' id='word_1_49' title='bbox 407 1014 484 1059; x_wconf 78' lang='lat' dir='ltr'>An</span> <span class='ocrx_word' id='word_1_50' title='bbox 507 1027 750 1059; x_wconf 84' lang='lat' dir='ltr'>SEPTIMUM</span> <span class='ocrx_word' id='word_1_51' title='bbox 777 1015 840 1059; x_wconf 92' lang='lat' dir='ltr'>sic</span> <span class='ocrx_word' id='word_1_52' title='bbox 868 1015 1142 1074; x_wconf 84' lang='lat' dir='ltr'>proceditur.</span> <span class='ocrx_word' id='word_1_53' title='bbox 1164 1015 1371 1069; x_wconf 89' lang='lat' dir='ltr'>Videtur,</span> <span class='ocrx_word' id='word_1_54' title='bbox 1399 1017 1520 1075; x_wconf 92' lang='lat' dir='ltr'>quod</span> <span class='ocrx_word' id='word_1_55' title='bbox 1547 1015 1692 1075; x_wconf 91' lang='lat' dir='ltr'>pueri,</span> <span class='ocrx_word' id='word_1_56' title='bbox 1720 1015 1797 1075; x_wconf 90' lang='lat' dir='ltr'>qui</span> <span class='ocrx_word' id='word_1_57' title='bbox 1825 1030 1931 1060; x_wconf 91' lang='lat' dir='ltr'>cum</span> <span class='ocrx_word' id='word_1_58' title='bbox 1954 1014 2168 1076; x_wconf 81' lang='lat' dir='ltr'><strong>originali</strong></span> <span class='ocrx_word' id='word_1_59' title='bbox 2182 1029 2283 1076; x_wconf 87' lang='lat' dir='ltr'>pec-</span> 
     </span>
     <span class='ocr_line' id='line_1_9' title="bbox 297 1082 2280 1141; baseline 0.001 -14"><span class='ocrx_word' id='word_1_60' title='bbox 297 1138 299 1141; x_wconf 22' lang='lat'>·</span> <span class='ocrx_word' id='word_1_61' title='bbox 321 1093 424 1128; x_wconf 90' lang='lat' dir='ltr'>cato</span> <span class='ocrx_word' id='word_1_62' title='bbox 451 1083 752 1136; x_wconf 84' lang='lat' dir='ltr'>decesserant,</span> <span class='ocrx_word' id='word_1_63' title='bbox 778 1083 944 1127; x_wconf 84' lang='lat' dir='ltr'>fuerint</span> <span class='ocrx_word' id='word_1_64' title='bbox 966 1097 1044 1141; x_wconf 91' lang='lat' dir='ltr'>per</span> <span class='ocrx_word' id='word_1_65' title='bbox 1063 1084 1332 1127; x_wconf 86' lang='lat' dir='ltr'>descensum</span> <span class='ocrx_word' id='word_1_66' title='bbox 1354 1083 1525 1128; x_wconf 85' lang='lat' dir='ltr'>Christi</span> <span class='ocrx_word' id='word_1_67' title='bbox 1550 1083 1727 1127; x_wconf 89' lang='lat' dir='ltr'>liberati</span> <span class='ocrx_word' id='word_1_68' title='bbox 1749 1083 1803 1127; x_wconf 90' lang='lat' dir='ltr'>ab</span> <span class='ocrx_word' id='word_1_69' title='bbox 1821 1082 2022 1128; x_wconf 88' lang='lat' dir='ltr'>inferno:</span> <span class='ocrx_word' id='word_1_70' title='bbox 2045 1098 2141 1130; x_wconf 87' lang='lat' dir='ltr'>non</span> <span class='ocrx_word' id='word_1_71' title='bbox 2159 1085 2280 1128; x_wconf 84' lang='lat' dir='ltr'>enim</span> 
     </span>
     <span class='ocr_line' id='line_1_10' title="bbox 322 1150 2282 1209; baseline 0.002 -15"><span class='ocrx_word' id='word_1_72' title='bbox 322 1151 591 1195; x_wconf 89' lang='lat' dir='ltr'>tenebantur</span> <span class='ocrx_word' id='word_1_73' title='bbox 624 1152 669 1194; x_wconf 89' lang='lat' dir='ltr'>in</span> <span class='ocrx_word' id='word_1_74' title='bbox 702 1150 878 1194; x_wconf 86' lang='lat' dir='ltr'>inferno</span> <span class='ocrx_word' id='word_1_75' title='bbox 905 1151 991 1194; x_wconf 89' lang='lat' dir='ltr'>nisi</span> <span class='ocrx_word' id='word_1_76' title='bbox 1019 1165 1101 1209; x_wconf 91' lang='lat' dir='ltr'>pro</span> <span class='ocrx_word' id='word_1_77' title='bbox 1134 1160 1324 1209; x_wconf 89' lang='lat' dir='ltr'>peccato</span> <span class='ocrx_word' id='word_1_78' title='bbox 1352 1150 1578 1209; x_wconf 85' lang='lat' dir='ltr'>originali,</span> <span class='ocrx_word' id='word_1_79' title='bbox 1605 1151 1722 1194; x_wconf 92' lang='lat' dir='ltr'>sicut</span> <span class='ocrx_word' id='word_1_80' title='bbox 1748 1160 1792 1195; x_wconf 89' lang='lat' dir='ltr'>et</span> <span class='ocrx_word' id='word_1_81' title='bbox 1824 1152 1967 1196; x_wconf 85' lang='lat' dir='ltr'>sancti</span> <span class='ocrx_word' id='word_1_82' title='bbox 1993 1151 2175 1197; x_wconf 83' lang='lat' dir='ltr'>Patres:</span> <span class='ocrx_word' id='word_1_83' title='bbox 2202 1151 2282 1197; x_wconf 87' lang='lat' dir='ltr'>sed</span> 
     </span>
     <span class='ocr_line' id='line_1_11' title="bbox 319 1217 2284 1276; baseline 0 -14"><span class='ocrx_word' id='word_1_84' title='bbox 319 1218 465 1262; x_wconf 90' lang='lat' dir='ltr'>sancti</span> <span class='ocrx_word' id='word_1_85' title='bbox 491 1219 647 1262; x_wconf 88' lang='lat' dir='ltr'>Patres</span> <span class='ocrx_word' id='word_1_86' title='bbox 684 1227 788 1261; x_wconf 91' lang='lat' dir='ltr'>sunt</span> <span class='ocrx_word' id='word_1_87' title='bbox 825 1218 878 1260; x_wconf 89' lang='lat' dir='ltr'>ab</span> <span class='ocrx_word' id='word_1_88' title='bbox 915 1217 1094 1261; x_wconf 91' lang='lat' dir='ltr'>inferno</span> <span class='ocrx_word' id='word_1_89' title='bbox 1135 1218 1309 1261; x_wconf 83' lang='lat' dir='ltr'>liberati</span> <span class='ocrx_word' id='word_1_90' title='bbox 1345 1232 1424 1276; x_wconf 91' lang='lat' dir='ltr'>per</span> <span class='ocrx_word' id='word_1_91' title='bbox 1461 1217 1712 1271; x_wconf 88' lang='lat' dir='ltr'>Christum,</span> <span class='ocrx_word' id='word_1_92' title='bbox 1750 1227 1800 1261; x_wconf 87' lang='lat' dir='ltr'>ut</span> <span class='ocrx_word' id='word_1_93' title='bbox 1833 1232 1968 1276; x_wconf 89' lang='lat' dir='ltr'>supra</span> <span class='ocrx_word' id='word_1_94' title='bbox 2009 1218 2180 1265; x_wconf 88' lang='lat' dir='ltr'>dictum</span> <span class='ocrx_word' id='word_1_95' title='bbox 2215 1227 2284 1262; x_wconf 90' lang='lat' dir='ltr'>est</span> 
     </span>
     <span class='ocr_line' id='line_1_12' title="bbox 320 1283 2283 1344; baseline 0.002 -15"><span class='ocrx_word' id='word_1_96' title='bbox 320 1285 427 1344; x_wconf 85' lang='lat' dir='ltr'>(art.</span> <span class='ocrx_word' id='word_1_97' title='bbox 444 1299 480 1344; x_wconf 87' lang='lat'>5.</span> <span class='ocrx_word' id='word_1_98' title='bbox 501 1286 587 1342; x_wconf 84' lang='lat' dir='ltr'>huj.</span> <span class='ocrx_word' id='word_1_99' title='bbox 611 1285 669 1344; x_wconf 88' lang='lat' dir='ltr'>q.)</span> <span class='ocrx_word' id='word_1_100' title='bbox 678 1301 694 1337; x_wconf 91' lang='lat'><em>;</em></span> <span class='ocrx_word' id='word_1_101' title='bbox 724 1298 834 1343; x_wconf 90' lang='lat' dir='ltr'>ergo</span> <span class='ocrx_word' id='word_1_102' title='bbox 865 1294 908 1328; x_wconf 88' lang='lat' dir='ltr'>et</span> <span class='ocrx_word' id='word_1_103' title='bbox 933 1285 1060 1343; x_wconf 90' lang='lat' dir='ltr'>pueri</span> <span class='ocrx_word' id='word_1_104' title='bbox 1078 1284 1286 1328; x_wconf 89' lang='lat' dir='ltr'>similiter</span> <span class='ocrx_word' id='word_1_105' title='bbox 1312 1298 1391 1342; x_wconf 89' lang='lat' dir='ltr'>per</span> <span class='ocrx_word' id='word_1_106' title='bbox 1418 1284 1655 1327; x_wconf 87' lang='lat' dir='ltr'>Christum</span> <span class='ocrx_word' id='word_1_107' title='bbox 1673 1293 1777 1328; x_wconf 90' lang='lat' dir='ltr'>sunt</span> <span class='ocrx_word' id='word_1_108' title='bbox 1802 1284 1856 1328; x_wconf 93' lang='lat' dir='ltr'>ab</span> <span class='ocrx_word' id='word_1_109' title='bbox 1881 1283 2063 1328; x_wconf 86' lang='lat' dir='ltr'>inferno</span> <span class='ocrx_word' id='word_1_110' title='bbox 2090 1283 2283 1332; x_wconf 82' lang='lat' dir='ltr'>liberati.</span> 
     </span>
    </p>

    <p class='ocr_par' dir='ltr' id='par_1_7' title="bbox 317 1351 2305 1665">
     <span class='ocr_line' id='line_1_13' title="bbox 409 1351 2283 1410; baseline 0.001 -13"><span class='ocrx_word' id='word_1_111' title='bbox 409 1365 450 1396; x_wconf 87' lang='lat'>2.</span> <span class='ocrx_word' id='word_1_112' title='bbox 477 1353 776 1397; x_wconf 78' lang='lat' dir='ltr'>PRAETEREA.</span> <span class='ocrx_word' id='word_1_113' title='bbox 795 1351 1048 1410; x_wconf 88' lang='lat' dir='ltr'>Apostolus</span> <span class='ocrx_word' id='word_1_114' title='bbox 1077 1352 1186 1395; x_wconf 88' lang='lat' dir='ltr'>dicit</span> <span class='ocrx_word' id='word_1_115' title='bbox 1211 1351 1348 1395; x_wconf 90' lang='lat' dir='ltr'>Rom.</span> <span class='ocrx_word' id='word_1_116' title='bbox 1381 1365 1441 1408; x_wconf 80' lang='lat'>5.:</span> <span class='ocrx_word' id='word_1_117' title='bbox 1470 1352 1515 1396; x_wconf 84' lang='lat' dir='ltr'>Si</span> <span class='ocrx_word' id='word_1_118' title='bbox 1546 1353 1668 1395; x_wconf 83' lang='lat' dir='ltr'>unius</span> <span class='ocrx_word' id='word_1_119' title='bbox 1689 1351 1832 1396; x_wconf 79' lang='lat' dir='ltr'>delicto</span> <span class='ocrx_word' id='word_1_120' title='bbox 1859 1351 1980 1396; x_wconf 82' lang='lat' dir='ltr'>multi</span> <span class='ocrx_word' id='word_1_121' title='bbox 2004 1353 2283 1407; x_wconf 76' lang='lat' dir='ltr'>mortuiszmt,</span> 
     </span>
     <span class='ocr_line' id='line_1_14' title="bbox 317 1413 2305 1479; baseline 0.001 -15"><span class='ocrx_word' id='word_1_122' title='bbox 317 1420 448 1464; x_wconf 87' lang='lat' dir='ltr'>multo</span> <span class='ocrx_word' id='word_1_123' title='bbox 480 1422 614 1478; x_wconf 82' lang='lat' dir='ltr'>magis</span> <span class='ocrx_word' id='word_1_124' title='bbox 634 1421 774 1478; x_wconf 83' lang='lat' dir='ltr'>gratia</span> <span class='ocrx_word' id='word_1_125' title='bbox 802 1420 901 1472; x_wconf 57' lang='lat' dir='ltr'>Dei,</span> <span class='ocrx_word' id='word_1_126' title='bbox 925 1426 963 1463; x_wconf 80' lang='lat' dir='ltr'>et</span> <span class='ocrx_word' id='word_1_127' title='bbox 984 1419 1138 1462; x_wconf 82' lang='lat' dir='ltr'>donum</span> <span class='ocrx_word' id='word_1_128' title='bbox 1165 1420 1210 1462; x_wconf 85' lang='lat' dir='ltr'>in</span> <span class='ocrx_word' id='word_1_129' title='bbox 1232 1420 1373 1476; x_wconf 80' lang='lat' dir='ltr'>gratia</span> <span class='ocrx_word' id='word_1_130' title='bbox 1398 1420 1521 1462; x_wconf 80' lang='lat' dir='ltr'>unius</span> <span class='ocrx_word' id='word_1_131' title='bbox 1552 1413 1733 1462; x_wconf 78' lang='lat' dir='ltr'>hominis</span> <span class='ocrx_word' id='word_1_132' title='bbox 1759 1419 1855 1475; x_wconf 77' lang='lat' dir='ltr'>Iesu</span> <span class='ocrx_word' id='word_1_133' title='bbox 1885 1418 2042 1463; x_wconf 83' lang='lat' dir='ltr'>Christi</span> <span class='ocrx_word' id='word_1_134' title='bbox 2067 1421 2112 1464; x_wconf 84' lang='lat' dir='ltr'>in</span> <span class='ocrx_word' id='word_1_135' title='bbox 2139 1419 2305 1479; x_wconf 66' lang='lat' dir='ltr'>plures&#39;</span> 
     </span>
     <span class='ocr_line' id='line_1_15' title="bbox 317 1484 2284 1549; baseline -0.001 -18"><span class='ocrx_word' id='word_1_136' title='bbox 317 1486 572 1531; x_wconf 80' lang='lat' dir='ltr'>abundavit:</span> <span class='ocrx_word' id='word_1_137' title='bbox 602 1486 681 1530; x_wconf 90' lang='lat' dir='ltr'>sed</span> <span class='ocrx_word' id='word_1_138' title='bbox 707 1496 894 1545; x_wconf 89' lang='lat' dir='ltr'>propter</span> <span class='ocrx_word' id='word_1_139' title='bbox 911 1495 1149 1544; x_wconf 89' lang='lat' dir='ltr'>peccatum</span> <span class='ocrx_word' id='word_1_140' title='bbox 1168 1485 1304 1544; x_wconf 88' lang='lat' dir='ltr'>primi</span> <span class='ocrx_word' id='word_1_141' title='bbox 1321 1485 1519 1544; x_wconf 89' lang='lat' dir='ltr'>parentis</span> <span class='ocrx_word' id='word_1_142' title='bbox 1538 1485 1666 1544; x_wconf 89' lang='lat' dir='ltr'>pueri</span> <span class='ocrx_word' id='word_1_143' title='bbox 1689 1499 1795 1528; x_wconf 88' lang='lat' dir='ltr'>cum</span> <span class='ocrx_word' id='word_1_144' title='bbox 1820 1484 1923 1531; x_wconf 87' lang='lat' dir='ltr'>solo</span> <span class='ocrx_word' id='word_1_145' title='bbox 1946 1485 2160 1545; x_wconf 74' lang='lat' dir='ltr'>originali</span> <span class='ocrx_word' id='word_1_146' title='bbox 2180 1500 2284 1549; x_wconf 70' lang='lat' dir='ltr'>pec,-</span> 
     </span>
     <span class='ocr_line' id='line_1_16' title="bbox 318 1551 2285 1612; baseline 0 -14"><span class='ocrx_word' id='word_1_147' title='bbox 318 1563 422 1598; x_wconf 89' lang='lat' dir='ltr'>cato</span> <span class='ocrx_word' id='word_1_148' title='bbox 449 1554 722 1598; x_wconf 84' lang='lat' dir='ltr'>decedentes</span> <span class='ocrx_word' id='word_1_149' title='bbox 749 1553 796 1596; x_wconf 91' lang='lat' dir='ltr'>in</span> <span class='ocrx_word' id='word_1_150' title='bbox 821 1552 1000 1597; x_wconf 87' lang='lat' dir='ltr'>inferno</span> <span class='ocrx_word' id='word_1_151' title='bbox 1024 1552 1301 1607; x_wconf 83' lang='lat' dir='ltr'>detinentur3</span> <span class='ocrx_word' id='word_1_152' title='bbox 1330 1567 1441 1611; x_wconf 88' lang='lat' dir='ltr'>ergo</span> <span class='ocrx_word' id='word_1_153' title='bbox 1456 1551 1611 1596; x_wconf 86' lang='lat' dir='ltr'>multo</span> <span class='ocrx_word' id='word_1_154' title='bbox 1630 1553 1776 1611; x_wconf 87' lang='lat' dir='ltr'>magis</span> <span class='ocrx_word' id='word_1_155' title='bbox 1794 1566 1874 1612; x_wconf 87' lang='lat' dir='ltr'>per</span> <span class='ocrx_word' id='word_1_156' title='bbox 1890 1553 2085 1611; x_wconf 86' lang='lat' dir='ltr'>gratiam</span> <span class='ocrx_word' id='word_1_157' title='bbox 2112 1552 2285 1600; x_wconf 88' lang='lat' dir='ltr'>Christi</span> 
     </span>
     <span class='ocr_line' id='line_1_17' title="bbox 318 1620 924 1665; baseline -0.003 0"><span class='ocrx_word' id='word_1_158' title='bbox 318 1631 422 1665; x_wconf 91' lang='lat' dir='ltr'>sunt</span> <span class='ocrx_word' id='word_1_159' title='bbox 449 1621 502 1664; x_wconf 92' lang='lat' dir='ltr'>ab</span> <span class='ocrx_word' id='word_1_160' title='bbox 526 1620 705 1664; x_wconf 87' lang='lat' dir='ltr'>inferno</span> <span class='ocrx_word' id='word_1_161' title='bbox 733 1620 924 1664; x_wconf 88' lang='lat' dir='ltr'>liberati.</span> 
     </span>
    </p>

    <p class='ocr_par' dir='ltr' id='par_1_8' title="bbox 318 1686 2285 1947">
     <span class='ocr_line' id='line_1_18' title="bbox 412 1686 2284 1747; baseline 0 -15"><span class='ocrx_word' id='word_1_162' title='bbox 412 1703 448 1747; x_wconf 83' lang='lat'>3.</span> <span class='ocrx_word' id='word_1_163' title='bbox 476 1688 774 1732; x_wconf 75' lang='lat' dir='ltr'><strong>PRAETEREA.</strong></span> <span class='ocrx_word' id='word_1_164' title='bbox 805 1687 935 1731; x_wconf 85' lang='lat' dir='ltr'>Sicut</span> <span class='ocrx_word' id='word_1_165' title='bbox 959 1687 1215 1746; x_wconf 88' lang='lat' dir='ltr'>baptismus</span> <span class='ocrx_word' id='word_1_166' title='bbox 1243 1697 1458 1746; x_wconf 86' lang='lat' dir='ltr'>operatur</span> <span class='ocrx_word' id='word_1_167' title='bbox 1488 1686 1535 1730; x_wconf 91' lang='lat' dir='ltr'>in</span> <span class='ocrx_word' id='word_1_168' title='bbox 1567 1687 1732 1731; x_wconf 88' lang='lat' dir='ltr'>virtute</span> <span class='ocrx_word' id='word_1_169' title='bbox 1759 1687 1984 1745; x_wconf 87' lang='lat' dir='ltr'>passionis</span> <span class='ocrx_word' id='word_1_170' title='bbox 2010 1686 2197 1742; x_wconf 80' lang='lat' dir='ltr'>Christi,</span> <span class='ocrx_word' id='word_1_171' title='bbox 2222 1687 2284 1732; x_wconf 90' lang='lat' dir='ltr'>ita</span> 
     </span>
     <span class='ocr_line' id='line_1_19' title="bbox 320 1754 2285 1815; baseline 0 -16"><span class='ocrx_word' id='word_1_172' title='bbox 320 1766 364 1799; x_wconf 88' lang='lat' dir='ltr'>et</span> <span class='ocrx_word' id='word_1_173' title='bbox 396 1756 639 1800; x_wconf 86' lang='lat' dir='ltr'>descensus</span> <span class='ocrx_word' id='word_1_174' title='bbox 673 1756 768 1812; x_wconf 81' lang='lat' dir='ltr'>ejus</span> <span class='ocrx_word' id='word_1_175' title='bbox 803 1755 859 1798; x_wconf 91' lang='lat' dir='ltr'>ad</span> <span class='ocrx_word' id='word_1_176' title='bbox 892 1754 1074 1807; x_wconf 89' lang='lat' dir='ltr'>inferos,</span> <span class='ocrx_word' id='word_1_177' title='bbox 1109 1764 1158 1798; x_wconf 94' lang='lat' dir='ltr'>ut</span> <span class='ocrx_word' id='word_1_178' title='bbox 1184 1769 1238 1798; x_wconf 82' lang='lat' dir='ltr'>ex</span> <span class='ocrx_word' id='word_1_179' title='bbox 1265 1755 1396 1799; x_wconf 90' lang='lat' dir='ltr'>dictis</span> <span class='ocrx_word' id='word_1_180' title='bbox 1423 1763 1545 1812; x_wconf 90' lang='lat' dir='ltr'>patet</span> <span class='ocrx_word' id='word_1_181' title='bbox 1578 1755 1681 1812; x_wconf 87' lang='lat' dir='ltr'>(art.</span> <span class='ocrx_word' id='word_1_182' title='bbox 1709 1755 1902 1813; x_wconf 80' lang='lat' dir='ltr'>praec.):</span> <span class='ocrx_word' id='word_1_183' title='bbox 1935 1754 2014 1800; x_wconf 88' lang='lat' dir='ltr'>sed</span> <span class='ocrx_word' id='word_1_184' title='bbox 2051 1755 2178 1813; x_wconf 78' lang='lat' dir='ltr'>pueri</span> <span class='ocrx_word' id='word_1_185' title='bbox 2204 1769 2285 1815; x_wconf 88' lang='lat' dir='ltr'>per</span> 
     </span>
     <span class='ocr_line' id='line_1_20' title="bbox 318 1820 2284 1881; baseline 0 -15"><span class='ocrx_word' id='word_1_186' title='bbox 318 1823 598 1881; x_wconf 89' lang='lat' dir='ltr'>baptismum</span> <span class='ocrx_word' id='word_1_187' title='bbox 624 1821 871 1865; x_wconf 86' lang='lat' dir='ltr'>liberantur</span> <span class='ocrx_word' id='word_1_188' title='bbox 897 1836 922 1865; x_wconf 87' lang='lat' dir='ltr'>a</span> <span class='ocrx_word' id='word_1_189' title='bbox 949 1832 1139 1880; x_wconf 89' lang='lat' dir='ltr'>peccato</span> <span class='ocrx_word' id='word_1_190' title='bbox 1168 1821 1395 1880; x_wconf 86' lang='lat' dir='ltr'>originali,</span> <span class='ocrx_word' id='word_1_191' title='bbox 1423 1832 1467 1866; x_wconf 91' lang='lat' dir='ltr'>et</span> <span class='ocrx_word' id='word_1_192' title='bbox 1493 1822 1546 1865; x_wconf 90' lang='lat' dir='ltr'>ab</span> <span class='ocrx_word' id='word_1_193' title='bbox 1574 1820 1778 1876; x_wconf 80' lang='lat' dir='ltr'>infern03</span> <span class='ocrx_word' id='word_1_194' title='bbox 1805 1835 1918 1881; x_wconf 85' lang='lat' dir='ltr'>ergo</span> <span class='ocrx_word' id='word_1_195' title='bbox 1945 1821 2155 1870; x_wconf 82' lang='lat' dir='ltr'>similiter</span> <span class='ocrx_word' id='word_1_196' title='bbox 2174 1821 2284 1867; x_wconf 65' lang='lat' dir='ltr'>tibe-</span> 
     </span>
     <span class='ocr_line' id='line_1_21' title="bbox 321 1888 1422 1947; baseline -0.002 -13"><span class='ocrx_word' id='word_1_197' title='bbox 321 1891 406 1934; x_wconf 87' lang='lat' dir='ltr'>rati</span> <span class='ocrx_word' id='word_1_198' title='bbox 432 1901 536 1933; x_wconf 90' lang='lat' dir='ltr'>sunt</span> <span class='ocrx_word' id='word_1_199' title='bbox 553 1903 633 1947; x_wconf 89' lang='lat' dir='ltr'>per</span> <span class='ocrx_word' id='word_1_200' title='bbox 658 1889 929 1933; x_wconf 88' lang='lat' dir='ltr'>descensum</span> <span class='ocrx_word' id='word_1_201' title='bbox 958 1889 1131 1932; x_wconf 90' lang='lat' dir='ltr'>Christi</span> <span class='ocrx_word' id='word_1_202' title='bbox 1158 1889 1212 1932; x_wconf 93' lang='lat' dir='ltr'>ad</span> <span class='ocrx_word' id='word_1_203' title='bbox 1239 1888 1422 1933; x_wconf 89' lang='lat' dir='ltr'>inferos.</span> 
     </span>
    </p>

    <p class='ocr_par' dir='ltr' id='par_1_9' title="bbox 412 1955 2285 2016">
     <span class='ocr_line' id='line_1_22' title="bbox 412 1955 2285 2016; baseline 0.001 -14"><span class='ocrx_word' id='word_1_204' title='bbox 412 1957 507 2001; x_wconf 81' lang='lat' dir='ltr'>SED</span> <span class='ocrx_word' id='word_1_205' title='bbox 542 1969 738 2001; x_wconf 79' lang='lat' dir='ltr'>CONTRA</span> <span class='ocrx_word' id='word_1_206' title='bbox 771 1965 852 2009; x_wconf 91' lang='lat' dir='ltr'>est,</span> <span class='ocrx_word' id='word_1_207' title='bbox 879 1956 1001 2015; x_wconf 93' lang='lat' dir='ltr'>quod</span> <span class='ocrx_word' id='word_1_208' title='bbox 1039 1955 1292 2014; x_wconf 89' lang='lat' dir='ltr'>Apostolus</span> <span class='ocrx_word' id='word_1_209' title='bbox 1324 1957 1434 2000; x_wconf 90' lang='lat' dir='ltr'>dicit</span> <span class='ocrx_word' id='word_1_210' title='bbox 1464 1955 1662 2001; x_wconf 87' lang='lat' dir='ltr'>Roman.</span> <span class='ocrx_word' id='word_1_211' title='bbox 1692 1970 1746 2014; x_wconf 87' lang='lat'>3.,</span> <span class='ocrx_word' id='word_1_212' title='bbox 1772 1955 1895 2015; x_wconf 92' lang='lat' dir='ltr'>quod</span> <span class='ocrx_word' id='word_1_213' title='bbox 1926 1956 2042 2002; x_wconf 71' lang='lat' dir='ltr'>Deus</span> <span class='ocrx_word' id='word_1_214' title='bbox 2065 1957 2285 2016; x_wconf 71' lang='lat' dir='ltr'>proposuit</span> 
     </span>
    </p>
   </div>
   <div class='ocr_carea' id='block_1_7' title="bbox 281 2023 2352 2084">
    <p class='ocr_par' dir='ltr' id='par_1_10' title="bbox 281 2023 2352 2084">
     <span class='ocr_line' id='line_1_23' title="bbox 281 2023 2352 2084; baseline 0 -16"><span class='ocrx_word' id='word_1_215' title='bbox 281 2078 287 2083; x_wconf 34' lang='lat'><em>,</em></span> <span class='ocrx_word' id='word_1_216' title='bbox 324 2025 536 2069; x_wconf 80' lang='lat' dir='ltr'>Christum</span> <span class='ocrx_word' id='word_1_217' title='bbox 564 2025 884 2083; x_wconf 77' lang='lat' dir='ltr'>propitiatorem</span> <span class='ocrx_word' id='word_1_218' title='bbox 899 2031 977 2082; x_wconf 82' lang='lat' dir='ltr'>per</span> <span class='ocrx_word' id='word_1_219' title='bbox 987 2023 1116 2082; x_wconf 81' lang='lat' dir='ltr'>fidem</span> <span class='ocrx_word' id='word_1_220' title='bbox 1135 2025 1178 2067; x_wconf 86' lang='lat' dir='ltr'>in</span> <span class='ocrx_word' id='word_1_221' title='bbox 1202 2026 1398 2078; x_wconf 64' lang='lat' dir='ltr'>sanguine</span> <span class='ocrx_word' id='word_1_222' title='bbox 1419 2026 1533 2081; x_wconf 78' lang='lat' dir='ltr'>ejus:</span> <span class='ocrx_word' id='word_1_223' title='bbox 1551 2024 1631 2067; x_wconf 86' lang='lat' dir='ltr'>sed</span> <span class='ocrx_word' id='word_1_224' title='bbox 1658 2025 1800 2082; x_wconf 87' lang='lat' dir='ltr'>pueri,</span> <span class='ocrx_word' id='word_1_225' title='bbox 1827 2024 1904 2082; x_wconf 89' lang='lat' dir='ltr'>qui</span> <span class='ocrx_word' id='word_1_226' title='bbox 1929 2037 2036 2068; x_wconf 91' lang='lat' dir='ltr'>cum</span> <span class='ocrx_word' id='word_1_227' title='bbox 2058 2023 2160 2069; x_wconf 87' lang='lat' dir='ltr'>solo</span> <span class='ocrx_word' id='word_1_228' title='bbox 2183 2037 2286 2084; x_wconf 63' lang='lat' dir='ltr'>pecs·</span> <span class='ocrx_word' id='word_1_229' title='bbox 2349 2039 2352 2045; x_wconf 63' lang='lat'><em>⁴</em></span> 
     </span>
    </p>
   </div>
   <div class='ocr_carea' id='block_1_8' title="bbox 318 2090 2350 2694">
    <p class='ocr_par' dir='ltr' id='par_1_11' title="bbox 318 2090 2287 2271">
     <span class='ocr_line' id='line_1_24' title="bbox 321 2090 2283 2150; baseline 0.001 -15"><span class='ocrx_word' id='word_1_230' title='bbox 321 2101 423 2135; x_wconf 89' lang='lat' dir='ltr'>cato</span> <span class='ocrx_word' id='word_1_231' title='bbox 448 2090 659 2149; x_wconf 88' lang='lat' dir='ltr'>originali</span> <span class='ocrx_word' id='word_1_232' title='bbox 683 2090 989 2143; x_wconf 86' lang='lat' dir='ltr'>decesserant,</span> <span class='ocrx_word' id='word_1_233' title='bbox 1015 2090 1144 2134; x_wconf 92' lang='lat' dir='ltr'>nullo</span> <span class='ocrx_word' id='word_1_234' title='bbox 1173 2091 1314 2133; x_wconf 91' lang='lat' dir='ltr'>modo</span> <span class='ocrx_word' id='word_1_235' title='bbox 1346 2090 1525 2134; x_wconf 87' lang='lat' dir='ltr'>fuerant</span> <span class='ocrx_word' id='word_1_236' title='bbox 1550 2091 1791 2150; x_wconf 89' lang='lat' dir='ltr'>participes</span> <span class='ocrx_word' id='word_1_237' title='bbox 1817 2090 1924 2135; x_wconf 87' lang='lat' dir='ltr'>fidei</span> <span class='ocrx_word' id='word_1_238' title='bbox 1950 2090 2150 2146; x_wconf 73' lang='lat' dir='ltr'>Christi3</span> <span class='ocrx_word' id='word_1_239' title='bbox 2170 2105 2283 2150; x_wconf 85' lang='lat' dir='ltr'>ergo</span> 
     </span>
     <span class='ocr_line' id='line_1_25' title="bbox 318 2156 2287 2217; baseline 0.002 -15"><span class='ocrx_word' id='word_1_240' title='bbox 318 2173 414 2204; x_wconf 89' lang='lat' dir='ltr'>non</span> <span class='ocrx_word' id='word_1_241' title='bbox 441 2167 740 2217; x_wconf 89' lang='lat' dir='ltr'>perceperunt</span> <span class='ocrx_word' id='word_1_242' title='bbox 763 2156 962 2201; x_wconf 89' lang='lat' dir='ltr'>fructum</span> <span class='ocrx_word' id='word_1_243' title='bbox 988 2158 1323 2216; x_wconf 87' lang='lat' dir='ltr'>propitiationis</span> <span class='ocrx_word' id='word_1_244' title='bbox 1351 2158 1539 2212; x_wconf 89' lang='lat' dir='ltr'>Christi,</span> <span class='ocrx_word' id='word_1_245' title='bbox 1566 2167 1614 2201; x_wconf 93' lang='lat' dir='ltr'>ut</span> <span class='ocrx_word' id='word_1_246' title='bbox 1646 2172 1727 2216; x_wconf 89' lang='lat' dir='ltr'>per</span> <span class='ocrx_word' id='word_1_247' title='bbox 1757 2158 1909 2216; x_wconf 84' lang='lat' dir='ltr'>ipsum</span> <span class='ocrx_word' id='word_1_248' title='bbox 1942 2158 1996 2203; x_wconf 92' lang='lat' dir='ltr'>ab</span> <span class='ocrx_word' id='word_1_249' title='bbox 2028 2157 2208 2205; x_wconf 83' lang='lat' dir='ltr'>inferno</span> <span class='ocrx_word' id='word_1_250' title='bbox 2231 2157 2287 2206; x_wconf 83' lang='lat' dir='ltr'>li·</span> 
     </span>
     <span class='ocr_line' id='line_1_26' title="bbox 318 2226 596 2271; baseline -0.004 -2"><span class='ocrx_word' id='word_1_251' title='bbox 318 2226 596 2271; x_wconf 88' lang='lat' dir='ltr'>berarentur.</span> 
     </span>
    </p>

    <p class='ocr_par' dir='ltr' id='par_1_12' title="bbox 320 2291 2350 2694">
     <span class='ocr_line' id='line_1_27' title="bbox 408 2291 2285 2352; baseline 0.002 -16"><span class='ocrx_word' id='word_1_252' title='bbox 408 2294 697 2338; x_wconf 80' lang='lat' dir='ltr'>RESPONDEO</span> <span class='ocrx_word' id='word_1_253' title='bbox 725 2292 984 2346; x_wconf 87' lang='lat' dir='ltr'>dicendum,</span> <span class='ocrx_word' id='word_1_254' title='bbox 1007 2293 1144 2351; x_wconf 90' lang='lat' dir='ltr'>quod,</span> <span class='ocrx_word' id='word_1_255' title='bbox 1163 2293 1279 2337; x_wconf 89' lang='lat' dir='ltr'>sicut</span> <span class='ocrx_word' id='word_1_256' title='bbox 1297 2307 1430 2352; x_wconf 90' lang='lat' dir='ltr'>supra</span> <span class='ocrx_word' id='word_1_257' title='bbox 1448 2293 1618 2336; x_wconf 88' lang='lat' dir='ltr'>dictum</span> <span class='ocrx_word' id='word_1_258' title='bbox 1639 2301 1704 2337; x_wconf 88' lang='lat' dir='ltr'>est</span> <span class='ocrx_word' id='word_1_259' title='bbox 1722 2293 1827 2351; x_wconf 84' lang='lat' dir='ltr'>(art.</span> <span class='ocrx_word' id='word_1_260' title='bbox 1838 2292 2021 2352; x_wconf 69' lang='lat' dir='ltr'>praec),</span> <span class='ocrx_word' id='word_1_261' title='bbox 2040 2291 2285 2342; x_wconf 72' lang='lat' dir='ltr'>descensus</span> 
     </span>
     <span class='ocr_line' id='line_1_28' title="bbox 321 2359 2286 2420; baseline 0.002 -15"><span class='ocrx_word' id='word_1_262' title='bbox 321 2361 494 2405; x_wconf 88' lang='lat' dir='ltr'>Christi</span> <span class='ocrx_word' id='word_1_263' title='bbox 521 2360 577 2404; x_wconf 93' lang='lat' dir='ltr'>ad</span> <span class='ocrx_word' id='word_1_264' title='bbox 604 2359 772 2403; x_wconf 87' lang='lat' dir='ltr'>inferos</span> <span class='ocrx_word' id='word_1_265' title='bbox 799 2359 846 2403; x_wconf 89' lang='lat' dir='ltr'>in</span> <span class='ocrx_word' id='word_1_266' title='bbox 868 2359 956 2403; x_wconf 89' lang='lat' dir='ltr'>illis</span> <span class='ocrx_word' id='word_1_267' title='bbox 983 2359 1093 2403; x_wconf 91' lang='lat' dir='ltr'>solis</span> <span class='ocrx_word' id='word_1_268' title='bbox 1122 2359 1335 2404; x_wconf 87' lang='lat' dir='ltr'>effectum</span> <span class='ocrx_word' id='word_1_269' title='bbox 1363 2360 1644 2404; x_wconf 87' lang='lat' dir='ltr'>liberationis</span> <span class='ocrx_word' id='word_1_270' title='bbox 1671 2360 1842 2414; x_wconf 88' lang='lat' dir='ltr'>habuit,</span> <span class='ocrx_word' id='word_1_271' title='bbox 1862 2361 1938 2420; x_wconf 88' lang='lat' dir='ltr'>qui</span> <span class='ocrx_word' id='word_1_272' title='bbox 1959 2374 2040 2419; x_wconf 86' lang='lat' dir='ltr'>per</span> <span class='ocrx_word' id='word_1_273' title='bbox 2062 2359 2219 2415; x_wconf 74' lang='lat' dir='ltr'>fidem,</span> <span class='ocrx_word' id='word_1_274' title='bbox 2241 2370 2286 2408; x_wconf 77' lang='lat' dir='ltr'>et</span> 
     </span>
     <span class='ocr_line' id='line_1_29' title="bbox 320 2426 2286 2486; baseline 0.002 -15"><span class='ocrx_word' id='word_1_275' title='bbox 320 2428 590 2472; x_wconf 88' lang='lat' dir='ltr'>charitatem</span> <span class='ocrx_word' id='word_1_276' title='bbox 616 2427 819 2485; x_wconf 90' lang='lat' dir='ltr'>passioni</span> <span class='ocrx_word' id='word_1_277' title='bbox 837 2426 1013 2471; x_wconf 89' lang='lat' dir='ltr'>Christi</span> <span class='ocrx_word' id='word_1_278' title='bbox 1032 2428 1442 2486; x_wconf 88' lang='lat' dir='ltr'>conjungebantur,</span> <span class='ocrx_word' id='word_1_279' title='bbox 1459 2428 1506 2471; x_wconf 90' lang='lat' dir='ltr'>in</span> <span class='ocrx_word' id='word_1_280' title='bbox 1524 2428 1651 2486; x_wconf 88' lang='lat' dir='ltr'>cujus</span> <span class='ocrx_word' id='word_1_281' title='bbox 1669 2427 1834 2472; x_wconf 86' lang='lat' dir='ltr'>virtute</span> <span class='ocrx_word' id='word_1_282' title='bbox 1849 2426 2286 2475; x_wconf 23' lang='lat' dir='ltr'>descensusschristi</span> 
     </span>
     <span class='ocr_line' id='line_1_30' title="bbox 321 2493 2287 2554; baseline 0.001 -15"><span class='ocrx_word' id='word_1_283' title='bbox 321 2495 376 2539; x_wconf 90' lang='lat' dir='ltr'>ad</span> <span class='ocrx_word' id='word_1_284' title='bbox 402 2494 572 2538; x_wconf 89' lang='lat' dir='ltr'>inferos</span> <span class='ocrx_word' id='word_1_285' title='bbox 599 2493 886 2538; x_wconf 88' lang='lat' dir='ltr'>liberatorius</span> <span class='ocrx_word' id='word_1_286' title='bbox 913 2503 1030 2548; x_wconf 82' lang='lat' dir='ltr'>erat3</span> <span class='ocrx_word' id='word_1_287' title='bbox 1057 2495 1184 2552; x_wconf 90' lang='lat' dir='ltr'>pueri</span> <span class='ocrx_word' id='word_1_288' title='bbox 1218 2505 1385 2548; x_wconf 87' lang='lat' dir='ltr'>autem,</span> <span class='ocrx_word' id='word_1_289' title='bbox 1419 2495 1495 2553; x_wconf 88' lang='lat' dir='ltr'>qui</span> <span class='ocrx_word' id='word_1_290' title='bbox 1530 2509 1634 2539; x_wconf 89' lang='lat' dir='ltr'>cum</span> <span class='ocrx_word' id='word_1_291' title='bbox 1667 2494 1878 2553; x_wconf 87' lang='lat' dir='ltr'>originali</span> <span class='ocrx_word' id='word_1_292' title='bbox 1911 2504 2104 2554; x_wconf 86' lang='lat' dir='ltr'>peccato</span> <span class='ocrx_word' id='word_1_293' title='bbox 2134 2493 2287 2541; x_wconf 67' lang='lat' dir='ltr'>deces-</span> 
     </span>
     <span class='ocr_line' id='line_1_31' title="bbox 321 2560 2286 2621; baseline 0.001 -13"><span class='ocrx_word' id='word_1_294' title='bbox 321 2573 484 2617; x_wconf 88' lang='lat' dir='ltr'>serant,</span> <span class='ocrx_word' id='word_1_295' title='bbox 516 2562 644 2606; x_wconf 92' lang='lat' dir='ltr'>nullo</span> <span class='ocrx_word' id='word_1_296' title='bbox 672 2563 814 2606; x_wconf 90' lang='lat' dir='ltr'>modo</span> <span class='ocrx_word' id='word_1_297' title='bbox 840 2562 1018 2606; x_wconf 89' lang='lat' dir='ltr'>fuerant</span> <span class='ocrx_word' id='word_1_298' title='bbox 1046 2563 1279 2621; x_wconf 84' lang='lat' dir='ltr'>conjuncti</span> <span class='ocrx_word' id='word_1_299' title='bbox 1306 2563 1506 2621; x_wconf 90' lang='lat' dir='ltr'>passioni</span> <span class='ocrx_word' id='word_1_300' title='bbox 1525 2562 1695 2606; x_wconf 85' lang='lat' dir='ltr'>Christi</span> <span class='ocrx_word' id='word_1_301' title='bbox 1721 2577 1802 2620; x_wconf 89' lang='lat' dir='ltr'>per</span> <span class='ocrx_word' id='word_1_302' title='bbox 1827 2562 1981 2616; x_wconf 87' lang='lat' dir='ltr'>fidem,</span> <span class='ocrx_word' id='word_1_303' title='bbox 2007 2571 2053 2606; x_wconf 89' lang='lat' dir='ltr'>et</span> <span class='ocrx_word' id='word_1_304' title='bbox 2082 2560 2286 2609; x_wconf 51' lang='lat' dir='ltr'>dilectio,</span> 
     </span>
     <span class='ocr_line' id='line_1_32' title="bbox 322 2629 2350 2694; baseline -0 -18"><span class='ocrx_word' id='word_1_305' title='bbox 322 2646 444 2683; x_wconf 82' lang='lat' dir='ltr'>nem,</span> <span class='ocrx_word' id='word_1_306' title='bbox 471 2645 619 2689; x_wconf 91' lang='lat' dir='ltr'>neque</span> <span class='ocrx_word' id='word_1_307' title='bbox 638 2630 760 2673; x_wconf 89' lang='lat' dir='ltr'>enirn</span> <span class='ocrx_word' id='word_1_308' title='bbox 778 2630 915 2674; x_wconf 89' lang='lat' dir='ltr'>fidem</span> <span class='ocrx_word' id='word_1_309' title='bbox 930 2630 1162 2689; x_wconf 88' lang='lat' dir='ltr'>propriam</span> <span class='ocrx_word' id='word_1_310' title='bbox 1180 2631 1347 2674; x_wconf 91' lang='lat' dir='ltr'>habere</span> <span class='ocrx_word' id='word_1_311' title='bbox 1364 2640 1619 2689; x_wconf 71' lang='lat' dir='ltr'>potuerant,</span> <span class='ocrx_word' id='word_1_312' title='bbox 1636 2630 1742 2689; x_wconf 91' lang='lat' dir='ltr'>quia</span> <span class='ocrx_word' id='word_1_313' title='bbox 1758 2644 1851 2674; x_wconf 88' lang='lat' dir='ltr'>non</span> <span class='ocrx_word' id='word_1_314' title='bbox 1873 2629 2128 2694; x_wconf 77' lang='lat' dir='ltr'>habuerant</span> <span class='ocrx_word' id='word_1_315' title='bbox 2148 2643 2284 2677; x_wconf 79' lang='lat' dir='ltr'>usum</span> <span class='ocrx_word' id='word_1_316' title='bbox 2347 2641 2350 2642; x_wconf 72' lang='grc'>’</span> 
     </span>
    </p>
   </div>
   <div class='ocr_carea' id='block_1_9' title="bbox 320 2696 2352 2824">
    <p class='ocr_par' dir='ltr' id='par_1_13' title="bbox 320 2696 2352 2824">
     <span class='ocr_line' id='line_1_33' title="bbox 321 2696 2352 2756; baseline -0.002 -12"><span class='ocrx_word' id='word_1_317' title='bbox 321 2699 451 2745; x_wconf 88' lang='lat' dir='ltr'>liberi</span> <span class='ocrx_word' id='word_1_318' title='bbox 478 2697 660 2751; x_wconf 86' lang='lat' dir='ltr'>arbitrii,</span> <span class='ocrx_word' id='word_1_319' title='bbox 687 2711 835 2756; x_wconf 88' lang='lat' dir='ltr'>neque</span> <span class='ocrx_word' id='word_1_320' title='bbox 862 2712 942 2755; x_wconf 86' lang='lat' dir='ltr'>per</span> <span class='ocrx_word' id='word_1_321' title='bbox 969 2696 1106 2740; x_wconf 89' lang='lat' dir='ltr'>fidem</span> <span class='ocrx_word' id='word_1_322' title='bbox 1133 2708 1389 2755; x_wconf 89' lang='lat' dir='ltr'>parentum,</span> <span class='ocrx_word' id='word_1_323' title='bbox 1418 2707 1495 2741; x_wconf 89' lang='lat' dir='ltr'>aut</span> <span class='ocrx_word' id='word_1_324' title='bbox 1519 2711 1599 2755; x_wconf 90' lang='lat' dir='ltr'>per</span> <span class='ocrx_word' id='word_1_325' title='bbox 1617 2697 1802 2756; x_wconf 88' lang='lat' dir='ltr'>aliquod</span> <span class='ocrx_word' id='word_1_326' title='bbox 1817 2696 1925 2741; x_wconf 86' lang='lat' dir='ltr'>fidei</span> <span class='ocrx_word' id='word_1_327' title='bbox 1945 2706 2282 2743; x_wconf 81' lang='lat' dir='ltr'>sacramentum</span> <span class='ocrx_word' id='word_1_328' title='bbox 2350 2739 2352 2749; x_wconf 75' lang='grc'>,</span> 
     </span>
     <span class='ocr_line' id='line_1_34' title="bbox 320 2762 2283 2824; baseline -0.001 -13"><span class='ocrx_word' id='word_1_329' title='bbox 320 2765 498 2811; x_wconf 89' lang='lat' dir='ltr'>fuerant</span> <span class='ocrx_word' id='word_1_330' title='bbox 524 2780 549 2808; x_wconf 88' lang='lat' dir='ltr'>a</span> <span class='ocrx_word' id='word_1_331' title='bbox 582 2774 773 2824; x_wconf 88' lang='lat' dir='ltr'>peccato</span> <span class='ocrx_word' id='word_1_332' title='bbox 802 2763 1014 2821; x_wconf 90' lang='lat' dir='ltr'>originali</span> <span class='ocrx_word' id='word_1_333' title='bbox 1046 2765 1275 2818; x_wconf 89' lang='lat' dir='ltr'>mundati;</span> <span class='ocrx_word' id='word_1_334' title='bbox 1312 2775 1356 2808; x_wconf 88' lang='lat' dir='ltr'>et</span> <span class='ocrx_word' id='word_1_335' title='bbox 1387 2765 1492 2808; x_wconf 91' lang='lat' dir='ltr'>ideo</span> <span class='ocrx_word' id='word_1_336' title='bbox 1534 2765 1778 2808; x_wconf 90' lang='lat' dir='ltr'>descensus</span> <span class='ocrx_word' id='word_1_337' title='bbox 1816 2764 1987 2809; x_wconf 79' lang='lat' dir='ltr'>Christi</span> <span class='ocrx_word' id='word_1_338' title='bbox 2023 2762 2077 2809; x_wconf 86' lang='lat' dir='ltr'>ad</span> <span class='ocrx_word' id='word_1_339' title='bbox 2113 2762 2283 2811; x_wconf 74' lang='lat' dir='ltr'>inferos</span> 
     </span>
    </p>
   </div>
   <div class='ocr_carea' id='block_1_10' title="bbox 321 2830 2284 2892">
    <p class='ocr_par' dir='ltr' id='par_1_14' title="bbox 321 2820 2352 2892">
     <span class='ocr_line' id='line_1_35' title="bbox 321 2830 2284 2892; baseline 0 -15"><span class='ocrx_word' id='word_1_340' title='bbox 321 2831 780 2892; x_wconf 87' lang='lat' dir='ltr'>hujusmodi-pueros</span> <span class='ocrx_word' id='word_1_341' title='bbox 805 2845 900 2874; x_wconf 91' lang='lat' dir='ltr'>non</span> <span class='ocrx_word' id='word_1_342' title='bbox 923 2831 1131 2875; x_wconf 87' lang='lat' dir='ltr'>liberavit</span> <span class='ocrx_word' id='word_1_343' title='bbox 1157 2831 1210 2874; x_wconf 91' lang='lat' dir='ltr'>ab</span> <span class='ocrx_word' id='word_1_344' title='bbox 1238 2831 1440 2876; x_wconf 87' lang='lat' dir='ltr'>inferno:</span> <span class='ocrx_word' id='word_1_345' title='bbox 1469 2842 1513 2876; x_wconf 90' lang='lat' dir='ltr'>et</span> <span class='ocrx_word' id='word_1_346' title='bbox 1538 2842 1771 2891; x_wconf 89' lang='lat' dir='ltr'>praeterea</span> <span class='ocrx_word' id='word_1_347' title='bbox 1797 2831 1942 2876; x_wconf 86' lang='lat' dir='ltr'>sancti</span> <span class='ocrx_word' id='word_1_348' title='bbox 1962 2831 2119 2876; x_wconf 84' lang='lat' dir='ltr'>Patres</span> <span class='ocrx_word' id='word_1_349' title='bbox 2146 2830 2200 2877; x_wconf 79' lang='lat' dir='ltr'>ab</span> <span class='ocrx_word' id='word_1_350' title='bbox 2222 2830 2284 2877; x_wconf 52' lang='lat' dir='ltr'>in?</span> 
     </span>
    </p>
   </div>
   <div class='ocr_carea' id='block_1_11' title="bbox 321 2895 2352 2957">
    <p class='ocr_par' dir='ltr' id='par_1_15' title="bbox 321 2895 2352 2957">
     <span class='ocr_line' id='line_1_36' title="bbox 321 2895 2352 2957; baseline -0.003 -12"><span class='ocrx_word' id='word_1_351' title='bbox 321 2900 451 2945; x_wconf 87' lang='lat' dir='ltr'>ferno</span> <span class='ocrx_word' id='word_1_352' title='bbox 478 2909 583 2944; x_wconf 89' lang='lat' dir='ltr'>sunt</span> <span class='ocrx_word' id='word_1_353' title='bbox 609 2898 786 2942; x_wconf 87' lang='lat' dir='ltr'>liberati</span> <span class='ocrx_word' id='word_1_354' title='bbox 812 2912 892 2957; x_wconf 88' lang='lat' dir='ltr'>per</span> <span class='ocrx_word' id='word_1_355' title='bbox 919 2898 1025 2951; x_wconf 91' lang='lat' dir='ltr'>hoc,</span> <span class='ocrx_word' id='word_1_356' title='bbox 1054 2899 1176 2956; x_wconf 91' lang='lat' dir='ltr'>quod</span> <span class='ocrx_word' id='word_1_357' title='bbox 1203 2909 1307 2942; x_wconf 88' lang='lat' dir='ltr'>sunt</span> <span class='ocrx_word' id='word_1_358' title='bbox 1334 2899 1388 2942; x_wconf 90' lang='lat' dir='ltr'>ad</span> <span class='ocrx_word' id='word_1_359' title='bbox 1423 2898 1619 2957; x_wconf 87' lang='lat' dir='ltr'>gloriam</span> <span class='ocrx_word' id='word_1_360' title='bbox 1652 2899 1832 2943; x_wconf 90' lang='lat' dir='ltr'>divinae</span> <span class='ocrx_word' id='word_1_361' title='bbox 1856 2897 2048 2943; x_wconf 84' lang='lat' dir='ltr'>visionis</span> <span class='ocrx_word' id='word_1_362' title='bbox 2073 2897 2282 2952; x_wconf 82' lang='lat' dir='ltr'>admissi;</span> <span class='ocrx_word' id='word_1_363' title='bbox 2341 2895 2352 2944; x_wconf 61' lang='lat' dir='ltr'>{E</span> 
     </span>
    </p>
   </div>
   <div class='ocr_carea' id='block_1_12' title="bbox 321 2962 2349 3361">
    <p class='ocr_par' dir='ltr' id='par_1_16' title="bbox 321 2962 2352 3161">
     <span class='ocr_line' id='line_1_37' title="bbox 321 2962 2282 3026; baseline -0.001 -14"><span class='ocrx_word' id='word_1_364' title='bbox 321 2967 377 3012; x_wconf 90' lang='lat' dir='ltr'>ad</span> <span class='ocrx_word' id='word_1_365' title='bbox 405 2982 541 3026; x_wconf 88' lang='lat' dir='ltr'>quam</span> <span class='ocrx_word' id='word_1_366' title='bbox 569 2965 719 3010; x_wconf 89' lang='lat' dir='ltr'>nullus</span> <span class='ocrx_word' id='word_1_367' title='bbox 747 2975 896 3024; x_wconf 90' lang='lat' dir='ltr'>potest</span> <span class='ocrx_word' id='word_1_368' title='bbox 922 2965 1171 3024; x_wconf 87' lang='lat' dir='ltr'>pervenire,</span> <span class='ocrx_word' id='word_1_369' title='bbox 1194 2966 1281 3009; x_wconf 91' lang='lat' dir='ltr'>nisi</span> <span class='ocrx_word' id='word_1_370' title='bbox 1307 2981 1386 3024; x_wconf 90' lang='lat' dir='ltr'>per</span> <span class='ocrx_word' id='word_1_371' title='bbox 1414 2966 1621 3025; x_wconf 88' lang='lat' dir='ltr'>gratiam,</span> <span class='ocrx_word' id='word_1_372' title='bbox 1645 2966 1898 3010; x_wconf 88' lang='lat' dir='ltr'>secundum</span> <span class='ocrx_word' id='word_1_373' title='bbox 1921 2964 2035 3010; x_wconf 88' lang='lat' dir='ltr'>illud</span> <span class='ocrx_word' id='word_1_374' title='bbox 2058 2965 2197 3015; x_wconf 84' lang='lat' dir='ltr'>Rom.</span> <span class='ocrx_word' id='word_1_375' title='bbox 2214 2962 2282 3013; x_wconf 80' lang='lat'>6.:</span> 
     </span>
     <span class='ocr_line' id='line_1_38' title="bbox 325 3031 2283 3093; baseline -0.001 -12"><span class='ocrx_word' id='word_1_376' title='bbox 325 3036 484 3082; x_wconf 87' lang='lat' dir='ltr'>Gratia</span> <span class='ocrx_word' id='word_1_377' title='bbox 509 3035 594 3079; x_wconf 82' lang='lat' dir='ltr'>Dei</span> <span class='ocrx_word' id='word_1_378' title='bbox 623 3035 715 3077; x_wconf 83' lang='lat' dir='ltr'>vita</span> <span class='ocrx_word' id='word_1_379' title='bbox 746 3039 940 3077; x_wconf 75' lang='lat' dir='ltr'>aeterna:</span> <span class='ocrx_word' id='word_1_380' title='bbox 970 3046 1075 3075; x_wconf 89' lang='lat' dir='ltr'>cum</span> <span class='ocrx_word' id='word_1_381' title='bbox 1102 3033 1238 3090; x_wconf 87' lang='lat' dir='ltr'>igitur</span> <span class='ocrx_word' id='word_1_382' title='bbox 1264 3034 1391 3091; x_wconf 89' lang='lat' dir='ltr'>pueri</span> <span class='ocrx_word' id='word_1_383' title='bbox 1418 3047 1524 3076; x_wconf 89' lang='lat' dir='ltr'>cum</span> <span class='ocrx_word' id='word_1_384' title='bbox 1551 3033 1764 3092; x_wconf 89' lang='lat' dir='ltr'>originali</span> <span class='ocrx_word' id='word_1_385' title='bbox 1788 3042 1979 3093; x_wconf 80' lang='lat' dir='ltr'>peccato</span> <span class='ocrx_word' id='word_1_386' title='bbox 2011 3031 2283 3079; x_wconf 66' lang='lat' dir='ltr'>decedentes</span> 
     </span>
     <span class='ocr_line' id='line_1_39' title="bbox 321 3099 2349 3161; baseline -0.001 -15"><span class='ocrx_word' id='word_1_387' title='bbox 321 3103 516 3161; x_wconf 89' lang='lat' dir='ltr'>gratiam</span> <span class='ocrx_word' id='word_1_388' title='bbox 542 3115 637 3145; x_wconf 89' lang='lat' dir='ltr'>non</span> <span class='ocrx_word' id='word_1_389' title='bbox 669 3100 925 3153; x_wconf 88' lang='lat' dir='ltr'>habuerint,</span> <span class='ocrx_word' id='word_1_390' title='bbox 952 3113 1046 3143; x_wconf 91' lang='lat' dir='ltr'>non</span> <span class='ocrx_word' id='word_1_391' title='bbox 1073 3099 1253 3143; x_wconf 87' lang='lat' dir='ltr'>fuerunt</span> <span class='ocrx_word' id='word_1_392' title='bbox 1281 3100 1333 3143; x_wconf 89' lang='lat' dir='ltr'>ab</span> <span class='ocrx_word' id='word_1_393' title='bbox 1361 3100 1538 3144; x_wconf 88' lang='lat' dir='ltr'>inferno</span> <span class='ocrx_word' id='word_1_394' title='bbox 1566 3099 1755 3144; x_wconf 88' lang='lat' dir='ltr'>liberati.</span> <span class='ocrx_word' id='word_1_395' title='bbox 2348 3148 2349 3153; x_wconf 16' lang='lat'>¹</span> 
     </span>
    </p>

    <p class='ocr_par' dir='ltr' id='par_1_17' title="bbox 322 3166 2352 3361">
     <span class='ocr_line' id='line_1_40' title="bbox 410 3166 2345 3225; baseline -0.002 -11"><span class='ocrx_word' id='word_1_396' title='bbox 410 3170 486 3214; x_wconf 90' lang='lat' dir='ltr'>AD</span> <span class='ocrx_word' id='word_1_397' title='bbox 519 3181 707 3214; x_wconf 79' lang='lat' dir='ltr'>PRIMUM</span> <span class='ocrx_word' id='word_1_398' title='bbox 741 3180 852 3225; x_wconf 90' lang='lat' dir='ltr'>ergo</span> <span class='ocrx_word' id='word_1_399' title='bbox 887 3166 1145 3221; x_wconf 88' lang='lat' dir='ltr'>dicendum,</span> <span class='ocrx_word' id='word_1_400' title='bbox 1180 3167 1300 3225; x_wconf 89' lang='lat' dir='ltr'>quod</span> <span class='ocrx_word' id='word_1_401' title='bbox 1335 3168 1480 3211; x_wconf 87' lang='lat' dir='ltr'>sancti</span> <span class='ocrx_word' id='word_1_402' title='bbox 1512 3167 1684 3221; x_wconf 89' lang='lat' dir='ltr'>Patres,</span> <span class='ocrx_word' id='word_1_403' title='bbox 1723 3166 1988 3212; x_wconf 80' lang='lat' dir='ltr'>etsi·adhuc</span> <span class='ocrx_word' id='word_1_404' title='bbox 2024 3175 2284 3213; x_wconf 70' lang='lat' dir='ltr'>tenerentur</span> <span class='ocrx_word' id='word_1_405' title='bbox 2326 3208 2345 3218; x_wconf 65' lang='lat'><em>„</em></span> 
     </span>
     <span class='ocr_line' id='line_1_41' title="bbox 323 3233 2345 3294; baseline -0 -12"><span class='ocrx_word' id='word_1_406' title='bbox 323 3236 523 3282; x_wconf 89' lang='lat' dir='ltr'>adstricti</span> <span class='ocrx_word' id='word_1_407' title='bbox 550 3245 675 3280; x_wconf 88' lang='lat' dir='ltr'>reatu</span> <span class='ocrx_word' id='word_1_408' title='bbox 705 3233 939 3293; x_wconf 89' lang='lat' dir='ltr'>originalis</span> <span class='ocrx_word' id='word_1_409' title='bbox 966 3234 1157 3292; x_wconf 88' lang='lat' dir='ltr'>peccati,</span> <span class='ocrx_word' id='word_1_410' title='bbox 1185 3234 1454 3292; x_wconf 89' lang='lat' dir='ltr'>inquantum</span> <span class='ocrx_word' id='word_1_411' title='bbox 1486 3235 1669 3294; x_wconf 80' lang='lat' dir='ltr'>respicit</span> <span class='ocrx_word' id='word_1_412' title='bbox 1699 3235 1950 3280; x_wconf 77' lang='lat' dir='ltr'>humanam</span> <span class='ocrx_word' id='word_1_413' title='bbox 1973 3243 2201 3289; x_wconf 67' lang='lat' dir='ltr'>naturam,</span> <span class='ocrx_word' id='word_1_414' title='bbox 2221 3243 2285 3281; x_wconf 62' lang='lat' dir='ltr'>tn·</span> <span class='ocrx_word' id='word_1_415' title='bbox 2327 3240 2345 3287; x_wconf 46' lang='grc' dir='ltr'>ζ</span> 
     </span>
     <span class='ocr_line' id='line_1_42' title="bbox 322 3300 2284 3361; baseline 0 -13"><span class='ocrx_word' id='word_1_416' title='bbox 322 3319 428 3348; x_wconf 91' lang='lat' dir='ltr'>men</span> <span class='ocrx_word' id='word_1_417' title='bbox 456 3303 632 3348; x_wconf 88' lang='lat' dir='ltr'>liberati</span> <span class='ocrx_word' id='word_1_418' title='bbox 655 3312 783 3347; x_wconf 88' lang='lat' dir='ltr'>erant</span> <span class='ocrx_word' id='word_1_419' title='bbox 810 3316 888 3361; x_wconf 90' lang='lat' dir='ltr'>per</span> <span class='ocrx_word' id='word_1_420' title='bbox 913 3301 1050 3344; x_wconf 84' lang='lat' dir='ltr'>fidem</span> <span class='ocrx_word' id='word_1_421' title='bbox 1079 3301 1252 3345; x_wconf 84' lang='lat' dir='ltr'>Christi</span> <span class='ocrx_word' id='word_1_422' title='bbox 1275 3302 1328 3344; x_wconf 87' lang='lat' dir='ltr'>ab</span> <span class='ocrx_word' id='word_1_423' title='bbox 1348 3302 1476 3345; x_wconf 89' lang='lat' dir='ltr'>omni</span> <span class='ocrx_word' id='word_1_424' title='bbox 1493 3301 1674 3345; x_wconf 86' lang='lat' dir='ltr'>macula</span> <span class='ocrx_word' id='word_1_425' title='bbox 1694 3301 1884 3361; x_wconf 87' lang='lat' dir='ltr'>peccati,</span> <span class='ocrx_word' id='word_1_426' title='bbox 1901 3311 1947 3346; x_wconf 90' lang='lat' dir='ltr'>et</span> <span class='ocrx_word' id='word_1_427' title='bbox 1961 3300 2068 3347; x_wconf 83' lang='lat' dir='ltr'>ideo</span> <span class='ocrx_word' id='word_1_428' title='bbox 2088 3314 2284 3361; x_wconf 71' lang='lat' dir='ltr'>capaces</span> 
     </span>
    </p>
   </div>
   <div class='ocr_carea' id='block_1_13' title="bbox 323 3367 2283 3427">
    <p class='ocr_par' dir='ltr' id='par_1_18' title="bbox 323 3367 2352 3427">
     <span class='ocr_line' id='line_1_43' title="bbox 323 3367 2283 3427; baseline 0 -12"><span class='ocrx_word' id='word_1_429' title='bbox 323 3381 451 3416; x_wconf 85' lang='lat' dir='ltr'>erant</span> <span class='ocrx_word' id='word_1_430' title='bbox 476 3370 597 3414; x_wconf 86' lang='lat' dir='ltr'>illius</span> <span class='ocrx_word' id='word_1_431' title='bbox 624 3369 920 3422; x_wconf 87' lang='lat' dir='ltr'>liberationis,</span> <span class='ocrx_word' id='word_1_432' title='bbox 948 3383 1083 3427; x_wconf 90' lang='lat' dir='ltr'>quam</span> <span class='ocrx_word' id='word_1_433' title='bbox 1113 3367 1323 3412; x_wconf 83' lang='lat' dir='ltr'>Christus</span> <span class='ocrx_word' id='word_1_434' title='bbox 1343 3368 1487 3412; x_wconf 87' lang='lat' dir='ltr'>attulit</span> <span class='ocrx_word' id='word_1_435' title='bbox 1507 3369 1786 3413; x_wconf 89' lang='lat' dir='ltr'>descendens</span> <span class='ocrx_word' id='word_1_436' title='bbox 1811 3369 1865 3413; x_wconf 81' lang='lat' dir='ltr'>ad</span> <span class='ocrx_word' id='word_1_437' title='bbox 1882 3367 2073 3414; x_wconf 76' lang='lat' dir='ltr'>inferos:</span> <span class='ocrx_word' id='word_1_438' title='bbox 2094 3369 2173 3413; x_wconf 86' lang='lat' dir='ltr'>sed</span> <span class='ocrx_word' id='word_1_439' title='bbox 2189 3367 2283 3416; x_wconf 59' lang='lat' dir='ltr'>hon</span> 
     </span>
    </p>
   </div>
   <div class='ocr_carea' id='block_1_14' title="bbox 323 3435 2281 3697">
    <p class='ocr_par' dir='ltr' id='par_1_19' title="bbox 323 3435 1989 3498">
     <span class='ocr_line' id='line_1_44' title="bbox 323 3435 1989 3498; baseline -0.002 -15"><span class='ocrx_word' id='word_1_440' title='bbox 323 3441 378 3483; x_wconf 91' lang='lat' dir='ltr'>de</span> <span class='ocrx_word' id='word_1_441' title='bbox 405 3438 556 3498; x_wconf 89' lang='lat' dir='ltr'>pueris</span> <span class='ocrx_word' id='word_1_442' title='bbox 583 3438 672 3481; x_wconf 90' lang='lat' dir='ltr'>dici</span> <span class='ocrx_word' id='word_1_443' title='bbox 695 3451 788 3480; x_wconf 90' lang='lat' dir='ltr'>non</span> <span class='ocrx_word' id='word_1_444' title='bbox 816 3445 978 3495; x_wconf 89' lang='lat' dir='ltr'>potest,</span> <span class='ocrx_word' id='word_1_445' title='bbox 1006 3445 1054 3479; x_wconf 92' lang='lat' dir='ltr'>ut</span> <span class='ocrx_word' id='word_1_446' title='bbox 1080 3449 1132 3479; x_wconf 87' lang='lat' dir='ltr'>ex</span> <span class='ocrx_word' id='word_1_447' title='bbox 1160 3450 1294 3493; x_wconf 83' lang='lat' dir='ltr'>supra</span> <span class='ocrx_word' id='word_1_448' title='bbox 1322 3436 1452 3479; x_wconf 87' lang='lat' dir='ltr'>dictis</span> <span class='ocrx_word' id='word_1_449' title='bbox 1480 3446 1603 3494; x_wconf 90' lang='lat' dir='ltr'>patet</span> <span class='ocrx_word' id='word_1_450' title='bbox 1630 3436 1693 3491; x_wconf 83' lang='lat' dir='ltr'>(in</span> <span class='ocrx_word' id='word_1_451' title='bbox 1725 3444 1838 3496; x_wconf 85' lang='lat' dir='ltr'>corp.</span> <span class='ocrx_word' id='word_1_452' title='bbox 1866 3435 1989 3491; x_wconf 62' lang='lat' dir='ltr'>art).&gt;</span> 
     </span>
    </p>

    <p class='ocr_par' dir='ltr' id='par_1_20' title="bbox 323 3499 2281 3697">
     <span class='ocr_line' id='line_1_45' title="bbox 412 3499 2281 3562; baseline 0 -13"><span class='ocrx_word' id='word_1_453' title='bbox 412 3506 488 3549; x_wconf 81' lang='lat' dir='ltr'>An</span> <span class='ocrx_word' id='word_1_454' title='bbox 523 3517 784 3549; x_wconf 74' lang='lat' dir='ltr'>SECUNDUM</span> <span class='ocrx_word' id='word_1_455' title='bbox 813 3502 1069 3558; x_wconf 86' lang='lat' dir='ltr'>dicendum,</span> <span class='ocrx_word' id='word_1_456' title='bbox 1097 3502 1218 3560; x_wconf 90' lang='lat' dir='ltr'>quod</span> <span class='ocrx_word' id='word_1_457' title='bbox 1248 3516 1352 3545; x_wconf 87' lang='lat' dir='ltr'>cum</span> <span class='ocrx_word' id='word_1_458' title='bbox 1382 3502 1632 3559; x_wconf 85' lang='lat' dir='ltr'>Apostolus</span> <span class='ocrx_word' id='word_1_459' title='bbox 1660 3503 1782 3556; x_wconf 86' lang='lat' dir='ltr'>dicit,</span> <span class='ocrx_word' id='word_1_460' title='bbox 1804 3501 1927 3562; x_wconf 85' lang='lat' dir='ltr'>quod</span> <span class='ocrx_word' id='word_1_461' title='bbox 1953 3501 2098 3561; x_wconf 56' lang='lat' dir='ltr'>gratia</span> <span class='ocrx_word' id='word_1_462' title='bbox 2121 3499 2281 3550; x_wconf 64' lang='lat' dir='ltr'>Datin</span> 
     </span>
     <span class='ocr_line' id='line_1_46' title="bbox 323 3567 2281 3631; baseline 0 -16"><span class='ocrx_word' id='word_1_463' title='bbox 323 3571 474 3631; x_wconf 91' lang='lat' dir='ltr'>plures</span> <span class='ocrx_word' id='word_1_464' title='bbox 503 3571 761 3625; x_wconf 87' lang='lat' dir='ltr'>abundavit,</span> <span class='ocrx_word' id='word_1_465' title='bbox 795 3569 840 3630; x_wconf 95' lang='lat' dir='ltr'>ly</span> <span class='ocrx_word' id='word_1_466' title='bbox 866 3571 1008 3630; x_wconf 81' lang='lat' dir='ltr'>plures</span> <span class='ocrx_word' id='word_1_467' title='bbox 1040 3583 1132 3613; x_wconf 88' lang='lat' dir='ltr'>non</span> <span class='ocrx_word' id='word_1_468' title='bbox 1166 3578 1232 3612; x_wconf 86' lang='lat' dir='ltr'>est</span> <span class='ocrx_word' id='word_1_469' title='bbox 1265 3570 1580 3628; x_wconf 83' lang='lat' dir='ltr'>accipiendum</span> <span class='ocrx_word' id='word_1_470' title='bbox 1614 3570 1939 3628; x_wconf 81' lang='lat' dir='ltr'>comparative,</span> <span class='ocrx_word' id='word_1_471' title='bbox 1971 3568 2101 3629; x_wconf 80' lang='lat' dir='ltr'>quasi</span> <span class='ocrx_word' id='word_1_472' title='bbox 2131 3567 2281 3628; x_wconf 64' lang='lat' dir='ltr'>plures</span> 
     </span>
     <span class='ocr_line' id='line_1_47' title="bbox 324 3635 2279 3697; baseline -0.001 -16"><span class='ocrx_word' id='word_1_473' title='bbox 324 3651 517 3683; x_wconf 88' lang='lat' dir='ltr'>numero</span> <span class='ocrx_word' id='word_1_474' title='bbox 545 3638 633 3683; x_wconf 90' lang='lat' dir='ltr'>sint</span> <span class='ocrx_word' id='word_1_475' title='bbox 659 3637 819 3683; x_wconf 87' lang='lat' dir='ltr'>salvati</span> <span class='ocrx_word' id='word_1_476' title='bbox 846 3651 926 3697; x_wconf 88' lang='lat' dir='ltr'>per</span> <span class='ocrx_word' id='word_1_477' title='bbox 948 3636 1140 3696; x_wconf 88' lang='lat' dir='ltr'>gratiam</span> <span class='ocrx_word' id='word_1_478' title='bbox 1169 3635 1354 3690; x_wconf 87' lang='lat' dir='ltr'>Christi,</span> <span class='ocrx_word' id='word_1_479' title='bbox 1381 3650 1518 3694; x_wconf 88' lang='lat' dir='ltr'>quam</span> <span class='ocrx_word' id='word_1_480' title='bbox 1546 3637 1749 3680; x_wconf 86' lang='lat' dir='ltr'>damnati</span> <span class='ocrx_word' id='word_1_481' title='bbox 1769 3650 1849 3696; x_wconf 85' lang='lat' dir='ltr'>per</span> <span class='ocrx_word' id='word_1_482' title='bbox 1873 3645 2113 3695; x_wconf 81' lang='lat' dir='ltr'>peccatum</span> <span class='ocrx_word' id='word_1_483' title='bbox 2133 3635 2279 3690; x_wconf 46' lang='lat' dir='ltr'>Adam</span> 
     </span>
    </p>
   </div>
  </div>
 </body>
</html>
