2352 3926
707 225 984 272 QUAESTIO
1023 227 1059 265 1.
1101 224 1408 266 ARTICULUS
1448 222 1504 264 11.
2018 222 2084 279 23

125 339 181 374 ex
198 327 355 373 altero.
373 327 473 372 Nisi
494 326 616 371 enim
632 336 751 372 esset
766 339 900 372 verus
925 328 1066 382 Deus,
1090 342 1184 373 non
1210 327 1389 373 afferret
1403 325 1682 372 remedium:
1707 324 1795 371 nisi
1818 335 1939 371 esset
1954 340 2089 371 verus

124 394 285 449 homo,
310 409 403 439 non
426 394 660 453 praeberet
675 394 972 454 exemplum»
987 404 1111 440 :sunt
1129 405 1280 439 autem
1299 405 1342 440 et
1359 393 1474 439 aliae
1491 393 1714 454 plurimae
1730 390 1960 447 utilitates,
1971 407 2087 452 quae

124 472 400 506 consecutae
425 470 528 505 sunt
553 475 688 520 supra
711 462 1122 522 apprehensionem
1149 476 1307 507 sensus
1332 462 1522 505 humani
1547 461 1668 520 (vide
1695 461 1829 507 Eccle.
1848 475 1885 520 3.
1909 463 2006 520 25.).

212 530 289 573 An
325 541 512 573 antm
535 541 645 587 ergo
679 528 937 583 dicendum,
963 530 1100 588 quod,
1126 529 1242 573 ratio
1270 528 1347 571 illa
1374 528 1578 586 procedit
1610 528 1861 573 secundum
1885 528 2085 587 primum

125 596 317 640 modum
343 595 600 649 necessarii,
626 595 725 640 sine
751 609 843 655 quo
871 595 926 639 ad
947 595 1088 640 finem
1115 595 1339 655 perveniri
1364 608 1457 638 non
1485 605 1645 653 potest.

212 662 288 707 AD
315 675 574 707 SECUNDUM
597 661 856 717 dicendum,
878 662 1000 722 quod
1028 663 1178 721 aliqua
1195 660 1443 706 satisfactio
1470 672 1620 719 potest
1646 661 1735 705 dici
1759 660 1979 721 dupliciter
2002 660 2087 706 suf-

121 729 297 775 ficiens:
330 742 415 774 uno
439 729 560 774 modo
583 729 794 789 perfecte,
821 730 927 790 quia
953 739 1020 774 est
1047 729 1291 789 condigna,
1318 742 1399 787 per
1424 728 1672 787 quamdam
1706 728 2086 788 adaequationem

122 796 179 842 ad
210 796 685 856 recompensationem
713 796 873 856 culpae
899 797 1200 851 commissae;
1219 806 1262 840 et
1288 795 1352 839 sic
1379 793 1581 839 hominis
1610 795 1709 853 puri
1735 794 1983 840 satisfactio
1997 793 2087 840 suf-

119 861 278 908 ficiens
302 876 401 908 esse
426 876 520 907 non
546 864 693 923 potuit
731 877 814 923 pro
851 873 1068 923 peccato:
1094 873 1192 908 turn
1218 864 1325 922 quia
1350 870 1447 906 tota
1469 861 1672 905 humana
1697 872 1858 906 natura
1884 871 1980 908 erat
2005 877 2087 923 per

119 939 359 991 peccatum
386 939 620 990 corrupta3
646 943 731 974 nec
754 931 927 974 bonum
951 930 1140 989 alicujus
1167 942 1404 988 personae,
1421 926 1496 972 vel
1522 928 1660 972 etiam
1687 927 1883 988 plurium
1909 939 2087 988 poterat

118 1008 200 1056 per
235 996 623 1056 aequiparantiam
656 998 795 1040 totius
820 1006 1009 1056 naturae
1037 996 1360 1040 detrimentum
1396 1007 1776 1053 recompensare:
1809 1002 1908 1039 tum
1942 993 2083 1040 etiam

117 1075 359 1126 peccatum
386 1075 544 1109 contra
569 1066 722 1109 Deum
749 1066 1050 1109 commissum
1076 1063 1324 1124 quamdam
1346 1061 1617 1106 infinitatem
1634 1060 1773 1105 habet
1790 1075 1844 1105 ex
1864 1060 2085 1106 infinitate

118 1132 296 1177 divinae
320 1133 592 1191 majestatis:
618 1142 746 1177 tanto
773 1134 898 1177 enirn
931 1132 1106 1177 offensa
1128 1142 1196 1176 est
1227 1131 1423 1191 gravior,
1457 1140 1628 1189 quanto
1655 1128 1805 1189 major
1831 1139 1899 1175 est
1923 1129 2015 1185 ille,
2037 1131 2083 1174 in

117 1212 256 1260 quem
281 1199 578 1259 delinquitur3
595 1200 714 1244 unde
732 1201 934 1259 oportuit
957 1200 1013 1244 ad
1037 1199 1316 1258 condignam
1343 1196 1718 1252 satisfactionem,
1735 1205 1786 1241 ut
1807 1205 1933 1242 actus
1959 1198 2087 1242 satis-

117 1265 323 1312 facientis
347 1264 534 1311 haberet
559 1266 811 1311 efficaciam
837 1267 1075 1322 infinitam,
1103 1275 1258 1326 utpote
1295 1265 1399 1319 Dei,
1427 1274 1471 1308 et
1505 1264 1709 1309 hominis
1751 1263 1969 1309 existens:
1999 1264 2084 1309 alio

117 1334 238 1380 modo
268 1344 419 1394 potest
443 1334 533 1378 dici
557 1333 805 1378 satisfactio
847 1334 947 1394 puri
986 1334 1190 1378 hominis
1222 1346 1321 1377 esse
1347 1330 1576 1376 sufficiens
1602 1330 1885 1391 imperfecte,
1911 1329 2087 1377 scilicet

116 1402 234 1446 sicut
273 1401 523 1446 secundum
560 1401 923 1460 acceptationem
949 1402 1059 1460 ejus,
1086 1402 1164 1460 qui
1190 1410 1257 1444 est
1288 1413 1342 1444 ea
1381 1407 1637 1453 contentus,
1665 1396 1873 1458 quamvis
1904 1412 1999 1443 non
2025 1399 2083 1444 sit

54 1477 58 1479 ·
116 1467 367 1526 condigna:
394 1476 440 1511 et
463 1467 553 1511 hoc
579 1468 722 1511 modo
739 1467 986 1513 satisfactio
1010 1468 1111 1528 puri
1134 1467 1337 1512 hominis
1361 1476 1428 1511 est
1453 1464 1704 1511 sufficiens:
1734 1475 1779 1511 et
1804 1466 1910 1526 quia
1937 1480 2077 1511 omne

116 1532 434 1594 imperfectum
459 1535 780 1593 praesupponit
802 1534 968 1594 aliquid
990 1533 1257 1594 perfectum,
1277 1548 1303 1578 a
1323 1546 1414 1593 quo
1441 1540 1731 1588 sustentetur,
1748 1531 1853 1577 inde
1874 1543 1941 1578 est
1958 1534 2081 1594 quod

121 1602 272 1646 omnis
297 1600 397 1660 puri
421 1600 621 1645 hominis
650 1600 899 1645 satisfactio
925 1600 1179 1646 efficaciam
1203 1601 1343 1646 habet
1368 1615 1394 1645 a
1415 1599 1724 1645 satisfactione
1752 1599 1938 1645 Christi.

207 1667 284 1712 AD
311 1676 526 1713 TERTnJM
560 1667 818 1723 dicendum,
845 1668 965 1727 quod
991 1667 1117 1712 Deus
1155 1668 1431 1712 assumendo
1459 1681 1660 1722 carnem,
1700 1681 1831 1712 suam
1871 1667 2079 1726 majesta-

118 1742 213 1779 tem
237 1747 333 1778 non
357 1734 520 1778 minuit
537 1749 549 1788 ;
567 1743 612 1778 et
626 1749 708 1794 per
733 1748 1017 1794 consequens
1043 1748 1137 1779 non
1155 1734 1373 1779 minuitur
1397 1734 1513 1779 ratio
1539 1734 1819 1779 reverentiae
1838 1735 1894 1778 ad
1916 1733 2082 1794 ipsum,

119 1812 235 1860 qnae
261 1810 450 1859 augetur
474 1814 553 1860 per
579 1810 876 1860 augmentum
904 1802 1180 1860 cognitionis
1215 1802 1379 1861 ipsius:
1407 1816 1461 1846 ex
1497 1801 1588 1845 hoc
1617 1811 1771 1846 autem
1798 1801 1920 1860 quod
1945 1801 2078 1845 nobis

119 1867 481 1927 appropinquare
505 1867 651 1912 voluit
675 1882 756 1928 per
782 1868 929 1913 carnis
956 1869 1329 1928 assumptionem,
1356 1868 1503 1927 magis
1529 1882 1615 1913 nos
1643 1868 1698 1913 ad
1725 1882 1774 1914 se
1801 1881 2082 1928 cognoscen-

117 1933 231 1979 dum
256 1935 448 1979 attraxit.

789 2114 1227 2174 ARTICULUS
1265 2115 1367 2171 III.
2054 2138 2074 2186 3

195 2247 388 2289 urum
417 2249 466 2289 st
497 2249 662 2289 nouo
693 2250 810 2291 Nou
840 2251 1171 2303 PECCASSET,
1199 2251 1342 2290 nnus
1376 2250 1727 2291 1NCARNATus
1760 2249 2014 2291 Fmssssrr..

432 2357 485 2419 (3.
511 2359 624 2405 Dist.
650 2375 686 2406 1.
719 2375 757 2420 q.
780 2376 816 2406 1.
838 2366 920 2406 art.
937 2377 974 2421 3.
997 2367 1035 2407 et
1055 2375 1098 2419 4.
1115 2362 1227 2406 Dist.
1253 2375 1318 2421 43.
1347 2367 1429 2407 art.
1456 2376 1497 2407 2.
1520 2376 1558 2421 q.
1581 2377 1617 2407 1.
1643 2361 1698 2406 ad
1717 2376 1760 2407 2.

596 2433 635 2473 et
666 2426 777 2473 Veri.
799 2443 838 2491 q.
856 2443 926 2488 29.
954 2435 1037 2475 art.
1054 2442 1098 2486 4.
1121 2427 1176 2473 ad
1191 2443 1228 2488 3.
1250 2434 1288 2473 et
1303 2445 1338 2475 1.
1370 2429 1480 2474 Tim.
1507 2427 1582 2487 1.).

198 2536 276 2582 An
301 2548 519 2583 meM
544 2538 608 2583 sic
641 2539 915 2598 proceditur.
932 2539 1138 2594 Videtur,
1166 2540 1287 2599 quod
1305 2539 1343 2584 si
1368 2539 1514 2584 homo
1530 2552 1625 2584 non
1641 2547 1889 2600 peccasset,
1914 2536 2077 2583 nihilo-

2 2598 61 2661 ff¹
111 2603 259 2648 minus
280 2604 405 2649 Deus
430 2605 690 2650 incarnatus
726 2605 910 2652 fuisset:
938 2617 1151 2651 manente
1194 2607 1317 2651 enim
1351 2621 1502 2662 causa,
1544 2618 1702 2651 manet
1727 2606 1941 2652 effectus:
1973 2606 2073 2660 sed,

6 2655 63 2718 ἶ
109 2670 226 2715 sicut
263 2670 456 2730 August.
493 2671 602 2716 dicit
637 2686 702 2730 13.
730 2674 786 2717 de
814 2673 941 2718 Trin.
975 2675 1092 2734 (cap.
1118 2676 1220 2734 17),
1257 2692 1281 2717 <c
1308 2675 1396 2719 alia
1434 2673 1580 2719 multa
1611 2683 1715 2719 sunt
1742 2675 1986 2734 cogitanda
2025 2674 2073 2718 in

18 2739 65 2783 ⁵³}
109 2735 282 2783 Christi
310 2738 636 2794 incarnatione,
663 2751 841 2800 praeter
872 2741 1208 2787 absolutionem
1242 2757 1267 2786 a
1293 2754 1500 2802 peccato,
1527 2743 1582 2788 de
1615 2743 1776 2802 quibus
1810 2743 1980 2788 dictum
2008 2752 2074 2787 est

108 2804 207 2863 (art.
220 2806 415 2865 praec.);
439 2821 548 2866 ergo
577 2808 756 2853 etiamsi
781 2808 926 2852 homo
952 2823 1047 2853 non
1068 2819 1315 2868 peccasset,
1338 2810 1463 2854 Deus
1489 2810 1749 2854 incarnatus
1781 2809 1952 2855 fuisset.

196 2884 238 2917 2.
262 2872 559 2918 Pan-ranna.
586 2875 659 2918 Ad
686 2875 1069 2935 omnipotentiam
1096 2876 1276 2921 divinae
1300 2877 1478 2922 virtutis
1506 2878 1714 2936 pertinet,
1746 2887 1796 2921 ut
1822 2891 1959 2937 opera
1985 2890 2067 2921 sua

106 2938 321 2997 perficiat,
348 2949 393 2984 et
408 2954 456 2984 se
482 2940 738 2986 manifestet
754 2957 834 3001 per
851 2942 1051 3001 aliquem
1066 2943 1296 2987 infinitum
1314 2943 1528 2988 effectum
1546 2959 1555 2987 :
1575 2944 1655 2989 sed
1674 2943 1799 2988 nulla
1820 2958 1932 3004 pura
1950 2957 2074 2988 crea-

105 3011 205 3049 tura
229 3015 380 3065 potest
410 3007 500 3051 dici
514 3007 716 3052 infinitus
742 3008 943 3064 effectus,
972 3024 1079 3054 cum
1104 3010 1162 3054 sit
1183 3010 1309 3055 finita
1334 3025 1413 3070 per
1439 3025 1570 3055 suam
1588 3011 1860 3055 essentiam:
1894 3011 1940 3054 in
1966 3010 2069 3054 solo

104 3080 258 3117 autem
282 3086 419 3132 opere
445 3074 770 3120 incarnationis
795 3077 972 3121 videtur
996 3078 1238 3137 praecipue
1265 3077 1546 3123 manifestari
1566 3078 1769 3123 infinitus
1795 3077 1981 3122 effectus
2008 3077 2068 3120 di-

105 3137 237 3184 vinae
262 3141 504 3199 potentiae,
536 3156 617 3201 per
649 3157 788 3202 quam
819 3144 866 3187 in
898 3143 1124 3188 infinitum
1160 3144 1372 3189 distantia
1410 3146 1771 3204 conjunguntur;
1798 3146 2068 3203 inquantum

20 3209 53 3270 j?
105 3201 275 3251 factum
300 3217 380 3261 est,
407 3208 530 3267 quod
555 3209 700 3254 homo
728 3221 847 3254 esset
871 3211 1021 3255 Deus:
1040 3212 1087 3255 in
1105 3225 1196 3270 quo
1224 3212 1362 3256 etiam
1390 3226 1527 3271 opere
1555 3213 1753 3256 maxime
1779 3211 1957 3254 videtur
1975 3224 2069 3269 per-

104 3268 180 3333 §ci
204 3274 480 3328 universum,
507 3290 588 3334 per
613 3276 703 3320 hoc
731 3277 854 3336 quod
881 3276 1041 3322 ultima
1064 3288 1284 3333 creatura,
1303 3278 1478 3323 scilicet
1494 3279 1654 3333 homo,
1672 3279 1820 3337 primo
1844 3278 2067 3337 principio

24 3338 63 3397 ’ᾖ
105 3339 609 3450 conjiungiturffcilicet
633 3344 763 3398 De0;
791 3357 903 3403 ergo
929 3345 1110 3389 etiamsi
1135 3345 1280 3390 homo
1310 3360 1406 3391 non
1431 3356 1680 3405 peccasset,
1706 3345 1832 3389 Deus
1863 3344 2070 3389 incarna-

102 3410 177 3450 tus
218 3406 371 3451 uisset.

195 3485 233 3531 3.
259 3472 555 3522 PRAETEREA.
584 3476 799 3522 Humana
823 3487 984 3523 natura
1006 3492 1085 3537 per
1100 3489 1342 3538 peccatum
1367 3494 1462 3523 non
1489 3489 1556 3523 est
1580 3477 1699 3523 facta
1727 3476 1941 3537 capacior
1967 3490 2066 3537 gra-

101 3537 217 3602 fium
242 3539 322 3584 sed
347 3549 450 3600 post
473 3551 715 3600 peccatum
741 3557 883 3603 capax
909 3553 977 3589 est
1002 3547 1173 3604 gratiae
1199 3545 1395 3601 unionis,
1422 3559 1537 3605 quae
1570 3555 1638 3589 est
1668 3545 1869 3589 maxima
1895 3545 2064 3604 gratia3

32 3607 221 3672 ..vath
240 3606 280 3651 si
302 3606 448 3652 homo
471 3621 567 3653 non
586 3620 835 3668 peccasset,
857 3611 1062 3656 humana
1082 3622 1244 3656 natura
1263 3612 1400 3671 hujus
1422 3611 1594 3671 gratiae
1618 3625 1760 3671 capax
1780 3610 1960 3667 fuisset3
1978 3626 2063 3658 nec
