2352 3926
618 205 896 252 QUAESTIO
936 205 1086 246 XXIV.
1125 205 1435 247 ARTICULUS
1474 205 1532 245 11.
1938 205 2045 260 219

20 313 61 362 as
84 306 191 362 dem
216 316 285 357 est
310 305 494 365 aliquod
520 305 767 365 gratuitum
793 306 884 350 Dei
909 307 1108 361 donum,
1135 307 1380 352 dicendum
1402 316 1471 352 est
1497 320 1623 366 ergo,
1649 305 1773 366 quod
1794 305 2053 351 secundum-

73 379 329 433 'unumque
351 373 543 417 istorum
570 372 823 422 attribuitur
846 373 1199 432 praedestinatio
1227 373 1414 418 Christo
1440 373 1619 421 ratione
1648 371 1798 424 solius
1816 372 2055 417 humanae·

20 440 294 501 ωῆξωτειεε
315 455 425 485 nam
449 440 653 484 humana
677 449 837 484 natura
863 453 957 483 non
975 453 1155 498 semper
1181 439 1264 484 fuit
1289 440 1445 485 Verbo
1478 441 1631 494 unita;
1659 450 1704 485 et
1725 440 1767 490 ei
1792 439 1931 484 etiam
1956 439 2049 484 hoc

83 522 165 570 per
188 508 383 569 gratiam
410 517 477 552 est
503 506 738 561 collatum,
772 516 821 551 ut
845 505 961 551 Filio
994 507 1081 550 Dei
1113 507 1159 551 in
1195 521 1393 565 persona
1430 508 1657 552 uniretur:
1690 516 1736 552 et
1759 506 1878 551 ideo,
1897 505 2052 551 solum

32 592 49 628 i
82 574 260 621 ratione
285 575 515 619 humanae
541 582 728 618 naturae
754 573 1107 632 praedestinatio
1135 574 1355 631 competit
1382 573 1592 627 Christo;
1620 574 1740 618 unde
1765 573 2059 633 Augustinus·

83 641 194 687 dicit
216 642 264 685 in
289 640 366 685 lib.
388 640 444 686 de
470 640 698 684 Praedest.
726 639 880 684 Sanct.
907 640 1008 698 (loc.
1036 641 1129 697 cit.)
1145 654 1158 683 .·
1190 657 1213 682 «
1241 640 1586 684 praedestinata
1614 651 1683 686 est
1703 641 1788 685 ista
1814 641 2057 690 humanae·

23 708 48 764 ξζ
83 717 272 762 naturae
297 715 436 762 tanta,
462 717 507 751 et
531 716 626 751 tam
660 706 838 750 excelsa
877 707 1128 761 subvectio,
1166 716 1215 750 ut
1241 720 1332 765 quo
1376 706 1660 751 attolleretur
1687 707 1821 756 altius
1846 721 1952 757 non,
1973 706 2051 751 ha-

81 774 277 820 berem:
309 774 400 818 hoc
428 783 581 818 autem
613 773 806 828 dicimus
840 774 1085 818 convenire
1113 773 1263 828 alicui,
1296 773 1552 818 secundum
1580 774 1703 832 quod
1731 775 1892 828 homo,
1925 772 2057 833 quod·

17 832 35 862 Ῡ
85 841 129 893 ei
153 841 369 889 convenit
394 840 569 884 ratione
594 839 824 884 humanae
850 850 1061 885 naturae:
1096 850 1140 884 et
1164 840 1269 884 ideo
1297 839 1543 884 dicendum
1576 851 1656 895 est,
1691 841 1813 899 quod
1844 841 2048 895 Christus,

82 907 303 963 usandum
327 906 437 966 quod
461 907 597 960 homo,
625 912 680 951 est
710 907 1038 967 praedestinatus
1063 922 1140 951 esse
1154 907 1274 966 filius
1298 908 1397 951 Dei

21 971 39 992 ³⁴
173 974 250 1019 An
275 987 463 1019 PRIMUM
497 987 606 1032 ergo
640 973 898 1028 dicendum,
933 974 1055 1032 qu0d
1091 988 1198 1017 cum
1240 973 1425 1017 dicitur:
1457 973 1662 1027 Christus,
1695 973 1916 1023 secundum
1941 972 2062 1032 quod!

19 1076 33 1092 1.
84 1041 221 1096 hom,
249 1040 643 1101 estpraedestinatus
668 1055 747 1084 esse
760 1041 880 1099 filius
904 1041 1004 1094 Dei,
1031 1041 1147 1084 haec
1175 1040 1511 1095 determinatio,
1528 1040 1750 1085 secundum
1777 1040 1884 1098 quod
1911 1040 2049 1093 homo,

18 1139 26 1146 „
84 1116 241 1170 potest>
259 1106 417 1158 refer-ri
442 1107 497 1151 ad
525 1116 678 1154 actum
704 1106 1011 1166 significatum
1038 1121 1117 1166 per
1138 1107 1430 1166 participium
1455 1107 1709 1167 dupliciter:
1742 1122 1824 1151 uno
1850 1106 1971 1150 modo
1998 1119 2059 1150 ex

83 1184 212 1236 parte
226 1175 324 1233 ejus
341 1174 463 1233 quod
487 1172 781 1218 materialiter
799 1174 922 1218 cadit
941 1174 1023 1218 sub
1040 1174 1476 1233 praedestinatione:
1506 1185 1550 1220 et
1569 1174 1660 1218 hoc
1679 1174 1821 1218 modo
1840 1183 1907 1219 est
1922 1172 2052 1226 falsa,

85 1250 154 1295 est
177 1241 301 1288 enim
325 1254 500 1295 sensus,
527 1241 649 1299 quod
675 1240 1061 1299 praedestinatum
1080 1241 1152 1295 sit,
1170 1250 1219 1291 ut
1236 1241 1463 1295 Christus,
1480 1241 1734 1286 secundum
1753 1240 1876 1300 quod
1892 1240 2053 1293 homo,

19 1305 37 1364 ss
84 1308 144 1361 sit
166 1306 289 1353 filius
310 1307 421 1352 Dei:
449 1317 494 1351 et
518 1307 564 1350 in
590 1307 682 1351 hoc
708 1321 843 1354 sensu
869 1307 1076 1366 procedit
1102 1308 1324 1366 objectio:
1353 1309 1437 1353 alio
1471 1308 1594 1352 modo
1631 1317 1780 1367 potest
1809 1305 1966 1351 referri
1997 1306 2054 1357 ad

84 1374 239 1435 ipsam,
257 1375 490 1434 propriam
515 1374 743 1418 rationem
769 1383 917 1429 actus;
943 1384 1079 1433 prout
1104 1375 1279 1427 scilicet
1304 1375 1661 1434 praedestinatio
1685 1375 1905 1434 importat
1919 1373 1968 1418 in
1985 1373 2059 1417 sui-

86 1441 264 1493 ratione
288 1443 669 1495 antecessionem,
686 1451 731 1485 et
752 1440 966 1485 effectum
984 1442 1252 1500 gratuitum:
1282 1452 1328 1486 et
1351 1442 1608 1486 hoc-modo
1628 1441 1843 1486 convenit
1865 1440 2054 1487 Christo

85 1508 263 1554 ratione
286 1508 518 1561 humanae
542 1518 746 1562 naturae,
772 1517 821 1552 ut
838 1508 1010 1552 dictum
1038 1518 1106 1553 est
1129 1509 1199 1567 (in
1224 1509 1363 1569 corp.)
1383 1526 1391 1535 ·
1419 1519 1464 1554 et
1489 1509 1744 1554 secundum
1768 1509 1859 1552 hoc
1892 1507 2058 1557 dicitur-

27 1582 32 1601 ³
86 1576 460 1637 praedestinatus,
486 1576 739 1620 secundum
766 1575 890 1634 quod
914 1576 1077 1622 homo,

26 1641 27 1645 ’
176 1643 256 1688 An
272 1655 535 1688 SECUNDUM
561 1642 819 1697 dicendum,
846 1643 980 1701 quod*
997 1642 1166 1701 aliquid
1192 1652 1343 1701 potest
1369 1645 1616 1687 convenire
1641 1642 1778 1687 alicui
1794 1641 1975 1692 homini
1991 1655 2058 1684 ra-

18 1705 24 1745 T
87 1711 213 1763 tione
244 1710 475 1754 humanae
507 1720 695 1753 naturae
727 1709 979 1769 dupliciter:
1013 1725 1094 1754 uno
1125 1710 1247 1754 modo
1290 1710 1369 1764 sic,
1403 1710 1526 1769 quod
1557 1710 1762 1753 humana
1801 1719 1963 1753 natura
2000 1708 2058 1759 sit

18 1771 34 1824 ζ,
89 1791 234 1829 causa,
250 1776 396 1831 illius;
418 1776 535 1820 sicut
560 1790 659 1820 esse
686 1775 854 1820 risibile
878 1777 1094 1820 convenit
1117 1777 1296 1821 Socrati
1318 1779 1494 1822 ratione
1517 1777 1748 1821 humanae
1770 1786 1973 1830 naturae,
2001 1790 2059 1821 ex

89 1845 216 1903 cujus
232 1842 462 1903 principiis
473 1854 703 1902 causatur:
724 1852 768 1887 et
787 1842 879 1886 hoc
897 1843 1039 1887 modo
1057 1843 1383 1902 praedestinari
1399 1858 1494 1888 non
1513 1844 1727 1888 convenit
1747 1857 1832 1888 nec
1853 1843 2056 1897 Christo,

17 1958 27 1972 „
88 1925 174 1972 nec
197 1910 326 1956 alteri
348 1910 530 1955 homini
546 1911 721 1954 ratione
738 1909 967 1953 humanae
984 1920 1197 1955 naturae:
1226 1921 1268 1955 et
1281 1911 1328 1954 in
1345 1912 1436 1954 hoc
1455 1925 1589 1955 sensu
1608 1910 1814 1970 procedit
1831 1910 2055 1968 objectio:

23 1974 41 2026 ‚s
88 1978 175 2030 alio
196 1977 317 2027 modo
344 1978 508 2022 dicitur
534 1976 780 2021 convenire
804 1976 972 2037 aliquid
992 1976 1131 2028 alicui
1154 1978 1331 2022 ratione
1353 1978 1585 2022 humanae
1602 1988 1807 2032 naturae,
1835 1979 1963 2036 cujus
1978 1977 2059 2021 hu-

17 2055 46 2106 ¹:-
90 2059 230 2098 mana
252 2054 414 2089 natura
440 2054 509 2095 est
534 2044 811 2103 susceptiva:
840 2054 885 2088 et
919 2044 983 2088 sic
1017 2044 1227 2100 dicimus,
1262 2045 1498 2089 Christum
1534 2060 1633 2090 esse
1666 2045 2055 2104 praedestinatum

90 2111 267 2157 ratione
296 2111 526 2155 humanae
558 2121 766 2155 naturae:
796 2111 900 2170 quia
932 2112 1286 2170 praedestinatio
1319 2111 1508 2156 refertur
1536 2113 1590 2156 ad
1621 2112 1946 2156 exaltationem
1978 2111 2060 2156 hu·

89 2192 255 2233 manae
280 2188 467 2230 naturae
493 2177 540 2222 in
557 2178 673 2236 ipso,
696 2187 745 2222 ut
770 2177 944 2222 dictum
971 2189 1039 2222 est
1065 2179 1130 2236 (in
1157 2187 1268 2238 corp.
1297 2181 1418 2238 art.).

16 2285 30 2291 ,
54 2282 55 2285 .
180 2245 257 2290 An
284 2258 501 2291 TERTmM
527 2244 787 2299 dicendum,
814 2246 950 2304 quod,
977 2246 1094 2294 sicut
1119 2245 1403 2305 Augustinus
1431 2246 1540 2290 dicit
1568 2246 1618 2290 in
1643 2245 1720 2289 lib.
1743 2246 1799 2290 de
1825 2245 2056 2290 Praedest.

19 2311 45 2370 ᾆξ’
92 2312 246 2366 Sfflct.
271 2313 369 2370 (loc.
394 2319 485 2372 sup.
513 2313 630 2370 cit.):
662 2312 805 2371 «Ipsa
833 2323 900 2356 est
920 2311 999 2364 illa
1025 2311 1314 2357 ineffabiliter
1338 2312 1460 2357 facta
1486 2313 1691 2357 hominis
1720 2327 1745 2357 a
1771 2313 1876 2357 Deo
1902 2312 2056 2357 Verbo

28 2390 51 2418 ῒ”
90 2379 318 2438 susceptio
346 2377 612 2438 singularis,v
628 2388 677 2422 ut
694 2378 812 2422 filius
829 2378 932 2432 Dei,
950 2388 995 2423 et
1016 2378 1134 2423 filius
1150 2379 1353 2423 hominis
1371 2379 1525 2433 simul,
1544 2390 1588 2424 et
1604 2379 1722 2423 filius
1740 2379 1943 2424 hominis
1959 2393 2060 2437 pro-

90 2455 190 2507 pter
204 2455 466 2505 susceptum
482 2445 736 2500 hominem,
754 2454 797 2489 et
814 2445 931 2490 filius
948 2446 1044 2498 Deiv
1051 2456 1236 2505 propter
1253 2447 1578 2506 suscipientem
1597 2447 1885 2506 unigenitum
1901 2447 2056 2491 Deum

90 2514 327 2566 veraciter,
354 2522 400 2557 et
423 2513 603 2571 proprie
630 2512 857 2557 diceretur
873 2527 924 2556 »z
953 2523 997 2556 et
1022 2513 1127 2557 ideo
1155 2514 1261 2573 quia
1286 2513 1364 2557 illa
1391 2514 1620 2572 susceptio
1648 2514 1728 2558 sub
1756 2513 2060 2573 praedestina-

87 2579 216 2625 tione
243 2579 377 2635 cadit,
403 2589 639 2638 tamquam
667 2580 875 2639 gratuita,
903 2589 1144 2639 utrumque
1176 2590 1327 2639 potest
1353 2580 1468 2634 dici3
1497 2580 1672 2625 scilicet
1698 2580 1821 2640 quod
1848 2590 1893 2624 et
1917 2579 2057 2624 Filius

82 2645 183 2698 Dei
211 2646 569 2709 praedestinatus
595 2646 653 2690 sit
684 2660 781 2691 esse
814 2646 984 2701 homo;
1018 2657 1063 2691 et
1094 2647 1212 2691 filius
1244 2647 1446 2692 hominis
1479 2647 1843 2707 praedestinatus
1868 2649 1926 2692 sit
1958 2661 2057 2691 esse

45 2712 70 2769 ²
84 2710 218 2763 filius
236 2713 349 2759 Dei:
381 2713 488 2773 quia
517 2723 673 2757 tamen
705 2715 850 2772 gratia
875 2728 969 2758 non
1007 2724 1075 2759 est
1104 2714 1225 2758 facta
1257 2714 1352 2758 filio
1380 2715 1486 2768 Dei,
1523 2725 1572 2759 ut
1614 2725 1735 2759 esset
1775 2714 1944 2760 homo:
1977 2714 2057 2759 sed

40 2781 244 2840 &potius
283 2779 513 2824 humanae
545 2790 747 2834 naturae,
780 2790 829 2824 ut
859 2780 954 2824 filio
991 2781 1080 2825 Dei
1113 2781 1328 2835 uniretur,
1361 2782 1508 2840 magis
1550 2784 1731 2840 proprie
1764 2792 1914 2839 potest
1955 2781 2059 2834 dici,

64 2891 66 2893 ,
95 2847 217 2906 quod
245 2846 469 2901 Christus,
492 2847 743 2892 secundum
762 2847 884 2906 quod
901 2847 1062 2902 homo,
1082 2858 1149 2892 est
1165 2848 1524 2907 praedestinatus
1545 2862 1642 2892 esse
1661 2849 1780 2892 filius
1799 2849 1901 2902 Dei,
1920 2862 2059 2907 quam

64 2931 71 2954 ς
96 2913 218 2973 quod
245 2913 470 2969 Christus,
495 2914 748 2959 secundum
774 2915 894 2974 quod
918 2914 1035 2959 filius
1062 2916 1164 2970 Dei,
1191 2916 1248 2959 sit
1273 2915 1633 2975 praedestinatus
1662 2930 1760 2960 esse
1787 2916 1947 2960 hom0.

772 3076 1207 3134 ARTICULUS
1252 3078 1352 3132 ΙΙΙ.
1977 3102 2057 3144 142

592 3211 783 3250 UTRUM
823 3212 1302 3252 PRAEDESTINATIO
1348 3212 1570 3251 CHRISTI

423 3291 508 3330 SIT
540 3292 794 3331 NOSTRAE
825 3293 1393 3332 PRAEDESTINATIONIS
1426 3292 1729 3331 EXEMPLAR.

622 3401 675 3460 (3.
704 3403 815 3447 Dist.
848 3417 913 3447 ro.
938 3417 975 3460 q.
999 3418 1035 3462 3.
1068 3409 1104 3447 et
1130 3404 1252 3448 Rom.
1278 3418 1313 3447 1.
1341 3403 1429 3447 lect.
1451 3402 1526 3460 3.).

187 3508 264 3555 AD
291 3522 508 3556 TERTmM
540 3513 604 3556 sic
630 3512 903 3570 proceditur.
931 3513 1136 3567 Videtur,
1164 3513 1286 3571 quod
1310 3511 1660 3571 praedestinatio
1689 3511 1864 3555 Christi
1893 3524 1987 3557 non
2004 3511 2065 3556 sit

71 3571 335 3634 exemplar
373 3574 555 3621 nostrae
596 3578 1049 3636 praedestinationis:
1087 3578 1318 3637 exemplar
1345 3579 1467 3622 enim
1494 3578 1752 3636 praeexistit
1777 3578 2059 3638 exemplato:
