2352 3926
262 217 371 274 324
737 217 1015 263 QUAESTIO
1055 217 1284 256 XXXVIII·
1325 218 1635 267 ARTICULUS
1675 219 1753 258 111.

259 319 381 378 quod
403 319 673 377 baptizabat,
702 328 747 363 et
771 318 1062 378 praedicabat
1085 319 1364 378 baptismum
1384 320 1688 379 poenitentiae
1711 320 1757 364 in
1779 321 2100 366 remissionem
2121 336 2228 382 pec-

259 396 481 438 catorum,
525 399 618 428 non
654 385 759 428 ideo
797 385 902 444 quia
933 385 1023 429 hoc
1051 386 1147 444 ipse
1174 386 1424 445 perficeret,
1457 386 1535 430 sed
1568 387 1673 446 quia
1705 387 2019 446 praeparando
2047 388 2104 432 ad
2128 388 2222 433 hoc

259 452 474 495 homines
503 452 784 510 disponebat.

347 519 423 562 AD
451 531 711 562 SECUNDUM
738 518 996 572 dicendum,
1024 521 1147 577 quod
1178 517 1256 562 illa
1289 518 1515 563 confessio
1548 530 1844 578 peccatorum
1875 534 1968 565 non
2001 520 2138 566 fiebat
2167 521 2224 566 ad

257 585 576 628 remissionem
603 593 898 642 peccatorum
921 585 1074 629 statim
1092 599 1172 644 per
1186 585 1465 644 baptismum
1476 587 1664 644 Joannis
1682 586 2002 640 exhibendam,
2018 587 2098 632 sed
2119 601 2226 632 con-

260 652 540 709 sequendam
567 665 647 709 per
679 652 1009 709 poenitentiam
1043 662 1415 711 consequentem,
1450 663 1495 697 et
1526 668 1607 712 per
1637 653 1914 711 baptismum
1948 653 2135 709 Christi,
2167 654 2225 700 ad

258 732 395 777 quem
421 718 701 776 poenitentia
727 717 805 760 illa
831 719 1140 776 praeparabat.

347 784 422 828 AD
451 797 667 828 TERTHJM
694 784 954 838 dicendum,
982 786 1103 844 quod
1133 785 1421 830 circumcisio
1449 786 1652 830 instituta
1675 796 1771 830 erat
1789 786 1843 830 ad
1866 781 2125 838 remedium
2139 787 2225 832 ori-

257 850 419 910 ginalis
445 851 642 910 peccati:
670 852 748 895 sed
770 852 1021 909 baptismus
1042 852 1230 909 Joannis
1259 853 1314 896 ad
1337 853 1427 896 hoc
1454 867 1548 895 non
1577 862 1672 897 erat
1697 853 1940 908 institutus,
1965 854 2044 898 sed
2070 851 2224 904 solum

257 927 351 961 erat
363 918 726 976 praeparatorius
740 919 795 962 ad
807 919 1085 995 baptismum
1101 919 1287 981 Christi,
1305 929 1353 967 ut
1370 921 1542 963 dictum
1561 930 1627 964 est
1639 921 1705 977 (in
1718 929 1829 979 corp.
1847 927 1883 966 et
1893 927 1973 965 art
1986 937 2022 967 1.
2035 920 2122 980 huj.
2140 935 2179 987 q
2168 920 2221 978 .),·

256 1000 275 1030 s
281 998 542 1030 teramenta
570 995 724 1030 autem
752 1000 806 1030 ex
839 986 883 1029 vi
907 986 1203 1030 institutionis
1229 1001 1363 1030 suum
1384 986 1556 1030 habent
1577 986 1805 1031 effectum.

953 1140 1388 1198 ARTICULUS
1429 1142 1525 1195 [V.
2136 1169 2188 1202 21
2201 1170 2218 1201 1

753 1263 946 1301 UTRUM
985 1263 1113 1312 ALII,
1156 1252 1401 1300 PRAETER
1443 1263 1742 1313 CHRISTUM,

628 1337 901 1375 BAPTISMO
936 1337 1165 1390 JOANNIS
1207 1337 1490 1374 BAPTIZARI
1531 1337 1860 1376 DEBUERINT.

872 1423 932 1481 (4.
959 1425 1071 1469 Dist.
1097 1439 1136 1468 2.
1165 1439 1202 1482 q.
1229 1438 1269 1468 2.
1297 1430 1379 1468 art.
1401 1439 1437 1482 3.
1465 1438 1502 1482 q.
1529 1425 1607 1481 2.).
1663 1409 1686 1438 '³

342 1520 418 1564 AD
447 1532 684 1570 QUARTUM
710 1519 775 1563 sic
802 1519 1076 1598 proceditur.
1094 1519 1308 1574 Videtur,
1336 1519 1458 1578 quod
1483 1519 1711 1578 baptismo
1732 1518 1922 1577 Joannis
1944 1519 2071 1566 solus
2094 1513 2228 1572 Chri'

253 1598 346 1632 stus
370 1587 574 1631 debuerit
599 1587 840 1645 baptizari;
865 1588 985 1645 quia,
1012 1586 1128 1630 sicut
1154 1587 1326 1630 dictum
1354 1596 1422 1630 est
1449 1586 1550 1642 (art.
1573 1602 1607 1631 1.
1633 1586 1718 1645 huj.
1747 1601 1770 1645 q
1775 1586 1823 1644 .),
1849 1587 1904 1631 ad
1921 1587 2012 1639 hoc
2023 1587 2224 1645 Joannes

253 1653 511 1712 baptizavit,
525 1663 573 1697 ut
587 1653 797 1698 Christus
810 1653 1136 1711 baptizaretur;
1150 1654 1266 1697 sicut
1282 1654 1476 1712 August.
1497 1653 1606 1696 dicit
1621 1652 1992 1712 superJoannern
2008 1655 2154 1719 (tract
2165 1669 2222 1720 13.

253 1728 348 1766 ante
374 1721 528 1777 med.).·
556 1720 634 1764 sed
663 1720 784 1779 quod
808 1730 875 1764 est
901 1720 1136 1778 proprium
1165 1720 1366 1774 Christo,
1393 1734 1487 1763 non
1515 1720 1647 1763 debet
1678 1719 1777 1764 aliis
1810 1720 2079 1776 convenire3
2111 1734 2222 1782 ergo

250 1787 363 1832 nulli
391 1787 466 1830 alii
492 1787 746 1831 debuerunt
777 1786 857 1830 illo
882 1786 1110 1845 baptismo
1137 1787 1367 1847 baptizari.

344 1868 385 1899 2.
413 1854 709 1898 PRAETEREA.
741 1853 1036 1912 Quicumque
1062 1854 1326 1911 baptizatur,
1350 1863 1426 1896 aut
1453 1853 1616 1911 accipit
1640 1852 1807 1911 aliquid
1834 1867 1860 1896 a
1883 1852 2126 1914 baptismo,
2145 1865 2223 1902 aut

252 1921 481 1981 baptismo
518 1920 686 1979 aliquid
726 1919 922 1965 confert:
960 1919 1039 1964 sed
1077 1934 1101 1963 a
1137 1919 1365 1980 baptismo
1396 1920 1585 1977 Joannis
1621 1919 1772 1963 nullus
1809 1918 1977 1979 aliquid
2014 1921 2220 1981 accipere

252 1997 454 2047 poterat3
483 1987 588 2046 quia
614 1987 660 2030 in
689 2001 744 2031 eo
773 1987 917 2046 gratia
943 2001 1037 2030 non
1062 1986 1393 2040 conferebatur,
1421 1997 1470 2030 ut
1495 1987 1667 2030 dictum
1695 1996 1761 2031 est
1790 1987 1890 2043 (art.
1906 1987 2074 2046 praec.)
2083 2004 2103 2039 ‚·
2134 2002 2220 2034 nec

250 2056 411 2115 aliquis
437 2055 663 2113 baptismo
692 2054 861 2113 aliquid
889 2053 1095 2098 conferre
1122 2064 1313 2112 poterat,
1340 2055 1427 2098 nisi
1450 2053 1675 2108 Christus,
1702 2054 1778 2113 qui
1800 2061 1914 2100 tactu
1929 2055 2222 2106 mundissimae

249 2138 347 2167 suae
381 2124 520 2166 carnis
553 2136 682 2180 aquas
714 2122 1017 2177 sanctificavit;
1059 2135 1168 2179 ergo
1205 2121 1396 2176 videtur,
1428 2121 1551 2180 quod
1588 2120 1711 2165 solus
1751 2121 1959 2166 Christus
1993 2121 2220 2182 baptismo

243 2189 433 2248 Joannis
460 2188 662 2232 debuerit
687 2188 918 2246 baptizari.

345 2272 381 2316 3.
409 2257 707 2302 PRAETEREA.
737 2257 786 2301 Si
814 2256 888 2300 alii
915 2256 995 2301 illo
1022 2257 1249 2316 baptismo
1276 2256 1630 2316 baptizabantur,
1656 2256 1748 2300 hoc
1785 2270 1880 2301 non
1916 2266 2026 2311 erat,
2053 2256 2142 2302 nisi
2172 2267 2222 2309 ut

249 2334 575 2384 praeparentur
602 2323 657 2366 ad
683 2324 959 2382 baptismum
988 2323 1183 2368 Christi:
1212 2333 1254 2367 et
1277 2324 1341 2367 sic
1371 2323 1648 2368 conveniens
1674 2323 1923 2378 videbatur,
1956 2324 2078 2383 quod
2105 2323 2222 2376 sicut

249 2392 503 2450 baptismus
536 2390 707 2434 Christi
734 2391 945 2434 omnibus
974 2390 1217 2445 confertur,
1245 2400 1289 2434 et
1315 2390 1509 2448 magnis,
1537 2399 1580 2433 et
1605 2390 1768 2448 parvis,
1796 2399 1840 2434 et
1873 2388 2144 2447 Gentilibus,
2176 2401 2223 2436 et

244 2459 441 2518 Judaeis,
467 2459 529 2502 ita
557 2459 694 2502 etiarn
722 2468 765 2502 et
790 2458 1042 2517 baptismus
1063 2458 1252 2516 Joannis
1281 2452 1583 2502 conferretur:
1613 2457 1690 2501 sed
1717 2471 1811 2501 non
1828 2456 2006 2516 legitur,
2023 2458 2145 2518 quod
2164 2457 2218 2506 ab

251 2541 306 2571 eo
349 2526 477 2585 pueri
516 2525 862 2584 baptizarentur,
898 2539 982 2569 nec
1022 2526 1160 2569 etiam
1198 2524 1428 2569 Gentiles:
1467 2524 1630 2568 dicitur
1663 2523 1785 2568 enim
1821 2523 1968 2568 Marci
2007 2520 2061 2580 1.',
2095 2524 2220 2585 quod

252 2594 564 2652 egrediebantur
596 2592 649 2636 ad
680 2592 800 2636 illum
842 2592 1193 2650 Hierosolymitae
1225 2593 1425 2646 universi,
1453 2597 1491 2635 et
1528 2592 1853 2650 baptizabantur
1883 2592 1936 2636 ab
1967 2590 2067 2644 illo,
2062 2606 2071 2617 ·
2107 2605 2218 2653 ergo

247 2661 438 2715 videtur,
465 2659 586 2719 quod
613 2658 738 2703 solus
768 2659 977 2703 Christus
1006 2674 1031 2702 a
1051 2659 1229 2717 Joanne
1257 2658 1461 2702 debuerit
1480 2657 1708 2717 baptizari

339 2727 433 2772 SED
462 2739 656 2772 CONTRA
685 2736 765 2779 est,
793 2726 914 2784 quod
942 2725 1105 2769 dicitur
1129 2726 1239 2769 Luc.
1269 2739 1328 2784 3:
1359 2726 1537 2769 Factum
1560 2730 1629 2779 est,
1654 2739 1747 2768 cum
1771 2724 2054 2785 baptizaretur
2084 2726 2219 2772 omnis

245 2795 439 2855 populus,
468 2800 503 2838 et
517 2794 613 2850 Iesu
641 2794 863 2851 baptizato,
892 2799 927 2836 et
950 2799 1111 2847 orante,
1140 2793 1274 2851 aperti
1298 2798 1391 2836 sunt
1414 2791 1527 2835 coeli.

337 2861 627 2906 RESPONDEO
659 2859 918 2912 dicendum,
954 2859 1077 2918 quod
1114 2859 1270 2918 duplici
1306 2858 1360 2902 de
1399 2872 1535 2901 causa
1574 2857 1775 2916 oportuit
1812 2856 1928 2905 alios
1964 2872 1990 2902 a
2027 2856 2216 2906 Christo

246 2929 464 2989 baptizari
502 2927 732 2985 baptismo
761 2926 973 2984 Joannis;
1003 2927 1146 2984 primo
1185 2925 1386 2984 quidem,
1416 2934 1464 2968 ut
1496 2925 1688 2982 August.
1734 2924 1845 2969 dicit
1885 2938 2021 2985 super
2051 2924 2216 2984 Joann.

249 2997 390 3054 (ιι-,αα
417 3009 458 3052 4.
487 3009 512 3039 a
537 2993 641 3038 med.
668 3000 706 3038 et
728 2998 848 3037 tract.
873 3007 910 3051 5.
939 2994 1048 3037 inter
1074 2994 1215 3052 princ.
1244 2998 1281 3036 et
1306 2991 1396 3035 med
1404 2991 1454 3049 .,)
1495 3007 1518 3032 «
1546 2991 1651 3050 quia
1677 2991 1715 3035 si
1745 2990 1870 3036 solus
1905 2988 2115 3041 Christus
2142 2992 2219 3042 ba·

247 3063 416 3122 ptismo
434 3061 622 3120 Joannis
640 3060 891 3120 baptizatus
910 3069 1042 3112 esset,
1059 3073 1152 3103 non
1170 3058 1379 3103 deessent
1392 3058 1467 3116 qui
1485 3058 1702 3113 dicerent,
1724 3057 2216 3119 baptismumJoannis‚

247 3145 338 3189 quo
369 3129 576 3174 Christus
604 3138 672 3172 est
697 3127 962 3186 baptizatus,
990 3126 1246 3184 digniorem
1275 3139 1371 3169 esse
1393 3125 1621 3184 baptismo
1650 3124 1836 3180 Christi,
1862 3139 1954 3189 quo
1978 3124 2056 3172 alii
2076 3125 2217 3189 bapti·

246 3207 404 3241 zantur
429 3214 451 3238 »
469 3212 478 3221 ·
470 3194 693 3251 ,secundo,
717 3193 823 3253 quia
850 3193 1089 3253 oportebat
1115 3206 1194 3252 per
1219 3192 1495 3249 baptismum
1516 3192 1705 3249 Joannis
1731 3191 1847 3239 alios
1865 3189 1920 3237 ad
1937 3192 2215 3252 baptismum

249 3263 421 3309 Christi
448 3261 721 3322 praeparari,
748 3260 863 3304 sicut
890 3260 1061 3304 dictum
1088 3269 1155 3303 est
1179 3259 1281 3315 (art
1310 3275 1344 3303 1.
1367 3265 1455 3318 et3.
1483 3259 1570 3318 huj,
1599 3258 1674 3317 q..)

337 3331 412 3375 AD
439 3342 627 3375 PRIMUM
655 3342 764 3386 ergo
789 3326 1049 3380 dicendum,
1087 3326 1208 3383 quod
1246 3340 1338 3369 non
1376 3335 1559 3384 propter
1590 3325 1680 3370 hoc
1718 3324 1871 3371 solum
1908 3324 1993 3371 fuit
2023 3325 2218 3393 Joannis

243 3398 493 3457 baptismus
520 3397 763 3449 institutus,
790 3404 838 3438 ut
857 3393 1064 3439 Christus
1090 3392 1403 3452 baptizaretur,
1431 3391 1509 3436 sed
1533 3393 1670 3436 etiam
1693 3402 1877 3452 propter
1899 3391 2011 3440 alias
2034 3406 2211 3449 causas,

248 3478 295 3510 ut
322 3466 493 3511 dictum
522 3475 589 3510 est
617 3465 718 3521 (art.
746 3479 780 3510 r.
809 3463 894 3522 huj.
922 3477 945 3521 q
950 3462 1008 3520 ..·)
1037 3471 1081 3506 et
1107 3470 1259 3505 tamen
1286 3461 1324 3505 si
1351 3461 1406 3505 ad
1433 3461 1523 3505 hoc
1557 3461 1710 3506 solum
1742 3471 1862 3507 esset
1885 3461 2131 3517 institutus,
2162 3470 2212 3508 ut

248 3534 457 3578 Christus
485 3547 540 3576 eo
566 3532 881 3590 baptizaretur,
909 3528 1147 3589 oportebat
1173 3527 1492 3588 praedictum
1481 3528 1811 3573 inconveniens
1836 3525 1984 3583 vitari,
2002 3524 2100 3574 aliis
2116 3527 2209 3576 hoc

247 3600 471 3660 baptismo
499 3598 749 3659 baptizatis.
