2352 3926
558 185 838 234 QUABSTIO
879 185 1070 227 xxxm.
1109 186 1418 227 ARTICULUS
1458 185 1535 225 111.
1924 173 2028 243 285

0 299 21 336 ils
167 305 206 351 3.
231 291 530 336 Pur-:unm
556 289 608 334 In
634 289 763 334 omni
790 299 1007 348 generato
1033 290 1156 349 prius
1181 299 1389 349 tempore
1411 299 1480 335 est
1499 289 1559 344 id,
1586 289 1709 349 quod
1735 298 1804 335 est
1827 290 2035 350 imperfe-

74 367 216 413 ctum,
242 371 299 403 eo
325 357 447 417 quod
474 367 542 402 est
568 356 833 416 perfectum,
860 366 908 400 ut
933 367 1056 416 patet
1082 371 1160 416 per
1192 356 1529 417 Philosophum
1561 357 1608 402 in
1633 372 1675 418 9.
1702 357 2036 417 Metaphysico-

0 422 8 487 ζ
73 439 177 473 rum
203 425 307 483 (tex.
332 425 435 484 13).-
457 424 536 469 sed
563 438 727 483 corpus
751 423 919 469 Christi
946 434 1014 467 est
1039 424 1255 482 quiddam
1278 435 1570 483 generatum3
1597 438 1707 484 ergo
1735 424 1791 469 ad
1825 424 2035 469 ultimam

0 489 14 539 Ξ
70 491 415 553 perfectionem,
441 505 558 550 quae
585 490 790 536 consistit
816 491 862 534 in
889 491 1057 534 unione
1082 492 1136 534 ad
1159 491 1363 535 Verbum
1389 493 1491 546 Dei,
1514 507 1608 536 non
1634 492 1786 537 statim
1813 493 1859 536 in
1884 493 2034 551 primo

0 537 16 614 ξ
70 558 256 604 instanti
281 558 596 619 conceptionis
620 557 849 618 pervenit3
875 558 954 602 sed
981 558 1130 617 primo
1162 557 1246 602 fuit
1272 572 1378 602 caro
1407 569 1644 618 concepta,
1667 569 1712 604 et
1736 559 2034 619 postmodum

0 617 19 668 3:
71 634 317 685 assumpta.

0 697 10 731 ἓ
160 692 257 739 SED
284 706 481 739 CONTRA
507 703 587 747 est,
606 692 728 752 quod
744 691 937 751 August.
956 693 1064 736 dicit
1088 692 1135 736 in
1161 691 1277 736 libro
1301 692 1356 736 de
1379 693 1486 737 Fide
1507 693 1562 736 ad
1580 693 1765 737 Petrum
1786 692 1896 753 (cap.
1917 695 2033 753 18).-

74 759 390 806 «Firmissime
409 770 526 814 tene,
543 770 588 804 et
611 759 870 804 nullatenus
890 760 1080 813 dubites,
1107 773 1293 804 carnem
1311 759 1482 804 Christi
1494 775 1588 804 non
1604 760 1742 805 fuisse
1761 771 2031 821 conceptam
2050 779 2055 782 ·

70 827 118 873 in
144 839 274 872 utero
306 827 521 887 Virginis,
547 827 810 886 priusquam
837 827 1141 886 susciperetur
1168 841 1194 870 a
1225 825 1438 870 Verbo».

159 895 449 940 Responnm
476 893 734 949 dicendum,
762 894 898 953 quod,
926 894 1043 938 sicut
1068 908 1202 953 supra
1229 893 1401 938 dictum
1430 904 1498 938 est
1524 895 1584 953 (q.
1617 895 1685 940 16.
1712 902 1792 940 art.
1829 895 1869 941 6.
1897 902 1934 940 et
1955 894 2033 955 7.),

70 962 252 1023 proprie
277 962 470 1006 dicimus
495 961 649 1005 Deum
681 960 853 1006 factum
880 975 979 1006 esse
1005 962 1271 1016 hominem3
1303 975 1398 1005 non
1431 971 1585 1006 autem
1611 963 1791 1022 proprie
1825 963 2035 1018 dicimus,

70 1028 195 1090 quod
219 1029 364 1074 homo
390 1028 536 1073 factus
559 1028 616 1072 sit
640 1029 791 1074 Deus:
820 1029 896 1087 qui
922 1028 1095 1073 scilicet
1119 1029 1245 1072 Deus
1274 1029 1518 1088 assumpsit
1542 1029 1626 1074 sibi
1652 1030 1696 1073 id
1720 1030 1841 1089 quod
1864 1040 1932 1075 est
1956 1030 2036 1074 ho-

70 1097 228 1151 minis3
252 1110 348 1141 non
380 1105 533 1140 autem
577 1096 832 1155 praeextitit
863 1096 907 1139 id
935 1096 1057 1155 quod
1084 1105 1152 1140 est
1182 1096 1399 1150 hominis,
1426 1096 1556 1155 quasi
1587 1111 1668 1156 per
1698 1110 1747 1141 se
1774 1097 2035 1152 subsistens,

71 1174 318 1224 antequam
342 1163 645 1223 susciperetur
676 1177 702 1207 a
733 1163 911 1208 Verbo:
938 1163 975 1207 si
1001 1173 1155 1207 autem
1182 1177 1289 1207 caro
1314 1163 1486 1208 Christi
1516 1162 1673 1208 fuisset
1699 1174 1936 1224 concepta,
1965 1179 2037 1208 an·

69 1242 257 1291 tequam
279 1230 583 1289 susciperetur
601 1229 805 1284 aVerbo‚
821 1230 1053 1275 habuisset
1071 1230 1315 1290 aliquando
1335 1230 1536 1289 aliquam
1553 1231 1838 1290 hypostasim
1861 1242 2037 1291 praeter

69 1298 357 1359 hypostasim
383 1297 525 1342 Verbi
549 1297 660 1343 Dei:
687 1297 809 1357 quod
847 1307 916 1342 est
955 1307 1114 1342 contra
1154 1297 1381 1341 rationem
1411 1297 1752 1352 incarnationis,
1785 1298 2037 1343 secundum

0 1406 5 1422 ᾗ
70 1380 211 1427 quam
235 1365 465 1425 ponimuS,
490 1363 694 1409 Verbum
718 1364 807 1409 Dei
833 1379 931 1409 esse
958 1365 1136 1409 unitum
1162 1364 1392 1409 humanae
1413 1374 1618 1419 naturae,
1645 1374 1689 1409 et
1704 1365 1918 1410 omnibus
1943 1380 2040 1425 par-

0 1431 12 1493 {J
70 1432 190 1478 tibus
207 1433 302 1491 ejus
328 1432 375 1476 in
401 1432 572 1476 unitate
596 1431 879 1491 hypostasis:
907 1445 992 1476 nec
1018 1430 1102 1475 fuit
1134 1432 1428 1486 conveniens,
1456 1432 1578 1491 quod
1604 1432 1890 1492 hypostasim
1916 1447 2040 1492 prae-

0 1491 8 1546 ,ἷῑ
72 1500 343 1545 existentem
369 1499 601 1543 humanae
627 1508 830 1553 naturae,
856 1498 930 1543 vel
957 1498 1148 1557 alicujus
1166 1500 1303 1558 partis
1323 1500 1418 1558 ejus
1435 1499 1737 1544 VerbumDei
1757 1514 1839 1545 sua
1865 1514 2039 1544 assum-

71 1566 229 1627 ptione
268 1566 544 1611 destrueret:
571 1575 616 1610 et
640 1566 745 1611 ideo
774 1576 933 1611 contra
965 1565 1102 1610 fidem
1133 1576 1202 1611 est
1243 1566 1410 1620 dicere,
1436 1566 1559 1625 quod
1586 1580 1694 1611 caro
1722 1567 1896 1612 Christi
1916 1568 2039 1626 prius

0 1630 3 1661 3
71 1633 468 1695 fuerit'concepta,
494 1643 539 1677 et
564 1633 861 1691 postmodum
888 1643 1119 1692 assumpta
1147 1648 1173 1677 a
1197 1632 1351 1677 Verbo
1378 1633 1480 1677 Dei.

0 1694 5 1700 ’
161 1701 237 1745 AD
262 1713 453 1745 PRmUM
494 1714 604 1759 ergo
632 1699 892 1754 dicendum,
918 1699 1039 1759 quod
1067 1700 1105 1744 si
1130 1714 1238 1744 caro
1268 1699 1440 1744 Christi
1463 1713 1558 1744 non
1589 1699 1745 1744 fuisset
1775 1700 1823 1744 in
1853 1701 2040 1746 instanti

73 1766 285 1822 formata,
321 1781 402 1812 seu
443 1777 682 1826 concepta,
715 1767 793 1811 sed
827 1781 908 1826 per
933 1767 1153 1826 temporis
1192 1768 1548 1820 successionem,
1581 1776 1814 1826 oporteret
1845 1768 2038 1813 alterum

1 1878 3 1880 ,
73 1835 269 1879 duorum
295 1833 438 1893 sequi,
463 1833 540 1878 vel
564 1834 686 1893 quod
706 1844 990 1893 assumptum
1016 1834 1223 1878 nondum
1251 1846 1369 1878 esset
1395 1848 1517 1887 caro,
1541 1834 1613 1878 vel
1636 1835 1758 1893 quod
1776 1835 1898 1894 prius
1921 1846 2040 1880 esset

0 1941 4 1950 Ξ
73 1901 315 1960 conceptio
352 1899 514 1954 carnis,
551 1915 690 1960 quam
727 1902 821 1959 ejus
861 1901 1135 1959 assumptio:
1163 1901 1243 1945 sed
1281 1901 1386 1960 quia
1422 1901 1651 1959 ponimus,
1685 1903 2039 1961 conceptionem

71 1969 119 2013 in
142 1968 329 2014 instanti
353 1982 458 2015 esse¹
477 1967 741 2026 perfectam,
774 1982 1058 2027 consequens
1085 1978 1166 2022 est,
1194 1969 1316 2026 quod
1342 1969 1387 2011 in
1410 1968 1489 2012 illa
1511 1983 1646 2012 carne
1672 1969 1811 2013 simul
1835 1969 1918 2014 fuit
1935 1984 2041 2014 con-

0 2072 7 2101 t
72 2035 178 2094 cipi,
203 2045 250 2080 et
273 2045 547 2094 conceptum
574 2049 696 2079 esse:
724 2045 769 2079 et
795 2035 911 2079 sicut
942 2035 1136 2093 August.
1168 2035 1278 2079 dicit
1312 2035 1360 2078 in
1396 2035 1512 2080 libro
1546 2036 1601 2079 de
1627 2036 1736 2080 Fide
1770 2036 1825 2080 ad
1852 2037 2039 2081 Petrum

0 2101 12 2173 ξ.
75 2101 188 2163 (cap.
228 2103 332 2161 18.),
362 2102 598 2147 «dicimus
624 2102 775 2161 ipsum
801 2102 890 2147 Dei
906 2101 1108 2146 Verbum
1135 2117 1243 2146 suae
1278 2103 1426 2147 carnis
1453 2103 1720 2162 acceptione
1748 2114 2040 2163 conceptum,

0 2173 7 2230 ξ,
73 2169 311 2229 ipsamque
337 2183 522 2214 carnem
543 2170 682 2214 Verbi
711 2170 1024 2223 incarnatione
1052 2180 1384 2229 conceptam».

0 2233 10 2262 ³
162 2235 220 2281 Et
244 2251 325 2296 per
350 2237 440 2281 hoc
458 2238 742 2296 pateretiam
768 2237 1006 2296 responsio
1032 2251 1096 2281 AD
1115 2251 1378 2282 SECUNDUM
1393 2253 1404 2292 ;
1421 2251 1528 2281 narn
1553 2237 1690 2282 simul
1706 2237 1815 2281 dum
1839 2252 1946 2283 caro
1965 2237 2041 2282 illa

0 2307 6 2338 2-
75 2304 343 2362 concipitur,
371 2314 593 2362 concepta
619 2315 699 2358 est,
718 2314 762 2348 et
788 2305 1028 2348 animatur.
1410 2319 1414 2323 ·

0 2413 11 2429 ,s
164 2371 241 2416 An
268 2384 485 2416 TERTIUM
512 2371 770 2425 dicendum,
789 2372 911 2430 quod
938 2372 984 2415 in
1007 2373 1225 2431 mysterio
1253 2372 1578 2417 incarnationis
1604 2383 1698 2417 non
1732 2372 2043 2417 consideratur

0 2428 9 2496 ἓ
75 2451 305 2492 ascensus,
337 2438 466 2497 quasi
491 2437 680 2496 alicujus
706 2439 1048 2496 praeexistentis
1080 2439 1357 2498 proficientis
1391 2454 1533 2499 usque
1560 2440 1615 2483 ad
1649 2440 1830 2484 unionis
1856 2440 2046 2499 dignita-

0 2498 13 2556 Ξ
74 2514 185 2560 tem,
210 2506 327 2550 sicut
351 2505 503 2565 posuit
528 2505 751 2550 Photinus
783 2506 1039 2550 haereticus
1054 2521 1066 2561 ;
1093 2506 1170 2550 sed
1189 2507 1339 2566 potius
1367 2507 1679 2551 consideratur
1694 2507 1757 2551 ibi
1783 2507 2042 2562 descensus,

0 2572 11 2657 ξ,
75 2572 327 2618 secundum
354 2572 477 2632 quod
503 2571 754 2632 perfectum
780 2572 869 2617 Dei
892 2572 1090 2617 Verbum
1115 2573 1512 2632 imperfectionem
1538 2584 1727 2619 naturae
1751 2584 1935 2620 nostrae
1957 2575 2042 2619 sibi

11 2677 15 2685 .
78 2640 334 2700 assumpsit,
360 2639 614 2684 secundum
638 2638 750 2684 illud
777 2639 908 2699 Joan.
935 2638 1001 2684 6.:
1034 2640 1256 2686 Descendit
1281 2641 1326 2685 de
1352 2641 1474 2687 coelo.

757 2817 1192 2886 ARTICULUS
1232 2817 1328 2873 IV.
1959 2832 2037 2891 183

78 2953 272 2992 UTRUM
312 2953 630 2992 coucam-10
666 2953 885 2992 cnmsrr
925 2953 1121 2992 FUERIT
1163 2953 1488 3004 NATURAus,
1524 2954 1627 2991 VEL
1668 2953 2039 2992 M1RACULosA.

230 3063 288 3123 (3.
314 3064 425 3109 Dist.
443 3079 478 3123 3.
506 3078 544 3122 q.
567 3078 607 3109 2.
634 3070 716 3109 art.
739 3079 778 3109 2.
802 3070 839 3108 et
860 3064 931 3108 lib.
957 3078 999 3121 4.
1020 3063 1166 3109 Contr.
1183 3079 1219 3123 g.
1243 3073 1334 3123 cap.
1362 3078 1425 3123 45.
1452 3071 1491 3109 et
1518 3064 1673 3121 Quodl.
1702 3063 1744 3108 6.
1773 3079 1810 3122 q.
1834 3079 1898 3108 ιο.

458 3136 495 3175 et
521 3139 656 3190 opusc.
684 3145 724 3175 2.
752 3139 841 3188 cap.
869 3146 956 3190 223.
979 3147 1101 3190 usque
1127 3146 1215 3190 225.
1243 3137 1278 3175 et
1303 3131 1386 3175 Isa.
1418 3133 1462 3175 in
1476 3131 1655 3190 princ).

34 3287 38 3300 ,Ὗ
172 3241 248 3286 AD
275 3254 511 3292 QUARTUM
538 3242 601 3286 sic
629 3242 900 3302 proceditur.
929 3242 1133 3296 Videtur,
1158 3242 1279 3301 quod
1303 3242 1544 3301 conceptio
1575 3241 1744 3286 Christi
1765 3240 1899 3284 fuerit
1919 3250 2044 3284 natu-

23 3308 31 3364 }
83 3308 212 3353 ralis:
247 3309 499 3352 secundum
535 3309 659 3353 enim
685 3310 1037 3369 conceptionem
1071 3310 1218 3354 carnis
1245 3309 1455 3354 Christus
1488 3309 1649 3352 dicitur
1671 3308 1787 3351 filius
1814 3308 2042 3351 hominis:

36 3376 39 3385 ”
87 3386 155 3420 est
180 3385 332 3420 autem
357 3389 506 3428 verus,
520 3384 564 3420 et
590 3375 806 3420 naturalis
831 3376 948 3420 filius
965 3376 1181 3430 hominis,
1200 3377 1316 3421 sicut
1336 3390 1484 3429 verus,
1502 3385 1546 3419 et
1562 3375 1777 3418 naturalis
1796 3374 1884 3418 Dei
1900 3374 2042 3430 filius;

40 3439 42 3442 ’
84 3456 194 3501 ergo
221 3443 316 3500 ejus
345 3442 583 3500 conceptio
610 3441 693 3486 fuit
712 3442 942 3488 naturalis

177 3521 217 3553 2.
251 3509 548 3571 PRAETEREa.
581 3507 720 3552 Nulla
753 3519 957 3553 creatura
989 3510 1199 3568 producit
1230 3510 1544 3569 operationem
1586 3507 1929 3553 miraculosam:
1962 3509 2041 3553 sed

22 3576 47 3628 ῥ’
85 3575 327 3635 conceptio
355 3575 528 3622 Christi
552 3574 806 3620 attribuitur
817 3574 867 3619 B.
884 3574 1077 3635 Virgini,
1100 3591 1215 3635 quae
1242 3587 1310 3620 est
1334 3589 1444 3635 pura
1472 3585 1698 3619 creatura:
1717 3575 1879 3619 dicitur
1903 3575 2041 3631 enim,
