2352 3926
647 234 928 282 QUAESTIO
968 234 1138 275 txxn.
1178 234 1487 279 ARTICULUS
1526 235 1562 275 1.
1978 221 2079 275 621

125 338 241 384 mari
247 335 274 391 ,·''
288 344 327 384 et
346 334 487 383 omnes
508 338 690 384 eamdem
706 352 840 384 escam
858 338 1118 399 spiritualem
1138 336 1515 394 manducaverunt,
1533 343 1572 384 et
1591 350 1730 384 omnes
1742 336 1928 382 eumdem
1941 343 2085 396 potum

124 405 385 467 spiritualem
421 405 641 451 biberunt:
679 405 756 450 sed
794 405 1083 450 confirmatio
1114 403 1211 450 non
1241 403 1325 450 fuit
1355 404 1655 465 praefigurata
1686 406 1733 458 in
1756 404 1900 449 veteri
1932 402 2088 448 Testa-

126 479 308 529 ment03
334 486 428 517 non
456 487 566 532 ergo
594 483 662 518 est
691 483 1043 518 sacramentum.

219 553 256 599 3.
283 540 580 586 Parim-Enna.
616 539 912 584 Sacramenta
951 540 1216 584 ordinantur
1252 540 1307 584 ad
1343 541 1588 584 hominum
1624 538 1845 585 salutem:
1878 537 1957 583 sed
1989 536 2086 582 sine

125 605 474 652 confirmatione
499 616 647 667 potest
672 621 772 651 esse
797 606 940 651 salus:
969 621 1076 650 narn
1104 607 1232 666 pueri
1257 607 1469 666 baptizati
1501 607 1597 651 sine
1631 605 1981 651 confirmatione
2015 605 2087 649 de-

124 674 336 719 cedentes
362 674 616 729 salvantur3
644 688 754 733 ergo
782 673 1071 718 confirmatio
1100 688 1193 717 non
1221 684 1288 718 est
1313 685 1665 719 sacramentum.

212 753 254 796 4.
282 741 577 787 PRAETEREA.
609 741 697 786 Per
724 742 881 785 omnia
907 750 1192 785 sacramenta
1228 739 1461 785 Ecclesiae
1497 741 1643 785 homo
1678 741 1865 786 Christo
1905 738 2084 786 confor-

123 817 287 862 matur,
314 809 391 868 qui
423 818 490 853 est
514 819 907 853 sacramentorum
934 817 1111 852 auctor:
1141 807 1218 851 sed
1246 822 1325 866 per
1353 807 1752 852 confirmationem
1784 822 1879 853 non
1904 808 2083 853 videtur

125 873 310 920 Christo
338 875 631 930 conformari,
657 875 734 935 qui
758 889 852 919 non
877 874 1044 934 iegitur
1070 888 1167 919 esse
1195 874 1515 930 confirmatus;
1543 889 1654 934 ergo
1679 874 1968 920 confirmatio
1990 888 2086 920 non

125 950 194 987 est
217 937 568 988 sacramentum.
2009 964 2015 968 ·

213 1008 308 1055 SED
342 1023 561 1055 CONTRA
574 1019 654 1063 est,
691 1009 811 1068 quod
846 1007 1129 1053 Melchiades
1164 1023 1281 1068 papa
1317 1008 1471 1053 scribit
1504 1008 1826 1067 Hispaniarum
1860 1009 2086 1069 episcopis

122 1076 261 1137 (epist.
283 1079 424 1132 unica,
443 1084 535 1123 ante
552 1076 749 1132 medium,
778 1076 937 1121 Concil.
960 1082 998 1121 et
1023 1077 1195 1121 habetur
1216 1083 1306 1135 cap.
1330 1092 1365 1136 3
1388 1077 1456 1120 De
1482 1075 1722 1122 Consecrat.
1742 1077 1851 1120 Dist.
1868 1077 1946 1135 5)
1974 1076 2086 1120 «De

121 1142 208 1198 his,
239 1157 375 1203 super
406 1145 565 1203 quibus
596 1144 789 1221 rogastis
815 1158 900 1188 nos
925 1158 1008 1188 vos
1035 1142 1285 1197 informari,
1312 1152 1463 1187 utrum
1490 1144 1636 1202 majus
1664 1144 1719 1187 sit
1747 1153 2086 1188 sacramentum

122 1223 286 1256 manus
320 1210 554 1270 impositio
592 1211 929 1271 episcoporum,
965 1225 1023 1255 an
1054 1211 1320 1270 baptismus,
1363 1212 1538 1265 scitote,
1579 1220 1820 1269 utrumque
1862 1225 2086 1269 magnum

123 1291 222 1323 esse
247 1288 585 1323 sacramentum
611 1294 652 1324 ».

213 1343 504 1390 RE'SPONDEO
531 1345 790 1400 dicendum,
823 1345 945 1404 quod
971 1355 1258 1389 sacramenta
1290 1358 1438 1390 novae
1470 1343 1584 1404 legis
1611 1343 1879 1389 ordinantur
1911 1344 1967 1389 ad
1994 1358 2090 1404 spe-

124 1411 262 1457 ciales
288 1412 460 1472 gratiae
486 1412 697 1457 effectus:
727 1422 770 1457 et
795 1413 899 1456 ideo
927 1412 1003 1456 ubi
1029 1414 1226 1457 occurrit
1258 1412 1419 1471 aliquis
1447 1411 1657 1471 specialis
1685 1411 1871 1456 effectus
1898 1414 2084 1471 gratiae,

121 1479 185 1524 ibi
206 1480 443 1524 ordinatur
458 1480 655 1540 speciale
674 1489 1035 1524 sacramentum:
1056 1480 1162 1539 quia
1186 1494 1296 1524 vero
1323 1480 1566 1535 sensibilia,
1585 1490 1628 1524 et
1655 1478 1911 1538 corporalia
1924 1489 2088 1538 gerunt

123 1547 438 1606 spiritualium,
471 1558 516 1592 et
546 1546 901 1606 intelligibilium
934 1546 1293 1602 similitudinem,
1327 1561 1380 1591 ex
1412 1547 1482 1591 his
1509 1560 1625 1606 quae
1656 1547 1703 1590 in
1739 1547 1832 1590 vita
1858 1545 2087 1605 corporali

123 1622 331 1672 aguntur,
358 1613 590 1674 percipere
613 1627 870 1673 possumus,
903 1613 1008 1673 quid
1041 1613 1087 1656 in
1114 1612 1334 1672 spirituali
1358 1615 1450 1657 vita
1482 1613 1653 1672 gratiae
1679 1612 1876 1671 speciale
1910 1612 2084 1657 existat.

121 1678 418 1724 Manifestum
452 1691 603 1725 autem
638 1690 718 1736 est,
751 1681 871 1740 quod
905 1681 950 1725 in
977 1681 1070 1725 vita
1103 1681 1331 1740 corporali
1363 1681 1573 1740 specialis
1604 1681 1829 1740 quaedam
1866 1680 2084 1740 perfectio

123 1755 204 1801 est,
231 1747 353 1822 quod
379 1747 525 1792 homo
544 1748 599 1792 ad
626 1748 873 1807 perfectam
901 1759 1098 1793 aetatem
1122 1749 1369 1808 perveniat,
1398 1758 1441 1792 et
1466 1748 1687 1817 perfectas
1715 1748 1917 1792 actiones
1939 1747 2086 1792 homi·

120 1815 192 1858 nis
219 1828 354 1873 agere
380 1815 547 1875 possit;
574 1817 693 1859 unde
721 1826 764 1860 et
789 1815 1040 1875 Apostolus
1068 1816 1178 1859 dicit
1219 1830 1253 1859 1.
1284 1816 1493 1860 Corinth.
1528 1829 1615 1873 13
1640 1804 1757 1860 Cum
1784 1822 1920 1860 autem
1942 1816 2085 1874 factus

119 1893 210 1925 sum
235 1882 321 1935 vir,
349 1884 556 1927 evacuavi
580 1897 684 1941 quae
710 1889 828 1927 erant
850 1884 1041 1942 parvuli.
1068 1882 1123 1926 Et
1149 1882 1254 1926 inde
1282 1893 1348 1927 est
1374 1885 1525 1936 etiam,
1554 1883 1674 1941 quod
1702 1892 1877 1942 praeter
1904 1892 2083 1926 motum

121 1949 443 2007 generationis,
470 1963 560 2009 quo
588 1949 748 2009 aliquis
766 1950 930 2008 accipit
947 1950 1087 1994 vitam
1113 1950 1418 2008 corporalem,
1446 1960 1513 1994 est
1538 1959 1690 1993 motus
1718 1950 1965 2008 augmenti,
1992 1963 2083 2008 quo

121 2014 282 2075 aliquis
309 2016 567 2076 perducitur
589 2017 644 2061 ad
662 2015 908 2076 perfectam
926 2027 1135 2061 aetatem.
1156 2016 1237 2062 Sic'
1250 2017 1387 2076 igitur
1409 2027 1452 2061 et
1477 2017 1619 2061 vitam
1641 2016 1921 2076 spiritualem
1938 2017 2083 2061 homo

121 2082 284 2142 accipit
310 2097 390 2143 per
414 2083 705 2143 baptismum,
723 2085 800 2143 qui
818 2094 884 2129 est
901 2083 1143 2144 spiritualis
1161 2084 1446 2142 regeneratio
1461 2100 1472 2138 ;
1490 2085 1534 2127 in
1560 2084 1908 2128 confirmatione
1931 2094 2083 2128 autern

119 2148 265 2194 homo
292 2150 458 2211 accipit
478 2151 607 2212 quasi
633 2151 862 2211 quandam
889 2151 1136 2210 perfectam
1165 2162 1362 2196 aetatem
1389 2151 1631 2210 spiritualis
1658 2151 1803 2205 vitae;
1829 2151 1948 2194 unde
1974 2149 2084 2195 Mel-

120 2215 306 2262 chiades
330 2232 445 2278 papa
474 2218 583 2264 dicit
609 2219 708 2275 (loc.
735 2220 907 2278 citato).·
939 2235 962 2260 ‹<
986 2219 1177 2279 Spiritus
1205 2219 1412 2274 Sanctus,
1441 2219 1518 2278 qui
1543 2233 1678 2278 super
1700 2232 1840 2278 aquas
1872 2218 2083 2277 baptismi

118 2282 352 2330 salutifero
378 2285 613 2331 descendit
637 2285 781 2346 lapsu,
807 2286 853 2330 in
884 2285 1009 2331 fonte
1035 2286 1366 2345 plenitudinem
1391 2286 1546 2330 tribuit
1578 2286 1634 2329 ad
1666 2286 2004 2339 innocentiam3
2036 2286 2083 2328 in
2156 2312 2171 2321 -

115 2351 468 2398 ‚confirmatione
496 2363 795 2413 augmentum
817 2363 1014 2413 praestat
1036 2354 1092 2398 ad
1119 2352 1336 2413 gratiam3
1359 2355 1406 2397 in
1432 2353 1660 2413 baptismo
1685 2367 2009 2412 regeneramur
2027 2352 2082 2396 ad

6 2449 11 2458 ⁴-
44 2475 47 2478 Α
118 2419 284 2474 vitam;
324 2430 429 2480 post
462 2421 741 2480 baptismum
779 2420 1106 2465 confirmamur
1139 2421 1195 2465 ad
1228 2435 1454 2480 pugnam3
1496 2421 1543 2464 in
1569 2420 1796 2479 baptismo
1836 2419 2082 2473 abluimur;

117 2495 222 2549 post
242 2486 520 2549 baptismum
546 2488 819 2533 roboramur
844 2505 895 2535 »ς
923 2499 967 2533 et
991 2489 1096 2534 ideo
1123 2488 1418 2534 manifestum
1446 2498 1527 2543 est,
1555 2488 1677 2547 quod
1701 2488 1989 2533 confirmatio
2017 2498 2085 2532 est

117 2552 315 2613 speciale
341 2565 696 2615 sacramentum.

206 2619 284 2664 AD
315 2633 504 2666 PmMUM
530 2636 640 2681 ergo
668 2623 926 2677 dicendum,
968 2624 1089 2683 quod
1130 2623 1250 2668 circa
1274 2623 1607 2668 institutionem
1640 2623 1774 2682 hujus
1807 2623 2081 2667 sacramenti

119 2696 187 2732 est
211 2686 361 2748 duplex
386 2688 557 2748 opinio.
592 2689 779 2746 Quidam
812 2690 935 2734 enirn
968 2691 1190 2745 dixerunt,
1224 2690 1346 2750 quod
1378 2690 1469 2734 hoc
1502 2700 1841 2735 sacramentum
1874 2703 1967 2733 non
1999 2688 2082 2732 fuit

116 2754 371 2799 institutum
397 2769 481 2800 nec
509 2769 535 2799 a
562 2754 763 2811 Christo,
788 2771 872 2801 nec
901 2757 954 2801 ab
983 2757 1216 2817 apostolis,
1242 2759 1320 2802 sed
1353 2767 1511 2817 postea
1537 2771 1753 2817 processu
1787 2757 2007 2815 temporis
2033 2757 2080 2799 in

117 2821 319 2881 quodam
345 2822 575 2867 Concilio.
601 2823 695 2867 Alii
718 2837 828 2868 vero
861 2823 1080 2880 dixerunt,
1108 2824 1230 2884 quod
1257 2824 1341 2869 fuit
1366 2825 1620 2869 institutum
1649 2825 1701 2868 ab
1730 2823 1971 2884 apostolis:
2001 2824 2078 2867 sed

115 2887 207 2932 hoc
232 2902 328 2933 non
353 2898 501 2949 potest
528 2904 641 2945 esse,
679 2892 783 2950 quia
809 2891 1041 2936 instituere
1067 2907 1242 2937 novum
1275 2902 1612 2936 sacramentum
1643 2891 1836 2951 pertinet
1870 2890 1924 2933 ad
1957 2900 2081 2948 pote-

117 2964 277 3000 statem
307 2956 616 3012 excellentiae,
643 2972 758 3017 quae
786 2959 1006 3017 competit
1030 2958 1118 3004 soli
1144 2959 1362 3014 Christ03
1391 2969 1435 3004 et
1451 2959 1555 3003 ideo
1584 2959 1827 3002 dicendum
1856 2966 1935 3010 est,
1956 2956 2077 3015 quod

118 3020 327 3067 Christus
354 3022 545 3069 instituit
568 3025 659 3069 hoc
687 3036 1039 3080 sacramentum,
1066 3041 1160 3070 non
1180 3027 1451 3080 exhibendo,
1479 3026 1558 3070 sed
1578 3024 1901 3084 promittendo,
1920 3037 2080 3067 secun·

117 3088 227 3133 dum
267 3088 378 3133 illud
413 3090 542 3148 Joan.
590 3089 679 3136 16.:
712 3094 758 3138 Si
788 3108 871 3137 non
905 3095 1061 3148 abiero,
1101 3095 1335 3139 Paraclitus
1366 3109 1449 3138 non
1485 3094 1619 3137 veniet
1651 3092 1703 3135 ad
1734 3106 1832 3135 vos:
1864 3093 1901 3134 si
1935 3096 2075 3135 autem

115 3157 273 3210 abiero,
307 3158 471 3201 mittam
502 3174 594 3203 eum
626 3159 679 3204 ad
708 3174 809 3204 vos:
840 3171 883 3205 et
914 3160 1004 3204 hoc
1043 3161 1146 3205 ideo
1173 3162 1279 3220 quia
1303 3162 1350 3204 in
1376 3161 1467 3204 hoc
1501 3168 1787 3204 sacramento
1821 3157 1952 3201 datur
1983 3156 2077 3215 ple-

115 3223 274 3268 nitudo
318 3223 510 3283 Spiritus
546 3225 716 3282 Sancti,
749 3241 864 3287 quae
896 3242 990 3272 non
1024 3239 1119 3273 erat
1156 3228 1304 3272 danda
1337 3237 1439 3271 ante
1473 3226 1645 3270 Christi
1678 3225 2076 3278 resurrectionem,

115 3299 161 3335 et
192 3291 524 3346 ascensionem,
565 3293 818 3338 secundum
848 3293 959 3338 illud
985 3294 1116 3353 Joan.
1151 3308 1214 3353 7.:
1244 3296 1341 3341 Non
1367 3300 1458 3339 erat
1478 3294 1659 3353 Spiritus
1684 3292 1816 3346 datus,
1844 3293 1944 3350 quia
1960 3291 2078 3349 Jesus

113 3357 297 3402 nondum
329 3363 418 3403 erat
441 3357 708 3416 glorificatus.

203 3422 280 3469 AD
307 3436 568 3470 SECUNDUM
600 3425 859 3482 dicendum,
886 3427 1008 3486 quod
1034 3428 1139 3487 quia
1165 3427 1454 3472 confirmatio
1482 3436 1549 3470 est
1574 3434 1912 3469 sacramentum
1938 3423 2077 3484 pleni-

36 3548 40 3552 Υ
113 3489 281 3536 tudinis
307 3491 494 3551 gratiae,
520 3504 613 3535 non
638 3492 786 3551 potuit
811 3491 977 3538 habere
1004 3493 1172 3554 aliquid
1199 3494 1477 3554 respondens
1504 3493 1549 3535 in
1577 3491 1718 3536 veteri
1746 3489 2073 3536 Testamento
2063 3526 2074 3546 ,

35 3564 43 3589 ἲ
115 3557 221 3616 quia
246 3557 352 3602 nihil
377 3558 431 3603 ad
447 3558 679 3618 perfectum
705 3558 879 3604 adduxit
903 3559 984 3616 lex,
1011 3570 1060 3605 ut
1085 3561 1247 3606 dicitur
1274 3560 1410 3604 Hebr.
1446 3572 1484 3616 7.

203 3623 281 3669 An
304 3635 521 3670 TERTmM
547 3624 807 3680 dicendum,
833 3625 972 3685 quod,
992 3626 1109 3672 sicut
1130 3641 1264 3687 supra
1286 3626 1457 3671 dictum
1476 3634 1543 3670 est
1561 3627 1618 3683 (q.
1638 3624 1701 3683 65.
1718 3630 1799 3669 art.
1817 3624 1898 3683 4.),
1918 3625 2075 3670 omnia
