2352 3926
677 167 684 192 ἱ

623 245 904 293 αυΑΕετιο
945 246 1090 286 κινι.
1131 244 1440 287 Ακτῐευιυε
1480 245 1516 285 1.
1960 229 2062 300 383

193 351 271 397 An
304 362 521 397 ’runnu
553 348 812 404 dicendum,
844 349 967 409 quod
999 349 1237 394 hominem
1269 347 1452 393 liberari
1481 361 1561 408 per
1591 346 1854 408 passionem
1895 345 2071 391 Christi

104 419 383 464 conveniens
407 418 492 463 fuit
517 428 562 463 et
587 417 944 472 misericordiae,
971 427 1015 462 et
1038 417 1235 475 justitiae
1261 418 1378 475 ejus:
1411 416 1607 475 justitiae
1633 415 1832 474 quidem,
1857 414 1965 474 quia
1990 428 2070 474 per

102 486 367 547 passionem
394 499 526 530 suam
549 484 761 530 Christus
786 484 1003 529 satisfecit
1019 498 1102 544 pro
1121 494 1310 543 peccato
1337 483 1529 528 humani
1552 482 1754 540 generis:
1774 491 1820 527 et
1843 481 1906 526 ita
1922 481 2070 526 homo

102 566 183 614 per
208 553 423 611 iustitiam
454 552 625 597 Christi
660 552 875 596 liberatus
901 561 990 595 est:
1019 551 1361 595 misericordiae
1392 564 1518 603 vero,
1546 550 1650 608 quia
1684 564 1791 594 cum
1815 548 1962 596 homo
1989 562 2070 607 per

13 607 32 627 η’
102 633 153 665 se
176 619 436 665 satisfacere
455 634 548 664 non
565 629 719 679 posset
736 633 819 678 pro
842 628 1032 677 peccato
1049 618 1188 662 totius
1211 618 1442 661 humanae
1459 627 1663 670 naturae,
1681 627 1730 661 ut
1746 630 1881 676 supra
1897 616 2068 661 dictum

101 697 171 733 est
195 687 256 747 (q.
282 703 317 733 ι.
345 693 428 732 art.
455 687 533 744 2.),
562 688 687 731 Deus
714 686 757 730 ei
788 684 1120 730 satisfactorem
1154 685 1276 728 dedit
1306 684 1472 728 Filium
1498 699 1648 738 suum,
1675 684 1926 729 secundum
1958 683 2070 728 illud

101 754 238 799 Rom.
279 769 343 814 3.:
372 755 603 813 justificati
640 755 774 811 gratis
813 761 891 812 per
924 754 1108 810 gratiam
1151 753 1295 811 ipsius,
1325 759 1404 810 per
1444 751 1768 810 redemptionem
1803 765 1906 810 quae
1941 753 2072 796 estin

105 821 272 867 Christo
292 823 403 879 Jesu,
436 836 554 880 quem
583 821 802 879 proposuit
827 821 944 863 Deus
964 821 1285 879 propitiatorem
1306 819 1529 878 perfidem
1555 821 1599 862 in
1624 821 1822 877 sanguine
1846 820 2000 878 ipsius:
2026 827 2072 863 et

102 888 196 933 hoc
220 887 305 933 fuit
340 887 680 932 abundantioris
707 886 1061 940 misericordiae,
1096 901 1234 945 quam
1267 886 1301 930 si
1335 895 1524 945 peccata
1557 885 1725 944 absque
1762 885 2071 930 satisfactione

103 955 370 1000 dimisisset:
399 955 519 998 unde
545 954 709 998 dicitur
734 953 898 1012 Ephes.
927 966 992 997 2.:
1020 955 1151 1008 Deus,
1181 955 1252 1012 qui
1278 953 1391 997 dives
1422 959 1476 997 est
1501 954 1546 996 in
1568 953 1871 1007 misericordia,
1893 959 2070 1012 propter

101 1024 280 1068 nimiam
313 1022 575 1076 charitatem,
602 1035 685 1080 qua
710 1021 855 1065 dilexit
879 1036 966 1075 nos,
1005 1036 1100 1065 cum
1124 1035 1294 1065 essemus
1334 1022 1493 1064 mortui
1516 1021 1713 1079 peccatis,
1754 1021 2072 1075 convivificavit

101 1105 175 1135 nos
199 1092 244 1134 in
270 1088 450 1135 Christo.
735 1137 739 1142 ¹

193 1156 269 1201 An
291 1168 530 1206 QUARTUM
552 1155 809 1212 dicendum,
832 1155 955 1214 quod
981 1163 1223 1215 peccatum
1250 1153 1403 1212 angeli
1418 1168 1512 1198 non
1529 1153 1612 1198 fuit
1628 1152 1937 1208 remediabile,
1955 1153 2072 1199 sicut

101 1235 343 1286 peccatum
368 1223 594 1278 hominis3
621 1232 671 1267 ut
691 1236 745 1267 ex
771 1222 1038 1282 supradictis
1060 1222 1107 1266 in
1138 1236 1174 1266 1.
1202 1231 1327 1281 patet
1351 1222 1412 1280 (q.
1440 1221 1513 1278 64.
1540 1227 1622 1266 art.
1649 1220 1726 1278 2.).

818 1385 1252 1444 ARTICULUS
1296 1385 1367 1441 II.
1981 1409 2067 1457 247

142 1521 337 1561 UTRUM
366 1522 565 1560 FUERIT
599 1521 892 1560 POSSIBILIS
925 1521 1084 1560 ALIUS
1118 1522 1311 1560 MODUS
1345 1521 1727 1561 LIBERATIONIS
1761 1518 2032 1559 HUMANAE

625 1605 783 1650 QUAM
823 1605 922 1643 PER
961 1604 1263 1645 PASSIONEM
1305 1603 1543 1643 CHRISTI.

485 1714 540 1774 (3.
573 1715 684 1759 Dist.
718 1729 789 1761 20.
823 1721 905 1760 art.
939 1728 980 1772 4.
1015 1730 1053 1774 q.
1087 1731 1122 1760 1.
1155 1720 1192 1759 et
1223 1722 1358 1774 opusc.
1391 1730 1426 1760 1.
1461 1721 1554 1774 cap.
1586 1712 1688 1772 17.).

192 1825 270 1870 An
297 1838 559 1871 SECUNDUM
591 1826 656 1870 sic
693 1826 966 1884 proceditur.
1003 1825 1209 1879 Videtur,
1237 1825 1360 1884 quod
1393 1839 1487 1870 non
1521 1824 1656 1869 fuerit
1690 1821 1919 1882 possibilis
1955 1821 2072 1867 alius

19 1908 45 1935 1
103 1892 268 1937 modus
299 1892 577 1937 liberationis
609 1893 855 1946 humanae,
889 1907 1026 1951 quam
1059 1907 1139 1951 per
1171 1894 1429 1952 passionem
1465 1892 1660 1936 Christi:
1689 1891 1799 1935 dicit
1830 1891 1953 1934 enim
1978 1890 2073 1934 Do-

35 1962 46 2007 ξ
103 1960 254 2004 minus
274 1960 404 2018 Joan.
433 1973 527 2004 12.:
550 1961 647 2004 Nisi
671 1974 853 2018 granum
870 1961 1082 2019 frumenti
1107 1960 1253 2004 cadens
1277 1962 1322 2004 in
1356 1966 1508 2004 terram
1532 1959 1906 2013 mortuum‘fuerit‚
1933 1958 2070 2017 ipsum

101 2027 236 2072 solum
258 2034 428 2072 manet:
455 2028 491 2071 si
513 2033 650 2071 autem
675 2033 888 2071 mortuum
906 2028 1059 2086 fuerit,
1077 2027 1255 2071 multum
1268 2028 1462 2085 fructum
1482 2027 1602 2084 affert
1608 2042 1624 2078 ;
1648 2026 1724 2069 ubi
1742 2025 1850 2069 dicit
1874 2024 2070 2083 August.

27 2120 35 2134 s
99 2096 245 2152 (truct-
265 2107 326 2154 51.
358 2096 404 2138 in
438 2095 564 2151 Joan.
597 2096 672 2138 cir.
705 2094 832 2151 med.)
875 2095 997 2153 quod
1042 2111 1066 2136 «
1086 2094 1286 2153 seipsum
1329 2108 1523 2152 granum
1551 2093 1730 2137 dicebat
1749 2108 1795 2146 »3
1837 2091 1925 2136 nisi
1957 2104 2070 2150 ergo

99 2171 300 2205 mortem
325 2175 483 2220 passus
505 2171 637 2214 esset,
664 2161 793 2205 aliter
818 2161 1014 2205 fructum
1041 2171 1224 2205 nostrae
1251 2161 1531 2205 liberationis
1558 2175 1652 2204 non
1678 2159 1874 2204 fecisset.

149 2267 151 2269 ,
189 2240 235 2272 2.-
264 2227 562 2273 PRAETEREA.
595 2228 756 2272 Matth.
792 2226 861 2272 26.
895 2229 1126 2272 Dominus
1167 2228 1276 2272 dicit
1317 2229 1372 2272 ad
1415 2229 1620 2272 Patrem:
1656 2229 1783 2273 Pater
1814 2228 1890 2280 mi,
1922 2228 1957 2270 si
1988 2240 2072 2270 non

96 2300 232 2356 potest
254 2295 319 2340 hic
342 2296 456 2340 calix
481 2298 672 2349 transire,
700 2297 781 2339 nisi
818 2297 957 2340 bibam
991 2297 1126 2350 illum,
1147 2297 1223 2352 fiat
1252 2296 1445 2340 voluntas
1472 2302 1570 2340 tua:
1597 2294 1799 2353 loquitur
1825 2303 1981 2338 autem
2006 2292 2071 2336 ibi

13 2376 36 2420 ᾗ,
98 2363 156 2408 de
181 2362 324 2407 calice
349 2363 598 2441 passionis;
622 2377 732 2423 ergo
759 2363 910 2423 passio
929 2363 1102 2408 Christi
1119 2363 1353 2422 praeteriri
1378 2377 1471 2407 non
1490 2373 1691 2422 poterat;
1719 2362 1839 2406 unde
1862 2371 1907 2405 et
1922 2360 2068 2405 Hilar.

98 2428 208 2481 dicit
233 2434 344 2490 (cap.
366 2445 425 2490 31.
459 2432 505 2475 in
532 2431 685 2475 Matth.
712 2430 765 2475 ad
789 2432 911 2490 fin.):
953 2447 976 2472 «
1002 2430 1112 2474 Ideo
1141 2429 1258 2474 calix
1291 2430 1483 2474 transire
1508 2444 1603 2474 non
1630 2439 1794 2489 potest,
1826 2428 1916 2473 nisi
1939 2427 2069 2472 illum

98 2487 234 2551 bibat,
260 2498 365 2557 quia
390 2498 590 2557 reparari
615 2497 703 2541 nisi
729 2511 783 2541 ex
810 2498 906 2555 ejus
933 2498 1147 2557 passione
1173 2512 1267 2541 non
1293 2489 1538 2556 possumus
1564 2514 1605 2541 ».

190 2578 228 2623 3.
269 2564 566 2610 PRAETEREA.
593 2565 773 2623 Justitia
816 2565 905 2608 Dei
946 2565 1169 2624 exigebat,
1212 2574 1263 2609 ut
1297 2564 1444 2609 homo
1489 2580 1514 2609 a
1554 2574 1748 2624 peccato
1788 2550 2086 2616 liberaretur,

45 2627 286 2679 Christo
313 2645 393 2690 per
419 2632 681 2691 passionem
709 2631 1035 2686 satisfaciente;
1063 2632 1141 2676 sed
1171 2631 1379 2676 Christus
1405 2646 1534 2676 suam
1562 2632 1782 2691 justitiam
1807 2645 1902 2675 non
1919 2640 2070 2690 potest

18 2725 23 2760 3
50 2696 365 2762 '‘gpraeterire:
393 2699 557 2743 dicitur
577 2699 697 2743 enim
724 2712 763 2743 2.
789 2699 843 2742 ad
873 2697 1079 2743 Timoth.
1109 2711 1171 2744 2.:
1202 2699 1247 2744 Si
1262 2714 1347 2743 non
1365 2699 1583 2752 credimus,
1602 2700 1670 2743 ille
1681 2699 1813 2757 fidelis
1833 2705 2066 2758 permanet,

27 2778 245 2824 naggara
268 2768 443 2826 seipsum
469 2781 552 2810 non
572 2772 729 2826 potest-.·
753 2768 956 2825 seipsum
984 2776 1135 2810 autem
1162 2776 1366 2825 negaret,
1394 2767 1431 2810 si
1457 2766 1676 2825 justitiam
1708 2780 1839 2810 suam
1865 2775 2066 2824 negaret,

0 2832 2 2859 ἶ
23 2859 29 2881 2
50 2837 68 2868 ἕ,
99 2832 316 2893 cumipse
338 2833 395 2877 sit
418 2832 611 2892 justitia3
634 2847 745 2892 ergo
768 2833 957 2887 videtur,
985 2833 1108 2892 quod
1130 2847 1225 2876 non
1250 2833 1385 2878 fuerit
1409 2833 1626 2892 possibile
1642 2832 1734 2878 alio
1761 2832 1903 2877 modo
1921 2832 2067 2876 homi-

0 2907 1 2910 ’
62 2910 205 2943 nem
229 2899 424 2954 liberari,
451 2915 589 2959 quam
617 2915 696 2958 per
722 2899 985 2959 passionem
1015 2900 1201 2944 Christi.

124 2981 126 2985 ’
185 2978 227 3022 4.
254 2966 550 3012 PRAETEREA.
578 2967 705 3011 Fidei
730 2982 823 3011 non
851 2977 1000 3026 potest
1017 2967 1201 3012 subesse
1227 2967 1415 3022 falsum;
1433 2967 1512 3012 sed
1540 2967 1714 3026 antiqui
1738 2968 1895 3011 Patres
1924 2965 2063 3009 credi·

0 3051 2 3069 :
98 3031 259 3077 derunt
283 3033 520 3079 Christum
547 3048 808 3094 passurum3
836 3049 946 3093 ergo
969 3035 1159 3089 videtur,
1178 3036 1299 3094 quod
1322 3050 1416 3079 non
1442 3035 1640 3095 potuerit
1662 3049 1775 3088 esse,
1803 3035 1910 3092 quin
1935 3032 2067 3077 Chri·

0 3104 3 3150 }
98 3107 192 3144 stus
219 3110 460 3159 pateretur.

34 3408 71 3603 ἓ

41 3635 77 3666 ἡ·

42 3674 76 3747 3}

44 3757 79 3778 a

113 3189 116 3191 Δ
187 3165 283 3212 SED
309 3181 505 3213 CONTRA
533 3178 613 3222 est,
641 3169 764 3227 quod
791 3168 986 3226 August.
1014 3169 1123 3212 dicit
1154 3183 1218 3227 13.
1247 3169 1301 3213 de
1330 3169 1457 3213 Trin.
1485 3170 1600 3229 (cap.
1629 3182 1692 3214 10.
1728 3169 1840 3212 circa
1868 3168 2058 3224 princ)

30 3231 82 3296 ’,ᾖ
99 3232 284 3277 «Istum
310 3235 516 3288 modum,
539 3249 630 3294 quo
657 3250 741 3279 nos
770 3250 850 3295 per
874 3235 1176 3279 mediatorem
1199 3236 1301 3289 Dei,
1333 3246 1376 3280 et
1401 3237 1644 3280 hominum
1672 3234 1909 3278 hominem
1931 3233 2064 3278 Chri-

66 3297 217 3357 ῥᾴεωῐη
238 3300 394 3358 Jesum
420 3302 545 3345 Deus
577 3301 768 3346 liberare
795 3303 1019 3360 dignatur,
1048 3303 1292 3347 asserimus
1318 3304 1506 3356 bonum,
1535 3313 1578 3346 et
1604 3302 1784 3346 divinae
1808 3314 2065 3357 congruum

34 3383 71 3440 vg
68 3363 327 3423 dignitati.
360 3381 517 3411 verum
553 3369 690 3412 etiam
724 3370 1034 3422 ostendamus,
1061 3384 1154 3413 non
1188 3370 1326 3413 alium
1355 3370 1546 3413 modum
1573 3367 1837 3427 possibilem
1864 3367 1966 3411 Deo
1994 3369 2064 3411 de-

97 3429 249 3484 fuisse,
275 3433 403 3490 cujus
428 3435 640 3492 potestati
667 3445 831 3479 cuncta
857 3436 1105 3494 aequaliter
1131 3437 1423 3494 subjacent».

187 3496 476 3544 RESPONDEO
499 3500 758 3553 dicendum,
785 3502 907 3560 quod
935 3502 1103 3561 aliquid
1131 3513 1280 3562 potest
1306 3504 1395 3547 dici
1422 3501 1652 3561 possibile,
1680 3500 1754 3544 vel
1779 3501 2062 3558 impossibile

99 3561 343 3623 dupliciter:
373 3580 458 3610 uno
489 3566 610 3611 modo
636 3567 914 3626 simpliciter,
941 3578 987 3615 et
1008 3570 1237 3624 absolute3
1265 3571 1348 3614 allo
1372 3569 1490 3613 modo
1519 3583 1573 3612 ex
1599 3568 1926 3627 suppositione.
1946 3567 2061 3612 Sim-

81 3629 278 3691 pliciter
306 3631 458 3692 igitur,
483 3643 528 3679 et
549 3634 756 3680 absolute
780 3635 1028 3695 loquendo,
1054 3637 1268 3696 possibile
1293 3637 1377 3681 fuit
1401 3637 1505 3680 Deo
1533 3635 1624 3680 alio
1651 3636 1794 3681 modo
1817 3636 2059 3682 hominem
