2352 3926
644 208 922 256 Qumsrxo
962 209 1077 249 xm.
1117 208 1425 248 ARTICULUS
1463 206 1534 247 1v.
1965 191 2065 261 '139

83 366 87 368 ,
101 318 160 359 ele
181 311 352 359 voluit:
379 321 425 357 et
448 311 512 356 ita
535 309 709 355 facturn
730 319 798 355 est
822 325 875 364 »ς
899 309 974 354 vel
989 320 1141 369 potest
1156 310 1260 364 dici,
1278 309 1402 369 quod
1417 309 1533 354 haec
1555 306 1766 354 voluntas
1785 306 1958 352 Christi
1973 321 2067 351 non

102 377 193 426 finit
213 379 271 424 de
297 392 353 424 eo
379 379 501 438 quod
527 391 607 437 per
633 391 735 422 eam
762 376 964 421 fiendum
982 386 1091 430 erat,
1109 377 1187 421 sed
1211 378 1265 420 de
1284 391 1339 421 eo
1358 377 1480 435 quod
1503 386 1599 420 erat
1619 375 1820 420 fiendum
1839 388 1920 434 per
1938 373 2067 427 alios,

47 442 229 506 quod
253 459 348 490 non
374 445 635 503 subjacebat
659 442 1138 488 humanaevoluntati
1163 444 1328 502 ipsius3
1355 444 1474 487 unde
1501 444 1547 486 in
1574 441 1776 502 Epistola
1809 441 2067 501 Agathonis

103 510 272 572 Papae,
299 526 415 572 quae
441 521 510 556 est
534 520 718 570 recepta
742 510 790 554 in
815 519 940 555 sexta
962 510 1153 569 Synodo
1182 510 1416 566 (Constant.
1440 526 1474 568 3.
1499 525 1636 568 gener.
1664 510 1707 555 6.
1733 516 1812 555 act.
1834 523 1877 566 4.
1905 523 1931 553 a
1961 509 2066 552 med.

104 579 257 640 epist),
283 577 471 638 legitur:
493 593 517 620 α
538 577 721 637 Ergone
745 577 823 621 ille
850 577 1059 621 omnium
1087 576 1326 630 Conditor,
1361 591 1412 620 ac
1445 577 1739 635 Redemptor,
1772 577 1817 620 in
1847 576 1978 621 terris
2009 575 2070 620 la-

72 643 83 655 “
99 654 201 693 rme
225 644 388 691 volens
412 659 508 690 non
533 645 694 705 potuit,
716 645 804 688 nisi
829 644 919 688 hoc
947 644 1003 688 ad
1020 644 1274 688 humanam
1297 644 1394 701 ejus
1409 643 1707 698 voluntatem,
1734 658 1873 703 quam
1894 653 2069 703 tempo-

101 710 258 759 naliter
282 722 350 757 est
375 712 585 771 dignatus
611 725 857 764 assumere,
885 710 1144 770 redigatur?
1168 728 1191 753 »

128 794 134 805 ¹
193 779 271 825 An
292 793 554 825 szcrmmm
581 778 841 832 dicendum,
867 778 1004 837 quod,
1031 781 1146 823 sicut
1174 778 1369 837 Gregor.
1394 778 1503 821 dicit
1533 791 1598 838 19.
1624 778 1789 823 Moral.
1819 778 1930 837 (cap.
1957 791 2024 835 14.
2040 791 2068 822 a

98 846 281 910 princ),
298 861 379 906 per
394 847 485 891 hoc
512 847 635 906 quod
665 862 688 888 κ
714 846 943 890 Dominus
969 846 1199 904 praecepit
1225 845 1367 890 taceri
1391 846 1578 889 virtutes
1606 859 1723 899 suas,
1750 845 1890 890 servis
1908 845 1999 890 suis
2019 859 2067 890 se

100 914 394 974 ¹§equentibus
420 913 682 973 exemplum
708 913 843 967 dedit,
875 922 924 958 ut
955 912 1041 972 ipsi
1073 913 1255 972 quidem
1287 913 1474 957 virtutes
1506 926 1610 956 suas
1642 912 1863 956 occultari
1894 912 2067 957 deside-

100 991 218 1035 rent,
245 990 290 1026 et
314 990 471 1026 tamen
497 990 546 1025 ut
571 980 648 1024 alii
673 994 834 1025 eorum
861 979 1071 1038 exemplo
1098 979 1353 1039 proficiant,
1379 979 1628 1037 prodantur
1651 979 1779 1023 inviti
1806 995 1847 1034 »3
1874 979 1938 1024 sic
1955 992 2066 1038 ergo

39 1055 43 1109 ζ
101 1058 397 1109 praeceptum
421 1047 534 1093 illud
566 1048 833 1107 designabat
856 1047 1143 1092 voluntatem
1169 1047 1323 1105 ipsius,
1350 1048 1426 1106 qui
1452 1046 1702 1091 humanam
1727 1045 1923 1105 gloriam
1950 1045 2068 1090 refu-

100 1114 270 1175 giebat,
292 1116 546 1161 secundum
571 1115 684 1160 illud
704 1115 836 1174 Joan.
865 1115 928 1160 8.:
954 1116 1044 1174 Ego
1059 1115 1241 1174 gloriam
1257 1128 1394 1159 meam
1411 1129 1495 1159 non
1512 1129 1664 1173 quaero
1678 1131 1694 1158 .·
1711 1113 1896 1158 volebat
1911 1123 2065 1158 tamen

100 1181 324 1237 absolute,
356 1183 624 1242 praesertim
655 1182 908 1227 secundum
941 1181 1143 1226 divinam
1174 1180 1476 1235 voluntatem,
1509 1190 1557 1225 ut
1589 1180 1895 1240 publicaretur
1934 1180 2067 1225 mira-

44 1249 57 1298 i·
102 1248 260 1295 culum
283 1248 456 1295 factum
482 1260 667 1309 propter
694 1249 891 1293 aliorum
912 1248 1168 1293 utilitatem.

102 1348 107 1352 ‚.
190 1316 269 1361 AD
301 1329 518 1362 TER’HUM
551 1317 809 1371 dicendum,
837 1316 959 1375 quod
993 1315 1205 1361 Christus
1238 1315 1410 1370 orabat,
1449 1326 1495 1360 et
1529 1330 1612 1374 pro
1645 1315 1717 1360 his
1753 1329 1870 1374 quae
1901 1316 2066 1360 virtute

101 1382 255 1428 divina
279 1383 431 1429 fienda
456 1393 599 1438 erant,
625 1394 670 1428 et
694 1397 776 1443 pro
803 1384 874 1428 his
902 1384 1042 1427 etiam
1063 1397 1180 1443 quae
1206 1384 1410 1428 humana
1438 1383 1673 1428 voluntate
1710 1393 1808 1427 erat
1840 1382 2067 1438 facturus;

101 1450 209 1510 quia
232 1450 387 1506 virtus,
420 1460 465 1496 et
489 1451 695 1510 operatio
723 1451 903 1495 animae
931 1450 1105 1496 Christi
1132 1450 1452 1511 dependebant
1478 1465 1504 1495 a
1534 1451 1653 1504 Deo,
1687 1451 1764 1510 qui
1795 1456 1991 1511 operatur
2021 1451 2067 1495 in

99 1519 220 1564 nobis
240 1517 359 1573 vello,
384 1524 423 1564 et
437 1519 650 1579 perficere,
678 1528 728 1563 ut
752 1518 916 1563 dicitur
937 1518 1102 1578 Philip.
1130 1531 1170 1563 2.

743 1842 1191 1920 QUAESTIO
1241 1842 1414 1903 XIV.

245 1991 327 2040 DE
371 1998 736 2041 DEFECTIBUS
784 1999 1070 2040 CORPORIS
1116 1997 1437 2041 ASSUMPTIS
1484 2000 1526 2039 A
1571 1997 1731 2039 FILIO
1777 1998 1901 2049 DEI,

556 2088 624 2129 IN
670 2087 959 2141 QUATUOR
1004 2088 1334 2130 ARTICULOS
1373 2089 1594 2130 DIVISA.

186 2254 369 2302 Deinde
394 2257 778 2303 considerandum
805 2267 871 2303 est
888 2258 944 2303 de
961 2258 1224 2313 defectibus,
1248 2272 1364 2318 quos
1387 2257 1598 2303 Christus
1614 2257 1662 2302 in
1678 2257 1881 2302 humana
1902 2266 2063 2301 natura

41 2347 52 2375 :4
99 2323 366 2382 assumpsit:
393 2334 438 2369 et
454 2326 599 2384 primo
625 2325 682 2369 de
709 2324 958 2370 defectibus
986 2326 1216 2386 corporis;
1239 2326 1413 2372 secando
1437 2325 1492 2373 de
1520 2324 1768 2370 defectibus
1793 2324 1988 2368 animae·

661 2438 790 2484 Circa
810 2440 1005 2499 primum
1030 2445 1289 2498 quaeruntur
1314 2445 1506 2498 quatuor.

54 2545 57 2583 g
187 2524 360 2572 Primo.
382 2525 550 2572 Utrum
574 2526 714 2573 Filius
738 2528 830 2573 Dei
856 2543 1088 2574 assumere
1113 2528 1318 2574 debuerit
1347 2529 1393 2572 in
1426 2529 1629 2573 humana
1661 2537 1823 2572 natura
1856 2526 2059 2587 corporis

37 2628 69 2654 ⁴„
100 2590 314 2638 defectus.
550 2638 552 2641 ,
631 2612 635 2615 ·

158 2662 161 2666 “
189 2659 418 2706 Secundo.
444 2661 611 2707 Utrum
637 2663 930 2721 assumpserit
953 2663 1273 2708 necessitatem
1298 2663 1369 2708 his
1397 2662 1646 2708 defectibus
1672 2662 1950 2722 subjacendi.

61 2751 69 2761 κ
103 2755 104 2758 =
189 2725 364 2772 Tertio.
391 2727 559 2772 Utrum
582 2729 669 2774 hos
696 2729 898 2775 defectus
926 2732 1214 2776 contraxerit.

189 2793 384 2848 Quarto.
411 2795 577 2841 Utrum
603 2810 766 2842 omnes
792 2798 1059 2856 hujusmodi
1083 2797 1285 2843 defectus
1312 2798 1620 2858 assumpserit.

1459 2937 1477 2963 ὸ

814 2967 1250 3027 ARTICULUS
1291 2970 1333 3026 Ι.
2001 2981 2058 3028 86

102 3143 111 3150 .
172 3097 376 3151 UTRUM„
405 3101 581 3141 FILIUS
621 3102 717 3142 DEI
756 3103 814 3143 IN
853 3103 1087 3145 HUMANA
1125 3105 1350 3144 NATURA
1389 3106 1669 3145 ASSUMERE
1709 3105 1983 3144 DEBUERIT

772 3178 1040 3219 CORPORIS
1082 3181 1387 3220 DEFECTUS.

101 3279 157 3348 (3.
180 3280 292 3329 Dist.
310 3298 366 3344 15.
382 3298 420 3345 q.
446 3299 482 3331 r.
508 3291 588 3331 art.
609 3301 645 3332 r.
662 3287 821 3334 etDist.
844 3303 912 3334 22.
931 3305 968 3349 q.
991 3305 1032 3336 2.
1050 3297 1132 3335 art.
1156 3307 1190 3336 r.
1205 3306 1243 3350 q.
1263 3307 1296 3337 1.
1316 3299 1428 3352 corp.
1457 3298 1496 3337 et
1516 3291 1586 3336 lib.
1605 3306 1647 3349 4.
1669 3292 1814 3336 Contr.
1831 3305 1869 3349 g.
1889 3297 1982 3350 cap.
1996 3303 2056 3350 55.

806 3361 844 3400 et
868 3363 1004 3416 opusc.
1030 3372 1070 3403 2.
1098 3366 1188 3418 cap.
1216 3359 1303 3404 226
1307 3360 1353 3416 .).

35 3451 133 3503 :²:21
191 3460 268 3507 An
283 3474 472 3507 numm
489 3463 554 3507 sic
566 3466 837 3522 proceditur.
854 3466 1063 3522 Videtur,
1081 3470 1202 3527 quod
1225 3469 1364 3513 Filius
1376 3469 1465 3513 Dei
1486 3482 1579 3513 non
1602 3467 1807 3513 debuerit
1825 3482 2055 3519 assumere

37 3510 68 3565 ἵ»
101 3523 354 3573 humanam
378 3538 588 3574 naturam
604 3545 711 3576 cum
729 3534 934 3592 corporis
960 3533 1232 3581 defectibus:
1259 3536 1377 3580 sicut
1402 3536 1524 3579 enim
1551 3536 1704 3578 anima
1730 3535 1856 3580 unita
1878 3546 1947 3583 est
1961 3550 2057 3594 per-

22 3563 60 3594 {a

15 3598 71 3678 a]
98 3593 320 3639 tonaliter
342 3593 496 3640 Verbo
521 3596 624 3652 Dei,
656 3598 719 3643 ita
745 3609 790 3644 et
815 3613 1006 3660 corpus:
1047 3601 1125 3646 sed
1163 3602 1316 3646 anima
1353 3601 1524 3646 Christi
1551 3601 1709 3646 habuit
1735 3603 2054 3651 omnimodam
