2352 3926
634 231 912 280 QUABSTIO
953 231 1120 271 van.
1159 229 1469 272 AR’rlctJLus
1506 229 1543 269 1.
1950 229 2030 285 §7
2043 229 2063 267 1

114 335 225 380 catis
246 331 445 379 maxime
469 333 519 379 fit
540 349 620 394 per
642 335 934 393 baptismum,
961 334 1212 379 secundum
1243 332 1355 378 illud
1387 332 1554 391 Ephes.
1585 343 1643 388 5.:
1666 329 1877 375 Mundam
1901 343 1992 375 eam
2015 329 2072 374 la-

110 415 242 448 vacro
259 416 390 461 aquae
407 403 451 446 in
471 404 597 446 verbo
616 404 746 454 vitae5
765 415 875 461 ergo
899 401 1090 457 videtur,
1110 401 1232 461 quod
1249 399 1477 459 baptizare
1494 400 1715 457 pertineat
1736 396 1791 441 ad
1811 396 2071 441 diaconum.

171 482 173 485 ’
205 482 243 528 3.
260 468 557 514 PRAETEREA.
573 469 644 514 De
660 469 795 514 beato
814 468 1059 513 Laurentio
1087 468 1264 527 legitur,
1287 466 1408 526 quod
1437 480 1543 510 cum
1569 466 1666 524 ipse
1692 474 1810 510 esset
1835 464 2071 518 diaconus,

43 551 45 554 ·
111 533 333 596 plurimos
359 535 637 596 baptizabat3
665 550 775 595 ergo
796 535 988 589 videtur,
1015 536 1137 594 quod
1165 535 1219 579 ad
1247 535 1467 578 diaconos
1493 533 1714 592 pertineat
1738 531 1980 591 baptizare.

202 602 297 647 SED
324 616 519 648 CONTRA
546 613 626 658 est,
654 603 775 662 quod
804 602 1012 647 Gelasius
1038 602 1072 645 I.
1100 615 1216 661 papa
1242 601 1352 645 dixit
1377 601 1516 660 (epist.
1544 615 1584 659 9.
1609 608 1700 659 cap.
1730 613 1767 659 7.
1798 598 2002 657 Concil.),
2028 607 2073 643 et

110 668 303 714 habetur
328 671 374 714 in
400 670 583 715 Decret.
610 683 681 730 93.
709 669 901 714 distinct.
931 667 1040 727 (cap.
1072 668 1180 727 13.).·
1206 685 1230 710 c<
1247 668 1483 711 Diaconos
1502 666 1733 726 propriam
1753 665 2071 711 constituimus

110 736 352 781 observare
378 750 641 782 mensuram
668 753 709 790 >›,
739 746 782 780 et
806 733 945 779 infra:
977 750 1000 776 «
1026 734 1213 793 Absque
1248 734 1482 793 episcopo,
1508 733 1583 777 vel
1623 733 1886 793 presbytero
1932 731 2073 792 bapti-

109 817 212 848 zare
232 818 327 849 non
353 804 562 859 audeant,
588 804 675 847 nisi
691 801 930 862 praedictis
949 800 1182 846 ordinibus
1197 800 1390 845 fortasse
1413 800 1597 858 longius
1624 800 1893 855 constitutis,
1918 812 2072 845 neces-

110 870 219 915 sitas
245 880 448 915 extrema
474 869 724 930 compellat
740 886 782 913 >›.

198 936 487 984 Responnno
528 936 786 991 dicendum,
813 936 937 995 quod
973 935 1091 980 sicut
1126 933 1398 979 coelestium
1435 933 1647 978 ordinum
1680 933 1993 994 proprietates,
2025 942 2071 979 et

111 1017 273 1050 eorum
296 1003 448 1049 officia
474 1019 528 1050 ex
546 1017 706 1048 eorum
723 1003 985 1047 nominibus
1007 1002 1303 1061 accipiuntur,
1328 1011 1378 1045 ut
1402 1001 1596 1060 Dionys.
1623 1000 1732 1045 dicit
1754 1014 1794 1059 7.
1818 1015 1915 1060 cap.
1934 999 2068 1046 Coel.

109 1070 285 1116 Hierar.
308 1072 375 1130 (in
395 1071 570 1132 princ),
597 1071 659 1115 ita
686 1070 825 1115 etiam
863 1085 916 1115 ex
941 1069 1204 1114 nominibus
1232 1067 1654 1113 ecclesiasticorum
1680 1068 1892 1112 ordinum
1925 1066 2071 1127 accipi

108 1148 271 1199 potest,
297 1138 404 1198 quid
431 1138 487 1183 ad
514 1151 886 1198 unumquemque
918 1137 1140 1196 pertineat
1172 1136 1396 1180 ordinem.
1427 1135 1654 1180 Dicuntur
1687 1145 1839 1179 autem
1872 1134 2069 1190 diaconi,

108 1206 239 1266 quasi
263 1206 469 1261 ministri,
495 1206 601 1266 quia
625 1205 837 1250 videlicet
864 1206 919 1249 ad
937 1206 1155 1249 diaconos
1178 1217 1273 1247 non
1297 1203 1491 1263 pertinet
1517 1201 1702 1261 aliquod
1728 1211 2067 1246 sacramentum
2121 1235 2125 1239 .

107 1272 430 1333 principaliter,
457 1283 501 1317 et
527 1273 656 1332 quasi
681 1287 735 1317 ex
761 1272 947 1332 proprio
976 1270 1130 1316 officio
1157 1270 1389 1330 praebere,
1415 1269 1495 1314 sed
1518 1269 1732 1314 adhibere
1764 1268 2068 1321 ministerium

109 1339 208 1386 aliis
233 1340 481 1400 majoribus
506 1342 553 1385 in
579 1350 974 1384 sacramentorum
1000 1338 1299 1383 exhibitione:
1324 1346 1370 1382 et
1389 1336 1454 1381 sic
1480 1337 1537 1381 ad
1571 1337 1818 1381 diaconum
1849 1350 1944 1380 non
1974 1350 2070 1395 per-

107 1407 234 1463 tinet,
259 1407 389 1467 quasi
413 1420 469 1452 ex
493 1407 678 1467 proprio
705 1406 876 1462 officio,
907 1406 1085 1451 tradere
1112 1414 1451 1450 sacramentum
1477 1403 1705 1462 baptismi,
1736 1403 1817 1448 sed
1854 1403 1902 1447 in
1934 1401 2071 1448 colla-

109 1474 236 1519 tione
261 1474 396 1533 hujus
428 1474 715 1530 sacramenti,
741 1484 786 1519 et
819 1473 1014 1518 aliorum
1042 1472 1265 1528 assistere,
1293 1483 1338 1516 et
1363 1471 1619 1516 ministrare
1645 1471 1917 1530 majoribus:
1952 1470 2072 1515 unde

111 1541 313 1586 Isidorus
338 1541 447 1586 dicit
462 1541 530 1599 (in
550 1543 663 1601 epist.
675 1541 737 1586 ad
761 1540 1010 1600 Laudefred.
1028 1555 1131 1599 quae
1147 1540 1241 1584 hab.
1262 1538 1423 1584 concil.
1435 1545 1531 1598 post
1549 1538 1679 1584 Cone.
1705 1538 1831 1583 Tolet.
1849 1539 1931 1597 8.).·
1948 1553 1972 1580 «
1994 1538 2069 1582 Ad

112 1608 359 1653 diaconum
394 1609 587 1668 pertinet
619 1608 842 1663 assistere,
877 1617 922 1652 et
956 1608 1214 1652 ministrare
1255 1606 1566 1651 sacerdotibus
1606 1605 1654 1650 in
1690 1605 1918 1660 omnibus,
1953 1619 2070 1664 quae

114 1684 308 1735 aguntur
332 1677 380 1720 in
404 1675 699 1720 sacramentis
729 1675 915 1730 Christi,
932 1675 979 1719 in
995 1675 1223 1734 baptismo
1240 1672 1430 1728 scilicet,
1451 1673 1499 1717 in
1533 1673 1793 1727 chrismate,
1821 1672 1868 1717 in
1889 1683 2070 1732 patena,

110 1751 156 1788 et
181 1741 323 1787 calice
344 1758 387 1786 n.

192 1810 269 1854 An
293 1821 483 1855 mmmm
509 1823 618 1868 ergo
645 1809 904 1864 dicendum,
931 1808 1054 1868 quod
1078 1808 1133 1853 ad
1160 1808 1408 1853 diaconum
1433 1808 1628 1867 pertinet
1652 1809 1843 1853 recitare
1866 1807 2068 1866 Evange-

112 1875 226 1921 lium
251 1877 299 1921 in
324 1875 545 1930 Ecclesia,
584 1886 629 1921 et
663 1876 925 1936 praedicare
957 1876 1109 1936 ipsum
1144 1890 1224 1935 per
1257 1876 1448 1920 modum
1486 1875 1823 1919 catechizantis
1857 1874 1991 1919 Unde
2024 1881 2089 1919 etv

107 1942 301 2003 Dionys.
328 1943 437 1988 dicit
462 1943 574 2003 (cap.
602 1957 639 2002 5.
671 1944 824 1988 Eccles.
851 1944 973 1988 Hier.
1001 1945 1076 1988 cir.
1102 1942 1209 1987 med.
1242 1948 1279 1987 et
1311 1950 1400 2002 cap.
1423 1943 1497 2002 3.),
1526 1942 1648 2001 quod
1685 1942 1867 1986 diaconi
1898 1941 2069 1986 habent

109 2009 314 2055 officium
339 2024 473 2070 super
497 2010 776 2064 immundos,
813 2010 930 2054 inter
956 2023 1071 2069 quos
1096 2009 1226 2068 ponit
1251 2009 1628 2054 catechumenos:
1657 2009 1736 2053 sed
1754 2009 1935 2064 docere,
1951 2008 2067 2053 idest

108 2091 335 2139 exponere
359 2077 676 2137 Evangelium,
702 2078 896 2137 pertinet
919 2079 1101 2137 proprie
1128 2077 1185 2122 ad
1211 2077 1494 2136 episcopum,
1522 2078 1650 2135 cujus
1677 2086 1804 2120 actus
1843 2086 1912 2121 est
1941 2075 2069 2134 perfi-

109 2158 228 2200 cere,
253 2145 504 2191 secundum
543 2145 821 2205 Dionysium
852 2158 888 2202 5.
926 2159 1024 2204 cap.
1057 2143 1405 2189 Ecclesiasticae
1444 2144 1740 2188 Hierarchiae
1776 2143 1893 2202 (ante
1923 2142 2067 2202 med).

108 2212 332 2258 Perficere
359 2222 514 2258 autem
537 2212 660 2257 idem
686 2222 767 2266 est,
794 2212 916 2272 quod
942 2212 1122 2266 docere,
1145 2212 1265 2256 unde
1281 2225 1375 2255 non
1397 2211 1612 2271 sequitur,
1629 2211 1752 2270 quod
1770 2211 1826 2255 ad
1844 2211 2065 2255 diaconos

108 2280 330 2339 pertineat
356 2278 559 2325 officium
584 2280 854 2339 baptizandi.

195 2347 273 2392 AD
290 2359 552 2392 SECUNDUM
569 2346 829 2401 dicendum,
847 2346 984 2406 quod,
999 2346 1116 2391 sicut
1132 2346 1325 2405 Dionys.
1344 2345 1453 2391 dicit
1469 2346 1516 2389 in
1534 2358 1574 2390 2.
1597 2345 1721 2390 Eccl.
1747 2346 1871 2390 Hier.
1889 2345 2065 2406 (parum

105 2426 134 2460 a
152 2415 326 2474 princ),
351 2414 600 2474 baptismus
635 2428 731 2458 non
766 2413 918 2459 solum
943 2414 1081 2458 habet
1112 2413 1414 2472 purgativam,
1432 2413 1509 2458 sed
1540 2413 1679 2458 etiarn
1714 2412 2066 2458 illuminativam

107 2481 337 2537 virtutem,
363 2490 409 2527 et
432 2482 537 2526 ideo
564 2481 742 2526 excedit
766 2480 970 2526 officium
996 2481 1193 2536 diaconi,
1217 2480 1272 2524 ad
1300 2495 1436 2540 quem
1464 2481 1657 2540 pertinet
1683 2479 1835 2525 solum
1858 2495 2066 2540 purgare,

108 2547 283 2594 scilicet
303 2548 379 2594 vel
404 2548 666 2608 repellendo
692 2548 972 2604 immundos,
1002 2547 1077 2593 vel
1108 2548 1394 2608 disponendo
1422 2562 1502 2592 eos
1530 2548 1587 2592 ad
1613 2548 1888 2594 sacramenti
1919 2562 2066 2593 susce-

108 2614 328 2674 ptionem.

196 2681 274 2727 An
298 2694 516 2728 TERTIUM
540 2683 798 2738 dicendum,
824 2683 947 2743 quod
979 2683 1086 2743 quia
1116 2683 1370 2742 baptismus
1398 2693 1466 2727 est
1496 2693 1835 2728 sacramentum
1871 2683 2064 2728 necessi-

107 2748 227 2803 tatis,
251 2749 523 2809 permittitur
538 2750 757 2806 diaconis,
774 2750 1044 2796 necessitate
1061 2759 1266 2809 urgente,
1284 2751 1330 2795 in
1347 2751 1549 2795 absentia
1566 2752 1794 2809 maiorum
1810 2751 2038 2810 baptizare
2052 2765 2069 2805 ;Δ

109 2818 225 2862 sicut
250 2825 375 2875 patet
395 2831 448 2861 ex
470 2818 737 2862 auctoritate
756 2817 930 2863 Gelasii
955 2833 1088 2877 supra
1105 2817 1289 2862 inducta
1308 2818 1374 2876 (in
1389 2832 1478 2878 arg.
1495 2818 1560 2864 sed
1575 2820 1718 2877 cont).
1736 2818 1793 2862 Et
1812 2818 1904 2863 hoc
1922 2817 2063 2862 modo

0 2871 30 2919 st
107 2884 266 2928 beatus
291 2882 559 2928 Laurentius
585 2884 803 2930 diaconus
830 2885 1024 2930 existens
1050 2885 1306 2944 baptizavit.

809 3032 1242 3091 ARTICULUS
1295 3034 1365 3089 Π.
1980 3058 2062 3105 377

182 3152 376 3192 UTRUM
409 3152 706 3193 BAPTIZARE
738 3154 1044 3193 PERTINEAT
1084 3154 1158 3193 AD
1201 3155 1469 3193 OFFICIUM
1505 3151 1987 3192 PRESBYTERORUM.

261 3248 326 3306 (4.
359 3248 470 3292 Dist.
499 3262 535 3307 5.
569 3263 606 3307 q.
639 3262 679 3293 2.
713 3255 794 3294 art.
827 3264 862 3294 1.
896 3264 933 3309 q.
966 3264 1004 3294 2.
1038 3256 1075 3294 et
1105 3251 1215 3294 Dist.
1250 3263 1287 3310 7.
1321 3265 1359 3309 q.
1393 3266 1427 3295 1.
1462 3254 1542 3293 art.
1576 3264 1611 3293 1.
1643 3263 1680 3306 q.
1710 3262 1746 3306 3.
1787 3254 1903 3307 corp.

313 3321 352 3359 et
371 3315 482 3359 Dist.
508 3328 571 3374 17.
589 3330 627 3374 q.
651 3330 686 3373 3.
714 3321 792 3359 art.
816 3330 852 3375 3.
875 3330 914 3374 q.
939 3330 978 3361 2.
1003 3323 1113 3375 corp.
1137 3323 1175 3361 et
1200 3317 1308 3361 Dist.
1328 3330 1395 3372 24.
1414 3331 1451 3374 q.
1479 3331 1517 3360 2.
1546 3321 1625 3359 art.
1653 3329 1691 3359 2.
1710 3313 1764 3358 ad
1779 3315 1850 3372 1.).

195 3418 271 3462 AD
305 3431 565 3463 SECUNDUM
596 3419 660 3462 sic
686 3417 956 3476 proceditur.
982 3418 1185 3474 Videtur,
1219 3420 1338 3479 quod
1366 3420 1593 3478 baptizare
1623 3432 1715 3462 non
1749 3418 1970 3477 pertineat
2002 3419 2058 3464 ad

106 3483 309 3530 officium
341 3485 722 3544 presbyterorum,
764 3484 844 3530 sed
884 3485 1035 3530 solum
1073 3487 1420 3546 episcoporum:
1462 3486 1582 3544 quia,
1622 3485 1739 3530 sicut
1778 3485 1952 3531 dictum
1991 3496 2058 3532 θεῖ

2 3556 29 3616 J
106 3552 167 3612 (q.
192 3560 333 3612 praec.
357 3558 439 3597 art.
467 3566 504 3610 5.
523 3562 617 3610 arg.
645 3566 684 3597 2.
711 3558 747 3596 et
771 3557 853 3597 art.
874 3560 1016 3612 praec.
1043 3567 1132 3612 arg.
1154 3555 1228 3610 1.),
1256 3553 1337 3598 sub
1365 3553 1528 3597 eodem
1548 3562 1791 3611 praecepto
1814 3553 2060 3613 injungitur

106 3618 266 3663 Matth.
288 3618 367 3663 ult.
391 3617 592 3663 officium
621 3618 828 3673 docendi,
863 3628 908 3663 et
943 3620 1221 3678 baptizandi:
1255 3620 1334 3665 sed
1370 3620 1551 3673 docere,
1577 3620 1699 3678 quod
1726 3629 1794 3664 est
1825 3619 2055 3679 perficere,
