2352 3926
203 204 302 258 118
690 264 695 270 ,
746 213 1025 261 QUAESTIO
1066 214 1119 252 x.
1160 212 1470 255 Alimentus
1509 212 1587 252 111.

892 420 1326 504 ARTICULUS
1370 421 1472 478 ΠΙ.
2000 403 2023 474 1
2075 421 2157 494 φ

336 559 527 598 UTRUM
566 557 738 597 ANIMA
779 557 999 596 CHRISTI
1037 557 1096 598 IN
1132 558 1311 598 vizano
1354 556 1711 598 coGNovssm‘r
1751 533 2129 610 INFmTA.'*³'Jf[

195 669 332 727 (Part.
359 684 394 714 ι.
418 684 455 727 q.
482 682 546 725 14.
574 674 655 713 art.
682 683 745 713 12.
769 675 808 713 et
827 684 863 727 3.
890 669 1004 713 Dist.
1034 681 1102 725 14.
1129 674 1210 713 art.
1243 682 1283 713 2.
1316 682 1355 727 q.
1387 681 1430 725 4.
1464 667 1517 711 ad
1541 681 1583 712 2.
1614 673 1651 711 et
1691 667 1799 711 Veri.
1825 679 1864 725 q.
1891 679 1963 711 20.
1994 670 2080 711 art,
2111 671 2155 722 4.

650 742 688 780 et
715 736 868 792 Quodl.
889 750 926 795 3.
953 750 992 794 q.
1015 749 1054 780 2.
1077 741 1157 780 art.
1183 750 1220 780 r.
1246 741 1285 780 et
1308 742 1444 794 opusc.
1471 749 1512 793 9.
1540 748 1578 793 q.
1604 735 1706 792 81).

283 850 359 892 AD
393 861 608 893 TERTmM
634 850 698 892 sic
721 848 992 907 proceditur.
1015 847 1222 902 Videtur,
1249 846 1372 906 quod
1398 846 1552 891 anima
1579 845 1752 891 Christi
1781 858 1878 890 non
1909 842 2055 904 possit
2085 856 2159 888 co·

197 930 417 976 gnoscere
443 916 618 960 infinita
640 917 686 960 in
703 916 878 960 Verbo:
907 915 1029 975 quod
1057 915 1180 960 enim
1207 914 1436 959 infinitum
1463 924 1784 974 cognoscatur,
1806 921 2030 972 repugnat
2050 911 2159 957 ,defi-

194 983 357 1028 nitioni
382 983 559 1037 infiniti,
586 993 720 1041 prout
745 983 908 1027 dicitur
932 983 980 1026 in
1010 997 1048 1042 3.
1074 982 1312 1042 Physicor.
1348 981 1446 1039 (tex.
1479 981 1566 1040 63.)
1599 980 1721 1040 quod
1756 997 1781 1022 «
1812 979 2042 1025 infinitum
2073 987 2158 1032 est,

197 1052 323 1110 cujus
348 1051 647 1110 quantitatem
674 1050 1014 1110 accipientibus,
1040 1063 1222 1109 semper
1247 1059 1317 1094 est
1340 1049 1510 1108 aliquid
1539 1059 1663 1093 extra
1689 1048 1896 1108 accipere
1921 1061 1964 1091 »ε
1990 1046 2160 1106 impos·-

197 1118 324 1163 sibile
353 1128 504 1162 autem
528 1128 595 1162 est
612 1118 925 1163 definitionem
943 1132 969 1161 a
986 1116 1172 1162 definito
1191 1116 1413 1176 separari;
1436 1116 1542 1176 quia
1556 1116 1648 1161 hoc
1670 1125 1790 1160 esset
1804 1114 2160 1160 contradictoria

200 1200 300 1231 esse
326 1186 483 1239 simul3
511 1200 620 1244 ergo
647 1184 930 1245 impossibile
958 1195 1038 1239 est,
1066 1184 1189 1244 quod
1216 1184 1370 1228 anima
1397 1183 1571 1228 Christi
1591 1183 1707 1228 sciat
1730 1182 1920 1229 infinita.

296 1265 336 1298 2.
360 1253 656 1298 PRAETEREA.
675 1252 962 1297 Infinitorum
979 1252 1169 1297 scientia
1182 1261 1250 1297 est
1265 1251 1460 1296 infinita:
1481 1251 1561 1296 sed
1577 1251 1767 1296 scientia
1789 1251 1969 1296 animae
1986 1248 2161 1298 Christi

197 1335 291 1365 non
318 1330 468 1379 potest
494 1334 591 1365 esse
616 1320 813 1364 infinita:
842 1330 910 1364 est
936 1320 1059 1364 enim
1085 1319 1315 1379 capacitas
1341 1320 1438 1378 eJus
1463 1317 1604 1373 finita,
1631 1331 1739 1363 cum
1768 1317 1828 1363 sit
1858 1326 2033 1364 creata-z
2064 1328 2161 1363 non

200 1401 309 1447 ergo
334 1388 487 1431 anima
515 1387 687 1432 Christi
711 1397 860 1447 potest
886 1400 1169 1446 cognoscere
1194 1385 1384 1430 infinita.

291 1469 328 1514 3.
361 1454 659 1500 PRAETEREA.
686 1454 868 1499 Infinito
901 1468 997 1498 non
1028 1463 1179 1514 potest
1210 1467 1310 1498 esse
1343 1452 1512 1512 aliquid
1544 1453 1716 1511 majus:
1748 1451 1829 1498 sed
1859 1450 1990 1512 phua
2021 1450 2164 1501 conti-

197 1532 363 1566 nentur
383 1522 431 1565 in
457 1522 647 1566 scientia
672 1522 839 1577 divina,
862 1521 1067 1566 absolute
1084 1520 1333 1580 loquendo,
1351 1533 1491 1579 quam
1511 1520 1559 1564 in
1574 1519 1764 1564 scientia
1780 1517 2163 1574 animaechrisfi,

200 1599 248 1633 ut
275 1589 446 1633 dictum
469 1599 537 1633 est
559 1588 661 1646 (art.
682 1591 847 1649 praec.)
861 1605 877 1642 ,·
907 1603 1018 1648 ergo
1046 1589 1200 1633 anima
1228 1587 1402 1632 Christi
1426 1601 1522 1632 non
1549 1587 1792 1646 cognoscit
1814 1585 2004 1633 infinita.

290 1655 384 1700 SED
412 1669 620 1701 CONTRA.
649 1656 820 1700 Anima
847 1656 1021 1701 Christi
1046 1655 1288 1715 cognoscit
1311 1664 1458 1700 totam
1484 1669 1616 1699 suam
1638 1655 1908 1713 potentiam,
1923 1663 1970 1700 et
1989 1652 2162 1708 omnia,

199 1723 246 1766 in
273 1737 388 1781 quae
410 1732 581 1781 potest:
608 1733 759 1782 potest
780 1734 933 1768 autem
958 1724 1006 1768 in
1034 1723 1412 1768 emundationem
1437 1721 1722 1766 infinitorum
1753 1730 2074 1782 peccatorum,
2097 1733 2164 1769 se·

202 1790 402 1834 cundum
428 1789 538 1833 illud
558 1789 690 1848 Joan.
718 1803 780 1834 2.:
803 1791 893 1851 Ipse
914 1797 968 1836 est
992 1792 1243 1851 propitiatio
1267 1798 1349 1850 pro
1374 1791 1559 1850 peccatis
1588 1790 1767 1835 nostris:
1797 1802 1884 1835 non
1912 1794 2053 1834 autem
2075 1794 2162 1848 pm)

201 1858 350 1901 nostris
381 1863 558 1912 tantum,
580 1858 646 1902 sed
677 1860 801 1903 etiam
819 1866 902 1918 pro
937 1861 1057 1903 totius
1087 1858 1260 1911 mundi;
1296 1871 1406 1917 ergo
1441 1857 1593 1902 anima
1626 1856 1800 1902 Christi
1828 1855 2072 1917 cognosc-it
2097 1854 2165 1905 in·

199 1923 338 1968 finita.

288 1991 577 2036 RESPONm-:o
604 1992 863 2047 dicendum,
891 1992 1013 2052 quod
1039 1993 1229 2037 scientia
1254 2006 1349 2037 non
1382 2002 1450 2036 est
1479 1992 1566 2036 nisi
1598 1992 1736 2046 entis;
1769 2005 1826 2037 eo
1857 1990 1981 2051 quod
2004 2004 2088 2036 ens
2119 1998 2165 2037 et

200 2071 361 2101 verum
385 2068 733 2104 convertuntur:
760 2060 983 2119 dupliciter
1009 2069 1162 2104 autem
1196 2060 1357 2104 dicitur
1391 2059 1560 2118 aliquid
1594 2072 1696 2103 ens:
1730 2073 1813 2103 uno
1844 2058 1966 2104 modo
1996 2056 2166 2118 simpli-

202 2126 325 2178 citer,
354 2125 475 2183 quod
502 2125 677 2170 scilicet
703 2136 771 2170 est
797 2141 875 2170 ens
901 2137 1027 2170 actu:
1055 2128 1141 2171 alio
1167 2127 1287 2171 modo
1315 2126 1568 2170 secundum
1595 2126 1716 2185 quid,
1743 2126 1866 2185 quod
1890 2124 2067 2171 scilicet
2096 2133 2164 2170 est

200 2205 279 2235 ens
305 2193 351 2235 in
379 2193 603 2250 potentia3
627 2202 671 2237 et
697 2193 816 2252 quia,
839 2203 889 2237 ut
910 2194 1071 2238 dicitur
1096 2195 1142 2238 in
1168 2208 1209 2254 9.
1237 2194 1438 2252 Metaph.
1464 2193 1564 2250 (tex.
1587 2194 1676 2251 20.)
1705 2192 2065 2252 unumquodque
2090 2205 2166 2237 co·

199 2259 451 2317 gnoscitur,
479 2260 731 2303 secundum
758 2260 880 2318 quod
908 2271 973 2304 est
1007 2271 1124 2315 actu,
1157 2275 1252 2305 non
1285 2271 1439 2304 autem
1471 2261 1726 2304 secundum
1758 2259 1882 2319 quod
1913 2268 1981 2304 est
2009 2259 2058 2304 in
2087 2271 2167 2319 po-

198 2326 353 2379 tentia,
395 2326 584 2370 scientia
616 2328 765 2386 primo
800 2337 845 2371 et
876 2327 1184 2387 principaliter
1218 2328 1401 2387 respicit
1433 2342 1512 2371 ens
1546 2337 1663 2381 actu,
1700 2325 1971 2371 secundario
2008 2334 2164 2373 autem

198 2393 381 2451 respicit
403 2407 481 2437 ens
509 2394 551 2437 in
579 2395 806 2452 potentia3
834 2395 955 2453 quod
984 2395 1168 2453 quidem
1199 2409 1294 2438 non
1330 2394 1583 2438 secundum
1615 2394 1817 2452 seipsum
1849 2392 2163 2452 cognoscibile

202 2470 284 2514 est,
311 2460 389 2504 sed
415 2461 667 2504 secundum
696 2462 818 2520 quod
845 2462 1140 2520 cognoscitur
1165 2461 1291 2517 illud,
1307 2462 1354 2504 in
1372 2462 1497 2519 cujus
1515 2461 1716 2520 potentia
1739 2460 1910 2506 existit:
1940 2469 2164 2520 quantum

198 2527 335 2586 igitur
362 2528 417 2571 ad
435 2527 625 2586 primum
653 2529 844 2572 modum
870 2529 1102 2583 scientiae,
1129 2531 1274 2573 anima
1301 2527 1461 2573 Christi
1485 2543 1570 2572 non
1600 2529 1677 2572 scit
1708 2529 1899 2587 infinita:
1931 2528 2038 2588 quia
2067 2541 2164 2573 non

201 2605 305 2638 sunt
327 2594 501 2638 infinita
532 2595 579 2638 in
613 2606 729 2649 acm,
763 2596 941 2640 etiamsi
974 2596 1253 2655 accipiantur
1287 2596 1443 2639 omnia
1476 2609 1794 2654 quaecumque
1826 2605 1932 2640 sunt
1962 2595 2010 2640 in
2043 2605 2163 2650 actu,

201 2662 453 2706 secundum
480 2663 802 2721 quodcumque
828 2673 1032 2722 tem-pus3
1061 2677 1116 2707 eo
1139 2663 1261 2722 quod
1288 2673 1429 2707 status
1453 2662 1773 2721 generationis,
1797 2672 1842 2707 et
1858 2661 2164 2722 corruptionis

199 2743 294 2774 non
322 2729 453 2773 durat
483 2730 530 2772 in
561 2729 811 2784 infinitum;
844 2730 963 2774 unde
996 2740 1063 2774 est
1096 2740 1243 2774 certus
1275 2743 1507 2783 numerus,
1540 2743 1634 2773 non
1666 2729 1818 2773 solum
1851 2743 2015 2775 eorum
2043 2744 2163 2789 quae

201 2805 304 2840 sunt
332 2796 500 2855 absque
528 2797 837 2855 generatione,
865 2806 909 2840 et
935 2797 1242 2855 corruptione,
1264 2796 1342 2840 sed
1367 2796 1504 2840 etiam
1524 2795 1868 2855 generabilium,
1886 2805 1930 2842 et
1947 2797 2165 2857 corrupti·

196 2863 371 2908 bilium.
402 2862 641 2915 Quantum
667 2878 776 2907 vero
801 2864 856 2907 ad
883 2865 1014 2908 alium
1042 2863 1233 2907 modum
1259 2864 1445 2917 sciendi,
1473 2865 1626 2907 anima
1655 2863 1827 2908 Christi
1851 2864 1899 2908 in
1914 2864 2055 2909 verbo
2077 2864 2165 2910 scit

193 2929 390 2974 infinita:
413 2930 500 2974 scit
525 2931 663 2984 enim,
691 2939 738 2974 ut
765 2931 937 2974 dictum
961 2940 1028 2975 est
1059 2931 1162 2989 (art.
1190 2930 1372 2990 praec),
1409 2932 1565 2974 omnia
1597 2944 1714 2989 quae
1748 2940 1852 2975 sunt
1882 2931 1929 2975 in
1960 2931 2165 2991 potentia

195 3007 449 3051 creaturae;
478 2998 598 3041 unde
621 3011 727 3041 cum
753 2997 799 3040 in
827 2999 1029 3056 potentia
1056 3007 1290 3042 creaturae
1317 2999 1404 3042 sint
1421 2997 1611 3051 infinita,
1630 3012 1710 3056 per
1731 2999 1854 3044 hunc
1870 2999 2062 3044 modum
2079 3006 2166 3045 scit

190 3063 379 3118 infinita,
412 3064 541 3123 quasi
572 3063 770 3123 quadam
803 3063 994 3108 scientia
1028 3064 1248 3123 simplicis
1281 3063 1625 3123 intelligentiae,
1657 3079 1752 3109 non
1785 3076 1940 3111 autem
1971 3064 2165 3112 scientia

190 3131 394 3176 visionis.
2139 3161 2141 3166 .

283 3199 357 3242 AD
381 3211 571 3243 PR1MUM
603 3212 713 3256 ergo
737 3198 998 3251 dicendum,
1027 3198 1149 3257 quod
1176 3197 1419 3252 infinitum,
1447 3198 1563 3243 sicut
1587 3198 1634 3242 in
1667 3213 1701 3243 1.
1730 3199 1904 3245 dictum
1926 3209 1999 3246 est
2032 3199 2092 3260 (q.
2124 3208 2164 3261 7.

192 3273 274 3312 art.
307 3267 382 3324 1.),
410 3267 629 3325 dupla'citer
646 3266 820 3310 dicitur.
858 3267 950 3310 Uno
972 3266 1093 3310 modo
1112 3266 1363 3311 secundum
1389 3266 1613 3311 rationem
1642 3266 1843 3312 formae:
1861 3268 1984 3313 etsie
2001 3267 2167 3313 dicitur

192 3333 418 3377 infinitum
441 3333 666 3391 negative,
690 3332 865 3377 scilicet
892 3333 936 3376 id
966 3333 1087 3391 quod
1107 3343 1174 3377 est
1195 3331 1360 3387 forma,
1385 3332 1461 3378 vel
1487 3342 1613 3378 actus
1633 3348 1725 3378 non
1742 3334 1961 3382 limitatus
1978 3349 2059 3395 per
2073 3349 2167 3381 ma·

191 3402 367 3454 teriam,
394 3400 466 3445 vel
493 3401 764 3459 subjectum,
785 3400 829 3443 in
851 3414 941 3459 quo
966 3400 1231 3459 recipiatur3
1251 3410 1295 3444 et
1312 3400 1575 3459 hujusmodi
1595 3400 1837 3456 infinitum,
1859 3410 2081 3461 quantum
2097 3411 2167 3447 est

195 3468 249 3511 de
278 3482 339 3520 se,
369 3478 434 3511 est
462 3467 662 3511 maxime
692 3466 1003 3526 cognoscibile
1022 3477 1206 3526 propter
1223 3465 1551 3527 perfectionem
1570 3478 1712 3523 actus,
1731 3469 1837 3513 licet
1857 3483 1951 3513 non
1969 3469 2027 3514 sit
2042 3482 2168 3514 com·

197 3533 501 3591 prehensibile
530 3549 553 3578 a
580 3534 783 3594 potentia
809 3533 935 3579 finita
963 3535 1219 3578 creaturae:
1254 3535 1317 3579 sic
1353 3534 1475 3578 enim
1509 3534 1670 3579 dicitur
1702 3535 1828 3580 Deus
1863 3534 2088 3592 infinitus;
2121 3544 2167 3580 et

196 3599 285 3644 talc
314 3600 541 3645 infinitum
570 3602 719 3645 anima
749 3599 922 3646 Christi
945 3603 1199 3659 cognoscit,
1234 3599 1340 3646 licet
1371 3614 1465 3645 non
1501 3602 1873 3660 comprehendat.
1907 3602 2009 3649 Alio
2040 3600 2163 3649 modo
