2352 3926
281 226 380 297 158
824 239 1104 286 Qufflsno
1142 239 1256 280 xw.
1294 240 1603 282 ARTICULUS
1640 243 1679 282 1.

818 385 950 432 Circa
968 389 1162 447 primum
1185 394 1445 448 quaeruntur
1471 386 1699 434 duodecim.

361 477 534 521 Primo.
562 477 731 521 Utrum
756 475 871 521 haec
898 476 956 521 sit
979 491 1110 524 vera:
1137 478 1262 524 Deus
1291 488 1359 524 est
1382 478 1543 524 homo.

362 544 591 589 Secundo.
620 544 788 588 Utrum
814 545 929 589 haec
957 545 1015 590 sit
1038 559 1166 590 vera:
1197 546 1352 591 Homo
1381 557 1449 591 est
1473 547 1615 592 Deus.

360 610 535 656 Tertio.
568 612 735 656 Utrum
762 612 973 657 Christus
999 613 1142 672 possit
1167 613 1258 658 dici
1283 614 1427 659 homo
1455 614 1729 660 dominicus.
2134 668 2137 669 ⁷

360 678 551 731 Quarto.
582 679 750 724 Utrum
776 693 831 724 ea
856 694 972 740 quae
1000 681 1280 727 conveniunt
1304 681 1423 727 Filio
1447 682 1665 738 hominis,
1690 682 1870 742 possint
1893 682 2147 742 praedicari
2177 683 2235 729 de

269 746 384 791 Filio
411 747 514 801 Dei,
541 756 585 791 et
610 761 634 791 e
660 747 906 792 contrario.

361 813 552 866 Quinto.
581 815 748 860 Utrum
775 829 827 860 ea
855 829 970 874 quae
997 818 1276 861 conveniunt
1300 816 1417 861 Filio
1443 817 1659 872 hominis,
1685 817 1863 877 possint
1891 817 2145 878 praedicari
2175 817 2234 864 de

269 881 422 925 divina
446 892 623 936 natura,
650 892 694 926 et
720 883 775 927 de
801 882 1004 927 humana
1030 897 1085 927 ea
1111 897 1228 942 quae
1253 884 1535 929 conveniunt
1560 883 1676 929 Filio
1702 885 1806 930 Dei.

358 948 515 995 Sexto.
541 949 709 994 Utrum
735 950 850 994 haec
876 950 933 994 sit
958 964 1087 995 vera:
1116 950 1255 995 Filius
1281 951 1370 996 Dei
1394 951 1540 996 factus
1567 962 1635 996 est
1659 952 1820 997 homo.

361 1016 583 1075 Septimo.
611 1017 779 1062 Utrum
804 1018 920 1062 haec
946 1018 1005 1062 sit
1029 1030 1158 1063 vera:
1187 1018 1343 1063 Homo
1370 1018 1516 1063 factus
1543 1028 1612 1064 est
1635 1020 1776 1064 Deus.

361 1083 559 1129 Octavo.
587 1084 755 1129 Utrum
781 1084 897 1130 haec
924 1085 982 1129 sit
1005 1099 1135 1130 vera:
1167 1085 1377 1130 Christus
1404 1096 1471 1131 est
1498 1097 1716 1131 creatura.
2100 1121 2108 1126 <

357 1151 513 1196 Nono.
541 1151 708 1196 Utrum
728 1152 845 1196 haec
863 1152 920 1197 sit
935 1166 1066 1197 vera:
1096 1153 1186 1197 Iste
1202 1152 1363 1208 homo,
1382 1153 1695 1198 demonstrato
1714 1153 1918 1209 Christo,
1933 1153 2104 1215 incepit
2119 1167 2234 1210 esse,

268 1217 343 1262 vel
366 1217 450 1262 fuit
476 1233 669 1278 semper.

356 1286 568 1331 Decimo.
582 1287 750 1331 Utrum
765 1287 881 1331 haec
895 1287 951 1331 sit
963 1301 1095 1332 vera:
1120 1287 1345 1342 Christus,
1364 1288 1617 1332 secundum
1630 1287 1754 1347 quod
1765 1288 1926 1342 homo,
1936 1297 2005 1333 est
2015 1298 2235 1335 creatura.

357 1353 814 1399 Undecimo.Utrum
831 1354 947 1398 haec
967 1355 1022 1399 sit
1031 1369 1162 1399 vera:
1191 1354 1417 1409 Christus,
1431 1355 1683 1400 secundum
1696 1354 1820 1414 quod
1830 1355 1993 1410 homo,
2010 1365 2080 1402 est
2092 1356 2235 1410 Deus,

357 1421 665 1466 Duodecimo.
693 1422 862 1466 Utrum
892 1422 1007 1467 haec
1035 1422 1092 1467 sit
1116 1436 1245 1467 vera:
1281 1421 1506 1478 ChristuS‚
1530 1422 1786 1467 secundum
1817 1422 1942 1482 quod
1968 1422 2135 1479 homos
2158 1434 2236 1472 est

268 1489 544 1549 hypostasis,
569 1488 644 1533 vel
669 1503 879 1549 persona.
1648 1487 1651 1491 ’

990 1665 1426 1726 ARTICULUS
1466 1668 1508 1723 I.
2148 1696 2233 1731 100

643 1804 837 1843 UTRUM
869 1802 1015 1843 HAEC
1049 1805 1134 1843 sn·
1166 1804 1331 1844 VERA:
1366 1805 1509 1843 DEUS
1542 1804 1643 1844 EST
1676 1795 1861 1844 HOMO.

719 1917 772 1976 (3.
799 1915 911 1962 Dist.
941 1930 979 1976 7.
1007 1932 1046 1976 q.
1072 1933 1108 1962 r.
1136 1923 1214 1962 art.
1243 1928 1277 1963 r.
1306 1923 1345 1963 et
1368 1933 1438 1962 un.
1466 1923 1545 1962 art.
1567 1931 1610 1976 4.
1638 1912 1787 1977 corp).

361 2028 437 2072 AD
464 2041 652 2073 PRIMUM
678 2030 742 2073 sic
769 2029 1043 2088 proceditur.
1070 2027 1275 2083 Videtur,
1303 2028 1425 2088 quod
1451 2029 1566 2073 haec
1600 2029 1658 2074 sit
1687 2028 1823 2074 falsa:
1851 2029 1969 2075 Deus
1997 2035 2053 2075 est
2083 2030 2233 2077 bomo:

272 2096 422 2140 omnis
450 2096 571 2139 enim
599 2097 852 2154 propositio
877 2095 1146 2141 affirmativa
1168 2097 1214 2140 in
1238 2097 1429 2140 materia
1445 2107 1622 2141 remota
1646 2107 1713 2142 est
1733 2096 1870 2142 falsa:
1890 2096 1974 2142 -sed
1996 2097 2236 2157 haecpro-

267 2163 458 2221 positio:
487 2164 600 2207 Deus
625 2170 682 2208 est
706 2165 844 2218 homo,
874 2173 941 2207 est
965 2164 1013 2208 in
1040 2164 1231 2208 materia
1264 2174 1466 2218 remota;
1493 2165 1599 2223 quia
1630 2163 1809 2209 formae
1841 2164 2125 2223 significatae
2153 2180 2236 2226 per

267 2231 537 2289 subJectum,
562 2239 606 2275 et
627 2232 940 2290 praedicatum
957 2241 1063 2275 sunt
1080 2232 1280 2275 maxime
1303 2231 1543 2287 distantes;
1573 2246 1680 2276 cum
1702 2246 1812 2291 ergo
1835 2232 2088 2292 propositio
2109 2246 2233 2293 prae·

269 2298 388 2342 dicta
415 2298 470 2341 sit
497 2297 781 2352 affirmativa,
808 2298 984 2343 videtur
1012 2298 1134 2357 quod
1162 2299 1220 2343 sit
1243 2298 1373 2342 falsa.

356 2378 395 2409 2.
423 2365 720 2410 PRAETEREA.
756 2366 902 2424 Magis
940 2366 1218 2410 conveniunt
1249 2366 1400 2424 (idest,
1433 2369 1565 2426 magis
1590 2383 1721 2411 unum
1751 2367 1866 2425 sunt)
1893 2375 1984 2412 tres
2010 2380 2234 2426 personae

265 2433 444 2477 divinae
473 2433 527 2477 ad
549 2433 765 2486 invicem,
793 2448 929 2492 quam
957 2433 1159 2477 humana
1181 2444 1357 2485 natura,
1385 2443 1428 2479 et
1456 2434 1632 2478 divina:
1661 2434 1741 2478 sed
1766 2435 1814 2478 in
1840 2433 2060 2494 mysterio
2089 2432 2237 2479 Trini-

266 2502 369 2545 tatis
403 2515 493 2544 una
529 2514 724 2559 persona
753 2515 846 2544 non
882 2501 1168 2559 praedicatur
1201 2502 1256 2544 de
1291 2501 1396 2546 alia:
1424 2515 1519 2545 non
1546 2502 1669 2546 enim
1695 2501 1904 2556 dicimus,
1931 2501 2055 2561 quod
2091 2501 2228 2547 Pater

266 2577 333 2613 est
357 2567 510 2622 Filius,
536 2567 611 2612 vel
636 2582 660 2611 e
683 2581 931 2622 converso3
955 2582 1063 2626 ergo
1082 2567 1271 2622 videtur,
1295 2569 1417 2627 quod
1439 2583 1524 2613 nec
1546 2569 1750 2613 humana
1765 2578 1927 2614 natura
1948 2568 2094 2627 possit
2112 2582 2237 2629 prae-

267 2635 407 2679 dicari
429 2635 484 2680 de
509 2636 628 2689 Deo,
654 2645 703 2679 ut
729 2635 903 2679 dicatur
929 2635 1052 2693 quod
1077 2635 1204 2679 Deus
1237 2646 1305 2679 est
1329 2636 1490 2679 homo.

360 2717 397 2761 3.
426 2703 723 2747 PRAETEREA.
758 2702 1034 2746 Athanasius
1061 2702 1170 2746 dicit
1197 2702 1262 2758 (in
1287 2703 1426 2762 Symb.
1454 2703 1587 2761 Fidi),
1616 2703 1738 2762 quod
1769 2719 1793 2745 «
1818 2703 1935 2748 sicut
1958 2703 2161 2767 animae,
2193 2712 2239 2748 et

269 2785 376 2815 caro
404 2784 520 2813 unus
554 2779 620 2813 est
651 2769 812 2823 homo,
845 2770 906 2813 ita
933 2770 1072 2822 Deus,
1107 2779 1151 2813 et
1181 2769 1326 2813 homo
1360 2784 1475 2813 unus
1509 2780 1576 2814 est
1602 2770 1811 2815 Christus
1833 2786 1883 2815 »ε
1910 2770 1990 2815 sed
2020 2770 2137 2815 haec
2169 2779 2237 2816 est

266 2837 406 2883 falsa:
433 2839 595 2882 Anima
621 2844 677 2882 est
699 2845 843 2896 corpus
859 2853 875 2889 ‚·
905 2851 1014 2895 ergo
1043 2836 1179 2880 etiam
1206 2837 1320 2880 haec
1349 2846 1415 2881 est
1439 2836 1572 2882 falsa:
1600 2838 1714 2882 Deus
1739 2843 1795 2882 est
1819 2837 1956 2894 homo.

321 2915 323 2917 ·
355 2917 397 2960 4.
424 2905 720 2949 PRAETEREA.
751 2904 878 2948 Sicut
903 2904 949 2947 in
981 2917 1015 2947 1.
1035 2903 1242 2947 habitum
1265 2913 1331 2947 est
1354 2903 1412 2962 (q.
1436 2919 1503 2963 39.
1525 2911 1606 2949 art.
1625 2906 1699 2963 3.)‚
1723 2896 1846 2963 quod
1868 2903 2155 2964 praedicatur
2180 2906 2237 2951 de

265 2974 368 3017 Deo
394 2987 488 3017 non
514 2973 716 3027 relative,
743 2972 820 3016 sed
854 2971 1073 3024 absolute,
1102 2972 1316 3015 convenit
1340 2972 1425 3015 toti
1459 2970 1686 3026 Trinitati,
1718 2981 1764 3016 et
1787 2971 1977 3031 singulis
2002 2972 2235 3032 personis:

266 3041 343 3086 sed
366 3041 458 3085 hoc
484 3055 654 3084 nomen
681 3041 803 3084 homo
830 3054 925 3083 non
952 3049 1019 3083 est
1045 3037 1301 3091 relativum,
1324 3040 1400 3082 sed
1424 3038 1708 3093 absolutum3
1735 3039 1774 3083 si
1801 3052 1911 3098 ergo
1933 3053 2039 3084 vere
2065 3039 2237 3100 praedi-

268 3119 444 3152 caretur
461 3109 516 3152 de
534 3108 651 3162 Deo,
670 3117 930 3166 sequeretur
958 3106 1078 3165 quod
1101 3115 1196 3150 tota
1217 3105 1433 3160 Trinitas,
1461 3117 1505 3150 et
1532 3106 1759 3165 quaelibet
1783 3121 1979 3165 persona
2001 3107 2058 3152 sit
2072 3107 2233 3162 homo,

266 3176 387 3236 quod
414 3186 538 3235 patet
563 3190 662 3220 esse
688 3174 869 3219 falsum.

355 3245 450 3288 SED
478 3255 674 3289 CONTRA
701 3253 782 3296 est,
807 3241 929 3301 quod
957 3241 1118 3285 dicitur
1144 3240 1338 3299 Philipp.
1368 3253 1432 3286 2.:
1462 3242 1551 3298 Qui
1572 3255 1666 3286 cum
1691 3243 1735 3285 in
1751 3242 1902 3300 forma
1917 3243 2003 3287 Dei
2021 3242 2235 3297 assaumi-

265 3314 437 3356 nanivit
461 3312 734 3370 semetipsum,
761 3310 952 3368 formam
983 3310 1094 3353 servi
1119 3310 1335 3367 accipiam,
1364 3309 1408 3351 in
1432 3308 1747 3352 similitudinem
1779 3309 1996 3353 hominum
2013 3311 2170 3368 factm,
2197 3314 2238 3355 et

267 3380 411 3423 habitu
436 3381 622 3441 szentus
641 3384 686 3422 ut
703 3378 857 3434 homo,·
886 3385 930 3420 et
957 3375 1019 3420 sic
1038 3374 1114 3419 ille
1137 3375 1214 3433 qui
1231 3385 1296 3419 est
1314 3375 1359 3418 in
1377 3374 1526 3419 forma
1542 3375 1643 3429 Dei,
1668 3385 1734 3419 est
1759 3375 1930 3430 homo;
1955 3377 2035 3420 sed
2060 3375 2137 3420 ille
2159 3375 2237 3435 qui

267 3457 333 3491 est
361 3447 405 3489 in
432 3445 581 3489 forma
607 3445 709 3499 Dei,
737 3454 803 3487 est
824 3444 974 3496 Deus;
999 3456 1109 3500 ergo
1136 3442 1262 3486 Deus
1286 3452 1354 3486 est
1379 3443 1538 3486 homo.

357 3514 645 3558 REspoNnEo
673 3511 931 3565 dicendum,
955 3510 1076 3568 quod
1099 3510 1183 3553 ista
1211 3510 1484 3569 propositio:
1513 3510 1628 3553 Deus
1649 3510 1857 3563 esthemo,
1886 3509 1940 3554 ab
1965 3509 2230 3554 hominibus

268 3581 522 3624 christianis
550 3579 828 3632 conceditur,
856 3591 948 3621 non
976 3588 1130 3621 tamen
1159 3577 1211 3619 ab
1236 3576 1447 3620 omnibus
1470 3577 1721 3619 secundum
1744 3577 1958 3621 eamdem
1986 3575 2230 3622 rationem.

270 3648 471 3700 Quidam
499 3648 622 3691 enim
645 3647 762 3690 hanc
788 3645 1149 3704 propositionem
1177 3644 1448 3697 concedunt,
1471 3657 1563 3688 non
1586 3643 1837 3688 secundum
1853 3642 2085 3704 propriam
2106 3656 2237 3689 acce-

2334 3827 2337 3834 ⁷
2327 3767 2352 3790 ῬΣ
2329 3706 2352 3760 aa
2334 3696 2337 3700 ⁴
2349 3686 2352 3691 .
2331 3596 2352 3680 affer*
