2352 3926
280 201 385 256 592
768 199 1047 247 QUAESTIO
1089 199 1275 239 LXVIII.
1316 179 1741 241 ARTIcULth·11.

277 305 484 350 nondum
515 314 705 364 possunt
736 304 875 348 corde
907 303 1092 362 proprio
1126 302 1309 348 credere
1343 303 1399 348 ad
1429 303 1664 362 justitiam,
1696 318 1782 350 nec
1815 319 1895 351 ore
1924 307 2111 367 proprio
2135 320 2243 352 con-

278 372 393 417 fiteri
410 373 465 416 ad
483 372 675 416 salutem
702 388 725 413 2>
756 371 880 429 (quae
899 376 1141 428 sequuntur,
1161 370 1253 415 hab.
1276 377 1366 430 cap.
1390 386 1456 430 19.
1474 372 1574 416 circ.
1590 371 1713 429 fin.).·
1736 387 1760 413 «
1777 372 1816 417 si
1832 382 1985 418 autem
2001 383 2242 435 propterea

231 449 233 451 ’
277 449 398 484 recte
429 438 585 483 fideles
616 447 851 491 vocantur,
884 437 1103 496 quoniam
1136 437 1275 482 fidem
1307 451 1387 497 per
1417 438 1554 482 verba
1586 439 1863 497 gestantium
1894 441 2239 499 quodammodo

277 507 555 566 profitentur,
582 520 661 549 cur
688 505 825 549 etiam
857 519 951 549 non
983 504 1268 563 poenitentes
1289 505 1556 560 habeantur,
1580 520 1686 550 cum
1709 521 1790 565 per
1812 508 2080 552 eorumdem
2101 508 2239 553 verba

276 573 562 633 gestantium,
595 571 794 626 diabolo,
827 581 871 616 et
901 571 1009 615 huic
1047 572 1231 616 saeculo
1270 572 1584 617 abrenuntiare
1618 574 2006 619 monstrerentur?
2035 591 2058 617 2>
2092 574 2149 619 Et
2173 588 2244 619 ea-

277 643 383 685 dem
415 640 590 684 ratione
623 649 812 698 possunt
847 639 938 683 dici
968 639 1267 694 intendentes,
1299 654 1394 684 non
1425 654 1506 698 per
1539 650 1692 684 actum
1723 641 1934 700 propriae
1964 641 2243 696 intentionis,

277 722 382 751 curn
403 708 486 766 ipsi
510 707 783 766 quandoque
816 707 1192 762 contranitantur,
1216 718 1259 752 et
1285 706 1478 766 plorent,
1506 707 1584 752 sed
1610 721 1690 766 per
1717 717 1871 752 actum
1893 722 2070 763 eorum,
2097 723 2123 753 a
2149 708 2245 768 qui-

275 775 358 819 bus
391 774 654 819 offeruntur.

365 842 441 886 AD
474 854 734 886 SECUNDUM
766 841 1026 896 dicendum,
1063 842 1199 901 quod,
1241 841 1358 886 sicut
1397 842 1517 900 Aug.
1562 842 1763 886 scribens
1804 841 2043 887 Bonifacio
2086 841 2180 899 (lib.
2207 859 2242 888 ι.

277 916 409 955 contr.
442 909 543 953 duas
573 910 685 968 epist.
714 908 852 968 Pelag.
879 918 969 969 cap.
996 909 1089 961 22.)
1129 909 1251 964 dicit,
1297 924 1320 949 «
1346 909 1392 952 in
1418 909 1623 953 Ecclesia
1657 908 1907 954 Salvatoris
1947 907 2126 969 parvuli
2164 922 2244 968 per

278 976 393 1021 alios
420 976 623 1030 credunt,
641 975 758 1020 sicut
773 990 827 1020 ex
845 976 958 1030 aliis,
976 990 1092 1035 quae
1108 975 1155 1019 in
1171 976 1398 1035 baptismo
1426 977 1728 1030 remittuntur,
1746 985 1935 1035 peccata
1949 983 2239 1021 traxerunt».

277 1044 375 1088 Nec
401 1043 645 1103 impeditur
671 1057 832 1087 eorum
858 1043 994 1097 salus,
1020 1043 1058 1086 si
1083 1053 1292 1102 parentes
1318 1043 1405 1087 sint
1427 1043 1657 1089 infideles:
1679 1043 1798 1102 quia,
1821 1045 1940 1088 sicut
1960 1042 2243 1102 Augustinus

279 1111 387 1154 dicit
413 1111 561 1155 eidem
588 1109 826 1154 Bonifacio
853 1111 1052 1154 scribens
1097 1112 1228 1169 (epist.
1255 1124 1314 1168 23.
1349 1112 1424 1154 cir.
1452 1110 1554 1155 med.
1554 1111 1595 1167 ),
1627 1126 1650 1152 «
1678 1109 1929 1154 offeruntur
1968 1109 2146 1171 parvuli
2186 1109 2242 1154 ad

277 1178 616 1237 percipiendam
641 1176 922 1237 spiritualem
949 1177 1158 1236 gratiam,
1183 1190 1278 1220 non
1303 1186 1398 1220 tam
1427 1177 1480 1220 ab
1518 1177 1598 1230 eis,
1640 1191 1837 1236 quorum
1879 1186 2113 1236 gestantur
2152 1190 2246 1220 ma-

275 1246 407 1289 nibus
433 1245 663 1304 (quamvis
691 1255 734 1289 et
761 1244 814 1287 ab
842 1244 962 1303 ipsis,
989 1246 1027 1287 si
1053 1253 1097 1287 et
1121 1243 1208 1302 ipsi
1235 1243 1343 1287 boni
1363 1243 1518 1287 fideles
1540 1245 1681 1300 sunt),
1703 1257 1842 1302 quam
1864 1244 1919 1287 ab
1942 1243 2152 1288 universa
2174 1257 2246 1287 so-

278 1315 440 1357 cietate
466 1322 744 1365 sanctorum,
772 1321 905 1370 atque
931 1310 1150 1354 fidelium.
1192 1310 1263 1353 Ab
1294 1310 1506 1355 omnibus
1531 1324 1731 1369 namque
1759 1309 1913 1354 offerri
1936 1319 2060 1354 recte
2085 1308 2246 1354 intelli-

278 1389 457 1437 guntur,
484 1379 644 1438 quibus
670 1378 821 1438 placet
847 1377 969 1436 quod
997 1376 1260 1430 offeruntur,
1280 1386 1324 1420 et
1341 1391 1534 1435 quorum
1555 1377 1774 1421 charitate
1792 1377 1848 1420 ad
1865 1375 2245 1420 communionem

279 1447 435 1491 Sancti
453 1446 644 1505 Spiritus
663 1447 967 1504 adjunguntur
989 1461 1029 1487 ».
1048 1443 1294 1488 Infidelitas
1312 1453 1466 1488 autem
1482 1444 1771 1503 propriorum
1788 1452 2044 1502 parentum,
2067 1442 2247 1488 etiamsi

279 1528 358 1558 eos
384 1523 488 1573 post
510 1513 786 1573 baptismum
827 1511 1179 1556 daemoniorum
1207 1510 1440 1555 sacrificiis
1467 1511 1671 1555 imbuere
1712 1519 1949 1565 conentur,
1974 1509 2126 1570 pueris
2150 1516 2246 1555 n'on

277 1591 437 1626 nocet:
466 1581 584 1639 quia,
611 1590 660 1624 ut
686 1579 970 1638 Augustinus
995 1578 1102 1623 ibid.
1131 1575 1251 1634 (circ.
1290 1577 1453 1638 princ.)
1481 1578 1604 1632 dicit,
1635 1593 1658 1619 (ε
1684 1591 1794 1636 puer
1820 1575 1966 1622 semel
2002 1587 2243 1637 generatus

277 1662 358 1707 per
384 1648 579 1692 aliorum
607 1647 840 1691 carnalem
865 1645 1166 1705 voluptatem,
1195 1659 1301 1689 curn
1327 1644 1472 1690 semel
1496 1654 1790 1704 regeneratus
1806 1643 1940 1690 fuerit
1954 1658 2035 1704 per
2051 1643 2247 1690 aliorum

278 1715 560 1774 spiritualem
585 1714 886 1767 voluntatem,
914 1713 1127 1771 deinceps
1152 1727 1248 1756 non
1274 1722 1423 1772 potest
1447 1711 1632 1757 vinculo
1666 1711 1842 1756 alienae
1883 1711 2130 1771 iniquitatis
2157 1712 2247 1757 ‘ob-

278 1782 452 1841 stringi,
481 1782 554 1826 cui
579 1781 704 1826 nulla
731 1795 812 1826 sua
836 1780 1073 1825 voluntate
1115 1780 1354 1835 consentit,
1397 1780 1650 1824 secundum
1676 1779 1787 1823 illud
1812 1779 1977 1825 Ezech.
2006 1779 2074 1824 18.
2094 1795 2105 1826 ε
2129 1779 2248 1825 Sicut

279 1852 423 1894 anima
441 1851 579 1909 patris
603 1863 696 1894 mea
721 1855 789 1904 est,
816 1850 879 1893 ita
904 1850 1030 1892 etiam
1053 1849 1198 1892 anima
1219 1848 1308 1906 filii
1318 1863 1334 1900 ;
1359 1849 1504 1891 anima
1525 1861 1629 1906 quae
1644 1848 1896 1906 peccaverit,
1918 1847 2008 1906 ipsa
2028 1847 2245 1892 morietur.

281 1917 371 1961 Sed
397 1917 501 1960 ideo
529 1930 583 1960 ex
609 1916 763 1960 Adam
787 1915 935 1969 traxit,
962 1915 1085 1974 quod
1112 1915 1387 1959 sacramenti
1411 1913 1531 1958 illius
1555 1914 1699 1973 gratia
1721 1912 1987 1968 solveretur,
2009 1914 2115 1974 quia
2134 1927 2248 1958 non-

279 1985 389 2028 dum
417 1995 512 2029 erat
539 1983 692 2027 anima
718 1984 963 2042 separatim
989 1983 1146 2026 vivens
1172 1998 1214 2026 >›.
1240 1981 1372 2026 Fides
1399 1991 1551 2026 autem
1578 1981 1727 2035 unius,
1753 1981 1900 2025 immo
1924 1979 2066 2025 totius
2090 1979 2246 2024 Eccle-
2316 2016 2334 2039 ἰ.

281 2053 388 2105 siae,
421 2051 610 2110 parvulo
637 2050 823 2109 prodest
848 2064 927 2109 per
959 2049 1274 2109 operationem
1317 2049 1508 2108 Spiritus
1552 2048 1722 2103 Sancti,
1749 2048 1827 2108 qui
1851 2049 1949 2092 unit
1972 2046 2244 2102 Ecclesiam,

280 2130 324 2163 et
348 2119 470 2163 bona
496 2120 629 2163 unius
656 2117 785 2162 alteri
811 2117 1138 2161 communicat.

369 2186 445 2230 AD
473 2198 689 2230 TERTIUM
716 2184 976 2238 dicendum,
995 2184 1116 2242 quod
1134 2183 1251 2228 sicut
1267 2197 1393 2242 puer,
1413 2197 1519 2227 cum
1536 2183 1801 2242 baptizatur,
1821 2196 1918 2228 non
1933 2195 2014 2242 per
2029 2181 2246 2242 seipsum,

280 2254 359 2298 sed
385 2267 465 2312 per
492 2253 606 2297 alios
634 2252 788 2306 credit,
814 2252 875 2295 ita
901 2266 995 2296 non
1022 2266 1102 2309 per
1128 2251 1343 2310 seipsum,
1370 2251 1449 2294 sed
1486 2265 1566 2309 per
1607 2250 1721 2295 alios
1762 2250 2091 2308 interrogatur3
2116 2258 2164 2309 et
2186 2249 2251 2292 in-

279 2321 499 2379 terrogati
525 2319 798 2364 confitentur
822 2319 961 2362 fidem
987 2317 1221 2363 Ecclesiae
1246 2317 1294 2361 in
1320 2331 1517 2376 persona
1556 2318 1697 2376 pueri,
1725 2318 1802 2376 qui
1826 2316 1934 2361 huic
1957 2315 2066 2360 fidei
2091 2327 2249 2375 aggre-

280 2399 410 2448 gatur
436 2403 518 2447 per
542 2387 648 2432 fidei
673 2395 1025 2431 sacramentum.
1055 2385 1402 2430 Conscientiam
1430 2394 1584 2429 autem
1609 2384 1780 2428 bonam
1807 2383 2102 2443 consequitur
2133 2396 2246 2441 puer

281 2457 420 2501 etiam
445 2456 492 2500 in
518 2455 683 2514 seipso,
709 2468 804 2499 non
831 2453 1016 2514 quidem
1043 2463 1161 2507 actu,
1188 2453 1267 2496 sed
1292 2451 1449 2496 habitu
1475 2465 1554 2511 per
1576 2453 1771 2509 gratiam
1792 2450 2128 2510 iustificantem.

1008 2614 1444 2674 ARTICULUS
1479 2615 1548 2670 X.
2165 2645 2244 2693 393
2317 2606 2325 2678 ζ

479 2755 671 2796 UTRUM
709 2754 868 2793 PUERI
902 2752 1256 2808 JUDAEORUM,
1293 2752 1398 2790 VEL
1438 2751 1689 2790 ALIORUM
1728 2750 2053 2813 INFIDELIUM

701 2837 824 2877 SINT
866 2835 1067 2876 INVITIS
1109 2834 1443 2875 PARENTIBUS
1486 2833 1830 2874 BAPTIZANDI.

597 2948 699 3006 (2-2.
732 2963 770 3007 q.
807 2962 868 2993 το.
900 2953 983 2991 art.
1016 2960 1078 2991 12.
1111 2952 1148 2990 et
1183 2945 1335 3002 Quodl.
1368 2959 1407 2990 2.
1441 2951 1521 2990 art.
1556 2958 1594 3004 7.
1626 2951 1663 2989 et
1693 2960 1751 2990 ιι.
1785 2945 1936 3005 corp).

373 3064 448 3108 AD
475 3073 699 3107 DEC1MUM
725 3059 789 3104 sic
816 3057 1089 3118 proceditur.
1117 3056 1322 3110 Videtur,
1350 3056 1471 3115 quod
1498 3055 1624 3115 pueri
1640 3055 1935 3114 Judaeorum,
1956 3054 2031 3100 vel
2053 3053 2250 3100 aliorum
2307 3037 2310 3044 ³

282 3130 536 3176 infidelium
562 3129 650 3174 sint
674 3125 931 3187 baptizandi
957 3125 1093 3169 etiam
1120 3124 1271 3168 invitis
1294 3124 1576 3181 parentibus:
1601 3123 1747 3182 magis
1772 3123 1896 3168 enim
1917 3121 2051 3168 debet
2069 3120 2251 3167 homini

282 3197 511 3245 subveniri
537 3206 695 3241 contra
721 3193 975 3271 periculum
1002 3192 1161 3236 mortis
1189 3202 1414 3245 aeternae,
1444 3205 1581 3250 quam
1609 3200 1767 3235 contra
1792 3189 2048 3249 periculum
2088 3188 2250 3235 mortis

282 3265 570 3325 temporalis:
599 3263 676 3308 sed
703 3275 846 3321 puero
872 3261 918 3305 in
945 3259 1148 3319 periculo
1177 3259 1335 3302 mortis
1362 3257 1627 3316 temporalis
1656 3258 1866 3303 existenti
1891 3266 1960 3302 est
1983 3256 2250 3304 subvenien-
2322 3279 2349 3320 ,ς

284 3335 408 3387 dum,
443 3331 621 3377 etiamsi
647 3339 856 3390 parentes
883 3342 962 3388 per
988 3326 1210 3370 malitiam
1234 3325 1668 3379 contraniterentur3
1696 3338 1806 3383 ergo
1834 3323 1981 3369 multo
2007 3323 2155 3384 magis
2180 3331 2251 3369 est

283 3399 643 3446 subveniendum
673 3397 822 3457 pueris
848 3394 1098 3439 infidelium
1125 3393 1226 3437 filiis
1246 3407 1322 3451 per
1348 3393 1625 3451 baptismum
1644 3402 1801 3436 contra
1818 3390 2072 3473 periculum
2087 3389 2249 3436 mortis

285 3478 510 3521 aeternae,
544 3466 681 3511 etiam
714 3464 864 3509 invitis
896 3461 1168 3523 parentibus.
2048 3480 2050 3482 -
2230 3476 2238 3480 -

376 3547 416 3579 2.
442 3535 738 3579 PRAETEREA.
772 3530 872 3576 Filii
903 3542 1140 3575 servorum
1168 3536 1271 3572 sunt
1293 3528 1423 3581 servi,
1447 3537 1490 3571 et
1513 3526 1558 3570 in
1581 3535 1804 3586 potestate
1827 3495 2146 3571 dominorum·
2166 3523 2261 3570 sed*
2302 3511 2308 3516 ᾗ
2343 3567 2350 3579 ἱ

280 3602 438 3661 Judaei
464 3610 567 3647 sunt
598 3600 716 3646 servi
762 3612 938 3658 regum,
971 3606 1014 3642 et
1045 3595 1316 3656 principum,
1349 3604 1393 3638 et
1425 3594 1699 3653 quicumque
1741 3593 1878 3639 etiam
1911 3592 1988 3638 alii
2018 3590 2247 3646 infideles;
