2352 3926
0 209 26 338 ἰ
620 233 925 281 .QUAEST10
966 235 1016 274 L.
1057 233 1364 274 ARTICULUS
1405 233 1440 272 1.
1923 233 2025 288 425

8 342 11 346 “
71 338 255 398 fugiens
275 346 488 391 mortem,
515 336 570 383 ab
588 336 802 381 omnibus
819 346 1160 397 compararetur
1174 335 1484 396 phantasmati
1500 349 1541 379 »ι
1567 336 1701 390 tertio,
1719 343 1770 379 ut
1789 334 2031 378 moriendo

68 415 158 454 nos
177 406 384 450 atimore
401 405 562 448 mortis
587 403 821 458 liberaret3
849 404 967 447 unde
994 403 1156 448 dicitur
1182 402 1295 447 Heb.
1324 415 1380 456 2.,
1397 402 1519 461 quod
1543 403 1867 447 communicavit
1888 403 2023 454 carni,

0 480 6 487 “’
72 473 343 531 Wsanguini,
371 478 417 516 ut
435 479 514 532 per
533 478 709 516 mortem
734 471 951 515 destrueret
970 486 1078 523 eum,
1103 472 1175 528 qui
1196 470 1368 514 habebat
1392 470 1538 514 mortis
1559 470 1795 529 imperium,
1818 468 1919 513 idest
1943 468 2030 512 dia-

73 538 227 593 bolum,
253 545 293 584 et
323 539 519 583 liberaret
543 553 620 592 eos,
637 540 711 597 qui
728 540 875 582 timore
900 539 1047 582 mortIs
1066 545 1143 595 per
1165 542 1291 580 totam
1317 538 1452 580 vitam
1478 537 1650 580 obnoxii
1665 542 1787 580 erant
1810 537 2026 580 servituti:

0 627 24 650 .·
71 612 235 665 quarto,
256 615 305 650 ut
330 605 628 664 corporaliter
653 604 894 648 moriendo
922 603 1205 647 similitudini
1232 603 1421 661 peccati,
1452 603 1567 646 idest
1592 602 1871 662 poenalitati‚
1904 603 2030 647 daret

71 673 203 717 nobis
225 672 484 732 exemplum
503 672 728 716 moriendi
746 670 1036 729 spiritualiter
1058 680 1270 728 peccat0;
1291 671 1409 713 unde
1431 669 1594 713 dicitur
1616 671 1812 713 Roman.
1830 672 1887 715 6.:
1908 669 2033 727 Quod

71 742 182 786 onim
206 746 394 784 mortuus
418 746 475 784 est
492 746 678 798 peccato,
708 744 893 782 mortuus
915 743 972 781 est
995 738 1114 781 semel
1125 752 1141 789 ,·
1170 737 1278 795 quod
1310 743 1446 780 autem
1462 739 1587 790 vivit,
1606 739 1718 781 vivit
1751 738 1838 781 Deo
1858 753 1870 782 .·
1905 742 1968 782 ita
1999 743 2036 782 et

70 820 144 851 vos
166 809 392 851 existimate
417 812 599 850 mortuos
620 805 782 862 quidem
808 819 883 848 esse
904 810 1074 863 peccato
1105 805 1289 848 viventes
1315 810 1454 847 autem
1477 805 1592 848 Deo:
1621 806 1780 861 quinto,
1799 814 1848 847 ut
1866 818 1890 847 a
1917 818 2036 848 rnor-

72 874 161 919 tuis
187 874 480 932 resurgendo,
506 882 552 916 et
574 872 790 915 virtutem
817 885 947 914 suam
965 870 1237 923 ostenderet,
1256 885 1342 928 qua
1361 879 1558 913 mortem
1577 871 1817 927 superavit,
1844 881 1888 915 et
1904 871 2035 915 nobis

71 954 200 1000 spem
219 940 483 999 resurgendi
500 948 530 984 ‘a
562 939 754 982 mortuis
770 938 918 982 daret:
939 938 1058 982 unde
1086 947 1129 981 et
1155 937 1315 996 Apost.
1344 937 1453 980 dicit
1484 951 1518 980 1.
1553 937 1608 980 ad
1636 937 1846 982 Corinth.
1875 951 1962 995 15.:
1991 939 2036 983 Si

74 1004 263 1053 Christus
286 1007 572 1067 praedicatur,
601 1006 708 1065 quod
733 1007 962 1050 resurrexit
986 1019 1013 1049 a
1037 1006 1226 1059 mortuis,
1250 1003 1451 1063 quomodo
1478 1004 1650 1063 quidam
1671 1006 1716 1048 in
1741 1006 1860 1049 vobis
1875 1005 2032 1059 dicunt,

73 1075 183 1135 quod
206 1076 448 1120 resurrectt'o
475 1080 741 1117 mortuorum
760 1087 843 1116 non
869 1074 954 1117 est?

126 1162 129 1166 ⁴
163 1142 240 1187 AD
255 1153 444 1187 PRIMUM
470 1154 581 1198 ergo
608 1141 867 1193 dicendum,
887 1139 1008 1198 quod
1027 1139 1236 1183 Christus
1264 1149 1331 1182 est
1355 1137 1458 1183 fons
1483 1138 1616 1192 vitae,
1639 1139 1890 1182 secundum
1913 1139 2036 1198 quod

73 1208 217 1263 Deus,
241 1222 336 1254 non
354 1218 507 1252 autem
526 1208 777 1252 secundum
801 1208 922 1266 quod
940 1208 1110 1251 homo:
1140 1216 1347 1250 mortuus
1365 1215 1432 1250 est
1450 1215 1615 1259 autem,
1643 1206 1894 1250 secundum
1913 1207 2034 1265 quod

73 1275 344 1330 homo‚non
370 1275 622 1319 secundum
649 1274 770 1333 quod
797 1275 949 1328 Deus;
977 1275 1097 1318 unde
1124 1273 1408 1332 Augustinus
1433 1273 1542 1317 dicit
1568 1283 1727 1317 contra
1752 1273 2036 1318 Felicianum

72 1344 182 1403 (cap.
200 1356 266 1400 14.
298 1345 342 1387 in
359 1344 551 1402 princ.).·
583 1357 606 1383 «
633 1342 778 1395 Absit,
802 1341 924 1400 quod
952 1341 1162 1385 Christus
1189 1341 1252 1384 sic
1279 1340 1470 1384 senserit
1501 1350 1714 1393 mortem,
1741 1350 1790 1384 ut
1815 1351 2037 1400 quantuni

73 1411 120 1454 in
145 1424 195 1454 se
230 1419 298 1455 est
327 1410 434 1463 vita,
465 1410 607 1453 vitam
638 1408 904 1468 perdiderit;
937 1409 974 1452 si
1008 1408 1130 1452 enim
1163 1408 1253 1451 hoc
1286 1408 1348 1451 ita
1381 1418 1514 1462 esset,
1545 1408 1664 1452 vitae
1696 1407 1799 1452 fons
1833 1409 2036 1453 aruisset.

0 1510 2 1532 3
74 1477 227 1522 Sensit
243 1491 354 1536 ergo
371 1486 569 1520 mortem
587 1475 935 1535 participatione
962 1475 1154 1519 humani
1177 1474 1378 1529 affectus,
1407 1489 1543 1535 quem
1566 1485 1729 1534 sponte
1747 1483 2036 1536 susceperat3

0 1543 4 1565 4
73 1558 168 1590 non
200 1554 389 1589 naturae
421 1541 529 1588 suae
555 1543 749 1601 perdidit
781 1542 1047 1602 potentiam,
1075 1557 1154 1601 per
1180 1557 1317 1601 quam
1345 1553 1507 1587 cuncta
1532 1542 1732 1587 vivificat
1757 1559 1798 1586 ».

0 1659 5 1661 ,,
162 1611 240 1657 AD
266 1622 526 1656 SECUNDUM
548 1610 808 1663 dicendum,
836 1610 958 1668 quod
979 1609 1189 1654 Christus
1215 1623 1310 1652 non
1335 1610 1547 1653 sustinuit
1572 1620 1771 1654 mortem
1789 1623 1843 1654 ex
1870 1610 2037 1654 morbo

0 1670 6 1707 ἶ
73 1681 435 1739 provenientem,
457 1692 514 1723 ne
540 1678 767 1722 videretur
789 1692 842 1721 ex
860 1677 1130 1721 necessitate
1148 1677 1267 1720 mori
1289 1686 1474 1736 propter
1490 1677 1801 1722 infirmitatem
1824 1687 2039 1732 naturae3

75 1747 154 1791 sed
180 1747 392 1792 sustinuit
417 1755 614 1790 mortem
643 1746 696 1789 ab
725 1745 936 1789 exteriori
962 1745 1151 1798 illatam,
1171 1745 1243 1788 cui
1260 1758 1307 1788 se
1326 1754 1629 1803 spontaneum
1649 1745 1825 1800 obtulit,
1843 1756 1892 1790 ut
1913 1760 2039 1790 mors

77 1815 175 1873 ejus
199 1813 456 1858 voluntaria
478 1811 804 1856 ostenderetur.

165 1880 243 1925 AD
261 1892 476 1925 TERTIUM
497 1879 757 1933 dicendum,
784 1879 906 1938 quod
933 1893 1076 1923 unum
1099 1879 1362 1938 oppositum
1385 1894 1465 1938 per
1491 1894 1538 1923 se
1564 1894 1659 1923 non
1681 1879 1804 1924 ducit
1828 1881 1883 1923 ad
1902 1879 2039 1934 aliud,

75 1947 155 1993 sed
181 1948 454 2009 quandoque
492 1960 570 2005 per
596 1946 833 2005 accidens;
869 1946 986 1990 sicut
1013 1945 1230 2004 frigidum
1257 1947 1531 2005 quandoque
1569 1962 1649 2006 per
1688 1947 1898 1992 accidens
1927 1947 2042 1991 cale-

74 2013 207 2069 βείω
233 2023 279 2059 et
302 2014 392 2057 hoc
419 2014 561 2057 modo
589 2013 799 2057 Christus
825 2027 906 2072 per
927 2027 1057 2056 suam
1085 2023 1284 2057 mortem
1310 2028 1403 2056 non
1431 2014 1638 2072 perduxit
1665 2014 1718 2057 ad
1746 2015 1902 2067 vitam,
1930 2015 2039 2058 dum

74 2091 331 2126 sua-'morte
348 2090 545 2124 mortem
562 2090 767 2124 nostram
794 2080 1033 2134 destruxit;
1052 2082 1168 2124 sicut
1193 2079 1269 2124 ille
1293 2082 1365 2139 qui
1391 2094 1589 2139 poenam
1613 2095 1697 2139 pro
1722 2080 1812 2124 alio
1836 2081 2039 2134 sustinet,

75 2157 286 2198 removet
311 2161 510 2207 poenam
535 2149 645 2206 ejus.

206 2224 230 2249 ⁴⁷.
258 2224 281 2249 13.

123 2360 132 2363 Ἴ
765 2295 1200 2353 ARTICULUS
1243 2296 1314 2350 Π.
1949 2324 2033 2369 277

78 2417 271 2458 UTRUM
308 2418 365 2457 IN
404 2416 595 2455 MORTE
628 2417 847 2456 CHRISTI
887 2417 1084 2455 FUERIT
1126 2417 1405 2455 SEPARATA
1445 2417 1725 2455 DIVINITAS
1768 2418 1803 2454 A
1845 2418 2040 2456 CARNE.

375 2513 429 2571 (3.
453 2513 562 2557 Dist.
582 2527 617 2572 3.
653 2528 692 2572 q.
715 2527 755 2558 2.
779 2519 848 2557 art
872 2529 907 2558 1.
935 2528 973 2571 q.
1001 2529 1036 2558 1.
1060 2519 1097 2557 et
1119 2514 1232 2558 Dist.
1254 2528 1318 2558 21.
1345 2527 1383 2571 q.
1403 2529 1438 2558 r.
1464 2519 1546 2557 art.
1578 2526 1614 2556 1.
1643 2528 1680 2571 q.
1709 2529 1743 2558 r.

215 2585 255 2625 et
271 2579 425 2637 Quodl.
442 2572 482 2625 a.
505 2586 585 2624 art.
604 2596 638 2625 r.
658 2588 768 2639 corp.
787 2586 822 2624 et
843 2595 880 2638 q.
899 2594 941 2636 4.
959 2586 1040 2624 art.
1059 2580 1102 2625 6.
1120 2590 1234 2640 corp.
1257 2586 1294 2624 et
1309 2588 1444 2639 opusc.
1462 2595 1501 2625 2.
1525 2588 1616 2639 cap.
1640 2580 1735 2639 236.
1754 2586 1791 2625 et
1811 2593 1901 2640 237.

731 2653 767 2692 et
791 2656 931 2707 opusc.
966 2647 1037 2692 60.
1063 2655 1152 2706 cap.
1177 2662 1242 2706 19.
1266 2648 1383 2706 fin).

14 2677 17 2679 .
2 2443 22 2633 ff*;¹·31-W«t¹·=·⁹
0 2363 13 2434 *W*
0 2297 18 2360 *vij*
0 2174 22 2288 W

95 2574 99 2577 .
93 2298 101 2315 a

163 2749 248 2794 -AD
267 2760 542 2797 r{mem-unm
568 2752 633 2795 sic
661 2751 934 2810 proceditur.
969 2750 1174 2805 Videtur,
1208 2751 1330 2810 quod
1357 2751 1403 2795 in
1430 2761 1577 2795 morte
1605 2750 1776 2795 Christi
1807 2750 1941 2795 fuerit
1972 2766 2041 2795 se-

83 2825 238 2875 parata
265 2816 474 2861 divinitas
500 2831 525 2860 a
553 2831 708 2862 carne:
736 2827 785 2862 ut
811 2818 934 2862 enim
962 2818 1124 2862 dicitur
1150 2818 1312 2862 Matth.
1340 2831 1426 2876 27„
1453 2818 1684 2863 Dominus
1710 2819 1756 2862 in
1783 2833 1917 2862 cruce
1939 2833 2044 2877 pen-

81 2882 192 2927 dens
218 2882 464 2927 clamabat:
495 2885 610 2929 Deus
635 2899 760 2937 meus,
789 2886 904 2930 Deus
929 2901 1054 2939 meus,
1074 2892 1121 2930 ut
1146 2885 1245 2943 quid
1261 2885 1514 2943 dereliquisti
1537 2887 1634 2931 ma?
1661 2886 1782 2944 quod
1811 2899 2042 2944 exponens

18 2955 32 2991 l:
81 2949 354 3010 Ambrosius
377 2950 518 3009 (super
542 2951 646 2995 illud
669 2951 772 2995 Luc.
796 2966 880 3010 23.:
913 2953 972 2996 Et
1006 2952 1104 2997 haec
1140 2953 1277 2996 dicens
1313 2953 1560 3011 expiravit),
1590 2952 1719 2996 dicit:
1752 2968 1775 2992 ‹<
1802 2951 2043 2996 Clamabat

79 3015 227 3061 homo
252 3017 540 3075 separatione
578 3017 822 3061 divinitatis
858 3019 1119 3071 moriturus,
1146 3033 1251 3062 narn
1278 3033 1382 3062 cum
1422 3018 1630 3062 divinitas
1658 3033 1684 3062 a
1722 3028 1869 3061 morte
1902 3017 2043 3062 libera

82 3082 153 3136 sit,
185 3084 339 3142 utique
372 3098 496 3128 mors
518 3084 579 3127 ibi
614 3097 712 3128 esse
738 3098 831 3127 non
858 3095 1048 3143 poterat,
1076 3086 1161 3128 nisi
1181 3086 1273 3128 vita
1304 3085 1568 3139 discederet,
1587 3085 1691 3143 quia
1719 3086 1807 3127 vita
1835 3084 2043 3128 divinitas

24 3152 31 3209 ζ
82 3159 150 3194 est
169 3165 212 3203 »3
237 3160 282 3194 et
306 3151 370 3194 sic
401 3151 593 3204 videtur,
620 3151 741 3210 quod
775 3152 821 3194 in
853 3161 1000 3195 morte
1030 3151 1202 3196 Christi
1230 3153 1286 3196 sit
1311 3153 1519 3196 divinitas
1547 3162 1752 3210 separata
1781 3165 1804 3194 a
1833 3165 1981 3195 carne.

28 3264 31 3271 ¹
171 3229 211 3260 2.
240 3216 534 3262 PRAETEREA.
555 3217 753 3261 Remoto
781 3218 948 3271 medio,
966 3229 1229 3276 separantur
1251 3229 1475 3263 extrema:
1501 3219 1579 3262 sed
1598 3218 1806 3261 divinitas
1829 3217 1953 3260 unita
1972 3227 2040 3262 est

83 3283 208 3327 carni
235 3283 462 3328 mediante
490 3285 656 3338 anima,
693 3295 742 3329 ut
766 3299 900 3343 supra
937 3286 1143 3329 habitum
1181 3296 1248 3329 est
1284 3293 1342 3344 (q.
1383 3286 1424 3330 6.
1464 3293 1546 3330 art.
1587 3285 1672 3341 ι.);
1712 3297 1821 3340 ergo
1853 3283 2043 3338 videtur,

34 3346 40 3373 Γ
83 3349 206 3408 quod
234 3363 339 3393 cum
365 3351 411 3394 in
435 3361 581 3396 morte
604 3352 778 3396 Christi
804 3352 956 3396 anima
982 3353 1038 3397 sit
1064 3363 1270 3412 separata
1299 3367 1323 3396 a
1347 3367 1497 3406 carne,
1525 3366 1604 3411 per
1631 3365 1916 3409 consequens
1938 3352 2046 3396 divi-

36 3446 42 3460 ς
83 3417 200 3461 nitas
226 3417 284 3460 sit
309 3430 334 3460 a
353 3431 488 3461 carne
510 3429 730 3477 separata.

42 3539 47 3545 ,
178 3497 217 3541 3.
244 3483 540 3528 Paternum.
567 3484 717 3542 Major
733 3495 801 3529 est
821 3487 962 3530 virtus
987 3486 1258 3530 vivificativa
1277 3486 1379 3539 Dei,
1398 3500 1535 3544 quarn
1554 3485 1758 3530 animae:
1782 3484 1860 3528 sed
1878 3499 2043 3544 corpus

84 3549 205 3593 mori
230 3562 324 3592 non
350 3559 540 3608 poterat,
559 3550 653 3594 'nisi
680 3551 831 3595 anima
858 3562 1090 3610 separata3
1117 3566 1228 3611 ergo
1252 3551 1397 3595 multo
1427 3552 1575 3595 minus
1602 3552 1720 3595 mori
1742 3561 1933 3609 poterat,
1957 3552 2042 3597 nisi

42 3654 45 3659 ,
83 3626 293 3674 separata
318 3615 566 3661 divinitate.
