2352 3926
638 233 912 279 QUAESTIO
951 233 1100 274 xxx1.
1141 233 1449 275 Aimcums
1487 233 1540 276 v.
1961 220 2069 290 269

811 430 1243 488 ARTICULUS
1278 432 1347 487 V.
1994 459 2076 506 172

664 565 893 605 UTRUM
949 566 1200 605 CORPUS
1255 567 1527 606 CHRISTI

252 649 326 688 DE
361 649 657 688 PURISSIMIS
700 648 1060 688 SANGUINIBUS
1101 649 1337 688 VIRGINIS
1379 650 1686 689 FORMATUM
1725 650 1940 689 FUERIT.

735 757 786 819 (3.
813 759 927 804 Dist.
944 773 981 818 3.
1004 773 1043 818 q.
1070 773 1110 804 a.
1137 765 1219 804 art.
1245 774 1281 804 ι.
1305 759 1359 803 ad
1383 760 1460 817 4.).

205 871 543 922 AD÷QUINTUM
569 870 634 915 sic
666 870 940 930 proceditur.
974 871 1179 925 Videtur,
1213 871 1335 930 quod
1368 886 1475 916 caro
1503 872 1678 918 Christi
1701 887 1795 918 non
1822 873 1955 918 fuerit
1976 887 2082 919 con-

118 948 250 999 cepta
276 953 330 983 ex
354 938 603 999 purissimis
619 938 912 997 sanguinibus
929 938 1138 997 virginis:
1163 938 1326 983 dicitur
1343 939 1466 983 enim
1491 940 1538 983 in
1566 939 1790 996 Collecta,
1813 940 1935 1000 quod
1953 941 2080 985 Deus

117 1006 322 1051 Verbum
347 1019 480 1050 suum
507 1005 562 1050 de
588 1005 763 1063 virgine
787 1019 971 1049 carnem
997 1019 1178 1050 sumere
1203 1005 1369 1050 voluit:
1396 1007 1475 1051 sed
1504 1021 1611 1050 caro
1638 1007 1786 1051 differt
1808 1022 1833 1051 a
1859 1008 2080 1066 sanguine

117 1073 334 1133 virginis3
361 1086 471 1131 ergo
499 1086 664 1131 corpus
692 1071 866 1116 Christi
891 1086 985 1116 non
1013 1083 1081 1117 est
1106 1083 1339 1132 sumptum
1368 1073 1423 1117 de
1450 1076 1671 1131 sanguine
1702 1075 1901 1133 virginis.

209 1153 250 1185 2.
274 1139 573 1185 PRAETEREA.
617 1139 746 1183 Sicut
781 1139 945 1183 mulier
976 1139 1172 1184 formata
1201 1150 1268 1184 est
1294 1140 1569 1185 miraculose
1596 1141 1651 1184 de
1677 1141 1791 1194 viro,
1818 1142 1882 1185 sic
1916 1155 2080 1200 corpus

122 1206 297 1252 Christi
321 1206 596 1250 miraculose
620 1205 871 1250 formatum
898 1217 966 1250 est
983 1206 1037 1251 de
1053 1206 1268 1266 Virgine:
1296 1208 1375 1252 sed
1395 1207 1557 1251 mulier
1582 1222 1677 1251 non
1704 1208 1866 1252 dicitur
1883 1222 1980 1252 esse
1997 1208 2084 1252 for-

122 1283 247 1319 mata
273 1273 329 1318 de
356 1273 578 1331 sanguine
604 1273 710 1328 viri3
737 1273 816 1318 sed
843 1274 990 1332 magis
1018 1274 1073 1317 de
1101 1288 1251 1329 carne,
1280 1284 1324 1319 et
1348 1275 1524 1319 ossibus
1552 1276 1661 1333 ejus,
1689 1276 1941 1320 secundum
1971 1275 2082 1319 illud

122 1341 246 1401 quod
273 1340 435 1385 dicitur
463 1339 627 1384 Genes.
657 1353 713 1385 2.:
739 1341 832 1385 Hoc
859 1357 969 1386 nunc
1003 1356 1044 1385 os
1061 1341 1107 1385 de
1134 1343 1286 1386 ossibus
1309 1345 1421 1396 meis,
1440 1348 1475 1386 et
1492 1357 1590 1387 caro
1607 1342 1653 1386 de
1674 1356 1799 1387 carne
1824 1357 1916 1388 mea
1930 1358 1947 1396 ;
1972 1356 2083 1401 ergo

120 1407 312 1463 videtur,
338 1406 460 1466 quod
486 1421 570 1451 nec
596 1407 737 1451 etiam
764 1422 929 1467 corpus
958 1408 1129 1452 Christi
1155 1408 1344 1453 formari
1370 1409 1573 1454 debuerit
1606 1410 1662 1454 de
1694 1410 1917 1470 sanguine
1949 1411 2083 1469 virgi-

119 1475 206 1530 nis,
231 1475 311 1520 sed
343 1474 398 1518 de
425 1474 649 1528 carnibus,
677 1484 722 1518 et
747 1475 923 1519 ossibus
952 1477 1083 1533 ejus.⁴

214 1557 252 1602 3.
277 1542 575 1587 PRAETEREA.
604 1541 784 1601 Corpus
813 1542 984 1587 Christi
1015 1542 1098 1587 fuit
1120 1543 1327 1601 ejusdem
1353 1543 1523 1602 speciei
1550 1558 1656 1587 cum
1684 1544 1950 1603 corporibus
1978 1544 2086 1588 alio-

124 1624 226 1655 rum
251 1610 515 1654 hominum:
543 1608 621 1653 sed
649 1623 844 1668 corpora
871 1609 1066 1654 aliorum
1093 1610 1337 1654 hominurn
1364 1624 1458 1654 non
1484 1610 1740 1655 formantur
1766 1626 1820 1655 ex
1842 1611 2085 1670 purissimo

123 1677 359 1736 sanguine,
385 1676 465 1720 sed
493 1690 547 1720 ex
565 1676 755 1730 semine,
774 1686 818 1720 et
835 1677 1055 1735 sanguine
1082 1687 1338 1731 menstru03
1363 1691 1473 1736 ergo
1490 1678 1682 1731 videtur,
1705 1679 1826 1737 quod
1844 1693 1929 1722 nec
1948 1678 2085 1723 etiam

123 1757 289 1803 corpus
322 1742 495 1788 Christi
519 1742 652 1786 fuerit
677 1753 953 1802 conceptum
976 1758 1030 1788 ex
1056 1744 1307 1803 purissimis
1333 1745 1627 1803 sanguinibus
1653 1745 1855 1804 virginis.

214 1810 308 1855 sm>
341 1822 537 1854 CONTRA
564 1820 644 1863 est,
668 1810 790 1868 quod
807 1810 1025 1855 Damasc.
1053 1811 1162 1855 dicit
1177 1812 1224 1854 in
1251 1826 1287 1870 3.
1311 1811 1385 1855 lib.
1407 1812 1553 1868 (Orth.
1572 1812 1670 1856 Fid.
1695 1820 1786 1871 cap.
1813 1827 1854 1857 2.
1882 1814 1926 1856 in
1942 1812 2085 1868 med),

125 1877 248 1938 quod
277 1893 301 1918 (ι
318 1875 458 1921 Filius
473 1876 564 1920 Dei
589 1877 839 1921 construxit
859 1878 944 1921 sibi
959 1878 1046 1936 ipsi
1073 1892 1127 1922 ex
1155 1879 1432 1932 castissimis,
1451 1889 1495 1923 et
1520 1879 1769 1938 purissimis
1792 1879 2086 1938 sanguinibus

126 1943 312 2004 virginis
339 1957 524 1987 carnem
551 1943 800 1988 animatam
829 1945 981 1988 anima
1006 1944 1276 1989 rationali».

214 2011 503 2056 RESPONDEO
537 2010 795 2066 dicendum,
823 2012 960 2071 quod,
988 2012 1104 2056 sicut
1129 2026 1264 2071 supra
1292 2013 1465 2056 dictum
1492 2022 1560 2057 est
1587 2013 1687 2069 (art.
1708 2013 1892 2072 praec),
1918 2013 1964 2057 in
1983 2027 2088 2057 con-

127 2078 337 2138 ceptione
366 2077 536 2123 Christi
563 2077 646 2122 fuit
670 2079 923 2122 secundum
950 2079 1263 2123 conditionem
1290 2090 1493 2133 naturae,
1521 2080 1641 2139 quod
1670 2090 1738 2124 est
1762 2090 1893 2124 natus
1917 2095 1971 2124 ex
1997 2079 2090 2124 foe-

127 2146 267 2199 mina,
293 2145 370 2190 sed
396 2159 531 2204 supra
558 2145 869 2189 conditionem
896 2156 1099 2199 naturae,
1127 2147 1248 2205 quod
1277 2156 1344 2191 est
1368 2157 1501 2190 natus
1534 2161 1587 2190 ex
1615 2142 1817 2206 virgine:
1845 2147 1983 2191 habet
2015 2162 2090 2191 au-

126 2223 221 2259 tem
245 2213 334 2257 hoc
360 2211 578 2256 naturalis
605 2212 822 2266 conditio,
850 2213 971 2271 quod
998 2212 1043 2256 in
1067 2214 1361 2272 generatione
1390 2213 1600 2258 animalis
1626 2214 1828 2258 foemina
1850 2217 2090 2259 materiam

126 2280 364 2334 ministret,
390 2293 444 2324 ex
470 2289 596 2339 parte
621 2290 773 2324 autem
801 2280 939 2324 maris
965 2281 1022 2324 sit
1047 2280 1319 2339 principium
1347 2281 1547 2325 activum
1574 2282 1620 2325 in
1648 2282 1956 2340 generatione,
1974 2282 2092 2326 sicut

128 2347 290 2407 probat
313 2345 486 2391 Philos.
513 2346 559 2390 in
581 2346 656 2390 lib.
689 2360 724 2390 1.
753 2347 808 2390 de
836 2346 1145 2391 Generatione
1173 2347 1441 2391 animalium
1469 2349 1580 2408 (cap.
1612 2361 1677 2407 19.
1706 2350 1750 2392 in
1767 2350 1864 2406 fine,
1892 2355 1929 2394 et
1956 2350 2026 2393 lib.
2050 2364 2090 2393 2.

126 2422 217 2475 cap.
243 2428 285 2472 4.
312 2420 351 2459 et
370 2415 444 2472 5.).
470 2413 692 2457 Foemina
716 2423 884 2468 autern,
911 2428 1027 2472 quae
1055 2428 1110 2457 ex
1136 2428 1262 2458 mare
1295 2414 1508 2473 concipit,
1535 2429 1628 2458 non
1657 2425 1724 2458 est
1748 2415 1902 2472 virgo:
1923 2425 1968 2459 et
1988 2416 2091 2459 ideo

129 2482 186 2527 ad
217 2479 608 2541 supernaturalem
631 2480 823 2524 modum
849 2481 1158 2539 generationis
1186 2481 1356 2526 Christi
1372 2482 1590 2540 pertinet,
1608 2481 1730 2540 quod
1755 2482 1953 2526 activum
1972 2482 2092 2540 prin-

130 2549 301 2609 cipium
325 2548 371 2591 in
394 2547 690 2607 generatione
716 2546 794 2591 illa
820 2546 954 2592 fuerit
979 2548 1119 2592 virtus
1146 2548 1498 2608 supernaturalis
1526 2549 1700 2592 divina:
1728 2549 1807 2593 sed
1836 2549 1891 2593 ad
1916 2559 2095 2594 natura-

130 2615 224 2662 lem
250 2615 441 2660 modum
467 2615 772 2674 generationis
796 2616 891 2673 ejus
909 2615 1114 2674 pertinet,
1142 2616 1264 2674 quod
1291 2617 1387 2674 ejus
1413 2617 1618 2670 materia,
1636 2617 1691 2661 de
1710 2631 1799 2676 qua
1817 2631 1980 2676 corpus
1997 2618 2092 2675 ejus

133 2693 410 2743 conceptum
435 2692 517 2736 est,
543 2682 601 2726 sit
626 2681 876 2726 conformis
902 2682 1134 2736 materiae,
1162 2697 1300 2742 quam
1332 2682 1447 2728 aliae
1484 2683 1715 2727 foeminae
1751 2684 2094 2728 subministrant

133 2750 190 2796 ad
217 2750 568 2809 conceptionem
594 2748 755 2808 prolis:
783 2748 898 2793 haec
927 2758 1079 2793 autem
1107 2750 1312 2804 materia,
1335 2751 1585 2794 secundum
1612 2750 1784 2795 Philos.
1810 2751 1858 2794 in
1883 2750 1958 2794 lib.
1984 2765 2018 2795 1.
2037 2751 2092 2795 de

135 2816 442 2863 Generatione
469 2815 736 2860 animalium
765 2819 875 2876 (cap.
899 2815 1004 2874 τᾳ),
1023 2825 1090 2860 est
1116 2816 1299 2875 sanguis
1326 2816 1544 2871 mulieris,
1570 2831 1659 2861 non
1691 2819 1981 2876 quicumque,
2014 2817 2093 2862 sed

133 2885 374 2945 perductus
393 2883 447 2927 ad
466 2882 713 2942 quamdam
732 2882 1002 2942 ampliorem
1021 2883 1325 2942 digestionem
1343 2898 1423 2943 per
1438 2884 1651 2928 virtutem
1670 2885 1980 2942 generativam
2002 2898 2095 2927 ma-

131 2952 227 3007 tris,
251 2961 301 2996 ut
334 2950 391 2995 sit
426 2950 615 2994 materia
642 2959 745 3010 apta
783 2950 838 2994 ad
876 2961 1167 3009 conceptum,
1194 2960 1238 2994 et
1263 2950 1367 2995 ideo
1395 2964 1448 2994 ex
1474 2950 1554 2995 tali
1581 2951 1773 2996 materia
1807 2950 1890 2995 fuit
1927 2965 2090 3010 corpus

135 3017 308 3065 Christi
332 3027 621 3077 conceptum.
1145 3017 1147 3020 ’

222 3086 298 3132 AD
324 3098 514 3131 PRIMUM
540 3099 650 3144 ergo
678 3084 936 3139 dicendum,
963 3085 1086 3144 quod
1114 3099 1223 3129 cum
1250 3086 1390 3130 Beata
1412 3085 1555 3144 Virgo
1583 3084 1716 3129 Fuerit
1742 3084 1944 3143 ejusdem
1969 3093 2095 3128 natu-

135 3166 213 3199 rae
237 3167 345 3198 cum
372 3152 471 3198 aliis
492 3152 721 3207 foeminis,
749 3167 1034 3213 consequens
1061 3163 1129 3198 est
1153 3155 1275 3213 quod
1299 3154 1507 3198 habuerit
1534 3167 1733 3206 carnem,
1767 3163 1811 3196 et
1846 3166 1950 3196 ossa
1983 3153 2095 3211 ejus-

137 3220 242 3265 dem
262 3229 472 3264 naturae:
501 3234 660 3264 carnes
686 3230 854 3275 autem,
881 3231 925 3265 et
947 3234 1051 3264 ossa
1077 3221 1123 3264 in
1152 3221 1250 3265 aliis
1275 3220 1488 3265 foeminis
1521 3230 1624 3264 sunt
1658 3218 1857 3263 actuales
1890 3219 2095 3278 corporis

137 3298 299 3348 partes,
325 3302 379 3332 ex
405 3287 565 3347 quibus
589 3288 877 3332 constituitur
898 3288 1132 3346 integritas
1160 3289 1386 3347 corporis:
1421 3298 1466 3332 et
1498 3287 1603 3331 ideo
1637 3286 1839 3331 subtrahi
1871 3300 1965 3330 non
1997 3300 2098 3345 pos-

137 3364 241 3400 sunt
266 3354 361 3400 sine
389 3354 678 3413 corruptione
706 3355 925 3414 corporis,
952 3355 1025 3398 vel
1052 3355 1377 3399 diminutione:
1404 3354 1611 3398 Christus
1630 3363 1795 3406 autem,
1813 3353 1890 3411 qui
1911 3362 2097 3397 venerat

139 3431 351 3482 corrupta
375 3434 598 3480 reparare,
624 3421 799 3465 nullam
827 3422 1183 3480 corruptionem,
1212 3431 1286 3465 aut
1310 3420 1658 3464 diminutionem
1678 3419 1923 3477 integritati
1940 3420 2096 3464 matris

139 3488 236 3546 ejus
260 3486 423 3532 inferre
451 3487 618 3542 debuit,
641 3498 689 3532 ut
714 3502 848 3547 supra
874 3488 1046 3532 dictum
1074 3498 1142 3533 est
1168 3489 1228 3547 (q.
1250 3489 1318 3533 28.
1346 3494 1428 3531 art.
1460 3499 1496 3529 ι.
1525 3492 1560 3530 et
1585 3486 1675 3542 2.):
1704 3496 1748 3529 et
1772 3486 1876 3530 ideo
1904 3500 1998 3530 non
2025 3487 2097 3531 de·

141 3553 238 3599 buit
261 3568 426 3612 corpus
452 3554 625 3600 Christi
650 3553 837 3598 formari
865 3555 920 3598 de
942 3569 1092 3608 carne,
1118 3555 1192 3598 vel
1219 3554 1394 3598 ossibus
1428 3553 1627 3611 virginis,
1661 3553 1738 3596 sed
1772 3552 1827 3596 de
1860 3553 2093 3610 sanguine,

142 3620 219 3680 qui
243 3620 448 3666 nondum
471 3631 538 3666 est
556 3630 659 3665 actu
681 3635 798 3680 pars,
811 3621 890 3665 sed
909 3631 976 3666 est
992 3622 1195 3682 potentia
1213 3631 1376 3673 totum,
1400 3629 1447 3663 ut
1465 3619 1682 3663 diciturin
1701 3618 1775 3663 lib.
1800 3633 1834 3664 1.
1854 3619 1908 3666 de
1929 3619 2094 3667 Gener.
