2352 3926
298 212 405 282 528
807 227 1085 273 QUAESTIO
1125 227 1276 266 Lxm.
1316 226 1625 267 ARTICULUS
1661 227 1737 267 IV.

378 331 666 375 RESPONDEO
694 329 953 383 dicendum,
980 329 1117 388 quod,
1143 329 1261 373 sicut
1285 329 1461 374 dictum
1486 339 1554 374 est
1581 329 1686 386 (art.
1703 329 1887 389 praem),
1921 330 2157 377 character
2183 341 2256 379 est

291 397 522 455 quoddam
549 395 850 454 signaculum,
884 410 975 454 quo
1009 396 1162 440 anima
1192 396 1433 455 insignitur
1466 396 1521 440 ad
1553 396 1909 455 suscipiendum,
1933 397 2011 443 vel
2041 397 2257 447 ahisam-

289 465 484 508 dendum
516 478 582 516 ea,
610 477 725 521 quae
756 472 861 506 sunt
886 463 1025 506 divini
1048 462 1218 517 cultus;
1243 463 1419 507 divinus
1449 472 1602 507 autem
1629 462 1775 507 cultus
1793 463 1841 508 in
1858 464 2255 523 quibusdamz'uoti-

286 531 368 574 bus
396 531 620 583 consistit;
649 529 704 572 ad
732 540 857 573 actus
885 539 1037 573 autem
1065 531 1246 589 proprie
1273 530 1541 574 ordinantur
1572 530 1803 589 potentiae
1830 531 2024 607 animae,
2050 532 2168 579 sicut
2191 546 2256 578 es-

285 598 428 640 sentia
471 597 702 640 ordinatur
742 596 798 639 ad
839 611 949 648 esse;
995 606 1039 641 et
1077 597 1182 641 ideo
1225 596 1461 641 character
1492 611 1588 642 non
1620 607 1702 651 est,
1733 597 1850 642 sicut
1878 597 1926 642 in
1958 598 2254 656 subjecto,in

286 664 480 708 essentia
503 664 698 716 animae,
725 663 841 707 sed
830 677 877 707 ιιι
905 664 1000 720 ejus
1027 664 1243 723 potentia.

373 731 448 774 AD
479 743 668 774 PRIMUM
706 744 818 789 ergo
845 730 1105 784 dicendum,
1132 731 1255 790 quod
1287 731 1540 789 subJectum
1575 730 1712 775 alicui
1744 732 1968 789 accidenti
1999 732 2253 779 attribuitur

283 796 536 841 secundum
561 797 787 841 rationem
815 798 925 855 ejus,
953 797 1008 841 ad
1035 799 1158 857 quod
1184 799 1439 857 propinque
1461 798 1675 857 disponit,
1701 812 1796 842 non
1818 810 1973 844 autem
1999 801 2253 846 secundum

283 865 509 907 rationem
536 864 646 921 ejus,
681 864 736 907 ad
769 864 891 923 quod
924 864 1124 923 disponit
1155 874 1347 919 remote,
1375 864 1449 909 vel
1474 865 1718 910 indirecte:
1747 866 1982 911 character
2013 867 2255 912 autemdi-

283 940 404 974 recte
431 931 631 989 quidem,
659 941 703 975 et
727 931 980 990 propinque
1013 931 1213 991 disponit
1242 934 1447 976 animam
1473 931 1529 976 ad
1563 946 1618 976 ea
1650 946 1767 990 quae
1798 943 1903 977 sunt
1933 933 2072 979 divini
2104 933 2252 979 cultus

283 997 571 1056 exequenda:
599 1007 644 1042 et
668 999 772 1057 quia
798 998 912 1042 haec
938 999 1104 1043 idonee
1130 1013 1225 1043 non
1246 999 1359 1043 fiunt
1374 999 1470 1044 sine
1488 998 1656 1043 auxilio
1675 999 1862 1058 gratiae,
1875 1000 1996 1060 quia,
2017 1010 2069 1047 ut
2088 1000 2253 1046 dicitur

275 1064 406 1123 Joan.
432 1077 500 1119 4:
527 1066 623 1118 Eos,
648 1067 721 1124 qui
745 1065 926 1110 adorant
947 1067 1104 1120 Deum,
1122 1067 1168 1110 in
1198 1068 1364 1126 spiritu,
1389 1072 1425 1110 et
1455 1068 1631 1110 veritate
1663 1066 1842 1111 adorare
1869 1073 2040 1127 oportet,
2067 1081 2123 1113 ex
2148 1081 2253 1113 con-

282 1132 490 1191 sequenti
518 1132 671 1176 divina
695 1132 882 1191 largitas
899 1133 1216 1193 recipientibus
1244 1133 1557 1177 characterem
1578 1132 1767 1192 largitur
1793 1135 2001 1212 gratiam,
2016 1150 2096 1195 per
2113 1149 2252 1213 quam

281 1199 417 1257 digne
449 1199 672 1257 impleant
704 1213 772 1255 ea,
806 1201 861 1244 ad
897 1214 1012 1259 quae
1039 1200 1333 1258 deputantur:
1362 1210 1406 1244 et
1436 1199 1540 1244 ideo
1575 1200 1827 1245 characteri
1858 1202 2004 1261 magis
2035 1212 2104 1248 est
2134 1202 2253 1248 attri-

279 1266 510 1311 buendum
537 1267 792 1325 subjectum
824 1267 1075 1311 secundum
1108 1268 1334 1311 rationem
1367 1276 1553 1311 actuum
1586 1267 1642 1311 ad
1675 1267 1881 1312 divinum
1912 1268 2088 1315 cultum
2117 1270 2251 1330 perti-

278 1334 499 1388 nentium,
526 1348 664 1392 quam
690 1334 942 1378 secundum
968 1334 1195 1378 rationem
1228 1335 1415 1411 gratiae.

369 1400 445 1445 AD
472 1414 734 1446 SECUNDUM
761 1401 1021 1455 dicendum,
1052 1401 1177 1460 quod
1203 1401 1399 1445 essentia
1426 1401 1607 1445 animae
1639 1412 1708 1446 est
1738 1402 1993 1461 subjectum
2018 1374 2250 1463 potentiae

276 1467 509 1522 naturalis,
542 1483 658 1527 quae
683 1483 738 1512 ex
764 1469 994 1527 principiis
1022 1468 1244 1512 essentiae
1270 1467 1498 1527 procedit:
1525 1467 1628 1512 talis
1655 1479 1808 1514 autem
1833 1471 2038 1528 potentia
2057 1484 2153 1517 non
2179 1481 2248 1518 est

279 1534 527 1589 character,
555 1535 633 1579 sed
661 1546 727 1579 est
753 1536 979 1594 quaedam
1000 1535 1242 1595 spiritualis
1265 1536 1468 1594 potentia
1486 1535 1539 1580 ab
1559 1536 1812 1580 extrinseco
1835 1537 2106 1593 adveniens;
2127 1538 2248 1583 unde

278 1601 396 1645 sicut
421 1602 614 1646 essentia
642 1603 835 1658 animae,
858 1618 937 1662 per
963 1617 1102 1662 quam
1119 1612 1188 1647 est
1203 1603 1420 1647 naturalis
1442 1603 1535 1647 vita
1552 1603 1777 1658 hominis,
1793 1604 2023 1663 perficitur
2047 1620 2128 1665 per
2153 1620 2250 1666 gra-

278 1669 404 1723 tiam,
437 1683 526 1728 qua
559 1671 713 1713 anima
745 1670 1036 1729 spiritualiter
1060 1671 1194 1725 vivit3
1226 1671 1288 1715 ita
1319 1671 1523 1730 potentia
1554 1671 1773 1716 naturalis
1806 1671 1987 1719 animae
2018 1671 2247 1732 perficitur

283 1750 363 1795 per
394 1737 673 1796 spiritualem
707 1739 974 1797 potentiam,
1007 1752 1122 1797 quae
1156 1748 1225 1783 est
1257 1739 1514 1782 character:
1554 1738 1734 1782 habitus
1767 1739 1904 1794 enim,
1937 1748 1981 1784 et
2011 1739 2247 1803 dispositio

281 1804 504 1862 pertinent
532 1805 586 1848 ad
614 1805 867 1864 potentiam
891 1806 1084 1860 animae,
1104 1819 1159 1849 eo
1188 1806 1310 1864 quod
1338 1806 1604 1849 ordinantur
1630 1805 1686 1848 ad
1713 1816 1855 1862 actus,
1873 1820 2070 1866 quorum
2095 1817 2249 1865 poten-

280 1872 368 1914 tiae
396 1882 500 1915 sunt
525 1872 766 1931 principia:
796 1883 839 1917 et
862 1873 1023 1917 eadem
1050 1873 1225 1917 ratione
1253 1887 1390 1917 omne
1418 1873 1540 1931 quod
1564 1872 1619 1915 ad
1644 1882 1794 1916 actum
1819 1873 2066 1928 ordinatur,
2089 1883 2157 1919 est
2171 1888 2250 1934 po-

275 1939 443 1983 tentiae
469 1939 771 1983 tribuendum.

368 2007 444 2051 AD
473 2020 688 2053 TERTIUM
711 2008 972 2063 dicendum,
1001 2008 1137 2068 quod,
1165 2009 1282 2053 sicut
1307 2008 1479 2052 dictum
1507 2018 1575 2053 est
1597 2008 1663 2066 (in
1689 2008 1841 2067 corpu),
1870 2008 2107 2053 character
2132 2007 2249 2053 ordi-

275 2084 408 2118 natur
435 2075 490 2118 ad
517 2089 584 2129 ea,
603 2090 718 2134 quae
737 2086 841 2120 sunt
859 2076 999 2120 divini
1017 2076 1186 2131 cultus;
1205 2077 1282 2135 qui
1305 2076 1488 2134 quidem
1511 2086 1578 2120 est
1602 2075 1828 2134 quaedam
1848 2075 1955 2120 fidei
1978 2076 2246 2135 protestatio

274 2156 353 2200 per
379 2142 602 2186 exteriora
628 2144 781 2201 signa3
809 2153 851 2187 et
877 2144 981 2188 ideo
1010 2154 1204 2203 oportet,
1228 2143 1351 2203 quod
1374 2143 1611 2188 character
1634 2143 1690 2188 sit
1711 2143 1758 2187 in
1785 2143 2016 2202 cognitiva
2041 2142 2246 2203 potentia

276 2209 471 2264 animae,
496 2210 543 2253 in
570 2224 659 2270 qua
686 2220 754 2255 est
777 2210 904 2257 fides.

993 2361 1428 2419 ARTICULUS
1463 2362 1533 2417 v.
2162 2351 2245 2437 '348

513 2481 707 2521 UTRUM
748 2483 1076 2523 CHARACTER
1117 2484 1262 2523 INSIT
1303 2482 1510 2522 ANIMAE
1550 2481 1990 2521 INDELEBILITER.

659 2578 723 2635 (4.
751 2580 864 2624 Dist.
890 2593 931 2636 4.
959 2594 997 2638 q.
1025 2595 1060 2624 1.
1087 2585 1168 2624 art.
1190 2595 1226 2638 3.
1254 2593 1292 2637 q.
1319 2592 1361 2635 4.
1389 2585 1428 2623 et
1453 2580 1573 2623 Rom.
1602 2591 1643 2637 7.
1671 2577 1747 2622 col.
1775 2576 1854 2635 2.).

322 2721 325 2726 .
362 2680 439 2726 AD
466 2694 693 2733 QUINTUM
715 2682 779 2727 sic
803 2682 1074 2741 proceditur.
1098 2682 1301 2737 Videtur,
1319 2682 1442 2742 quod
1467 2682 1703 2726 character
1726 2696 1822 2726 non
1847 2681 1955 2726 insit
1972 2681 2160 2727 'animae
2180 2683 2244 2728 in·

273 2747 544 2795 delebiliter:
563 2759 732 2809 quanto
746 2750 868 2794 enim
883 2750 1067 2809 aliquod
1086 2751 1295 2795 accidens
1316 2761 1383 2795 est
1401 2749 1656 2808 perfectiuS,
1674 2759 1803 2794 tanto
1820 2748 1994 2794 firmius
2010 2749 2239 2796 inhaeret:

272 2814 351 2859 sed
379 2817 523 2874 gratia
560 2827 628 2862 est
658 2816 912 2876 perfectior,
939 2832 1076 2876 quam
1111 2818 1360 2871 character,
1387 2818 1493 2877 quia
1526 2817 1763 2861 character
1795 2815 2028 2861 ordinatur
2059 2816 2116 2862 ad
2147 2830 2243 2877 gra-

271 2883 397 2938 tiam,
431 2883 549 2928 sicut
581 2884 636 2928 ad
670 2884 934 2929 ulteriorem
961 2884 1121 2939 finem3
1150 2886 1293 2942 gratia
1321 2895 1474 2929 autem
1503 2885 1722 2929 amittitur
1747 2898 1825 2944 per
1842 2892 2104 2946 peccatum3
2126 2897 2237 2944 ergo

271 2949 418 2994 multo
446 2951 593 3009 magis
620 2951 868 2996 character.

361 3031 400 3061 2.
434 3018 731 3064 PRAETEREA.
758 3019 846 3063 Per
873 3018 1186 3063 characterem
1214 3019 1373 3078 aliquis
1401 3019 1640 3077 deputatur
1667 3018 1822 3063 divino
1850 3017 2006 3073 cultui,
2030 3017 2150 3063 sicut
2178 3017 2242 3063 di-

271 3094 395 3129 ctum
423 3096 490 3130 est
506 3088 605 3142 (art.
631 3094 774 3145 praec.
793 3091 829 3131 et
845 3092 926 3131 art.
946 3102 980 3132 1.
1008 3093 1046 3131 et
1061 3101 1100 3131 2.
1120 3086 1206 3143 huj.
1234 3087 1322 3144 q.).·
1350 3086 1428 3130 sed
1457 3086 1596 3145 aliqui
1622 3101 1647 3130 a
1675 3085 1799 3130 cultu
1825 3084 1980 3130 divino
2005 3095 2240 3131 transeunt

269 3153 324 3195 ad
349 3154 629 3198 contrarium
653 3153 826 3198 cultum
854 3167 932 3211 per
955 3154 1230 3212 apostasiam
1249 3168 1272 3196 a
1292 3153 1405 3208 fide;
1425 3168 1534 3212 ergo
1552 3154 1742 3209 videtur,
1760 3152 1884 3213 quod
1901 3151 2015 3198 tales
2030 3152 2241 3198 amittant

270 3219 582 3265 characterem
609 3220 1003 3265 sacramentalem.

366 3301 404 3345 3.
433 3287 730 3333 PRAETEREA.
758 3288 976 3332 Cessante
1003 3286 1107 3342 fine,
1136 3302 1311 3332 cessare
1340 3288 1473 3332 debet
1499 3287 1636 3332 etiam
1663 3288 1721 3343 id,
1744 3287 1866 3347 quod
1892 3297 1960 3332 est
1984 3286 2041 3332 ad
2066 3285 2230 3333 finem:

269 3353 472 3412 alioquin
494 3354 656 3399 frustra
675 3364 956 3399 remaneret:
984 3355 1099 3398 sicut
1121 3365 1224 3413 post
1242 3355 1619 3399 resurrectionem
1643 3369 1737 3399 non
1764 3355 1848 3399 erit
1872 3354 2233 3409 matrimonium,

268 3421 372 3479 quia
405 3423 600 3467 cessabit
641 3422 890 3481 generatio,
936 3421 991 3466 ad
1030 3435 1168 3480 quam
1211 3422 1444 3467 ordinatur
1477 3423 1847 3467 matrimonium:
1886 3420 2032 3467 cultus
2079 3431 2232 3466 autem

269 3491 476 3542 exterior,
505 3489 560 3532 ad
588 3504 726 3548 quern
756 3489 989 3534 character
1016 3488 1262 3542 ordinatur,
1289 3503 1383 3532 non
1406 3489 1658 3533 remanebit
1683 3489 1729 3532 in
1755 3488 1913 3547 patria,
1930 3488 1985 3532 in*
2003 3501 2093 3548 qua
2117 3486 2233 3533 nihii

267 3565 427 3613 agetur
452 3556 498 3599 in
525 3556 684 3615 figura,
712 3557 791 3601 sed
816 3566 966 3601 totum
997 3555 1044 3600 in
1069 3555 1191 3600 nuda
1222 3556 1436 3611 veritate3
1475 3570 1585 3615 ergo
1620 3556 1856 3600 character
1885 3551 2228 3602 sacramentalis

265 3635 358 3666 non
386 3632 542 3667 manet
567 3623 613 3667 in
639 3633 911 3684 perpetuum
937 3625 981 3668 in
1010 3621 1187 3677 anima;
1215 3632 1259 3667 et
1283 3623 1344 3667 ita
1369 3636 1464 3667 non
1491 3622 1608 3668 inest
1633 3621 1946 3668 indelebiliter.
