2352 3926
657 225 932 279 QUAESNO
970 225 1115 268 LXVI.
1155 223 1466 269 ARTICULUS
1503 224 1556 262 V.
1975 223 2080 278 559

127 328 348 384 Trinitas.
375 329 464 377 alia
489 338 644 375 autem
674 327 1047 385 instrumentalis,
1077 326 1251 380 scilicet
1282 326 1500 380 minister,
1527 325 1605 386 qui
1629 324 1766 372 tradit
1795 324 1988 375 exterius
2014 338 2085 372 sa·

125 406 427 451 eramentum,
453 406 496 441 et
520 395 627 443 ideo
652 404 831 456 oportet
856 395 903 441 in
928 394 1078 441 forma
1102 394 1316 455 baptismi
1342 394 1397 439 de
1430 403 1619 453 utraque
1650 392 1749 439 fieri
1772 391 2082 442 mentionem:

19 499 23 511 .
49 468 52 469 ’
123 463 330 515 minister
356 473 510 508 autem
527 462 740 522 tangitur,
763 476 870 507 cum
892 462 1076 507 dieitur:
1103 461 1237 522 «Ego
1270 472 1314 507 te
1341 461 1558 520 baptizo»
1591 474 1727 505 causa
1749 469 1902 505 autem
1925 458 2088 521 princi-

123 529 253 590 pali5,
279 544 385 576 cum
411 530 598 575 dicitur:
638 529 730 575 «In
764 529 952 574 nomine
985 529 1144 583 PatriS‚
1178 539 1223 574 et
1247 528 1363 583 Filii,
1405 538 1450 573 et
1487 528 1680 587 Spiritus
1706 526 1864 589 Sancti
1878 541 1930 585 »ς
1966 525 2086 571 unde

12 611 16 620 ‘
39 638 48 645 .
122 598 239 645 haec
260 607 329 643 est
353 597 631 642 conveniens
656 596 805 641 forma
835 596 1072 655 baptismi:
1114 612 1137 638 ι(
1155 595 1254 655 Ego
1286 606 1330 640 te
1347 595 1526 655 baptizo
1555 597 1599 640 in
1632 594 1821 640 nomine
1853 592 2014 650 Patris,
2041 601 2086 637 et

123 662 238 719 Filii,
256 673 301 709 et
323 664 513 724 Spiritus
541 663 696 707 Sancti
714 680 754 708 ».
1812 709 1817 716 4

210 731 288 775 AD
306 744 493 778 PRIMUM
520 744 630 789 ergo
658 730 917 783 dicendum,
944 729 1066 788 quod
1095 729 1214 772 actio
1243 729 1496 773 attribuitur
1521 729 1840 781 instrumento,
1867 727 1984 772 sicut
2005 725 2087 770 im-

124 798 322 844 mediate
348 798 520 856 agenti:
549 797 803 842 attribuitur
829 806 983 840 autem
1009 796 1272 854 hujusmodi
1299 797 1419 840 actio
1447 795 1684 855 principali
1711 797 1877 854 agenti,
1898 795 2017 839 sicut
2036 794 2085 839 in

124 866 251 924 cujus
273 866 436 909 virtute
462 865 814 910 instrumentum
849 863 965 921 agit3
993 873 1035 907 et
1057 863 1162 906 ideo
1195 863 1241 906 in
1268 862 1417 906 forma
1449 862 1664 920 baptismi
1685 863 2008 907 convenienter
2032 861 2086 922 si·

123 931 363 991 gnificatur
389 931 610 984 minister,
628 940 675 974 ut
702 944 916 974 exercens
943 941 1094 974 actum
1117 930 1345 988 baptismi,
1365 944 1443 987 per
1469 930 1558 973 hoc
1582 930 1702 987 quod
1732 930 1915 973 dicitur:
1942 946 1965 972 (ε
1983 928 2083 988 Ego

122 1008 167 1043 te
184 999 363 1058 baptizo
375 1014 418 1051 »ς
442 998 558 1042 sicut
584 1008 628 1041 et
652 997 748 1056 ipse
771 997 999 1040 Dominus
1021 997 1277 1055 baptizandi
1296 1007 1449 1040 actum
1467 997 1666 1040 attribuit
1682 997 1911 1050 ministris,
1930 996 2084 1040 dicens

122 1066 294 1123 (March.
327 1066 421 1123 ult.)
438 1078 451 1106 :
478 1066 743 1124 Baptizantes
768 1079 846 1116 eos,
875 1074 958 1108 etc.
994 1063 1147 1108 Causa
1174 1074 1326 1107 autem
1353 1063 1613 1122 principalis
1646 1063 1937 1121 significatur,
1964 1073 2014 1107 ut
2038 1063 2083 1106 in

122 1134 250 1192 eujus
265 1132 428 1176 virtute
446 1140 782 1175 sacramentum
802 1130 961 1189 agitur,
980 1145 1059 1189 per
1076 1131 1166 1174 hoc
1187 1131 1308 1189 quod
1327 1131 1511 1175 dicitur:
1544 1146 1566 1171 ι(
1584 1131 1635 1174 In
1656 1131 1844 1174 nomine
1863 1131 2022 1184 Patris,
2041 1140 2084 1174 et

121 1198 236 1253 Filii,
249 1209 293 1243 et
317 1198 509 1257 Spiritus
526 1198 681 1242 Sancti
700 1212 741 1254 »3
758 1212 850 1241 non
869 1198 992 1241 enim
1007 1197 1216 1242 Christus
1232 1198 1425 1256 baptizat
1442 1200 1538 1241 sine
1557 1198 1704 1251 Patre,
1723 1208 1767 1241 et
1790 1197 1957 1255 Spiritu
1977 1198 2086 1241 San-

123 1275 212 1311 cto.
252 1266 418 1311 Graeci
445 1275 596 1310 autem
622 1279 717 1309 non
744 1265 990 1309 attribuunt
1022 1275 1176 1308 actum
1221 1265 1434 1324 baptismi
1466 1265 1698 1318 ministris,
1739 1265 1793 1308 ad
1821 1265 2085 1308 evitandum

122 1334 414 1393 antiquorum
427 1346 644 1387 errorem,
659 1333 733 1391 qui
749 1332 962 1376 virtutem
980 1332 1192 1390 baptismi
1209 1332 1537 1391 baptizantibus
1556 1332 1873 1384 attribuebant,
1885 1331 2086 1375 dicentes

124 1400 180 1457 (ι.
215 1401 312 1446 Cor.
340 1400 412 1458 1).·
440 1401 528 1458 Ego
558 1415 650 1444 sum
674 1401 813 1453 Pauli,
836 1405 872 1444 et
888 1414 958 1458 ego
980 1399 1157 1458 Cepheia,
1186 1409 1230 1443 et
1254 1399 1358 1443 ideo
1387 1399 1565 1443 dicunt:
1597 1415 1621 1440 <t
1643 1399 1902 1458 Baptizetur
1928 1411 2084 1442 servus

123 1467 311 1522 Christi,
337 1468 447 1523 talis,
464 1467 512 1512 in
537 1468 724 1511 nomine
751 1467 912 1521 PatriS,
938 1476 1023 1511 etc.
1042 1483 1080 1511 ».
1110 1466 1166 1511 Et
1191 1469 1296 1525 quia
1315 1467 1591 1526 exprimatur
1606 1475 1733 1510 actus
1760 1465 1981 1516 exercitus
2007 1480 2087 1525 per

122 1535 382 1582 ministrum
407 1549 515 1579 cum
540 1534 831 1578 invocatione
860 1532 1110 1587 Trinitatis,
1128 1547 1287 1577 verum
1319 1533 1548 1593 perficitur
1573 1543 1934 1586 sacramentum:
1962 1533 2087 1593 quod

123 1612 276 1647 autem
303 1601 499 1646 additur:
525 1602 633 1660 Ege,
666 1601 713 1644 in
739 1600 888 1645 forma
913 1610 1069 1645 nostra
1096 1615 1189 1644 non
1217 1610 1283 1645 est
1314 1601 1370 1645 de
1402 1602 1651 1645 substantia
1682 1600 1873 1656 formae,
1906 1600 1984 1647 sed
2009 1615 2087 1661 po-

121 1668 243 1713 nitur
264 1668 321 1712 ad
344 1670 569 1726 majorem
588 1668 925 1726 expressionem
946 1668 1225 1712 intentionis.

212 1736 289 1780 AD
321 1748 583 1781 SECUNDUM
615 1735 875 1788 dicendum,
908 1735 1028 1794 quod
1063 1735 1167 1794 quia
1211 1734 1382 1779 ablutio
1418 1735 1621 1780 hominis
1658 1736 1705 1779 in
1749 1750 1866 1794 aqua
1902 1744 2087 1794 propter

126 1801 270 1847 multa
293 1801 393 1846 fieri
417 1812 579 1861 potest,
607 1812 789 1860 oportet
813 1803 935 1860 quod
964 1803 1286 1846 determinetur
1311 1803 1359 1846 in
1384 1803 1532 1847 verbis
1559 1802 1751 1857 formae,
1779 1803 1833 1846 ad
1855 1802 1963 1863 quid
1985 1802 2084 1847 fiat:

125 1870 247 1929 quod
267 1869 452 1929 quidem
478 1883 572 1913 non
591 1869 639 1913 fit
661 1883 739 1928 per
766 1869 854 1913 hoc
883 1870 1004 1928 quod
1023 1869 1207 1914 dicitur:
1231 1886 1253 1910 «
1272 1870 1322 1913 In
1341 1870 1528 1914 nomine
1543 1870 1756 1923 Patris,et
1767 1869 1882 1923 Filii,
1895 1880 1940 1914 et
1952 1869 2088 1928 Spiri-

122 1946 194 1981 tus
214 1937 429 1990 Sancti»,
449 1936 553 1995 quia
580 1937 736 1980 omnia
760 1937 803 1979 in
830 1937 908 1981 tali
934 1937 1122 1980 nomine
1142 1936 1289 1980 facere
1308 1937 1539 1990 debemus,
1559 1948 1608 1981 ut
1627 1937 1818 1981 habetur
1843 1936 2024 1981 Coloss.
2048 1951 2085 1996 3.

123 2003 182 2050 Et
205 2003 311 2059 ideo
337 2004 375 2048 si
400 2017 494 2048 non
521 2005 797 2062 exprimatur
822 2014 949 2049 actus
985 2004 1196 2063 baptismi
1228 2004 1301 2047 vel
1327 2019 1407 2063 per
1440 2005 1631 2048 modum
1658 2015 1882 2058 nostrum,
1908 2005 1980 2049 vel
2006 2019 2086 2064 per

26 2095 36 2125 s
125 2071 317 2123 modum
347 2070 647 2124 Graecorum,
673 2085 766 2114 non
800 2071 1028 2130 perficitur
1053 2082 1409 2125 sacramentum,
1436 2071 1689 2116 secundum
1716 2071 1841 2115 illam
1868 2071 2085 2116 Decreta·

122 2137 219 2195 iem
244 2136 492 2186 Alexandri
517 2137 595 2181 III.
625 2137 747 2196 (quae
767 2138 860 2182 hab.
880 2146 998 2196 cap..·
1026 2139 1194 2197 Siquis,
1214 2138 1260 2182 de
1281 2140 1494 2199 Baptismo
1521 2146 1560 2183 et
1584 2142 1670 2197 ejus
1690 2138 1856 2196 effect.):
1883 2138 2085 2198 «Siquis

26 2230 33 2239 -
123 2219 317 2265 puerum
341 2214 409 2249 ter
433 2205 480 2248 in
508 2218 625 2263 aqua
646 2205 920 2249 immerserit
945 2205 991 2248 in
1007 2205 1196 2249 nomine
1222 2206 1382 2259 Patris,
1410 2216 1454 2249 et
1479 2205 1594 2260 Filii,
1627 2216 1671 2250 et
1705 2206 1897 2264 Spiritus
1914 2206 2086 2259 Sancti,

10 2261 49 2319 [s
123 2285 283 2325 amen:
312 2281 357 2317 et
380 2286 476 2316 non
509 2271 690 2317 dixerit:
720 2271 817 2330 Ego
844 2282 887 2317 te
913 2272 1092 2330 baptizo
1119 2273 1166 2316 in
1197 2273 1385 2317 nomine
1411 2273 1572 2327 Patris,
1600 2283 1643 2318 et
1673 2273 1789 2328 Filii,
1817 2284 1863 2318 et
1893 2273 2086 2333 Spiritus

123 2337 296 2394 Sancti,
323 2353 472 2391 amen,
498 2353 591 2382 non
619 2349 687 2383 est
712 2354 823 2398 puer
847 2339 1096 2399 baptizatus
1113 2356 1154 2384 ».

140 2446 141 2449 ,
212 2406 290 2452 AD
317 2418 534 2451 TERT1UM
570 2405 830 2460 dicendum,
857 2406 979 2465 quod
1005 2407 1155 2464 verba,
1190 2421 1306 2466 quae
1343 2406 1633 2466 proferuntur
1667 2408 1713 2452 in
1745 2407 1906 2453 formis
1941 2423 2089 2454 sacra·

124 2484 403 2528 mentorum,
429 2488 523 2518 non
549 2474 899 2533 pronuntiantur
924 2474 1075 2518 solum
1103 2489 1238 2518 causa
1261 2474 1561 2532 significandi,
1589 2475 1668 2519 sed
1692 2477 1828 2519 etiam
1856 2490 1994 2520 causa
2026 2475 2088 2520 ef-

123 2540 319 2596 ficiendi,
334 2541 605 2600 inquantum
622 2540 791 2586 habent
808 2539 1059 2585 efficaciam
1077 2541 1131 2585 ab
1145 2541 1223 2586 illo
1235 2541 1402 2596 Verbo,
1420 2556 1498 2601 per
1516 2542 1638 2601 quod
1654 2542 1774 2587 facta
1790 2553 1892 2587 sunt
1905 2543 2086 2598 omnia;

124 2617 169 2652 et
191 2607 296 2653 ideo
324 2607 648 2652 convenienter
665 2607 917 2666 diriguntur
941 2623 1035 2652 non
1062 2609 1213 2652 solum
1232 2609 1287 2652 ad
1305 2609 1519 2654 homines
1544 2625 1638 2654 non
1660 2605 1983 2668 intelligente3,
2008 2611 2086 2654 sed

124 2673 263 2719 etiam
290 2673 346 2718 ad
373 2684 602 2719 creaturas
627 2675 932 2729 insensibiles;
955 2685 1003 2719 ut
1020 2690 1126 2718 cum
1143 2676 1328 2720 dicitur:
1355 2693 1378 2718 «
1397 2676 1620 2720 Exorcizo
1635 2686 1678 2721 te
1697 2686 1903 2721 creatura
1920 2676 2085 2721 salis».

214 2740 554 2798 AD‚QUARTUM
572 2742 830 2796 dicendum,
849 2743 971 2801 quod
998 2742 1149 2801 plures
1175 2742 1310 2787 simul
1337 2758 1429 2787 non
1457 2753 1649 2803 possunt
1675 2759 1814 2787 unum
1833 2743 2083 2802 baptizare:

124 2807 229 2868 quia
255 2817 382 2852 actus
407 2807 730 2867 multiplicatur
755 2810 1007 2854 secundum
1030 2809 1459 2869 multiplicationem
1483 2812 1732 2870 agentium,
1751 2811 1788 2854 si
1806 2810 2003 2870 perfecte
2031 2810 2083 2854 ab

10 2877 58 2930 4·ῑ’
125 2888 402 2935 unoquoque
428 2886 606 2933 agatur;
639 2886 682 2920 et
707 2876 771 2920 sic
804 2877 841 2920 si
865 2877 1158 2920 convenirent
1181 2878 1287 2931 duo,
1314 2892 1510 2936 quorum
1534 2892 1648 2922 unus
1676 2889 1794 2922 esset
1819 2888 1985 2931 mutus,
2009 2877 2086 2937 qui

125 2957 218 2987 non
245 2952 400 3001 posset
423 2941 622 3001 proferre
647 2943 801 2997 verba,
826 2954 870 2987 et
896 2944 1009 2988 alius
1036 2959 1193 2988 carens
1227 2945 1452 2999 manibus,
1480 2946 1554 3004 qui
1573 2959 1666 2989 non
1695 2955 1848 3004 posset
1875 2959 2085 2989 exercere

47 3038 55 3050 »
125 3020 295 3063 actum,
321 3022 414 3053 non
446 3019 636 3068 possunt
663 3010 798 3054 ambo
825 3011 962 3055 simul
986 3011 1228 3070 baptizare,
1256 3026 1348 3055 uno
1383 3012 1559 3055 dicente
1586 3012 1738 3065 verba,
1772 3022 1815 3055 et
1841 3010 1931 3054 alio
1960 3025 2084 3055 exer-

127 3086 255 3121 cente
283 3086 460 3120 actum:
487 3085 674 3135 possunt
697 3087 863 3131 autem,
880 3078 918 3122 si
930 3079 1175 3123 necessitas
1199 3078 1349 3137 exigit,
1372 3078 1521 3138 plures
1548 3078 1684 3122 simul
1710 3078 1940 3136 baptizari,
1979 3077 2084 3137 quia

125 3142 277 3189 nullus
295 3156 456 3188 eorum
475 3142 696 3201 reciperet
712 3143 798 3193 nisi
815 3158 955 3188 unum
976 3146 1263 3203 baptismum:
1283 3146 1363 3189 sed
1384 3156 1491 3190 tunc
1511 3145 1737 3204 oportebit
1754 3145 1926 3188 dicere:
1948 3144 2085 3203 «Ego

22 3221 40 3254 ἓ
65 3208 67 3210 ’
125 3211 304 3270 baptizo
321 3224 402 3255 vos
416 3225 458 3264 »3
475 3224 560 3254 nec
579 3209 661 3254 erit
686 3211 877 3256 mutatio
895 3209 1086 3266 formae,
1108 3213 1213 3271 quia
1234 3228 1307 3257 vos
1332 3213 1446 3256 nihil
1475 3212 1595 3255 aliud
1613 3222 1693 3264 est,
1717 3226 1855 3269 quam
1877 3218 1927 3264 te,
1948 3221 1993 3256 et
2018 3218 2079 3257 te:

125 3277 246 3337 quod
274 3286 426 3321 autem
453 3276 617 3321 dicitur
641 3291 727 3330 nos,
755 3290 849 3320 non
871 3288 940 3322 est
963 3278 1085 3323 idem
1104 3279 1267 3333 dicere,
1290 3280 1412 3338 quod
1438 3294 1523 3336 eg0,
1553 3288 1598 3322 et
1618 3293 1704 3336 ego,
1734 3277 1812 3321 sed
1834 3292 1922 3336 ego,
1946 3287 1990 3323 et
2012 3284 2082 3324 tu:

126 3354 173 3390 et
196 3344 260 3388 sic
278 3344 372 3402 jam
391 3352 639 3387 mutaretur
659 3341 831 3389 forma:
854 3343 1061 3388 similiter
1079 3355 1230 3389 autem
1251 3355 1511 3397 mutaretur,
1529 3345 1566 3388 si
1588 3344 1834 3388 diceretur:
1862 3344 1996 3403 «Ego
2013 3345 2087 3388 ba·

126 3411 246 3470 ptizo
269 3424 343 3454 me
359 3427 402 3464 >›,
424 3420 468 3454 et
487 3409 591 3454 ideo
623 3409 773 3454 nullus
795 3420 942 3468 potest
963 3410 1187 3470 baptizare
1207 3413 1418 3471 seipsum.
1437 3412 1629 3469 Propter
1650 3411 1771 3469 quod
1799 3421 1842 3454 et
1870 3410 2085 3456 Christus

42 3498 75 3531 -5
127 3492 153 3522 a
172 3477 350 3536 Joanne
374 3475 520 3521 voluit
545 3476 774 3535 baptizari,
800 3487 851 3522 ut
873 3477 1036 3522 dicitur
1067 3488 1190 3523 extra
1207 3480 1274 3523 De
1301 3481 1532 3539 Baptismo,
1550 3484 1588 3521 et
1601 3480 1686 3536 ejus
1713 3478 1851 3535 effectu
1877 3477 1990 3537 (cap.
2017 3478 2083 3523 de-

27 3558 57 3584 ω
127 3545 262 3591 bitum
286 3577 299 3589 .

144 3641 146 3643 >
174 3666 175 3669 4
218 3546 295 3665 Aia
321 3622 547 3663 QJJmTUM
573 3608 832 3665 dicendum,
850 3609 971 3668 quod
998 3612 1148 3670 passio
1175 3611 1361 3665 Christi,
1385 3611 1467 3655 etsi
1493 3611 1550 3656 sit
1575 3609 1836 3670 principalis
1863 3625 2001 3656 causa
2022 3626 2086 3657 re-
