2352 3926
683 225 962 273 QUABSTIO
1003 225 1134 265 Lxu.
1173 225 1484 266 ARTICULUS
1521 225 1574 265 V·
2013 227 2042 281 5
2050 226 2114 265 21

163 338 297 375 mmm
310 328 506 390 pertinet
531 328 588 373 ad
614 328 915 388 Baptismum‚
941 328 1057 374 aliud
1074 327 1130 373 ad
1148 327 1499 383 Eucharistiarn,
1523 341 1641 388 quae
1663 336 1768 373 sunt
1791 327 2032 388 potissima
2057 342 2123 373 sa-

165 405 413 442 eramenta.

183 495 186 497 ‡
251 463 329 509 AD
347 472 534 509 PRIMUM
560 476 671 522 ergo
699 461 960 517 dicendum,
987 462 1110 522 quod
1134 462 1391 517 «Verbum,
1409 470 1544 522 prout
1570 471 1666 507 erat
1690 463 1736 507 in
1754 461 1975 522 principio
2003 461 2122 521 apud

162 529 333 586 Deum,
357 529 557 575 vivificat
574 529 803 584 animas»,
821 530 939 574 sicut
960 543 1100 589 agens
1118 529 1387 589 principale:
1412 543 1519 574 caro
1537 540 1692 574 tamen
1709 530 1820 587 ejus,
1842 539 1887 574 et
1907 529 2123 589 mysteria

161 596 217 648 in
229 608 291 644 ‘ea
310 607 565 658 perpetrata
582 608 827 656 operantur
852 596 1256 641 instrumentaliter
1273 597 1328 640 ad
1346 597 1527 641 animae
1545 597 1711 651 vitam;
1731 596 1787 640 ad
1809 596 1949 640 vitam
1969 606 2122 641 autem

163 665 370 726 corporis
393 679 489 710 non
505 664 656 710 solum
671 663 1091 717 instrumentaliter,
1109 663 1187 707 sed
1210 663 1349 707 etiam
1367 678 1447 723 per
1464 663 1694 723 quandam
1711 663 2120 723 exemplaritatem,

163 741 214 777 ut
237 744 373 792 supra
397 733 571 777 dictum
597 741 664 776 est
689 732 749 790 (q.
777 730 845 790 56.
872 736 952 775 art.
974 745 1012 775 r.
1044 730 1098 774 ad
1118 731 1191 789 3.).

251 799 328 845 An
359 812 620 845 SECUNDUM
653 798 910 851 dicendum,
944 797 1065 856 quod
1091 811 1172 855 per
1197 796 1335 840 fidem
1369 797 1579 841 Christus
1610 796 1784 841 habitat
1814 797 1860 840 in
1891 797 2040 852 nobis,
2072 807 2122 843 ut

162 865 327 911 dicitur
350 866 518 926 Ephes.
548 879 601 924 3.,
637 875 681 909 et
710 864 815 908 ideo
846 865 987 908 virtus
1021 863 1192 908 Christi
1225 863 1464 923 copulatur
1499 864 1632 907 nobis
1669 878 1749 922 per
1783 863 1946 909 fidem:
1978 865 2125 910 virtus

163 942 316 978 autem
341 933 575 978 remissiva
601 942 898 991 peccatorum
924 930 1111 989 speciali
1143 931 1343 989 quodam
1371 930 1512 974 modo
1545 931 1738 989 pertinet
1770 931 1825 974 ad
1858 931 2120 990 passionem

161 999 300 1060 ipsius
326 999 512 1053 Christi,
539 1010 583 1044 et
606 999 710 1043 ideo
734 1013 813 1057 per
838 998 976 1041 fidem
1001 997 1225 1056 passionis
1251 998 1346 1055 ejus
1363 996 1620 1056 specialiter
1640 997 1852 1041 homines
1874 997 2122 1042 liberantur

161 1081 188 1111 a
211 1067 425 1127 peccatis,
448 1066 699 1111 secundum
731 1065 841 1109 illud
872 1065 1008 1109 Rom.
1046 1079 1105 1124 3.:
1135 1066 1272 1121 Quem
1298 1066 1523 1124 proposuit
1552 1065 1668 1108 Deus
1692 1066 2016 1123 propitiatorem
2040 1073 2121 1124 per

149 1134 281 1195 fidem
307 1137 352 1179 in
371 1136 569 1193 sanguine
593 1135 720 1193 ipsius
727 1149 743 1186 ,·
774 1144 818 1177 et
842 1133 946 1177 ideo
972 1134 1113 1177 virtus
1139 1142 1547 1186 sacramentorum,
1575 1146 1691 1191 quae
1710 1132 1944 1176 ordinatur
1962 1133 2017 1177 ad
2037 1131 2122 1177 tol-

160 1196 295 1247 lenda
319 1210 523 1261 peccata,
549 1200 792 1260 praecipue
819 1210 887 1245 est
912 1215 967 1244 ex
993 1200 1081 1244 fide
1107 1199 1333 1258 passionis
1367 1199 1552 1244 Christi.

248 1267 325 1313 AD
351 1280 568 1313 TERTIUM
594 1268 856 1321 dicendum,
882 1267 1005 1326 quod
1031 1266 1292 1326 justificatio
1319 1267 1573 1311 attribuitur
1596 1266 1918 1311 resurrectioni
1943 1267 2120 1311 ratione

158 1335 343 1382 termini
373 1335 427 1380 ad
451 1350 586 1395 quem,
615 1335 692 1395 qui
724 1346 793 1379 est
823 1335 1004 1379 novitas
1026 1335 1155 1378 ,vitae
1188 1349 1268 1394 per
1301 1334 1518 1394 gratiam:
1552 1334 1806 1378 attribuitur
1834 1343 1990 1379 tamen
2023 1349 2123 1393 pas-

158 1402 281 1450 sioni
304 1403 481 1449 ratione
506 1402 690 1448 termini
715 1415 742 1447 a
767 1416 863 1461 quo,
891 1401 1068 1446 scilicet
1092 1411 1313 1461 quantum
1341 1402 1396 1446 ad
1423 1402 1738 1446 dimissionem
1765 1401 1941 1461 culpae.

844 1577 1280 1636 ARTICULUS
1320 1578 1418 1635 VI.
2037 1603 2117 1653 343

269 1714 462 1755 UTRUM
501 1714 866 1754 SACRAMENTA
901 1714 1129 1753 VETERIS
1170 1713 1326 1752 LEGIS
1369 1712 1617 1752 GRATIAM
1658 1711 2002 1752 CAUSARENT·

339 1823 438 1882 (1·2.
452 1839 491 1884 q.
508 1840 592 1884 103.
607 1831 687 1870 art.
705 1839 745 1870 2.
764 1831 802 1870 et
819 1840 857 1884 q.
879 1838 974 1885 107.
993 1832 1076 1871 art.
1089 1841 1124 1870 I.
1142 1825 1195 1869 ad
1206 1840 1243 1885 3.
1261 1831 1301 1870 et
1315 1839 1356 1882 4.
1374 1826 1486 1870 Dist.
1504 1841 1539 1870 1.
1558 1840 1596 1884 q.
1614 1840 1649 1869 1.
1661 1830 1740 1868 art.
1753 1838 1790 1883 5.
1809 1839 1847 1883 q.
1857 1823 1932 1881 r.).

190 1950 195 1953 ·
248 1935 326 1982 AD
352 1948 544 1982 SEXTUM
571 1936 634 1980 sic
656 1937 928 1996 proceditur.
954 1937 1158 1991 Videtur,
1185 1937 1308 1996 quod
1335 1938 1474 1982 etiam
1501 1947 1787 1981 sacramenta
1811 1935 1976 1980 veteris
1999 1935 2114 1994 legis

159 2004 355 2064 gratiam
383 2013 644 2048 causarent:
682 2004 803 2063 quia,
839 2004 956 2048 sicut
991 2004 1162 2048 dictum
1196 2015 1264 2049 est
1296 2005 1397 2060 (art.
1425 2004 1604 2064 praec),
1642 2013 1932 2047 sacramenta
1967 2017 2116 2047 novae

158 2070 276 2131 legis
299 2070 471 2115 habent
496 2069 748 2115 efficaciam
774 2085 829 2115 ex
854 2071 942 2115 fide
968 2072 1190 2130 passionis
1221 2071 1413 2116 Christi:
1441 2072 1519 2115 sed
1552 2071 1662 2115 fides
1690 2071 1914 2130 passionis
1947 2070 2118 2115 Christi

156 2137 242 2183 fuit
260 2137 309 2182 in
332 2137 476 2182 veteri
499 2137 618 2196 lege,
645 2138 761 2182 sicut
787 2148 831 2182 et
857 2139 902 2182 in
934 2152 1080 2183 nova:
1112 2139 1306 2183 habemus
1336 2138 1460 2183 enim
1492 2138 1676 2183 eumdem
1707 2140 1904 2197 spiritum
1928 2138 2037 2192 fidei,
2070 2147 2120 2182 ut

156 2204 349 2250 habetur
374 2217 415 2249 2.
442 2204 499 2249 ad
526 2204 635 2249 Cor.
662 2217 730 2260 4.
756 2205 873 2249 sicut
898 2220 1009 2264 ergo
1037 2215 1322 2250 sacramenta
1348 2204 1628 2264 novaelegis
1652 2204 1893 2249 conferunt
1909 2205 2118 2264 gratiam,

156 2270 221 2317 ita
246 2271 386 2316 etiam
411 2282 697 2316 sacramenta
722 2274 885 2317 veteris
911 2272 1026 2332 legis
1051 2273 1246 2330 gratiam
1273 2272 1580 2317 conferebant.

190 2367 193 2369 -
244 2350 286 2383 2.
304 2338 602 2384 PRAETEREA.
632 2339 944 2384 Sanctificatio
970 2354 1064 2384 non
1091 2340 1141 2384 fit
1162 2341 1250 2384 nisi
1276 2354 1356 2399 per
1383 2340 1600 2398 gratiam:
1623 2339 1702 2384 sed
1725 2353 1805 2398 per
1830 2314 2117 2384 sacramenta

155 2407 320 2451 veteris
340 2405 455 2465 legis
480 2404 694 2451 homines
719 2406 1141 2451 sanctificabantur:
1167 2407 1331 2451 dicitur
1357 2406 1480 2450 enim
1503 2406 1648 2450 Levit.
1672 2406 1738 2450 8.
1768 2407 1956 2466 Cumque
1971 2409 2121 2452 sancti-

147 2472 315 2532 ficasset
338 2472 498 2532 Moyses
528 2474 692 2527 Aaron,
726 2479 766 2519 et
778 2474 894 2533 filios
918 2477 1005 2533 ejus
1034 2476 1080 2518 in
1111 2476 1257 2519 vestitu
1288 2489 1376 2528 suo,
1401 2483 1513 2529 etc.;
1556 2487 1666 2533 ergo
1692 2474 1883 2529 videtur,
1910 2475 2033 2534 quod
2054 2489 2121 2519 sa-

158 2549 392 2584 cramenta
415 2539 581 2584 veteris
602 2539 718 2599 legis
744 2541 940 2598 gratiam
968 2540 1275 2586 conferebant.

252 2618 290 2664 3.
314 2604 613 2652 PRAETEREA.
649 2606 778 2651 Sicut
809 2608 934 2652 Beda
965 2608 1075 2652 dicit
1114 2608 1161 2652 in
1194 2607 1388 2653 homilia
1421 2608 1801 2653 Circumcisionis
1827 2610 1956 2666 (inter
1973 2610 2118 2669 princ.

158 2677 201 2718 ot
215 2671 325 2717 med.
347 2678 385 2717 a
407 2679 463 2718 est
490 2675 599 2718 inter
630 2675 738 2719 hom.
771 2675 900 2734 hyem.
928 2675 975 2720 de
996 2675 1105 2733 ss),
1139 2675 1303 2720 «idem
1334 2674 1592 2720 salutiferae
1626 2676 1872 2720 curationis
1898 2675 2117 2720 auxilium

159 2737 448 2783 circumcisio
472 2738 520 2800 ip
545 2739 647 2799 lege
669 2751 829 2785 contra
856 2742 1089 2801 originalis
1115 2743 1292 2801 peccati
1323 2742 1487 2786 vulnus
1515 2742 1692 2800 agebat,
1718 2743 1840 2801 quod
1866 2743 2117 2801 baptismus

160 2818 295 2864 agere
321 2804 547 2851 revelatae
571 2816 778 2867 tempore
797 2809 969 2868 gratiae
984 2810 1224 2854 consuevit
1240 2826 1263 2851 »
1281 2826 1291 2855 :
1317 2810 1396 2854 sed
1422 2810 1675 2868 baptismus
1691 2824 1811 2853 nunc
1831 2809 2007 2854 confert
2022 2824 2118 2868 gra—

158 2872 296 2926 tiam3
321 2883 432 2931 ergo
458 2871 746 2919 circumcisio
774 2878 966 2934 gratiam
994 2876 1271 2931 conferebat,
1299 2887 1343 2921 et
1368 2877 1465 2936 pari
1496 2877 1672 2921 ratione
1706 2877 1794 2921 alia
1830 2887 2116 2922 sacramenta

158 2938 344 2997 legalia:
377 2938 484 2998 quia
515 2938 631 2984 sicut
654 2940 904 3000 baptismus
936 2952 1003 2987 est
1029 2945 1165 3001 janua
1197 2954 1589 2988 sacramentorum
1621 2945 1786 2989 veteris
1818 2944 1944 3002 legis,
1977 2945 2038 2988 ita
2072 2954 2117 2988 et

156 3005 447 3050 circumcisio
471 3015 569 3050 erat
590 3008 728 3065 janua
754 3021 1149 3055 sacramentorum
1174 3012 1338 3055 veteris
1365 3011 1495 3070 legis,
1519 3020 1703 3070 propter
1734 3012 1856 3069 quod
1883 3021 1926 3054 et
1954 3012 2115 3069 Apost.

158 3073 267 3117 dicit
289 3071 391 3117 Gal.
415 3073 714 3133 5.:.Te.mficor
725 3077 841 3120 omni
857 3077 1017 3122 homini
1033 3078 1347 3124 circumcidenti
1366 3094 1419 3134 se,
1435 3081 1634 3138 quoniam
1651 3078 1808 3123 debitor
1829 3084 1883 3122 est
1899 3080 2117 3124 universae

155 3140 255 3199 legis
268 3139 506 3199 faciendae.

246 3206 341 3251 SED
360 3218 555 3251 CONTRA
572 3215 653 3260 est,
679 3208 803 3267 quod
830 3208 934 3254 Gal.
960 3222 1003 3265 4.
1030 3211 1214 3257 dicitur:
1245 3213 1555 3257 Convertimini
1585 3214 1738 3256 iterum
1771 3211 1824 3254 ad
1855 3213 2039 3269 infirma,
2073 3219 2111 3258 et

155 3288 279 3331 egena
295 3274 513 3318 elementa:
550 3272 703 3318 Gloss.
729 3275 866 3333 (ord.)
889 3276 1003 3321 idest
1027 3293 1051 3319 α
1068 3278 1122 3322 ad
1150 3278 1316 3337 legem,
1334 3293 1450 3337 quae
1476 3278 1640 3322 dicitur
1666 3277 1859 3332 infirma,
1887 3278 1991 3336 quia
2017 3293 2115 3338 per-

154 3339 272 3384 fecte
296 3353 391 3383 non
423 3339 635 3398 justificat
651 3356 700 3385 »z
728 3341 806 3385 sed
833 3343 977 3401 gratia
1004 3344 1203 3403 perfecte
1234 3345 1472 3404 justificat3
1495 3358 1606 3403 ergo
1634 3354 1921 3389 sacramenta
1945 3346 2110 3390 veteris

156 3406 271 3465 legis
294 3406 488 3465 gratiam
514 3421 608 3450 non
636 3406 940 3453 conferebant.

246 3473 534 3518 RESPONDEO
551 3473 811 3527 dicendum,
828 3475 951 3534 quod
962 3490 1056 3521 non
1073 3487 1223 3535 potest
1245 3479 1347 3532 dici,
1371 3478 1493 3536 quod
1512 3487 1797 3522 sacramenta
1814 3477 1980 3522 veteris
1996 3478 2112 3538 legis

157 3538 416 3584 conferrent
447 3535 639 3598 gratiam
670 3539 991 3598 justificantem
1021 3558 1102 3602 per
1133 3546 1297 3603 seipsa,
1329 3545 1444 3589 idest
1475 3545 1657 3603 propria
1688 3544 1874 3588 virtute:
1909 3545 2014 3604 quia
2045 3545 2112 3590 sic

155 3619 250 3651 non
273 3604 430 3651 fuisset
454 3606 710 3651 necessaria
735 3608 887 3665 passio
916 3608 1103 3665 Christi,
1130 3612 1383 3656 secundum
1415 3610 1526 3654 illud
1561 3609 1665 3656 Gal.
1698 3622 1761 3656 2.:
1787 3611 1833 3656 Si
1863 3626 1913 3657 ex
1944 3611 2026 3671 lege
2056 3619 2113 3658 est
