2352 3926
691 242 965 288 QUAESTIO
1006 242 1041 280 1.
1082 241 1387 281 ARTICULUS
1427 241 1479 278 V.
1987 240 2055 295 27

100 351 318 399 revertere,
348 359 442 391 cras
465 344 572 390 dabo
595 345 687 398 tibi,
714 359 809 390 cum
833 346 974 390 statim
993 345 1125 405 possis
1149 344 1275 397 dare;
1304 358 1415 403 ergo
1441 344 1567 388 Deus
1594 343 1918 388 incarnationis
1945 357 2059 403 opus

102 411 284 459 differre
309 427 404 457 non
428 411 596 466 debuit,
621 411 702 457 sed
726 411 879 456 statim
903 426 928 455 a
954 411 1176 470 principio
1203 425 1283 470 per
1308 425 1439 455 suam
1464 410 1828 455 incarnationem
1853 410 2058 454 humano

91 481 261 540 ‘generi
285 479 539 526 subvenire.

119 567 129 569 ·>
192 559 234 591 2.
260 546 556 592 PRAETEREA.
579 559 615 590 1.
645 544 768 589 Tim.
787 557 829 592 2.
847 544 1033 589 dicitur:
1063 543 1253 589 Christus
1272 546 1386 588 venit
1406 546 1451 588 in
1474 545 1580 588 hunc
1603 543 1805 589 mundum
1824 550 2062 604 peccatores

102 614 238 659 salvos
247 615 419 673 facere:
450 613 529 657 sed
555 611 705 672 plures
731 611 893 657 salvati
916 610 1120 666 fuissent,
1152 611 1190 655 si
1217 625 1243 654 a
1268 611 1490 669 principio
1513 611 1704 655 humani
1729 611 1908 671 generis
1934 611 2061 655 Deus

102 680 363 729 incarnatus
386 679 567 724 fuisset:
595 678 780 738 plurimi
811 678 934 722 enirn
959 678 1222 737 ignorantes
1248 678 1402 722 Deum
1433 678 1479 720 in
1505 691 1588 721 suo
1616 688 1806 736 peccato
1833 678 2064 737 perierunt

102 747 152 793 in
172 746 359 792 diversis
383 745 602 800 saeculis3
629 759 740 805 ergo
765 744 1110 790 convenientius
1134 743 1306 799 fuisset,
1333 744 1455 803 quod
1483 758 1508 788 a
1531 744 1754 804 principio
1774 744 1967 789 humani
1992 758 2065 804 ge-

103 814 224 860 neris
248 814 376 859 Deus
400 813 661 858 incarnatus
686 812 856 857 fuisset.

198 894 237 941 3.
262 881 560 927 Punmm.
596 879 728 939 Opus
754 879 925 938 gratiae
951 893 1047 924 non
1073 888 1140 923 est
1162 878 1312 923 minus
1339 878 1615 933 ordinatum,
1642 893 1780 938 quam
1799 893 1914 939 opus
1938 888 2065 924 natu·

106 962 209 994 rae:
233 947 315 993 sed
340 956 551 992 naturam
577 947 756 991 initium
779 948 918 991 sumit
943 960 969 990 a
994 945 1219 1006 perfectis,
1238 955 1287 989 ut
1303 945 1412 990 dicit
1434 945 1619 989 Boetius
1646 946 1692 990 in
1709 945 1783 990 lib.
1801 960 1837 1004 3.
1866 947 1921 990 de
1944 946 2065 991 Con-

95 1014 237 1062 solat.
263 1017 406 1075 (prosa
427 1016 541 1091 ιο.);
569 1028 680 1072 ergo
707 1028 823 1072 opus
855 1013 1025 1072 gratiae
1048 1027 1073 1057 a
1105 1013 1328 1072 principio
1362 1012 1516 1056 debuit
1548 1027 1646 1056 esse
1673 1011 1950 1071 perfectum:
1984 1013 2064 1058 sed

95 1095 243 1143 opere
267 1081 594 1127 incarnationis
619 1080 932 1125 consideratur
956 1079 1175 1140 perfectio
1195 1081 1380 1139 gratiae,
1407 1079 1661 1123 secundum
1686 1078 1797 1123 illud
1817 1080 1842 1135 (
1833 1081 1957 1136 joan
1976 1096 1996 1126 ι
2001 1082 2062 1138 .).·

95 1149 292 1201 Verbum
323 1163 423 1194 caro
446 1149 615 1207 factum
639 1154 709 1206 est,
737 1157 782 1192 et
807 1157 967 1207 postea
992 1147 1216 1191 subditur·
1253 1146 1425 1191 Plenum
1440 1148 1670 1204 gratiae,e
1651 1148 1925 1208 etveritatis;
1953 1161 2063 1206 ergo

100 1214 317 1262 >Christus
344 1230 369 1260 a
394 1215 619 1275 principio
645 1214 838 1258 humani
863 1214 1042 1273 generis
1065 1214 1219 1258 debuit
1249 1214 1490 1258 incarnari.

194 1282 296 1329 8131>
323 1294 520 1328 CONTRA
552 1291 634 1336 est,
667 1282 791 1341 quod
822 1281 987 1325 dicitur
1020 1280 1124 1325 Gal.
1157 1293 1226 1335 4..
1260 1282 1321 1326 At
1350 1282 1423 1324 ubi
1455 1282 1570 1324 venit
1594 1280 1809 1340 plenitudo
1853 1282 2064 1341 temporis,

104 1349 520 1396 misttDasst‘lium
543 1363 663 1394 suum
680 1349 847 1408 factum
863 1363 913 1393 ex
928 1348 1115 1401 muliere,
1130 1348 1299 1406 factum
1318 1349 1392 1391 sub
1411 1347 1519 1406 lege:
1548 1347 1625 1390 ubi
1641 1347 1749 1391 dicit
1773 1346 1925 1392 Gloss.
1946 1347 2068 1404 (Am-

105 1418 215 1463 bros.
234 1418 282 1461 in
306 1416 413 1462 bunc
443 1416 558 1475 loc),
586 1416 708 1475 quod
729 1430 753 1457 t<
774 1415 1008 1474 plenitudo
1025 1415 1243 1473 temporis
1265 1423 1344 1469 est,
1369 1413 1490 1474 quod
1507 1413 1795 1473 praefinitum
1811 1413 1894 1458 fuit
1916 1428 1941 1458 a
1962 1414 2067 1458 Deo

106 1483 256 1538 Patre,
282 1482 465 1542 quando
491 1482 690 1526 mitteret
713 1481 860 1526 filium
891 1496 1026 1526 suum
1046 1496 1088 1525 »z
1115 1482 1194 1526 sed
1221 1482 1347 1526 Deus
1374 1495 1456 1525 sua
1487 1481 1708 1540 sapientia
1735 1481 1891 1526 omnia
1917 1480 2070 1525 defini-

105 1550 195 1605 vit3
217 1563 328 1609 ergo
355 1548 788 1594 convenientissimo
813 1558 1020 1606 tempore
1050 1549 1178 1593 Deus
1211 1558 1280 1593 est
1310 1549 1594 1602 incarnatus3
1621 1558 1666 1592 et
1697 1548 1761 1592 sic
1789 1548 2068 1593 conveniens

107 1630 203 1662 non
227 1614 325 1671 fuit,
341 1616 474 1676 quod
502 1629 528 1660 a
554 1615 779 1675 principio
804 1615 997 1659 humani
1022 1617 1201 1674 generis
1227 1616 1354 1660 Deus
1386 1617 1710 1660 incarnaretur.

196 1682 484 1730 Rsssnounno
497 1683 755 1738 dicendum,
768 1683 906 1743 quod,
919 1697 1023 1728 cum
1043 1697 1157 1742 opus
1175 1683 1500 1728 incarnationis
1514 1682 1822 1743 principaliter
1837 1683 2069 1728 ordinetur

115 1749 175 1795 ad
197 1751 532 1810 reparationem
556 1750 786 1795 humanae
811 1759 999 1794 naturae
1021 1765 1099 1809 per
1118 1750 1302 1810 peccati
1328 1749 1641 1803 abolitionem,
1664 1749 1958 1795 manifestum
1985 1760 2067 1805 est,

107 1817 231 1877 quod
255 1832 350 1862 non
374 1816 460 1862 fuit
483 1818 774 1871 conveniens,
803 1831 828 1860 a
850 1817 1074 1876 principio
1099 1818 1291 1861 humani
1316 1817 1496 1875 generis
1520 1827 1622 1861 ante
1648 1827 1889 1876 peccatum
1913 1818 2067 1862 Deum

107 1885 392 1929 incarnatum
422 1883 583 1928 fuisse:
614 1898 708 1928 non
741 1884 864 1928 enim
896 1884 1026 1928 datur
1058 1885 1299 1939 medicina,
1332 1884 1420 1928 nisi
1450 1886 1544 1942 jam
1575 1883 1789 1938 infirmis3
1816 1885 1936 1928 unde
1967 1886 2063 1944 ipse

106 1951 351 2006 Dominus,
375 1951 537 1996 Matth.
563 1965 621 2011 9.‚
649 1951 776 1995 dicit:
804 1951 903 1996 Non
920 1958 977 1996 est
993 1959 1095 2011 opus
1119 1952 1354 1996 valentibus
1380 1952 1553 2006 medica,
1581 1952 1646 1997 sed
1661 1953 1770 1997 male
1797 1953 2065 1998 habentibus:

106 2033 191 2064 non
214 2020 326 2079 enim
347 2020 445 2063 veni
468 2032 621 2063 vocare
639 2020 785 2077 justos,
807 2018 873 2062 sed
890 2025 1153 2077 peccatores:
1178 2019 1256 2062 sed
1274 2033 1358 2063 nec
1378 2018 1517 2062 etiam
1535 2019 1687 2063 statim
1704 2029 1808 2078 post
1823 2029 2065 2078 peccatum

108 2086 384 2132 conveniens
407 2084 492 2130 fuit
512 2086 665 2130 Deum
681 2085 922 2130 incarnari.
941 2087 1086 2130 Primo
1113 2086 1299 2146 quidem
1321 2096 1506 2145 propter
1529 2086 1842 2130 conditionem
1874 2086 2067 2130 humani

106 2153 298 2214 peccati,
324 2153 447 2213 quod
473 2167 528 2198 ex
554 2153 763 2212 superbia
789 2162 1084 2212 provenerat;
1111 2153 1231 2198 unde
1254 2166 1310 2198 eo
1337 2153 1480 2197 modo
1504 2162 1599 2196 erat
1624 2153 1769 2197 homo
1795 2153 2069 2208 liberandus,

104 2228 156 2265 ut
168 2219 448 2274 humiliatus,
466 2230 819 2279 recognosceret
840 2234 888 2264 se
906 2219 1150 2265 liberatore
1167 2220 1370 2279 indigere
1385 2235 1396 2274 ;
1411 2220 1530 2264 unde
1549 2234 1684 2279 super
1700 2219 1809 2263 illud
1831 2219 1980 2264 Galat.
2003 2235 2066 2279 3.:

2 2292 35 2339 ,Ὗ
109 2286 321 2335 minata
346 2295 425 2348 per
457 2287 620 2347 angelos
650 2288 695 2332 in
726 2301 856 2332 manu
888 2287 1141 2342 mediatoris,
1169 2287 1278 2332 dicit
1311 2287 1464 2332 Gloss.
1484 2287 1690 2345 (ordin.).·
1728 2287 1946 2346 «Magno
1980 2287 2070 2332 Dei

107 2354 302 2400 consilio
327 2353 501 2399 factum
523 2364 604 2410 est,
631 2364 681 2399 ut
700 2364 805 2414 post
821 2354 1024 2399 hominis
1046 2369 1204 2399 casum
1221 2369 1316 2399 non
1341 2354 1467 2399 illico
1486 2355 1573 2398 Dei
1589 2354 1730 2399 Filius
1757 2355 2010 2399 mitteretur
2026 2371 2067 2401 »z

2 2426 36 2466 ἒ
105 2420 286 2482 reliquit
310 2421 434 2466 enim
465 2422 591 2466 Deus
623 2422 746 2482 prius
777 2422 1020 2469 hominem
1050 2423 1097 2467 in
1130 2422 1338 2467 libertate
1371 2423 1541 2468 arbitrii
1572 2423 1619 2466 in
1647 2423 1747 2482 lege
1778 2423 1988 2478 naturali,
2021 2433 2070 2468 ut

106 2489 170 2534 sic
194 2489 313 2534 vires
335 2499 524 2534 naturae
555 2503 664 2534 suae
697 2499 1021 2548 cognosceret:
1056 2490 1134 2534 ubi
1161 2504 1264 2533 cum
1300 2489 1526 2544 deficeret,
1560 2489 1712 2550 legem
1747 2491 1947 2549 accepit3
1981 2505 2071 2550 qua

106 2554 219 2601 ‘hta'
234 2555 427 2601 invaluit
441 2555 644 2610 morbus,
668 2569 764 2601 non
789 2555 918 2616 legis,
943 2557 1021 2601 sed
1048 2566 1237 2601 naturae
1259 2557 1395 2611 vitio;
1422 2566 1472 2601 ut
1488 2557 1550 2601 ita
1569 2557 1754 2617 cognita
1780 2571 1862 2602 sua
1887 2556 2072 2602 infirmi-

104 2631 214 2678 tate,
238 2622 460 2668 clamaret
486 2623 543 2667 ad
569 2623 817 2678 medicum,
850 2633 896 2668 et
928 2624 1100 2683 gratiae
1131 2635 1369 2683 quaereret
1395 2623 1629 2668 auxilium.
1665 2624 1852 2670 Secundo
1884 2635 2071 2684 propter

21 2686 69 2739 ,ἔ
106 2689 315 2736 ordinem
340 2690 645 2750 promotionis
663 2691 710 2734 in
726 2691 917 2745 bonum,
944 2691 1197 2735 secundum
1223 2706 1361 2750 quem
1389 2691 1443 2735 ab
1457 2691 1727 2750 imperfecto
1747 2692 1801 2735 ad
1819 2691 2070 2750 perfectum

107 2757 389 2819 proceditur3
415 2757 535 2802 unde
561 2757 723 2817 Apost.
749 2757 860 2801 dicit
890 2771 926 2801 1.
967 2758 1023 2801 ad
1066 2757 1175 2802 Cor.
1209 2771 1298 2814 15.:
1339 2759 1437 2803 Non
1465 2760 1583 2818 prius
1614 2759 1722 2817 quod
1747 2760 1964 2818 spirituale
1995 2765 2063 2813 est,

106 2823 176 2870 ’3εά
196 2823 307 2883 quod
330 2824 527 2879 animale,
543 2824 686 2869 deinde
711 2824 819 2884 quod
843 2826 1078 2885 spirituale.
1097 2827 1267 2870 Primus
1287 2827 1407 2870 homo
1430 2826 1476 2871 de
1500 2833 1613 2872 terra
1640 2833 1848 2872 terrenus:
1873 2828 2071 2872 secundus

108 2890 229 2935 homo
260 2890 307 2936 de
332 2891 440 2937 coelo
467 2892 653 2937 coelestis.
692 2892 831 2937 Tertio
859 2902 1043 2951 propter
1075 2892 1342 2951 dignitatem
1368 2894 1507 2937 Verbi
1531 2894 1779 2938 incarnati:
1807 2895 1913 2954 quia
1935 2909 2070 2953 super

106 2955 219 3002 mud
246 2957 350 3005 Gal.
375 2970 443 3014 4.:
471 2960 534 3004 At
562 2961 636 3003 ubi
665 2961 781 3004 venit
807 2960 1022 3019 plenitudo
1057 2963 1263 3019 temporis,
1298 2961 1408 3004 dicit
1435 2960 1587 3005 Gloss.
1618 2961 1749 3020 (Aug.
1783 2967 1902 3006 tract.
1939 2978 1997 3020 31.
2024 2964 2071 3006 in

101 3023 253 3082 Joan.)
269 3038 284 3069 .·
309 3040 333 3066 (ι
353 3024 543 3077 Quanto
560 3026 708 3084 major
723 3026 859 3084 judex
883 3027 1107 3081 veniebat,
1132 3037 1259 3071 tanto
1287 3042 1567 3087 praeconum
1586 3029 1724 3073 series
1741 3028 1924 3087 longior
1948 3044 2072 3087 prae-

0 3102 3 3106 *
24 3099 61 3146 'j‘
108 3091 270 3136 cedere
295 3091 487 3136 debebat
511 3109 551 3136 n.
573 3094 756 3149 Quarta,
775 3107 831 3137 ne
853 3092 1004 3137 fervor
1030 3093 1135 3138 fidei
1156 3095 1376 3153 temporis
1399 3095 1655 3154 prolixitate
1671 3105 1944 3154 tepesceret:
1964 3095 2070 3154 quia

108 3157 230 3203 circa
259 3158 398 3202 finem
431 3159 591 3203 mundi
609 3158 822 3219 frigescet
844 3161 1040 3204 charitas
1068 3161 1344 3216 multorum3
1371 3162 1491 3206 unde
1519 3163 1630 3206 Luc.
1664 3163 1728 3206 18.
1757 3162 1941 3205 dicitur:
1960 3161 2070 3206 Cum

105 3223 218 3281 filius
250 3225 430 3270 hominis
459 3228 608 3281 veniet,
634 3233 759 3286 putas
784 3229 967 3273 inveniet
996 3227 1116 3281 fidem
1139 3230 1183 3272 in
1211 3231 1357 3274 terra?

33 3335 44 3356 ,ι
70 3334 73 3336 .
197 3291 273 3335 AD
298 3304 487 3337 PRIMUM
514 3307 626 3351 ergo
652 3293 911 3348 dicendum,
939 3295 1061 3353 quod
1095 3295 1290 3340 charitas
1321 3309 1416 3340 non
1450 3295 1599 3340 differt
1632 3296 1780 3339 amico
1812 3293 2070 3350 subvenire,

108 3356 234 3402 salva
258 3367 414 3402 tamen
439 3360 731 3417 negotiorum
763 3363 1115 3420 opportunitate,
1149 3372 1192 3406 et
1224 3376 1525 3420 personarum
1559 3363 1844 3406 conditione:
1879 3363 1915 3405 si
1948 3363 2070 3406 enim

36 3430 58 3486 {J
107 3424 316 3469 medicus
341 3425 493 3469 statim
515 3439 542 3469 a
562 3427 785 3486 principio
812 3428 1104 3486 aegritudinis
1131 3429 1407 3473 medicinam
1431 3430 1557 3472 daret
1580 3428 1777 3481 infirmo,
1796 3427 1945 3472 minus
1970 3442 2072 3487 pro-

108 3488 278 3545 ficeret,
303 3490 378 3536 vel
404 3492 551 3550 magis
573 3492 787 3548 laederet,
809 3509 947 3554 quam
969 3496 1167 3553 juvaret3
1195 3506 1239 3540 et
1264 3496 1367 3540 ideo
1392 3496 1529 3540 etiam
1552 3495 1780 3538 Dominus
1799 3508 1892 3538 non
1915 3495 2068 3539 statim

113 3569 139 3601 a
169 3557 392 3617 principio
424 3558 750 3604 incarnationis
781 3561 1036 3605 remedium
1068 3561 1274 3605 humano
1308 3562 1462 3621 generi
1495 3561 1709 3615 exhibuit,
1736 3574 1794 3605 ne
1819 3560 1930 3605 illud
1964 3575 2071 3605 con·

109 3629 332 3670 temneret
356 3638 412 3669 ex
438 3625 660 3683 superbia,
682 3626 720 3671 si
745 3628 868 3685 prius
894 3641 1025 3672 suam
1051 3627 1362 3671 infirmitatem
1389 3641 1486 3671 non-
1511 3637 1824 3685 cognosceret.
