2352 3926
269 200 375 270 718
791 213 1070 260 Qmfflsno
1114 213 1278 252 Lxxx.
1319 213 1628 252 Ana-mutus
1668 213 1704 253 1.

266 327 462 362 sumant.
491 317 583 362 Sed
610 316 700 360 hoc
728 314 952 373 contingit
978 314 1225 374 dupliciter.-
1251 328 1334 358 uno
1360 313 1480 358 modo
1507 323 1693 373 propter
1717 314 1993 360 desiderium
2023 315 2234 363 sumendi

238 384 416 444 ipsum
443 392 806 436 sacramentum3
834 391 878 425 et
903 382 994 426 hoc
1032 382 1175 426 modo
1208 382 1419 426 dicuntur
1449 381 1682 441 baptizari,
1719 392 1764 426 et
1800 383 2078 428 manducare
2113 383 2236 444 spiri-

265 452 458 505 tualiter,
487 460 531 495 et
555 465 649 494 non
676 448 1065 493 sacramentaliter
1090 448 1171 503 illi,
1198 449 1277 508 qui
1302 448 1561 493 desiderant
1590 463 1772 494 sumere
1803 449 1919 494 haec
1950 460 2237 506 sacramenta

265 520 358 577 jam
384 519 607 562 instituta:
636 517 719 560 alio
752 516 873 560 modo
902 525 1087 575 propter
1117 515 1339 575 figuram,
1371 516 1489 560 sicut
1520 516 1629 561 dicit
1660 516 1915 576 Apostolus
1952 530 1989 562 1.
2007 514 2117 569 Cor.
2149 531 2236 573 ζα,

267 585 388 644 quod
415 586 579 642 antiqui
592 589 734 643 patres
760 585 965 643 baptizati
988 589 1083 628 sunt
1108 585 1154 627 in
1178 582 1299 637 r'zube,
1324 590 1363 628 et
1387 585 1432 627 in
1457 585 1589 638 mari,
1616 593 1662 628 et
1686 583 1810 643 quod
1825 585 2088 644 spiritualem
2106 599 2238 632 escam

267 651 643 704 manducaverunt,
672 657 710 695 et
734 651 993 710 spiritualem
1012 657 1163 710 potum
1186 652 1389 696 biberunt.
1416 650 1515 694 Nec
1541 660 1698 695 tamen
1722 650 1886 696 frustra
1912 650 2150 705 adhibetur
2172 666 2240 698 sa—

269 717 559 763 cramentalis
586 717 896 772 manducatiO,
924 718 1030 776 quia
1056 717 1236 777 plenius
1259 717 1434 761 inducit
1460 718 1735 762 sacramenti
1752 717 1966 765 effectum
1981 719 2080 778 ipsa
2095 733 2241 770 sacra-

267 786 410 831 menti
435 786 681 844 susceptio,
699 799 838 844 quam
856 784 1009 829 solum
1027 785 1321 840 desiderium,
1344 785 1462 829 sicut
1479 799 1615 844 supra
1634 785 1755 829 circa
1770 785 2047 846 baptismum
2065 786 2239 834 dictum

267 863 335 898 est
360 853 420 912 (q.
450 853 522 912 69.
548 858 629 897 art.
655 866 698 910 4.
726 851 779 896 ad
804 852 881 911 2.).

990 1013 1428 1071 ARTICULUS
1470 1014 1540 1070 Π.
1809 970 1815 977 ’
2151 1043 2238 1105 479

435 1185 437 1187 ,
496 1149 691 1190 UTRUM
720 1149 918 1188 SOLIUS
953 1149 1186 1188 HOMINIS
1226 1150 1312 1188 SIT
1347 1150 1762 1190 SPIRITUALITER
1795 1150 2010 1191 SUMERE

740 1224 760 1230 ”
960 1231 1077 1270 HOC
1112 1231 1538 1271 SACRAMENTUM.

621 1341 684 1400 (4.
711 1343 824 1388 Dist.
853 1358 894 1402 9.
922 1349 1005 1387 art.
1033 1357 1072 1387 2.
1101 1357 1138 1401 q.
1162 1357 1198 1401 3.
1227 1347 1264 1386 et
1282 1355 1321 1400 5.
1349 1347 1388 1386 et
1412 1358 1448 1387 ι.
1479 1342 1579 1387 Cor.
1606 1357 1666 1408 rr.
1693 1342 1782 1387 lect.
1810 1343 1886 1402 7.).

356 1453 431 1499 AD
460 1467 723 1499 SECUNDUM
750 1454 807 1498 sit
832 1454 1106 1513 proceditur.
1133 1453 1340 1508 Videtur,
1367 1453 1491 1512 quod
1518 1467 1612 1498 non
1648 1453 1791 1498 solius
1826 1454 2030 1499 hominis
2062 1454 2121 1500 sit
2150 1455 2243 1508 hoc

266 1531 607 1566 sacramentum
644 1521 936 1579 spiritualiter
978 1535 1160 1564 sumere
1197 1521 1278 1564 sed
1315 1521 1454 1564 etiam
1491 1521 1779 1580 angelorum,
1815 1522 1922 1580 quia
1955 1536 2090 1582 super
2131 1521 2243 1568 illud

265 1588 385 1634 Psal.
401 1602 486 1647 77.:
503 1590 659 1633 Panem
682 1590 922 1646 angelorum
940 1588 1214 1632 manducavit
1230 1589 1369 1643 homo,
1390 1588 1499 1632 dicit
1518 1588 1670 1633 Gloss.
1688 1589 1800 1646 (ord.
1818 1595 1858 1634 et
1877 1589 2016 1635 interl.
2032 1589 2215 1650 implic.)
2230 1606 2243 1634 .·

270 1672 294 1698 <c
319 1656 438 1700 idest
463 1670 628 1714 corpus
656 1655 844 1710 Christi,
871 1657 948 1715 qui
974 1664 1042 1699 est
1067 1669 1173 1699 vere
1197 1655 1322 1699 cibus
1347 1652 1620 1714 angelorum
1641 1670 1690 1700 »ε
1718 1655 1797 1700 sed
1820 1656 1911 1701 hoc
1932 1671 2028 1702 non
2050 1666 2183 1714 esset,
2204 1658 2244 1702 si

268 1722 421 1782 angeli
442 1722 731 1781 spiritualiter
754 1722 992 1767 Christum
1014 1737 1109 1766 non
1133 1722 1488 1777 manducarent3
1509 1736 1618 1781 ergo
1637 1722 1789 1782 angeli
1809 1723 2102 1783 spiritualiter
2116 1723 2246 1770 Chri-

269 1801 390 1835 stum
416 1790 709 1834 manducant.

357 1870 399 1902 2.
425 1858 725 1902 PRAETEREA.
753 1857 995 1916 Augustin.
1025 1858 1134 1902 dicit
1159 1871 1294 1917 super
1314 1857 1445 1915 Joan.
1487 1857 1630 1914 (tract.
1662 1858 1733 1903 26.
1771 1860 1885 1904 inter
1911 1859 2017 1904 med.
2049 1865 2093 1906 et
2121 1860 2182 1918 fin
2184 1859 2243 1919 ..·)

273 1942 298 1968 ι(
324 1925 460 1969 Hunc
487 1925 656 1980 cibum,
684 1934 728 1970 et
754 1935 915 1983 potum
942 1925 1211 1969 societatem
1238 1924 1335 1969 vult
1371 1924 1564 1984 intelligi
1601 1926 1820 2002 corporis,
1855 1936 1901 1971 et
1930 1921 2243 1975 membrorum

269 2007 474 2046 suorum,
503 1993 626 2051 quod
653 2002 720 2036 est
745 1991 990 2037 Ecclesia
979 2007 1026 2036 1n
1053 1992 1398 2052 praedestinatis
1425 2007 1474 2036 »ι
1503 1992 1583 2036 sed
1612 1993 1667 2037 ad
1693 1993 1830 2037 istam
1856 1994 2128 2040 societatem
2151 2008 2247 2040 non

269 2060 422 2104 solum
449 2060 677 2119 pertinent
701 2059 930 2114 homines,
955 2059 1035 2104 sed
1063 2060 1203 2104 etiam
1229 2061 1375 2104 sancti
1402 2059 1580 2118 angeli3
1607 2073 1717 2119 ergo
1754 2060 1903 2106 sancti
1936 2061 2090 2121 angeli
2111 2061 2248 2122 spiri-

269 2127 452 2172 tualiter
477 2127 772 2171 manducant.
2115 2158 2117 2160 -

363 2209 400 2252 3.
428 2194 726 2239 PRAETEREA.
751 2194 1074 2253 Augustinus'
1063 2209 1111 2238 m
1137 2195 1213 2240 lib.
1241 2195 1296 2240 de
1319 2195 1482 2240 Verbis
1515 2194 1710 2239 Domini
1732 2195 1875 2254 (serm.
1899 2179 1974 2253 46.
1996 2196 2131 2242 εΗοσ.·
2151 2197 2246 2256 cit.)

270 2262 401 2306 dicit:
450 2277 474 2302 «
501 2260 805 2320 Spiritualiter
842 2262 1188 2307 manducandus
1227 2272 1295 2307 est
1332 2262 1556 2317 Christus,
1599 2262 1820 2322 quoniam
1855 2263 1952 2322 ipse
1989 2262 2120 2317 dicim
2158 2264 2250 2322 Qui

269 2328 499 2373 manducat
523 2343 658 2372 meam
690 2343 872 2382 carnem,
908 2336 949 2374 et
974 2331 1082 2375 bibit
1105 2346 1243 2374 meum
1268 2333 1528 2389 sanguinem,
1556 2332 1601 2374 in
1627 2345 1691 2375 me
1716 2336 1871 2384 manet,
1896 2337 1935 2375 et
1958 2345 2028 2389 ege
2055 2332 2101 2376 in
2116 2346 2171 2377 to
2194 2345 2247 2376 »z

270 2396 349 2440 sed
375 2396 467 2439 hoc
495 2396 710 2440 convenit
733 2410 827 2439 non
855 2395 1007 2440 solum
1034 2396 1314 2473 hominibus,
1341 2397 1420 2441 sed
1443 2398 1583 2441 etiam
1607 2397 1774 2441 sanctis
1797 2396 1986 2456 angelis,
2005 2397 2067 2451 in,
2085 2397 2248 2458 quibus
2304 2382 2309 2386 ¹
2338 2385 2349 2453 Γ

270 2477 351 2523 per
378 2462 650 2507 charitatem
683 2473 751 2507 est
784 2463 1008 2517 Christus,
1042 2474 1086 2508 et
1116 2465 1203 2523 ipsi
1234 2464 1282 2508 in
1315 2479 1398 2518 eo;
1433 2478 1545 2522 ergo
1577 2464 1768 2518 videtur,
1801 2463 1925 2523 quod
1955 2464 2250 2524 spiritualiter

271 2531 550 2575 manducare
582 2544 676 2574 non
709 2530 861 2574 solum
895 2531 952 2575 sit
982 2531 1242 2585 hominum,
1269 2530 1348 2575 sed
1376 2531 1515 2575 etiam
1545 2530 1831 2589 angelorum.

363 2597 458 2643 SED
481 2610 679 2643 CONTRA
702 2607 783 2652 est,
805 2598 928 2656 quod
950 2597 1145 2655 August
1170 2578 1279 2642 dicit
1302 2611 1436 2674 super
1455 2598 1587 2655 Joan.
1615 2597 1754 2654 (tract.
1777 2597 1849 2644 26.
1866 2606 2024 2659 parum
2045 2612 2073 2645 a
2092 2597 2246 2659 med.).·

276 2682 300 2708 «
325 2665 501 2710 Panem
523 2665 579 2710 de
598 2664 728 2709 altari
745 2664 1034 2724 spiritualiter
1054 2666 1352 2720 manducate;
1370 2665 1683 2709 innocentiam
1702 2665 1758 2710 ad
1782 2664 1923 2711 altare
1946 2676 2181 2727 apportate
2198 2683 2247 2712 »ι

273 2734 352 2778 sed
380 2732 652 2792 angelorum
678 2746 773 2777 non
800 2742 868 2776 est
894 2732 1112 2777 accedere
1140 2733 1196 2776 ad
1231 2731 1386 2786 altare,
1421 2742 1640 2791 tanquam
1674 2732 1843 2792 aliquid
1873 2733 1966 2779 sint
1994 2734 2100 2780 inde
2129 2749 2251 2780 sum·

273 2801 416 2860 pturi3
444 2803 555 2859 ergo
583 2798 854 2858 angelorum
880 2813 974 2843 non
1002 2809 1070 2844 est
1094 2799 1384 2858 spiritualiter
1410 2800 1706 2844 manducare.

363 2868 654 2913 Rrsponnro
681 2866 941 2921 dicendum,
961 2867 1083 2926 quod
1109 2867 1156 2910 in
1182 2867 1273 2911 hoc
1300 2877 1589 2911 sacramento
1617 2868 1877 2913 continetur
1898 2868 1996 2928 ipse
2020 2867 2248 2923 christus,

273 2950 369 2980 non
396 2935 582 2994 quidem
607 2935 654 2979 in
681 2936 833 2994 specie
859 2934 1057 2993 propria,
1076 2934 1153 2978 sed
1180 2934 1226 2977 in
1254 2934 1405 2993 specie
1433 2935 1733 2979 sacramenti:
1761 2935 1984 2996 dupliciter
2004 2949 2118 2996 ergo
2142 2949 2250 2982 con·

274 3003 410 3062 tingit
436 3001 713 3047 manducare
740 3001 1027 3061 spititualiter
1052 3001 1204 3060 ipsum
1223 3001 1481 3046 Christum:
1500 3017 1582 3046 uno
1600 3001 1741 3058 modo,
1767 3012 1904 3062 prout
1926 3002 1973 3047 in
1989 3017 2073 3049 sua
2093 3003 2248 3064 specie

275 3070 503 3125 consistit;
541 3080 587 3114 et
616 3069 708 3114 hoc
735 3069 878 3114 modo
906 3068 1057 3128 angeli
1085 3069 1365 3114 manducant
1396 3068 1686 3128 spiritualiter
1718 3069 1870 3130 ipsum
1898 3069 2152 3128 Christum,
2182 3070 2232 3117 in

275 3148 499 3198 quantum
521 3137 563 3183 ei
585 3137 801 3182 uniuntur
816 3137 1030 3182 fruitione
1049 3137 1281 3181 charitatis
1307 3136 1553 3197 perfectae,
1571 3148 1616 3183 et
1640 3138 1817 3183 visione
1833 3137 2076 3192 manifesta
2088 3138 2249 3200 (quem

275 3219 442 3265 panem
470 3214 763 3265 expectamus
788 3205 836 3249 in
862 3204 1044 3264 patria),
1075 3218 1169 3248 non
1196 3219 1277 3264 per
1310 3204 1464 3262 fidem,
1495 3205 1611 3249 sicut
1644 3219 1729 3250 nos
1756 3205 1799 3250 ei
1821 3204 1898 3253 hic
1931 3205 2137 3257 unimurt
2161 3206 2248 3254 alio

275 3273 396 3318 modo
430 3273 655 3332 contingit
686 3271 977 3332 spiritualiter
1014 3271 1291 3316 manducare
1321 3271 1576 3327 Christum,
1611 3282 1747 3331 prout
1786 3282 1855 3320 est
1888 3272 1989 3327 sub«.
2011 3272 2248 3333 speciebus

276 3341 412 3399 hujus
438 3341 740 3394 sacramenti3
767 3340 1038 3399 inquantum
1080 3337 1254 3384 scilicet
1281 3337 1442 3398 aliquis
1470 3339 1611 3384 credit
1641 3340 1689 3384 in
1731 3338 1969 3385 Christum
1994 3353 2100 3384 cum
2137 3339 2250 3385 desi-

279 3407 405 3451 derio
432 3407 644 3452 sumendi
684 3408 775 3452 hoc
813 3415 1176 3452 sacramentum:
1204 3415 1249 3450 et
1280 3406 1370 3451 hoc
1399 3420 1494 3451 non
1535 3406 1685 3451 solum
1713 3416 1780 3452 est
1811 3404 2101 3469 spiritualiter
2124 3421 2250 3453 man-

280 3475 446 3519 ducare
475 3475 726 3528 Christum,
753 3474 832 3519 sed
859 3474 998 3519 etiam
1025 3473 1315 3533 spiritualiter
1343 3473 1620 3518 manducare
1648 3474 1739 3518 hoc
1757 3473 2247 3534 sacramentum‚quod

279 3555 374 3586 non
402 3541 622 3602 competit
649 3541 822 3601 angelis
838 3558 847 3587 :
865 3551 911 3587 et
932 3541 1036 3587 ideo
1062 3539 1169 3586 licet
1196 3540 1347 3598 angeli
1374 3540 1665 3600 spiritualiter
1691 3541 1971 3587 manducent
1995 3538 2247 3597 Christum,

280 3622 375 3654 non
400 3619 558 3655 tamen
584 3609 800 3656 convenit
824 3609 889 3656 eis
915 3606 1206 3670 spiritualiter
1232 3608 1510 3654 manducare
1527 3609 1619 3655 hoc
1644 3618 1998 3656 sacramentum.
2052 3646 2056 3659 ,-
