2352 3926
615 242 895 291 QuAns’rto
934 243 1135 285 Lxxxv.
1173 242 1484 284 sanemus
1523 243 1596 282 ιν.
1976 244 2083 300 797

209 357 252 392 2.
283 345 581 393 Paternum,
612 346 900 392 Poenitentia
924 357 993 392 est
1015 346 1217 392 vindicta
1243 346 1485 407 quaedam,
1518 345 1636 391 sicut
1666 345 1862 406 August.
1895 345 2005 391 dicit
2033 345 2082 391 in

119 411 196 459 lib.
222 412 279 458 de
304 414 590 459 Poenitentia
615 414 717 473 (loc.
743 416 809 460 cit.
841 420 924 460 art.
949 413 1146 475 praec.).·
1172 414 1252 459 sed
1277 414 1477 459 vindicta
1507 413 1686 458 videtur
1717 412 1775 458 ad
1806 412 2081 458 irascibilem

119 481 359 541 pertinere,
395 482 502 542 quia
525 482 592 527 ira
617 492 686 528 est
706 482 929 543 appetitus
954 482 1207 537 vindictae3
1228 495 1339 541 ergo
1358 482 1547 536 videtur,
1574 480 1697 541 quod
1719 480 2000 541 poenitentia
2026 481 2084 526 sit

1 578 4 586 1
53 606 60 611 ἢ
120 547 168 594 in
189 548 418 594 irascibili.

210 630 250 673 3.
276 615 576 662 Pmnrnnm.
602 616 904 661 Praeteritum
931 626 998 661 est
1019 616 1255 676 proprium
1281 616 1514 675 objectum
1536 616 1802 670 memoriae,
1829 615 2084 661 secundum

118 681 292 728 Philos.
325 683 371 727 in
398 683 473 728 lib.
510 684 565 729 de
599 684 826 729 Memoria
854 683 963 743 (cap.
991 700 1027 729 1.
1059 698 1085 728 a
1104 684 1300 744 princ.):
1328 683 1406 727 sed
1433 683 1713 743 poenitentia
1738 692 1807 728 est
1832 683 1888 728 de
1914 693 2084 743 praete·

120 749 224 805 rite,
251 760 301 796 ut
325 751 499 796 dictum
525 761 592 796 est
617 752 722 809 (art.
748 766 784 796 1.
811 751 899 809 huj.
926 766 965 809 q.
992 750 1046 795 ad
1070 765 1112 797 2.
1138 756 1175 795 et
1200 750 1254 795 ad
1274 751 1361 810 3.),·
1389 765 1500 809 ergo
1522 750 1803 810 poenitentia
1828 759 1897 795 est
1920 751 1967 795 in
1990 764 2082 796 me·

119 818 281 871 moria,
306 818 425 863 sicut
450 819 496 862 in
522 818 743 876 subjecto.

205 896 251 939 4.
275 884 575 930 Parim-mm.
601 883 729 930 Nihil
754 884 861 942 agit,
879 884 953 928 ubi
979 897 1074 928 non
1101 893 1188 928 est:
1216 883 1294 927 sed
1317 883 1596 942 poenitentia
1615 883 1814 929 excludit
1838 893 2080 944 peccatum

118 950 174 996 ab
201 952 414 997 omnibus
439 952 607 997 viribus
634 952 834 1006 animae3
853 965 964 1010 ergo
983 950 1264 1011 poenitentia
1283 960 1349 995 est
1365 950 1412 995 in
1435 950 1634 1010 qualibet
1649 951 1694 995 vi
1712 951 1907 1006 animae,
1924 961 1970 996 et
1984 965 2081 997 non

115 1018 166 1065 in
189 1018 426 1065 voluntate
452 1028 644 1064 tantum.

207 1085 302 1132 SED
329 1099 540 1132 CONTRA.
556 1086 842 1130 Poenitentia
860 1096 927 1131 est
943 1085 1215 1130 sacrificium
1232 1085 1478 1144 quoddam,
1495 1085 1748 1129 secundum
1762 1084 1874 1130 illud
1891 1086 1965 1131 Ps.
1989 1098 2080 1144 50.:

117 1151 385 1212 Sacrificium
409 1154 502 1199 Deo
532 1155 700 1213 spiritus
731 1154 1058 1199 contribulatus.-
1083 1152 1162 1197 sed
1185 1151 1349 1196 offerre
1374 1152 1651 1197 sacrificium
1677 1162 1744 1197 est
1770 1162 1897 1198 actus
1922 1153 2082 1197 volun-

116 1220 237 1275 tatis,
261 1220 513 1266 secundum
537 1219 650 1265 illud
676 1221 750 1265 Ps.
782 1234 857 1280 53:
894 1221 1136 1266 Voluntaria
1159 1220 1405 1277 sacrificabo
1438 1220 1515 1264 tibi
1525 1234 1542 1272 ‚·
1567 1233 1678 1278 ergo
1703 1220 1984 1279 poenitentia
2011 1229 2079 1267 est

115 1286 165 1333 in
189 1287 440 1333 voluntate.

205 1353 494 1401 strormsso
513 1354 772 1410 dicendum,
790 1355 912 1415 quod
939 1354 995 1400 de
1021 1354 1300 1415 poenitentia
1316 1353 1536 1414 dupliciter
1550 1353 1679 1414 loqui
1702 1369 1972 1415 possumus:
1994 1366 2080 1400 uno

117 1422 257 1478 modo,
284 1423 540 1469 secundum
565 1422 688 1482 quod
720 1433 787 1467 est
813 1422 963 1481 passio
997 1422 1248 1482 quaedam;
1275 1431 1320 1467 et
1344 1421 1426 1476 sic,
1454 1436 1560 1466 cum
1586 1422 1644 1467 sit
1675 1424 1826 1482 specie
1855 1421 2078 1476 tristitiae,

118 1500 187 1536 est
208 1491 258 1535 in
274 1490 634 1550 concupiscibili,
659 1490 777 1546 sicut
800 1490 847 1534 in
874 1489 1102 1548 subjecto:
1129 1490 1214 1534 alio
1238 1488 1375 1543 modo,
1399 1489 1653 1533 secundum
1677 1489 1802 1549 quod
1827 1498 1897 1534 est
1920 1489 2077 1544 virtus,

117 1568 163 1605 et
193 1557 275 1612 sic,
304 1557 423 1602 sicut
454 1557 626 1602 dictum
654 1567 722 1602 est
752 1557 856 1616 (art.
877 1558 1059 1616 praec),
1086 1567 1154 1601 est
1185 1555 1360 1615 species
1384 1556 1598 1615 justitiae.
1624 1556 1804 1614 Justitia
1836 1566 2006 1609 autem,
2032 1566 2082 1601 ut

116 1626 166 1671 in
191 1638 233 1670 2.
264 1624 472 1670 habitum
498 1634 566 1670 est
590 1626 689 1682 (1·2.
721 1639 760 1684 q.
781 1624 850 1684 56.
876 1631 960 1670 art.
988 1625 1066 1680 6.),
1093 1624 1231 1668 habet
1255 1637 1338 1683 pro
1364 1624 1571 1681 subjecto
1599 1624 1848 1683 appetitum
1875 1624 2079 1678 rationis,

116 1693 195 1753 qui
220 1702 289 1737 est
311 1692 537 1737 voluntas.
561 1692 696 1737 Unde
718 1692 1011 1737 manifestum
1030 1702 1110 1746 est,
1137 1692 1259 1751 quod
1276 1690 1571 1750 poenitentia,
1593 1691 1846 1736 secundum
1869 1691 1991 1751 quod
2013 1701 2083 1736 est

114 1760 271 1814 virtus,
288 1769 356 1804 est
379 1758 426 1803 in
451 1759 700 1813 voluntate,
718 1760 835 1803 sicut
850 1759 896 1803 in
914 1759 1135 1817 subjecto,
1152 1769 1197 1803 et
1220 1758 1427 1818 proprius
1445 1759 1542 1817 ejus
1560 1767 1684 1803 actus
1703 1769 1771 1804 est
1791 1759 2079 1819 propositum

117 1826 393 1873 emendandi
416 1826 544 1881 illud,
571 1827 693 1886 quod
721 1836 879 1871 contra
904 1826 1058 1871 Deum
1086 1826 1386 1870 commissum
1413 1835 1494 1870 est.

204 1895 281 1940 An
312 1907 500 1940 Pm-MUM
526 1894 923 1954 ergodicendum,
957 1894 1079 1954 quod
1111 1894 1226 1938 ratio
1259 1892 1337 1937 illa
1368 1893 1578 1953 procedit
1608 1893 1663 1937 de
1688 1893 1984 1953 poenitentia,
2011 1908 2076 1939 se-

117 1961 320 2008 cundum
347 1963 468 2021 quod
495 1971 563 2007 est
587 1962 754 2021 passio.

204 2029 282 2075 AD
307 2042 569 2075 SECUNDUM
595 2029 855 2083 dicendum,
888 2029 1011 2089 quod
1037 2029 1287 2073 vindictam
1319 2037 1531 2087 appetere
1563 2042 1618 2072 ex
1648 2029 1860 2088 passione
1886 2029 1942 2074 de
1969 2029 2074 2086 alio,

114 2098 310 2157 pertinet
334 2097 391 2141 ad
417 2096 718 2142 irascibilem:
746 2096 824 2140 sed
852 2106 1079 2156 appetere,
1104 2095 1180 2141 vel
1205 2095 1355 2140 facere
1380 2095 1629 2141 vindictam
1656 2110 1711 2140 ex
1737 2096 1913 2141 ratione
1935 2096 1991 2142 de
2012 2111 2078 2153 se,

114 2163 191 2210 vel
216 2164 272 2209 de
299 2163 391 2209 alio
417 2164 613 2223 pertinet
637 2164 694 2209 ad
718 2164 1019 2209 voluntatem.

203 2231 281 2277 An
315 2244 533 2277 TERTmM
564 2231 823 2286 dicendum,
856 2232 980 2291 quod
1012 2231 1239 2276 memoria
1271 2241 1339 2275 est
1362 2230 1431 2275 vis
1464 2232 1793 2291 apprehensiva
1825 2232 2077 2292 praeteriti:

114 2298 398 2359 poenitentia
423 2308 577 2343 autem
602 2313 698 2343 non
724 2299 918 2358 pertinet
949 2299 1006 2344 ad
1037 2301 1131 2344 vim
1158 2298 1553 2358 apprehensivam,
1579 2301 1657 2344 sed
1685 2300 1741 2344 ad
1769 2300 2077 2360 appetitivam,

114 2379 234 2425 quae
266 2366 591 2425 praesupponit
616 2375 771 2410 actum
804 2366 1173 2426 apprehensivae.
1207 2366 1342 2412 Unde
1374 2366 1656 2425 poenitentia
1685 2382 1782 2412 non
1814 2367 1954 2413 estin
1986 2382 2080 2413 me-

114 2432 280 2487 moria,
304 2433 385 2478 sed
411 2433 737 2493 praesupponit
768 2447 886 2478 eam.

201 2500 280 2546 An
305 2513 544 2551 QUARTUM
569 2500 831 2556 dicendum,
856 2501 979 2561 quod
1011 2500 1243 2557 voluntas,
1275 2502 1394 2547 sicut
1423 2503 1472 2547 in
1510 2517 1546 2548 1.
1578 2503 1786 2548 habitum
1819 2513 1887 2547 est
1921 2502 1978 2563 (q.
2005 2504 2074 2549 82.

114 2573 198 2614 art.
223 2581 266 2624 4.
291 2574 328 2613 et
351 2582 430 2614 1-2.
452 2583 490 2627 q.
510 2583 551 2628 9.
578 2575 659 2614 art.
686 2569 762 2627 1.),
795 2579 953 2614 movet
978 2583 1139 2614 omnes
1163 2569 1274 2614 alias
1299 2571 1526 2630 potentias
1553 2571 1746 2615 animae.
1773 2570 1830 2615 Et
1854 2570 1959 2615 ideo
1982 2585 2077 2615 non

115 2644 184 2679 est
206 2634 551 2690 inconveniens,
577 2635 615 2680 si
639 2637 919 2695 poenitentia
944 2637 991 2681 in
1022 2636 1258 2682 voluntate
1290 2640 1484 2684 existens
1517 2638 1687 2699 aliquid
1713 2638 1759 2683 in
1786 2638 1976 2698 singulis
2000 2652 2079 2697 po-

113 2701 267 2747 tentiis
292 2701 474 2748 animae
501 2712 726 2761 operetur.

809 2903 1243 2962 ARTICULUS
1284 2907 1352 2963 V.
1990 2935 2076 2979 524

343 3053 539 3092 UTRUM
577 3054 895 3094 PRINCIPIUM
934 3055 1344 3096 POENITENTIAE
1385 3056 1470 3094 SIT
1511 3056 1580 3093 EX
1622 3056 1850 3095 TIMORE.

472 3177 537 3235 (4.
559 3177 671 3223 Dist.
698 3191 763 3236 14.
786 3194 824 3238 q.
848 3195 884 3225 1.
907 3185 987 3225 art.
1009 3194 1050 3226 2.
1072 3195 1111 3240 q.
1135 3197 1170 3226 Ι.
1186 3188 1264 3240 per
1290 3186 1360 3226 tot.
1385 3186 1423 3226 et
1443 3195 1481 3239 q.
1504 3194 1544 3225 2.
1568 3187 1679 3240 corp.
1677 3179 1718 3238 ).

206 3305 283 3351 An
310 3318 537 3356 QmNTUM
564 3305 627 3350 sic
654 3306 926 3366 proceditur.
955 3306 1159 3363 Videtur,
1193 3308 1315 3367 quod
1348 3307 1621 3368 principium
1647 3308 1952 3367 poenitentiae
1979 3325 2073 3354 non

116 3373 175 3419 sit
205 3388 261 3418 ex
285 3373 475 3418 timore:
502 3373 781 3432 poenitentia
812 3375 935 3420 enim
961 3375 1119 3435 incipit
1145 3379 1188 3420 in
1217 3375 1501 3435 displicentia
1532 3386 1850 3435 peccatorum:
1877 3376 1955 3420 sed
1982 3377 2073 3422 hoc

117 3442 310 3501 pertinet
333 3440 389 3485 ad
412 3441 695 3495 charitatem,
721 3452 769 3486 ut
795 3456 931 3501 supra
954 3443 1126 3488 dictum
1150 3454 1219 3488 est
1246 3443 1347 3500 (art.
1367 3459 1401 3502 3.
1429 3444 1515 3501 huj.
1539 3445 1598 3502 q.)
1611 3459 1628 3496 ;
1657 3458 1767 3503 ergo
1794 3445 2071 3503 poenitentia

118 3507 268 3567 magis
289 3508 432 3552 oritur
459 3522 709 3562 examore,
735 3523 873 3568 quam
899 3524 953 3555 ex
979 3510 1158 3555 timore.

208 3587 250 3620 2.
275 3574 574 3620 PRAETEREA.
601 3575 675 3620 Ad
701 3577 1028 3634 poenitentiam
1043 3578 1258 3623 homines
1283 3589 1589 3637 provocantur
1610 3592 1689 3637 per
1710 3579 2073 3638 expectationem

121 3641 254 3701 regni
278 3641 504 3697 coelestis,
530 3644 781 3689 secundum
807 3642 919 3688 illud
942 3644 1105 3690 Matth.
1137 3660 1173 3704 3.
1201 3655 1245 3689 et
1269 3657 1336 3700 4.:
1364 3646 1662 3691 Poenitmtiam
1687 3647 1795 3705 agite
1810 3662 1824 3691 .·
1850 3649 2075 3707 appropin-
