2352 3926
0 3027 16 3070 ὲ

0 3090 9 3107 r.

671 559 951 620 INDEX
998 558 1650 637 QUAESTIONUM

339 785 515 838 QUAE
549 785 614 830 IN
649 785 785 838 HOC
824 783 1102 838 QUARTO
1137 784 1476 830 VOLUMINE
1509 784 1983 832 CONTINENTUR

177 1495 207 1529 I.
231 1496 285 1530 De
300 1498 546 1531 convenientia
561 1497 811 1530 incarnationis
850 1523 860 1532 .
898 1522 907 1531 .
949 1497 1034 1541 Pag.
1085 1505 1124 1540 19

175 1546 224 1582 11.
242 1548 295 1582 De
311 1548 418 1583 modo
435 1549 576 1582 unionis
592 1548 698 1589 Verbi
713 1549 898 1583 incarnati.
932 1574 942 1583 .
978 1573 987 1582 .
1024 1572 1033 1582 .
1083 1557 1126 1591 30

175 1597 244 1634 111.
260 1599 314 1634 De
330 1601 436 1634 modo
454 1601 595 1634 unionis
610 1611 652 1634 ex
666 1609 762 1646 parte
786 1610 955 1645 personae
979 1610 1036 1633 as-

267 1653 437 1685 sumentis
450 1678 1033 1689 ..............
1080 1662 1123 1696 49

177 1702 238 1737 lv.
254 1703 308 1737 De
324 1705 431 1738 modo
448 1705 589 1738 unionis
601 1715 642 1737 ex
654 1713 749 1749 parte
760 1712 901 1737 naturae
911 1703 1035 1737 huma-

264 1766 329 1788 nae
352 1764 547 1801 assumptae
582 1781 1032 1792 ...........
1084 1765 1123 1799 39

176 1807 217 1840 V.
236 1807 290 1840 De
306 1808 412 1840 modo
428 1809 570 1841 unionis
585 1818 626 1840 ex
642 1815 738 1852 parte
753 1808 899 1853 partium
912 1807 1035 1840 huma-

263 1870 328 1892 nae
346 1867 487 1892 naturae
489 1884 1032 1897 .............
1081 1859 1122 1903 67

177 1910 237 1948 V1,
253 1911 306 1944 De
319 1911 425 1944 modo
438 1913 687 1957 assumptionis
699 1920 863 1957 quantum
880 1911 924 1945 ad
939 1911 1034 1945 ordi-

263 1974 343 1997 nem
358 1988 1030 2001 ................
1079 1973 1121 2007 73

176 2014 256 2049 VH.
273 2015 327 2048 De
343 2017 453 2060 gratia
466 2015 610 2058 Christi,
625 2024 729 2062 prout
741 2024 794 2049 est
806 2016 944 2061 quidam
961 2016 1034 2049 sin-

262 2066 394 2112 gularis
410 2068 517 2101 homo
533 2094 1033 2105 ............
1081 2068 1120 2101 81

176 2117 275 2152 vm.
292 2119 346 2152 De
362 2120 472 2164 gratia
488 2118 631 2162 Christi,
656 2121 848 2154 secundum
873 2120 966 2165 quod
981 2127 1035 2153 est

264 2179 367 2217 caput
385 2170 563 2204 Ecclesiae
577 2196 1033 2210 ...........
1079 2172 1122 2215 98

175 2222 241 2258 lx.
255 2222 310 2257 De
326 2224 473 2257 scientia
489 2223 617 2257 Christi
633 2225 670 2257 in
687 2225 865 2257 communi
888 2250 897 2259 .
934 2251 943 2260 .
977 2251 987 2259 .
1023 2249 1032 2258 .
1061 2224 1122 2257 108

174 2275 221 2309 X.
237 2275 291 2309 De
306 2276 452 2309 scientia
468 2275 567 2308 beata
583 2277 717 2309 animae
734 2275 863 2310 Christi
887 2302 895 2310 .
931 2302 940 2310 .
976 2302 984 2309 .
1021 2301 1031 2312 .
1061 2286 1123 2317 114

174 2327 240 2362 XI.
273 2328 326 2361 De
358 2328 504 2361 scientia
530 2329 652 2370 indita,
676 2328 731 2362 vel
758 2327 873 2362 infusa
897 2328 1033 2361 animae

262 2378 406 2416 Christi.
444 2406 452 2414 .
491 2407 499 2413 .
513 2402 517 2406 -
532 2404 1032 2416 ............
1061 2389 1118 2412 121

174 2430 259 2466 XII.
274 2431 327 2464 De
344 2432 490 2465 scientia
506 2433 641 2465 animae
659 2431 787 2465 Christi
806 2432 986 2477 acquisita.
1023 2455 1031 2463 .
1061 2431 1122 2464 128

173 2481 277 2517 ΧΙῙῙ.
293 2483 347 2516 De
362 2484 520 2528 potentia
535 2484 670 2517 animae
687 2483 818 2517 Christi
842 2509 1031 2520 .....
1061 2493 1096 2525 13
1105 2493 1119 2525 3

173 2532 272 2569 XIV.
283 2534 336 2567 De
347 2535 541 2569 defectibus
553 2536 708 2580 corporis
717 2536 903 2580 assumptis
913 2547 933 2568 a
942 2534 1033 2568 Filio

174 2586 328 2672 XV.ll))ee¹
341 2612 683 2672 defecitbhs‘ahirha}
701 2614 720 2672 ni
738 2611 1032 2672 dhiisio'as'su'mss
1060 2597 1121 2630 139

174 2697 342 2776 xvss'iss.
357 2715 849 2786 202....·...;.;..;.2..;10;..·..;
866 2717 1032 2787 ...aas
1060 2699 1118 2733 ¹⁴⁵

262 2792 304 2825 ad
314 2803 355 2825 ea
364 2803 451 2837 quae
464 2793 676 2827 conveniunt
689 2793 828 2827 Christo
842 2794 1032 2827 secundum

261 2854 352 2885 esse,
364 2852 399 2876 et
411 2844 498 2880 fieri.
533 2851 541 2878 .”
577 2870 1030 2882 ...........
1059 2855 1120 2891 157

172 2894 290 2929 XVII.
307 2895 360 2928 De
376 2896 627 2940 pertinentibus
640 2896 683 2928 ad
692 2896 861 2929 unitatem
877 2897 913 2929 in
929 2895 1032 2930 Chri-

261 2956 318 2980 sto
335 2955 501 2992 quantum
519 2948 561 2980 ad
577 2958 653 2980 esse
664 2973 1030 2984 .........
1058 2958 1118 2993 173

172 2998 308 3033 XVIII.
319 2999 372 3032 De
381 3000 633 3044 pertinentibus
647 2999 690 3031 ad
702 3000 870 3032 unitatem
881 3000 917 3032 in
929 2998 1031 3033 Chri-

260 3059 315 3084 sto
333 3058 498 3095 quantum
515 3051 557 3083 ad
573 3050 789 3084 voluntatem
798 3077 1027 3088 ......
1058 3052 1119 3097 178

171 3101 273 3138 XIX.
292 3102 344 3136 De
368 3103 620 3147 pertinentibus
644 3103 686 3135 ad
708 3103 876 3136 unitatem
901 3101 1031 3137 Christi

260 3163 424 3199 quant-nm
441 3155 483 3187 ad
500 3156 739 3199 operationem
751 3180 1028 3192 .......
1058 3157 1119 3199 187

171 3205 254 3240 XX.
272 3206 325 3239 De
343 3206 631 3240 convenientibus
657 3205 811 3248 Christo,
838 3207 1029 3240 secundum

261 3258 353 3303 quod
368 3258 459 3291 Patri
475 3257 541 3291 fuit
557 3258 733 3302 subjectus
751 3284 1028 3296 .......
1056 3270 1120 3303 194

120 3310 123 3313 “
171 3308 273 3344 XXI.
291 3309 343 3342 De
360 3310 518 3342 oratione
535 3308 665 3342 Christi
707 3336 1028 3349 ........
1057 3313 1117 3354 198

173 3360 293 3396 XXII.
310 3361 362 3394 De
378 3361 574 3394 sacerdotio
595 3360 725 3394 Christi
750 3387 1028 3398 .......
1055 3373 1121 3405 204

172 3412 311 3447 XXIII.
328 3413 381 3446 De
397 3413 585 3458 adoptione
603 3412 733 3446 Christi
751 3439 1028 3451 .......
1053 3425 1092 3448 21
1103 3425 1116 3447 1

173 3463 306 3498 XXIV.
323 3464 376 3497 De
392 3464 706 3509 praedestinatione
725 3463 855 3499 Christi
884 3491 893 3500 .
929 3491 938 3501 .
972 3492 982 3501 .
1017 3491 1027 3500 .
1054 3467 1120 3500 216

172 3515 287 3550 XXV.
304 3515 357 3549 De
373 3517 575 3549 adoratione
594 3515 724 3549 Christi
753 3542 1029 3555 .......
1056 3529 1116 3551 221

173 3565 306 3600 XXVI.
319 3567 373 3600 De
386 3578 428 3600 eo
442 3568 536 3612 quod
548 3566 705 3601 Christus
716 3568 887 3602 mediator
898 3568 979 3611 Dei,
996 3577 1032 3603 et

260 3618 441 3652 hominum
458 3619 584 3652 dicitur
618 3645 1029 3658 ..........
1053 3631 1120 3664 ²²9

1194 1495 1347 1530 XXVII.
1367 1495 1420 1530 De
1436 1496 1561 1530 Beatae
1577 1496 1732 1542 Virginis
1749 1497 1878 1531 Mariae
1894 1497 2052 1532 sanctifi-

1284 1549 1421 1582 catione
1461 1574 1916 1586 ...........
1966 1550 2050 1596 Pag.
2076 1559 2141 1594 232

1195 1598 1366 1633 XXVIII.
1384 1601 1436 1633 De
1452 1601 1650 1645 virginitate
1667 1601 1792 1634 Beatae
1804 1601 1933 1636 Mariae
1949 1628 1959 1637 .
1996 1629 2006 1639 .
2040 1628 2051 1639 .
2077 1612 2140 1644 242

1195 1651 1331 1684 XXIX.
1349 1652 1402 1685 De
1418 1652 1537 1686 Matris
1554 1653 1619 1686 Dei
1637 1653 1919 1697 desponsatione.
1953 1681 1963 1691 .
1997 1681 2006 1688 .
2043 1678 2054 1689 .
2079 1665 2144 1696 250

1195 1702 1313 1737 XXX.
1331 1704 1384 1736 De
1402 1704 1527 1738 Beatae
1544 1704 1671 1737 Mariae
1695 1705 1851 1750 Virginis
1865 1707 2053 1739 annuntia—

1281 1756 1379 1788 tione
1423 1781 2050 1795 ...............
2078 1767 2143 1799 254

1195 1806 1330 1840 XXXI.
1346 1808 1398 1841 De
1412 1809 1642 1852 conceptione
1654 1808 1841 1842 Salvatoris
1853 1810 1966 1854 quoad
1980 1820 2054 1842 ma-

1282 1860 1404 1892 teriam
1422 1860 1463 1892 de
1479 1872 1545 1905 qua
1556 1871 1680 1905 corpus
1693 1862 1766 1904 ejus
1780 1870 1988 1906 conceptum
2001 1869 2054 1894 est
2078 1861 2144 1896 260

1193 1909 1350 1944 XXXII.
1367 1911 1420 1943 De
1437 1913 1668 1956 conceptione
1686 1911 1815 1945 Christi
1832 1913 1945 1958 quoad
1962 1914 2053 1946 acti-

1283 1974 1364 1996 vum
1381 1965 1584 2008 principium
1600 1989 2052 2002 ...........
2078 1974 2141 2008 275

1194 2014 1368 2049 XXXIII.
1386 2016 1439 2048 De
1462 2017 1583 2056 modo,
1607 2024 1642 2049 et
1666 2017 1786 2049 ordine
1811 2018 2054 2061 conceptionis

1284 2066 1412 2101 Christi
1421 2093 2054 2105 ...............
2079 2069 2140 2103 281

1193 2118 1364 2152 XXXIV.
1383 2120 1435 2152 De
1452 2119 1665 2164 perfectione
1681 2119 1790 2165 prolis
1807 2129 2007 2166 conceptae.
2044 2146 2054 2154 .
2079 2121 2145 2154 286

1193 2170 1346 2204 XXXV.
1364 2171 1416 2204 De
1434 2173 1612 2205 nativitate
1630 2171 1761 2204 Christi
1777 2198 2052 2209 .......
2079 2182 2142 2217 292

1194 2222 1365 2259 XXXVI.
1383 2223 1436 2256 De
1453 2223 1735 2256 manifestatione
1753 2223 1884 2257 Christi
1901 2225 1973 2258 nati
1997 2250 2007 2260 .
2043 2250 2051 2258 .
2081 2234 2141 2268 302

1195 2274 1383 2309 XXXVII.
1402 2276 1454 2308 De
1470 2275 1640 2320 legalibus
1658 2276 1748 2308 circa
1772 2286 1915 2320 puerum
1933 2276 2054 2322 Jesum

1283 2328 1474 2362 observatis
1514 2354 2053 2365 .............
2081 2339 2146 2372 314

1195 2379 1402 2415 XXXVIII.
1422 2380 1474 2412 De
1491 2380 1662 2424 baptismo
1676 2379 1823 2424 Joannis
1869 2405 2056 2415 .....
2084 2391 2147 2424 320

1193 2431 1366 2465 XXXIX.
1385 2432 1437 2465 De
1455 2432 1685 2475 baptizatione
1703 2430 1832 2464 Christi
1867 2457 2053 2467 .....
2083 2433 2144 2475 328

1193 2483 1268 2516 XL.
1287 2483 1340 2516 De
1353 2484 1458 2516 modo
1477 2484 1754 2517 conversationis
1771 2482 1912 2518 Christi.
1955 2509 1962 2517 .
1998 2509 2008 2518 .
2045 2508 2055 2518 .
2082 2494 2145 2527 339

1193 2534 1287 2569 XLI.
1305 2535 1357 2568 De
1374 2536 1568 2568 tentatione
1586 2534 1716 2584 Christi
1732 2559 2052 2570 ........
2081 2536 2144 2578 346

1193 2586 1306 2623 XLII.
1324 2587 1376 2620 De
1393 2588 1551 2620 doctrina
1568 2586 1698 2619 Christi
1731 2611 2051 2622 ........
2082 2596 2142 2630 333

1193 2638 1325 2673 XLIII.
1343 2639 1396 2672 De
1407 2639 1582 2672 miraculis
1595 2650 1615 2672 a
1629 2638 1769 2671 Christo
1787 2637 1888 2671 factis
1902 2639 1938 2671 in
1950 2648 2056 2683 gene-

1282 2691 1346 2724 rali
1375 2714 2053 2728 ................
2082 2699 2144 2733 339

1195 2742 1320 2776 XLIV.
1339 2743 1392 2775 De
1409 2742 1556 2787 singulis
1573 2741 1817 2775 miraculorum
1834 2741 2016 2786 speciebus
2042 2766 2051 2775 .
2080 2742 2142 2785 365

1194 2794 1301 2828 XLV.
1322 2795 1374 2828 De
1392 2795 1695 2839 transfiguratione
1713 2792 1844 2826 Christi
1867 2817 2055 2828 .....
2082 2803 2144 2837 373

1193 2846 1320 2880 XLVI.
1337 2846 1390 2879 De
1408 2847 1570 2890 passione
1588 2845 1717 2877 Christi
1729 2869 2050 2880 ........
2077 2845 2139 2887 381

1192 2897 1339 2934 XLVII.
1356 2898 1408 2930 De
1427 2908 1529 2930 causa
1545 2896 1714 2929 efficiente
1732 2896 1906 2940 passionis
1924 2895 2053 2929 Christi
2074 2906 2135 2939 401

1192 2948 1357 2983 XLVIII.
1375 2949 1427 2981 De
1441 2948 1546 2981 modo
1561 2947 1736 2992 passionis
1750 2946 1879 2980 Christi
1890 2956 2056 2992 quantum

1282 3001 1324 3033 ad
1340 3000 1501 3032 effectum
1504 3025 2054 3036 .............
2077 3000 2145 3042 408
2181 3022 2185 3026 -

1193 3052 1322 3086 XLIX.
1340 3051 1391 3084 De
1406 3051 1587 3084 effectibus
1602 3049 1924 3096 passionisJChristi
1952 3077 1960 3086 .
1996 3077 2006 3086 .
2043 3078 2053 3088 .
2078 3051 2145 3094 416

1191 3104 1230 3137 L.
1249 3104 1300 3135 De
1319 3110 1431 3136 morte
1450 3102 1581 3136 Christi
1598 3128 2054 3139 ...........
2079 3114 2144 3147 424

1191 3154 1248 3187 LI.
1268 3154 1320 3187 De
1337 3154 1513 3199 sepultura
1538 3154 1668 3188 Christi
1684 3180 2050 3190 .........
2076 3166 2142 3199 432

1191 3206 1267 3239 LII.
1286 3206 1338 3239 De
1356 3206 1525 3239 descensu
1544 3205 1672 3239 Christi
1690 3206 1732 3239 ad
1748 3205 1881 3239 inferos
1908 3232 1917 3241 .
1953 3233 1962 3241 .
1997 3233 2008 3242 .
2045 3232 2054 3240 .
2078 3218 2145 3252 437

1189 3258 1286 3294 LIII.
1304 3258 1358 3291 De
1375 3259 1627 3292 resurrectione
1646 3258 1777 3291 Christi
1779 3285 2054 3295 .......
2080 3260 2146 3302 448

1189 3310 1279 3346 LIV.
1299 3310 1351 3343 De
1369 3310 1534 3356 qualitate
1554 3309 1683 3343 Christi
1700 3311 1915 3355 resurgentis
1954 3337 1962 3346 .
1999 3338 2008 3348 .
2044 3336 2053 3344 .
2078 3321 2146 3354 434

1188 3363 1260 3396 LV.
1279 3363 1331 3395 De
1348 3362 1631 3396 manifestatione
1648 3363 1913 3396 resurrectionis
1953 3389 1961 3397 .
1998 3389 2006 3397 .
2043 3387 2054 3397 .
2077 3364 2142 3405 461

1189 3414 1279 3449 LVI.
1299 3414 1350 3447 De
1367 3414 1631 3447 resurrectionis
1651 3413 1780 3447 Christi
1798 3412 2002 3448 causalitate
2045 3439 2053 3447 .
2079 3424 2145 3459 472

1189 3465 1299 3499 LVII.
1318 3466 1370 3499 De
1387 3466 1595 3499 ascensione
1612 3465 1741 3498 Christi
1775 3490 2051 3503 .......
2077 3476 2140 3510 473

1189 3517 1317 3550 LVIII.
1337 3517 1390 3550 De
1404 3518 1562 3551 sessione
1581 3516 1710 3550 Christi
1736 3517 1779 3550 ad
1802 3517 1976 3551 dexteram
1991 3517 2055 3551 Pa-

1280 3570 1341 3602 tris
1371 3595 2048 3606 ................
2073 3569 2140 3612 484

1191 3620 1285 3655 LIX.
1302 3621 1354 3654 De
1370 3621 1549 3665 judiciaria
1564 3629 1738 3666 potestate
1757 3620 1910 3657 Christi.
1946 3648 1955 3656 .
1992 3648 2001 3656 .
2039 3646 2047 3654 .
2072 3631 2142 3665 490
