2352 3926
653 179 932 248 <mmm
973 201 1047 242 rx.
1085 202 1394 242 ARthunus
1432 203 1471 242 1.
1940 202 2041 259 109

785 403 1222 473 ARTICULUS
1264 414 1308 471 Ι.
1987 430 2046 488 64

38 523 276 611 Quinum
302 538 568 601 emusru‘s
599 547 873 590 ΗΑΒυΕιιιΤ
905 543 1159 596 ALIQUAM
1186 549 1484 594 sc11-:NT1AM
1510 551 1754 591 PRAETER
1789 544 2043 592 mvaM.

215 659 271 720 (3.
295 659 406 719 Dist,
432 640 499 717 14.
524 665 607 705 art.
634 675 670 705 r.
696 674 734 719 q.
762 676 797 706 ι.
824 664 863 705 et
896 659 1006 705 Veri.
1033 673 1072 719 q.
1099 673 1168 705 20.
1196 664 1279 704 art.
1305 673 1346 705 2.
1373 665 1411 704 et
1436 667 1574 719 opusc.
1601 676 1641 706 2.
1669 663 1758 721 cap.
1781 662 1911 721 214).

40 767 45 797 ³
114 781 118 784 '
172 770 250 818 An
281 784 470 818 PRIMUM
500 771 565 816 sic
603 771 877 831 proceditur.
905 771 1112 826 Videtur,
1139 771 1262 831 quod
1298 772 1345 815 in
1378 771 1566 816 Christo
1603 786 1697 816 non
1733 771 1865 817 fuerit
1897 772 2048 833 aliqua

28 870 42 879 .
84 837 276 886 seientia
299 848 478 898 praeter
502 838 724 884 divinam:
754 838 809 883 ad
846 839 937 883 hoc
976 839 1099 883 enim
1134 838 1393 884 necessaria
1431 849 1500 883 est
1536 839 1738 893 scientia,
1765 850 1814 883 ut
1838 854 1918 899 per
1945 855 2049 885 eam

36 916 43 929 ³
86 905 237 965 aliqua
264 904 720 964 cognoscanturt‘sed
740 905 948 951 Christus
971 919 1051 964 per
1067 906 1306 951 scientiam
1327 905 1528 950 divinam
1552 907 1862 965 cognoscebat
1877 908 2048 953 omnia:

26 973 31 980 “
83 971 362 1033 superfluum
386 971 532 1031 igitur
549 971 719 1027 fuisset,
746 973 869 1049 quod
894 973 941 1017 in
968 987 1024 1017 eo
1051 982 1171 1018 esset
1196 972 1284 1017 alia
1310 973 1513 1018 scientia.

26 1035 28 1041 '
174 1052 215 1085 2.
251 1038 550 1090 PmTERBA.
584 1040 682 1085 Lux
713 1040 867 1085 minor
899 1054 978 1098 per
1009 1041 1234 1098 majorem
1267 1038 1534 1085 offuscatur:
1569 1040 1647 1085 sed
1680 1041 1830 1085 omnis
1861 1042 2052 1086 scientia

25 1136 33 1144 --
86 1116 238 1155 creata
263 1114 555 1166 ‘comparatur
581 1107 637 1151 ad
659 1107 898 1152 seientiam
915 1107 1031 1152 Dei
1020 1117 1286 1161 increatam,
1314 1108 1430 1151 sicut
1451 1107 1528 1152 lux
1545 1107 1698 1153 minor
1722 1108 1779 1152 ad
1801 1106 2050 1181 majorem3

23 1180 39 1217 12
86 1188 198 1234 ergo
222 1175 270 1218 in
296 1173 483 1221 Christo
509 1187 604 1220 non
628 1173 802 1219 refulsit
827 1173 916 1218 alia
942 1174 1146 1228 scientia,
1173 1189 1311 1233 quam
1339 1174 1504 1218 divina.

20 1237 29 1292 s
178 1255 219 1300 3.
243 1241 540 1288 PRAETEREA.
568 1240 693 1288 Unio
720 1241 951 1288 humanae
976 1247 1164 1287 naturae
1193 1242 1249 1286 ad
1282 1241 1485 1286 divinam
1517 1240 1638 1287 facta
1670 1252 1738 1286 est
1762 1242 1810 1286 in
1842 1257 2052 1302 persona,

29 1325 45 1344 -·
85 1317 138 1356 ut
160 1322 217 1353 ex
241 1307 507 1367 supradictis
538 1317 661 1367 patet
688 1308 746 1366 (q.
773 1323 812 1354 2.
848 1314 930 1354 art.
957 1308 1054 1366 2.).·
1090 1308 1284 1367 »ponitur
1318 1318 1470 1353 autem
1497 1309 1543 1352 in
1578 1309 1764 1354 Christo
1801 1310 2054 1355 secundum

87 1374 314 1435 quosdam
340 1376 567 1434 quaedam
592 1375 1011 1430 scientiavunionis‚
1038 1390 1118 1435 per
1147 1390 1284 1434 quam
1321 1375 1497 1420 scilicet
1534 1375 1744 1421 Christus
1771 1391 1824 1421 ea
1849 1392 1965 1437 quae
1998 1377 2054 1422 ad

11 1458 40 1487 ;,ῑ
72 1442 359 1502 'mysterium
391 1442 719 1486 incarnationis
755 1442 994 1501 pertinent,
1019 1442 1197 1502 plenius
1233 1442 1376 1496 scivit,
1404 1457 1541 1502 quam
1578 1442 1740 1502 aliquis
1778 1443 1914 1499 alius;
1949 1459 2056 1489 cum

20 1504 40 1522 ⁵
88 1521 201 1569 ergo
227 1510 338 1555 unio
373 1509 623 1569 personalis
657 1510 890 1555 contineat
925 1510 1036 1555 duas
1067 1520 1266 1564 naturas,
1297 1510 1488 1564 videtur,
1514 1511 1637 1569 quod
1669 1511 1715 1555 in
1742 1510 1928 1556 Christo
1961 1526 2055 1556 non

12 1572 42 1636 [
88 1578 179 1624 sint
203 1578 319 1622 duae
347 1578 580 1632 scientiae,
607 1577 799 1622 seduna
825 1577 1014 1622 scientia
1039 1578 1268 1637 pertinens
1295 1579 1350 1622 ad
1373 1588 1611 1637 utramque
1637 1589 1862 1624 naturam.

27 1650 39 1707 J
181 1645 275 1690 SED
294 1657 491 1690 CONTRA
520 1655 602 1699 est,
629 1644 751 1704 quod
778 1644 1051 1688 Ambrosius
1078 1645 1186 1688 dicit
1202 1646 1246 1688 in
1265 1645 1339 1688 lib.
1357 1645 1413 1689 de
1429 1645 1654 1689 Incarnat.
1679 1646 1792 1705 (cap.
1812 1660 1850 1705 7.
1868 1661 1894 1690 a
1910 1646 2056 1706 med.).·

23 1709 43 1771 j*
94 1729 119 1755 α
142 1712 271 1757 Deus
296 1713 343 1756 in
371 1725 505 1757 carne
531 1711 860 1771 perfectionem
886 1722 1074 1756 naturae
1101 1714 1346 1771 assumpsit
1370 1713 1625 1756 humanae:
1653 1715 1851 1773 suscepit
1870 1720 2063 1758 sensum*

89 1779 307 1834 hominis,
342 1793 437 1823 non
471 1793 655 1824 sensum
692 1779 838 1822 carnis
874 1778 1081 1822 inflatum
1122 1794 1173 1823 »ε
1210 1780 1288 1823 sed
1322 1780 1378 1823 ad
1414 1793 1599 1823 sensum
1631 1780 1834 1825 hominis
1865 1781 2058 1840 pertinet

92 1848 284 1897 scientia
310 1857 465 1905 creata
473 1862 486 1906 ;
513 1860 622 1906 ergo
647 1846 696 1891 in
723 1846 909 1892 Christo
936 1845 1020 1891 fuit
1044 1847 1234 1892 scientia
1257 1857 1421 1891 creata.

12 1955 18 1977 ·.
182 1915 472 1960 RESPONDEO
499 1910 759 1973 dicendum,
781 1913 918 1973 quod,
945 1914 1063 1958 sicut
1089 1928 1143 1958 ex
1169 1914 1437 1973 supradictis
1463 1924 1586 1973 patet
1610 1915 1667 1974 (q.
1693 1914 1771 1975 5.),
1799 1915 1938 1961 Filius
1968 1916 2058 1960 Dei

0 1979 24 1997 ·’
91 1982 347 2028 humanam
372 1990 583 2026 naturam
608 1981 833 2040 integram
861 1980 1119 2040 assumpsit,
1152 1981 1268 2025 idest
1297 1994 1391 2024 non
1418 1981 1569 2025 solum
1603 1996 1781 2042 corpus,
1807 1984 1886 2027 sed
1919 1984 2058 2028 etiam

0 2042 1 2046 ¹
39 2064 42 2067 ·
94 2051 311 2105 animam,
337 2064 431 2094 non
458 2047 611 2096 solum
628 2048 907 2102 sensitivam,
930 2048 1010 2092 sed
1033 2049 1171 2093 etiam
1197 2048 1492 2103 rationalem;
1509 2059 1555 2093 et
1578 2049 1684 2094 ideo
1702 2051 1917 2109 oportuit,
1936 2051 2059 2110 quod

0 2144 1 2173 ι
32 2116 34 2118 ’
93 2118 282 2164 haberet
305 2116 546 2162 scientiam
574 2117 789 2170 creatam,
815 2126 998 2176 propter
1025 2117 1134 2160 tria:
1163 2116 1306 2175 primo
1335 2115 1518 2174 quidem
1542 2127 1728 2176 propter
1754 2118 1933 2162 animae
1965 2132 2062 2176 per-

31 2191 39 2215 ·“
92 2185 366 2231 sectionem:
395 2183 551 2229 anima
577 2183 701 2228 enim
728 2183 980 2228 secundum
1003 2196 1050 2227 se
1078 2183 1365 2227 considerata
1392 2193 1460 2227 est
1485 2183 1532 2228 in
1554 2185 1758 2241 potentia
1781 2185 1836 2230 ad
1853 2184 2064 2245 intelligi-

91 2251 574 2311 bilia-cognoscenda:
604 2260 672 2295 est
697 2250 819 2296 enim
845 2251 964 2295 sicut
986 2249 1155 2304 tabula,
1172 2250 1218 2294 in
1237 2264 1326 2309 qua
1352 2250 1467 2294 nihil
1494 2261 1563 2295 est
1583 2252 1825 2311 scriptum;
1845 2262 1890 2297 et
1904 2263 2062 2299 tamen

37 2355 41 2371 .,
94 2319 311 2381 possibile
352 2325 421 2364 est
451 2318 499 2363 in
531 2331 586 2363 ea
617 2317 753 2363 scribi
783 2331 863 2376 per
896 2317 971 2375 [al.
1003 2318 1205 2376 propter]
1241 2316 1524 2363 intellectum
1556 2318 1836 2377 possibilem,
1870 2334 1962 2378 quo
1995 2323 2063 2371 es't

28 2382 37 2410 ἢ
95 2387 253 2446 omnia
276 2386 390 2440 fieri,
416 2395 467 2430 ut
491 2385 654 2430 dicitur
667 2384 716 2429 in
736 2399 773 2444 3.
801 2385 856 2429 de
883 2384 973 2430 An.
1000 2385 1101 2442 (tex.
1129 2385 1243 2442 28.):
1263 2385 1384 2443 quod
1413 2395 1567 2429 autem
1595 2396 1662 2430 est
1687 2386 1733 2430 in
1757 2387 1975 2444 potentia,
1994 2396 2063 2433 est

36 2446 53 2491 -ἶῖ
94 2453 429 2514 imperfectum,
460 2452 550 2497 nisi
586 2451 827 2497 reducatur
863 2451 919 2496 ad
953 2461 1129 2496 actum:
1162 2465 1257 2496 non
1300 2461 1454 2496 autem
1494 2451 1578 2496 fuit
1613 2454 1906 2508 conveniens,
1939 2454 2061 2513 quod

0 2512 1 2520 ¹
39 2555 55 2581 5
96 2521 235 2568 Filius
259 2520 351 2566 Dei
371 2519 625 2565 humanam
649 2528 860 2563 naturam
885 2518 1202 2578 imperfectam
1226 2529 1491 2573 assumeret,
1514 2520 1592 2564 sed
1619 2520 1882 2579 perfectam,
1903 2527 2061 2581 utpote

0 2580 2 2605 ἓ
94 2603 187 2650 ‚qua
212 2587 440 2632 mediante
461 2597 610 2631 totum
627 2587 882 2631 humanum
899 2600 1043 2645 genus
1070 2586 1125 2630 ad
1144 2586 1395 2646 perfectum
1423 2597 1519 2632 erat
1542 2589 1878 2644 reducendum3
1896 2600 1941 2634 et
1955 2590 2060 2634 ideo

98 2655 314 2717 oportuit,
339 2654 462 2715 quod
489 2655 642 2699 anima
658 2654 832 2699 Christi
858 2664 976 2699 esset
991 2653 1191 2712 perfecta
1207 2669 1286 2713 per
1304 2654 1505 2714 aliquam
1529 2656 1782 2711 scientiam,
1805 2671 1921 2716 quae
1944 2667 2063 2702 esset

59 2720 78 2772 ᾗ,
97 2723 281 2784 propria
311 2720 528 2782 perfectio
561 2724 683 2781 ejus;
709 2731 755 2766 et
789 2722 893 2766 ideo
926 2722 1126 2780 oportuit
1151 2722 1204 2764 in
1239 2721 1425 2766 Christo
1460 2736 1557 2766 esse
1591 2722 1792 2782 aliquam
1823 2725 2062 2769 scientiam

0 2807 3 2852 Ξ
61 2792 277 2855 [praeter
300 2789 541 2834 scientiam
565 2789 790 2834 divinam:
819 2788 1022 2847 alioquin
1045 2789 1197 2832 anima
1222 2789 1394 2833 Christi
1417 2800 1535 2834 esset
1561 2790 2064 2849 imperfectionanima·

0 2853 3 2863 ⁷
61 2855 68 2884 '3'
93 2857 182 2903 ‘bus
204 2856 400 2902 aliorum
424 2855 668 2901 hominum
682 2871 692 2901 ι
707 2855 898 2910 secundo,
917 2857 1022 2915 quia
1045 2870 1151 2900 cum
1178 2855 1405 2914 quaelibet
1429 2864 1500 2901 re's
1517 2857 1575 2901 sit
1599 2868 1784 2917 propter
1807 2873 1940 2903 suam
1958 2874 2064 2919 ope-

0 2978 2 2986 *
67 2925 342 2978 rationem,
367 2933 417 2968 ut
437 2923 600 2968 dicitur
619 2923 666 2967 in
684 2936 723 2967 2.
742 2923 797 2967 de
815 2922 966 2967 Coelo
995 2922 1094 2979 (tex.
1121 2925 1223 2982 17.)‚
1241 2923 1407 2968 frustra
1423 2924 1612 2969 haberet
1630 2925 1839 2970 Christus
1858 2927 2061 2971 animam

0 2995 2 3049 ζ
67 2990 445 3045 intellectivam,
469 2990 510 3035 si
521 3003 627 3035 non
645 2989 919 3049 intelligeret
935 2989 1186 3034 secundum
1211 2989 1361 3044 illam;
1380 2991 1503 3049 quod
1525 2984 1719 3050 pertinet
1745 2993 1800 3038 ad
1823 2993 2061 3038 scientiam

0 3051 3 3059 ὲ
56 3053 331 3117 *zereatam
359 3059 493 3113 tertio,
520 3057 626 3116 quia
651 3056 803 3116 aliqua
828 3057 1016 3102 scientia
1043 3066 1196 3102 creata
1221 3057 1415 3115 pertinet
1441 3059 1497 3102 ad
1525 3059 1706 3104 animae
1731 3059 1961 3104 humanae
1987 3075 2064 3105 na-

72 3130 266 3180 staram,
286 3124 462 3169 scilicet
482 3123 577 3178 illa,
598 3139 676 3183 per
702 3138 839 3184 quarn
856 3123 1119 3169 naturaliter
1145 3125 1470 3202 cognoscimus
1491 3126 1639 3184 prima
1659 3127 1902 3186 principia:
1920 3128 2064 3172 scien-

52 3191 215 3238 attam
239 3192 364 3237 enim
388 3191 465 3236 hic
489 3190 617 3250 large
643 3192 894 3250 accipimus
919 3206 1001 3251 pro
1031 3191 1231 3250 qualibet
1257 3192 1520 3251 cognitione
1551 3192 1808 3238 intellectus
1843 3194 2058 3238 humani.

64 3259 218 3306 nihil
243 3267 395 3304 autem
425 3258 702 3303 naturalium
733 3258 919 3303 Christo
952 3257 1113 3312 defuit3
1146 3259 1251 3318 quia
1282 3268 1429 3304 totam
1461 3259 1713 3304 humanam
1744 3270 1957 3305 naturam
1987 3275 2063 3306 su-

64 3324 260 3387 acepit,
285 3336 483 3385 utsupra
499 3325 757 3371 dictumest
779 3326 837 3385 (q.
850 3340 885 3385 5.
885 3325 938 3383 ),·
957 3335 1001 3370 et
1018 3326 1122 3370 ideo
1141 3326 1187 3370 in
1209 3337 1334 3370 sexta
1352 3326 1542 3385 Synodo
1558 3328 1794 3382 (Constant.
1810 3343 1845 3386 3.
1866 3342 1999 3386 gener.
2018 3329 2060 3374 6.

56 3392 184 3444 :fucis
207 3407 257 3453 4.
266 3394 318 3438 in.
333 3394 447 3453 epist.
466 3393 621 3451 Agath.
641 3393 714 3452 Pp.
733 3393 787 3437 ad
806 3394 984 3453 Impp),
1009 3393 1223 3437 damnata
1241 3403 1309 3438 est
1333 3394 1499 3453 positio
1522 3394 1789 3452 negantium
1807 3394 1855 3438 in
1873 3395 2062 3441 Christo

65 3473 203 3523 &gesse
230 3456 342 3505 duas
367 3460 592 3514 scientias,
614 3459 690 3504 vel
714 3460 825 3505 duas
851 3460 1108 3520 sapientias.

52 3525 57 3575 Ῑ
159 3541 176 3558 v
192 3528 272 3575 At>
286 3541 477 3573 numum
493 3541 604 3586 ergo
630 3528 890 3581 dicendum,
913 3527 1037 3587 quod
1065 3528 1275 3573 Christus
1296 3528 1515 3586 cognovit
1540 3528 1696 3571 omnia
1722 3542 1802 3587 per
1822 3530 2062 3576 scientiam

43 3584 70 3632 ’ῗ
107 3595 309 3641 divinam
334 3591 599 3655 operatione
624 3595 838 3648 increata,
856 3608 972 3653 quae
990 3605 1058 3639 est
1078 3595 1175 3652 ipsa
1193 3595 1282 3640 Dei
1308 3595 1525 3639 essentia:
1551 3595 1640 3638 Dei
1662 3596 1783 3641 enim
1810 3596 2062 3658 intelligere

18 3714 195 3887 ³!
