2352 3926
271 216 378 287 708
765 220 1044 275 Quas-rio
1083 219 1269 265 Lxxrx.
1308 216 1618 269 AR-rtc‘ttms
1657 219 1715 265 Η.

271 332 466 392 August
501 346 569 376 21
608 332 663 375 de
696 330 799 375 Civ.
825 329 915 374 Dei
949 329 1061 390 (cap.
1093 330 1203 389 25.),·
1236 342 1332 373 non
1359 339 1469 388 ergo
1500 323 1593 373 hoc
1624 327 1964 385 sacramentum
1993 332 2065 375 est
2094 327 2233 376 caiisa

270 400 523 459 adeptionis
553 398 741 455 gloriae.

363 481 399 525 3.
426 467 724 510 PRAETEREA.
751 462 899 521 Majus
930 476 1026 507 non
1053 461 1244 507 efficitur
1271 475 1297 506 a
1322 462 1505 517 minori,
1541 462 1649 521 quia
1678 460 1795 506 nihil
1828 459 1922 521 agit
1948 461 2070 508 ultra
2090 453 2232 510 duam

268 533 494 592 speciem:
518 532 596 575 sed
614 531 763 574 minus
796 539 864 574 est
886 530 1092 587 accipere
1121 528 1359 574 Christum
1385 529 1466 573 sub
1485 529 1637 588 specie
1664 528 1827 583 aliena,
1854 529 1977 589 quod
2000 529 2053 575 fi‘t
2070 530 2119 575 in
2136 529 2231 575 hoc

268 608 569 653 sacramento,
597 613 736 657 quam
762 597 849 640 frui
875 611 931 640 eo
958 598 1004 640 in
1026 597 1179 655 specie
1206 597 1404 656 propria,
1431 596 1554 655 quod
1574 597 1770 655 pertinet
1796 596 1853 640 ad
1877 594 2100 656 gloriarm
2121 606 2232 666 ergo

267 667 357 710 hoc
384 676 724 710 sacramentum
746 679 841 708 non
860 674 1023 708 causat
1050 664 1341 723 adeptionem
1369 663 1556 722 gloriae.

361 733 454 777 SED
479 746 675 777 CONTRA
703 741 784 785 est,
812 731 934 790 quod
962 731 1124 775 dicitur
1143 731 1275 789 Joan.
1299 729 1361 775 6.
1388 732 1435 776 Si
1466 732 1555 790 quis
1585 730 1908 776 manducaverit
1938 741 1989 776 ex
2019 732 2094 777 hoc
2108 739 2235 792 pane,

267 801 384 845 vivet
414 802 459 843 in
491 806 736 844 aeternum:
770 799 849 843 sed
874 800 969 843 vita
996 808 1179 843 aeterna
1205 808 1274 842 est
1303 798 1396 842 vita
1422 797 1621 857 gloriae3
1648 811 1759 857 ergo
1783 797 1972 843 effectus
2002 798 2147 859 hujus
2159 808 2237 845 sa

268 867 489 912 cramenti
516 878 582 911 est
609 866 790 925 adeptio
819 865 1007 925 gloriae.

355 934 644 979 RESPONDEO
688 934 947 987 dicendum,
989 932 1148 992 quod'
1137 939 1184 976 1n
1210 932 1301 977 hoc
1329 942 1616 977 sacramento
1639 941 1790 990 potest
1812 932 2094 978 considerari
2115 941 2164 978 'et
2186 926 2230 979 id

265 1016 318 1046 ex
346 1016 437 1060 quo
464 1001 603 1045 habet
629 999 858 1054 effectum,
877 1000 1087 1044 scilicet‘
1076 1013 1173 1059 1pse
1191 999 1402 1046 Christus
1431 1008 1685 1055 contentus,
1704 1008 1748 1044 et
1764 1000 1916 1059 passio
1940 1001 2037 1059 ejus
2057 1001 2234 1070 reprae-

263 1077 454 1122 sentata,
479 1078 522 1112 et
538 1068 583 1111 id
601 1081 681 1127 per
699 1067 822 1126 quod
840 1067 980 1111 habet
996 1066 1225 1121 effectum,
1245 1067 1419 1111 scilicet
1438 1075 1543 1112 usus
1561 1067 1851 1121 sacramenti,
1871 1077 1915 1112 et
1931 1068 2107 1128 species
2121 1067 2234 1127 eius.

261 1135 319 1179 Et
345 1144 567 1194 quantum
605 1135 661 1179 ad
698 1143 940 1193 utrumque
969 1134 1189 1193 competit
1213 1134 1322 1177 huic
1351 1143 1656 1189 sacramento,
1690 1135 1812 1193 quod
1847 1137 2004 1180 causet
2022 1130 2236 1195 'adeptio-

261 1217 370 1247 nem
396 1203 517 1247 vitae
541 1212 780 1255 aeternae3
807 1216 915 1244 nam
948 1202 1043 1260 ipse
1078 1201 1288 1245 Christus
1320 1215 1400 1259 per
1432 1215 1562 1245 suam
1594 1202 1859 1260 passionem
1891 1203 2068 1262 aperuit
2096 1195 2231 1247 nobis

265 1270 439 1314 aditum
465 1270 586 1314 vitae
613 1276 842 1322 aeternae,
869 1268 1125 1312 secundum
1149 1267 1260 1311 illud
1288 1267 1427 1312 Hebr.
1450 1283 1520 1327 9.:
1547 1269 1664 1312 Novi
1685 1269 1913 1313 testamenti
1932 1267 2138 1314 mediator
2161 1275 2233 1324 est,

262 1344 308 1382 ut
338 1343 470 1382 morte
491 1337 774 1391 intercedente,
802 1335 874 1394 qui
904 1336 1046 1380 vocati
1074 1341 1169 1380 sunt
1201 1336 1412 1394 accipiant
1443 1337 1801 1394 repromissionem
1833 1336 2034 1380 aeternae
2055 1334 2237 1382 haeredi»

263 1407 360 1450 tatis
369 1420 386 1458 ;
420 1405 540 1448 unde
568 1413 610 1447 et
643 1406 689 1447 in
721 1402 871 1446 forma
902 1402 1037 1460 hujus
1065 1402 1340 1446 sacramenti
1365 1402 1547 1446 dicitur:
1581 1418 1604 1443 c<
1637 1402 1724 1446 Hic
1757 1410 1826 1447 est
1852 1401 1969 1447 calix
2000 1402 2235 1462 sanguinis

264 1472 373 1526 mei,
398 1472 523 1525 novi,
541 1481 586 1515 et
602 1470 774 1515 aeterni
798 1468 1085 1514 Testamenti
1107 1486 1147 1513 ».
1176 1468 1394 1512 Similiter
1415 1469 1553 1512 etiam
1579 1468 1768 1513 refectio
1795 1469 1882 1513 cibi
1908 1468 2166 1534 spiritualis,
2187 1475 2236 1515 'et

266 1539 415 1583 unitas
442 1538 695 1597 significata
714 1552 794 1597 per
817 1537 991 1596 species
1018 1537 1162 1596 panis,
1191 1546 1235 1581 et
1255 1536 1350 1579 vini
1375 1536 1601 1580 habentur
1618 1536 1804 1595 quidem
1829 1536 2134 1596 inpraesenti,
2156 1537 2233 1582 ‘sed

265 1605 548 1666 imperfecte,
575 1604 774 1664 perfecte
802 1611 954 1648 autem
981 1604 1028 1647 in
1055 1613 1174 1648 statu
1202 1603 1390 1662 gloriae.
1426 1604 1562 1647 Unde
1593 1604 1787 1663 August.
1821 1603 1932 1648 dicit
1961 1609 2098 1664 super
2121 1600 2235 1649 fflud

261 1674 392 1733 Joan.
422 1676 487 1718 6.:
511 1673 624 1718 Caro
647 1687 739 1717 mea
760 1686 856 1717 vere
882 1679 938 1716 est
954 1673 1067 1716 cibus
1092 1671 1237 1729 (tract.
1256 1671 1327 1716 26.
1345 1668 1390 1715 in
1406 1672 1531 1728 Joan.
1556 1672 1758 1730 aliquant.
1785 1674 1881 1716 ante
1902 1671 2029 1731 fin.)2·
2057 1684 2093 1714 α·
2110 1671 2234 1717 Cum

263 1742 381 1797 cibo,
405 1751 448 1785 et
473 1751 585 1799 potu
611 1740 655 1784 id
684 1749 900 1799 appetant
925 1739 1154 1792 homines,
1181 1749 1230 1782 ut
1260 1752 1356 1782 non
1379 1740 1592 1793 esuriant,
1619 1752 1768 1798 neque
1794 1739 1962 1793 sitiant,
1986 1736 2094 1784 hoc·
2110 1740 2237 1783 vera-

265 1809 375 1852 citer
396 1822 491 1853 non
518 1817 717 1866 praestat
742 1807 830 1850 nisi
855 1807 940 1850 iste
968 1807 1109 1859 cibus,
1128 1815 1173 1850 et
1189 1811 1339 1864 potus,
1367 1806 1445 1864 qui
1471 1816 1565 1860 eos,
1590 1820 1615 1849 a
1640 1805 1803 1864 quibus
1820 1805 2029 1860 sumitur,
2046 1805 2237 1851 immor-

261 1876 390 1931 tales,
419 1886 463 1920 et
488 1875 853 1934 incorruptibiles
878 1873 988 1918 facit
1012 1874 1060 1917 in
1092 1874 1312 1918 societate
1345 1880 1625 1927 sanctorum,
1659 1873 1736 1917 ubi
1761 1881 1849 1933 pa'x
1881 1874 1979 1929 erit,
2006 1879 2059 1918 et*
2082 1873 2233 1918 unitas

260 1943 410 2003 plena,
439 1953 573 2002 atque
599 1941 800 2002 perfecta
822 1959 863 1987 ».
1575 1937 1577 1939 ’

353 2010 429 2055 AD
455 2016 642 2055 PmMUM
670 2022 780 2068 ergo
799 2009 1060 2064 dicendum,
1078 2008 1200 2067 quod
1219 2008 1337 2053 sicut
1357 2008 1509 2067 passio
1529 2007 1716 2062 Christi,
1734 2007 1781 2050 in
1800 2007 1929 2066 eujus
1952 2007 2119 2053 virtute
2134 2006 2232 2052 ‘hoc

261 2088 601 2123 sacramentum
635 2087 863 2136 operatur,
899 2085 965 2120 est
997 2076 1183 2135 quidem
1217 2089 1354 2119 causa
1380 2074 1608 2119 sufficiens
1642 2074 1831 2134 gloriae,
1865 2080 2140 2120 nontamen
2171 2074 2235 2120 sta

262 2146 385 2205 quod
413 2146 566 2190 statim
587 2160 667 2205 per
691 2145 841 2204 ipsam
872 2144 1218 2188 introducamur
1243 2143 1291 2186 in
1319 2142 1530 2202 gloriam,
1555 2142 1632 2187 sed
1660 2143 1842 2202 oportet
1865 2143 1916 2187 ut
1941 2134 2235 2202 priusvsimul

262 2214 613 2271 compatiamur,
647 2222 695 2256 ut
726 2222 887 2271 postea
919 2211 1056 2255 simul
1083 2210 1407 2270 glorificemur,
1435 2210 1554 2254 sicut
1585 2210 1749 2254 dicitur
1773 2210 1910 2254 Rom.
1945 2209 2013 2266 8.;
2044 2209 2112 2255 ita
2136 2209 2232 2254 hoc

261 2290 602 2324 sacramentum
628 2291 723 2323 non
749 2280 901 2324 statim
934 2293 1020 2323 nos
1045 2279 1092 2322 in
1126 2278 1322 2337 gloriam
1355 2278 1614 2331 introducit,
1641 2277 1722 2322 sed
1748 2277 1826 2322 dat
1848 2277 1983 2322 nobis
2014 2276 2231 2322 virtutem

259 2346 555 2406 perveniendi
581 2347 636 2390 ad
664 2347 874 2405 gloriam,
902 2357 946 2391 et
971 2346 1076 2390 ideo
1103 2346 1323 2390 viaticum
1346 2345 1533 2399 dicitur3
1559 2345 1606 2388 in
1633 2344 1975 2404 cujus'figuram
1999 2344 2169 2405 legitur·
2192 2347 2232 2404 3.

259 2414 373 2473 Reg.
406 2429 487 2475 19„
515 2414 637 2473 quod
675 2414 788 2458 Elias
829 2413 1015 2466 eomedit,
1056 2421 1094 2458 et
1130 2415 1249 2467 bibit,
1290 2419 1326 2457 et
1357 2413 1607 2466 ambulavit,
1640 2414 1685 2456 in
1707 2412 1965 2472 fortitudine
1995 2408 2079 2458 cibi
2116 2411 2232 2459 illius

259 2482 541 2541 quadraginta
573 2481 725 2534 diebus,
754 2487 791 2525 et
816 2481 1096 2539 quadraginta
1121 2481 1324 2535 noctibus,
1351 2495 1478 2538 usque
1504 2479 1558 2523 ad
1584 2482 1765 2524 montem
1790 2480 1876 2524 Dei
1905 2478 2031 2531 Oreb.
2082 2500 2085 2503 ⁴

350 2548 426 2593 AD
454 2560 715 2593 SECUNDUM
742 2547 1003 2600 dicendum,
1038 2548 1159 2606 quod
1183 2547 1300 2591 sicut
1324 2546 1476 2606 passio
1501 2546 1674 2590 Christi
1706 2555 1800 2590 non
1825 2546 1966 2592 habet
1990 2552 2128 2592 suum
2151 2546 2224 2593 ef*

258 2615 428 2660 fectum
456 2617 503 2660 in
527 2615 598 2659 his
627 2615 704 2674 qui
727 2629 775 2658 se
803 2615 858 2658 ad
886 2628 989 2658 eam
1006 2628 1101 2658 non
1117 2614 1301 2668 habent,
1320 2623 1369 2658 ut
1393 2613 1573 2668 debent,
1606 2614 1667 2658 ita
1692 2624 1736 2658 et
1758 2628 1836 2673 per
1857 2614 1948 2659 hoc
1971 2620 2231 2670 sacramen-

260 2697 357 2728 tum
376 2697 470 2727 non
490 2683 800 2740 adipiscuntur
818 2682 1030 2740 gloriam,
1049 2682 1126 2740 qui
1143 2681 1407 2725 indecenter
1427 2681 1577 2739 ipsum
1596 2682 1860 2741 suscipiunt.
1880 2679 2015 2728 Unde
2033 2680 2228 2742 August.

260 2751 369 2795 dicit
395 2765 528 2809 super
549 2750 680 2808 Joan.
710 2763 941 2808 exponens
964 2748 1043 2792 illa
1069 2749 1229 2793 verba:
1253 2749 1385 2792 Aliud
1406 2755 1461 2793 est
1476 2756 1798 2804 sacramentum,
1817 2756 1855 2795 et
1875 2749 1992 2795 aliud
2011 2752 2148 2796 virtus
2165 2764 2230 2797 sa-

260 2820 464 2863 cramenti
490 2818 589 2876 (loc.
620 2825 712 2877 sup.
730 2817 848 2874 cit.).‘
873 2832 895 2857 «
918 2816 1052 2860 Multi
1079 2817 1134 2860 de
1163 2816 1293 2859 altari
1319 2816 1561 2875 accipiunt,
1590 2826 1634 2860 et
1661 2816 1928 2877 accipiendo
1955 2818 2229 2864 moriuntur.

258 2886 434 2930 Panem
457 2899 568 2944 ergo
597 2883 844 2930 coelestem
871 2882 1160 2942 spiritualiter
1186 2883 1473 2937 manducate,
1495 2884 1807 2928 innocentiam
1830 2885 1886 2930 ad
1904 2884 2044 2930 altare
2070 2899 2231 2946 appor-

255 2963 347 2998 tate
384 2970 424 2997 ».
466 2952 599 2997 Unde
625 2966 721 2997 non
758 2961 826 2996 est
862 2951 1045 3004 mirum,
1072 2951 1111 2994 si
1135 2949 1203 2994 illi
1230 2951 1306 3010 qui
1342 2951 1657 2996 innocentiam
1682 2965 1778 2996 non
1792 2962 1994 3008 servant,
2010 2952 2227 3001 effectum

256 3021 391 3080 hujus
417 3019 693 3065 sacramenti
718 3033 812 3063 non
841 3027 1193 3076 consequuntur.

347 3089 422 3132 AD
450 3100 667 3133 TERTIUM
694 3085 953 3142 dicendum,
980 3084 1103 3144 quod
1130 3085 1220 3129 hoc
1247 3085 1369 3144 quod
1399 3085 1609 3131 Christus
1635 3086 1716 3131 sub
1741 3085 1890 3131 aliena
1915 3085 2068 3147 specie
2090 3087 2229 3133 sumi-

255 3166 340 3210 tur,
367 3156 562 3215 pertinet
589 3156 644 3198 ad
671 3154 897 3198 rationem
924 3152 1212 3206 sacramenti,
1241 3153 1363 3211 quod
1381 3152 1787 3198 instrumentaliter
1803 3153 1911 3213 agit.
1927 3153 2057 3199 Nihil
2073 3163 2227 3201 autem

254 3218 479 3281 prohibet,
508 3234 693 3267 causam
719 3219 1116 3266 instrumentalem
1139 3220 1390 3279 producere
1413 3219 1642 3279 potiorem
1669 3219 1900 3276 effectum,
1921 3215 2053 3267 utiex
2074 3230 2228 3310 supra·

256 3290 385 3335 dictis
410 3300 534 3351 patet
562 3290 618 3349 (q.
648 3303 713 3349 77.
741 3294 821 3334 art.
845 3301 879 3348 3.
907 3286 963 3332 ad
986 3288 1055 3346 3..)
