2352 3926
559 236 839 285 QUAESTIO
877 236 1065 276 XLVIII.
1105 232 1413 277 ARTICULUS
1450 234 1524 275 VI.
1927 237 2032 292 415

776 436 1211 494 ARTICULUS
1243 437 1341 492 VI.
1505 467 1508 471 -
1699 395 1703 399 ⁴
1951 448 2037 511 269

238 573 432 613 UTRUM
465 573 651 612 PASSIO
686 572 904 612 CHRISTI
937 571 1192 615 OPERATA
1223 571 1308 610 SIT
1341 571 1604 611 NOSTRAM
1635 571 1890 611 SALUTEM

677 649 777 687 PER
807 646 1014 686 MODUM
1044 647 1442 685 EFFICIENTIAE.

387 734 390 737 ‚
453 756 583 817 (Infr.
609 771 647 816 q.
669 770 742 816 49.
767 762 849 801 art.
870 772 906 802 I.
934 763 1044 816 corp.
1072 763 1111 801 et
1141 764 1277 815 opusc.
1298 771 1340 801 2.
1366 763 1460 814 cap.
1481 757 1566 814 338.
1583 756 1663 814 fin.

574 830 614 869 et
638 823 692 868 ad
714 825 833 870 Rom.
860 838 903 881 4.
919 825 1001 883 fin.
1025 830 1063 868 et
1087 839 1122 868 1.
1153 823 1343 868 Corinth.
1371 823 1460 868 lect.
1486 823 1564 880 2.).

173 935 250 981 An
283 947 474 981 sExTuM
501 935 564 979 sic
590 924 863 994 proceditur.
890 933 1095 988 Videtur,
1122 934 1243 994 quod
1270 932 1422 993 passio
1450 932 1622 977 Christi
1645 947 1738 976 non
1766 932 1823 977 sit
1855 942 2040 990 operata

83 1012 289 1048 nostram
315 1002 507 1047 salutem
533 1016 613 1061 per
638 1002 828 1046 modum
857 1000 1145 1046 efficientiae:
1169 1015 1303 1046 causa
1322 1001 1444 1045 enim
1462 999 1663 1045 efficiens
1679 1010 1861 1044 nostrae
1883 999 2040 1044 salutis

84 1081 152 1117 est
176 1070 443 1130 magnitudo
470 1070 647 1114 divinae
680 1070 871 1123 virtutis,
898 1071 1150 1114 secundum
1182 1068 1293 1113 illud
1326 1069 1412 1114 Isa.
1444 1081 1535 1124 5o.:
1563 1070 1669 1114 Ecce
1700 1083 1783 1114 non
1814 1075 1868 1112 est
1894 1069 2041 1112 abbre-

82 1139 204 1183 viata
227 1152 376 1182 manus
397 1139 496 1196 ejus,
525 1144 572 1182 ut
595 1137 760 1182 salvare
786 1152 870 1181 non
889 1139 1047 1197 possit:
1077 1135 1287 1181 Christus
1321 1146 1474 1180 autem
1507 1137 1729 1194 crucifixus
1761 1141 1817 1179 est
1840 1149 1890 1179 ex
1920 1136 2041 1194 infir-

83 1207 243 1261 mitate,
268 1214 319 1249 ut
343 1204 505 1248 dicitur
531 1217 570 1249 2.
599 1204 655 1248 ad
682 1203 791 1249 Cor.
824 1218 916 1264 13.;
942 1218 1037 1249 non
1070 1217 1180 1263 ergo
1206 1203 1358 1263 passio
1387 1202 1560 1248 Christi
1586 1201 1833 1246 efficienter
1854 1211 2040 1261 operata

83 1282 152 1318 est
174 1282 378 1317 nostram
401 1271 609 1316 salutem.

173 1352 213 1383 2.
231 1339 527 1384 PRAETEREA.
549 1338 741 1383 Nullum
759 1353 898 1398 agens
917 1338 1155 1398 corporale
1172 1337 1419 1383 efficienter
1437 1337 1544 1396 agit,
1555 1337 1643 1381 nisi
1657 1350 1737 1396 per
1755 1345 2043 1391 contactum;

84 1407 207 1451 unde
233 1409 372 1451 etiam
390 1416 435 1451 et
453 1405 662 1451 Christus
679 1406 910 1466 tangendo
933 1407 1170 1451 mundavit
1190 1406 1439 1465 leprosum,
1460 1421 1483 1447 «
1505 1415 1554 1449 ut
1579 1404 1839 1449 ostenderet
1856 1418 2040 1447 carnem

86 1489 217 1520 suam
243 1472 523 1518 salutiferam
549 1474 763 1518 virtutem
788 1474 957 1518 habere
975 1491 1015 1528 »,
1043 1475 1159 1519 sicut
1177 1473 1498 1533 Chrysostom.
1516 1471 1624 1516 dicit
1643 1471 1819 1531 (implic.
1838 1472 1947 1515 hom.
1970 1470 2042 1516 26.

81 1544 128 1587 in
160 1541 312 1587 March.
339 1547 375 1586 et
406 1541 514 1585 hom.
547 1556 614 1586 22.
648 1543 692 1585 i'n
721 1551 837 1601 opere
864 1543 1027 1602 imperf.
1060 1549 1099 1586 et
1125 1541 1256 1600 Cyril.
1285 1541 1355 1585 lib.
1382 1555 1424 1598 4.
1451 1542 1496 1584 in
1516 1541 1639 1596 Joan.
1671 1547 1761 1598 sup.
1788 1538 1919 1583 illud:
1946 1539 2043 1584 Nisi

82 1609 448 1660 manducaveritis,
467 1610 559 1665 etc.)
577 1624 590 1652 .·
613 1608 691 1651 sed
710 1609 860 1667 passio
881 1608 1053 1653 Christi
1068 1622 1161 1652 non
1175 1609 1322 1667 potuit
1340 1608 1606 1666 contingere
1624 1620 1786 1650 omnes
1805 1606 2042 1659 homines;

84 1690 196 1735 ergo
221 1689 316 1720 non
342 1675 490 1734 potuit
515 1673 763 1720 efficienter
790 1676 969 1734 operari
995 1675 1187 1720 salutem
1218 1674 1427 1720 omnium
1453 1674 1711 1718 hominum.

16 1744 18 1746 ’
177 1757 214 1802 3.
241 1742 537 1788 PRAETEREA.
563 1741 671 1786 Non
702 1742 879 1787 videtur
911 1743 1114 1801 ejusdem
1147 1756 1244 1786 esse
1271 1741 1452 1800 operari
1477 1755 1556 1800 per
1582 1741 1774 1784 modum
1801 1740 1965 1795 meriti,
1999 1750 2044 1785 et

14 1808 23 1824 ³
85 1823 165 1870 per
190 1809 382 1854 modum
400 1808 692 1854 efficientiae:
721 1810 825 1868 quia
846 1809 922 1854 ille
950 1810 1027 1869 qui
1049 1819 1262 1863 meretur,
1285 1818 1493 1867 expectat
1508 1806 1722 1851 effectum
1742 1807 1794 1851 ab
1823 1807 1937 1852 alio:
1962 1806 2041 1851 sed

1 1879 30 1936 s„
85 1877 237 1936 passio
265 1876 437 1921 Christi
464 1886 650 1935 operata
678 1886 744 1921 est
769 1887 974 1921 nostram
1001 1876 1195 1921 salutem
1218 1890 1297 1936 per
1314 1876 1506 1919 modum
1527 1875 1700 1929 meriti;
1718 1889 1812 1919 non
1836 1889 1945 1934 ergo
1963 1889 2043 1934 per

11 1937 31 1985 ἶ,
84 1944 278 1990 modum
303 1943 587 1990 efficientiae.

177 2011 275 2057 San
298 2023 494 2056 CONTRA
522 2022 602 2064 est,
625 2011 747 2070 quod
766 2011 928 2056 dicitur
950 2026 986 2056 1.
1013 2011 1068 2056 ad
1092 2011 1302 2056 Corinth.
1327 2024 1363 2056 1.
1387 2010 1509 2069 quod
1530 2011 1707 2054 verbum
1728 2012 1862 2054 crucis
1879 2011 1953 2064 his,
1972 2025 2044 2068 qut

19 2085 38 2134 ,³³
81 2078 192 2124 salvi
197 2079 328 2139 fiunt,
344 2084 399 2123 cst
418 2080 556 2122 virtus
578 2079 686 2123 Dei.-
712 2078 791 2123 sed
816 2079 956 2123 virtus
977 2079 1066 2123 Dei
1083 2078 1332 2123 efficienter
1358 2087 1571 2137 operatur
1594 2086 1800 2122 nostram
1821 2077 2041 2131 salutem3

84 2158 202 2205 ergo
221 2146 372 2204 passio
400 2144 573 2189 Christi
595 2147 642 2189 in
669 2159 805 2190 cruce
831 2145 1079 2191 efficienter
1104 2156 1291 2204 operata
1317 2155 1385 2189 est
1409 2155 1615 2189 nostram
1642 2144 1848 2189 salutern.

177 2211 466 2257 RESPONDEO
489 2212 747 2266 dicendum,
774 2213 896 2271 quod
914 2213 1064 2272 duplex
1090 2223 1158 2257 est
1182 2212 1406 2256 efficiens:
1426 2211 1687 2271 principale,
1706 2222 1748 2256 et
1776 2212 2045 2256 instrumen-

9 2274 45 2340 335
82 2278 188 2326 tale.
213 2278 425 2324 Efficiens
451 2279 634 2338 quidem
654 2279 900 2339 principale
926 2281 1156 2324 humanae
1183 2279 1339 2324 salutis
1366 2289 1432 2324 est
1458 2279 1600 2333 Deus,
1626 2280 1732 2338 quia
1752 2293 1862 2323 vero
1888 2279 2045 2322 huma-

87 2346 207 2394 nitas
224 2345 398 2391 Christi
423 2356 491 2391 est
516 2346 759 2391 divinitatis
776 2347 1143 2401 instrumentum,
1162 2357 1211 2392 ut
1229 2362 1363 2406 supra
1390 2347 1559 2390 dictum
1590 2357 1657 2391 est
1685 2348 1741 2405 (q.
1769 2361 1831 2405 43.
1858 2353 1939 2391 art.
1967 2347 2042 2402 2.),

23 2421 45 2467 ἐξ
83 2412 188 2458 ideo
220 2427 276 2458 ex
309 2414 606 2473 consequenti
632 2427 794 2459 omnes
834 2414 1052 2467 actiones,
1086 2425 1130 2458 et
1168 2415 1405 2474 passiones
1438 2414 1610 2458 Christi
1643 2413 2045 2458 instrumentaliter

0 2514 2 2542 ς
85 2490 329 2539 operantur
346 2480 392 2523 in
409 2480 574 2525 virtute
592 2481 836 2525 divinitatis
859 2481 914 2525 ad
932 2481 1128 2526 salutem
1145 2482 1418 2536 humanam3
1446 2492 1490 2525 et
1513 2482 1765 2525 secundum
1781 2482 1872 2526 hoc
1890 2481 2041 2540 passio

86 2545 259 2592 Christi
279 2545 526 2592 efficienter
543 2557 700 2592 causat
723 2548 916 2592 salutem
940 2548 1206 2593 humanam.

0 2607 31 2615 ¹
175 2613 252 2659 An
267 2626 456 2659 PRIMUM
474 2628 584 2673 ergo
603 2614 862 2669 dicendum,
889 2616 1010 2675 quod
1037 2616 1187 2674 passio
1216 2615 1388 2660 Christi
1413 2614 1555 2659 relata
1582 2615 1637 2659 ad
1665 2614 1837 2659 Christi
1859 2629 2042 2659 carnem

20 2675 33 2700 ³⁶
89 2680 303 2740 congruit
321 2681 571 2725 infirmitati
599 2692 880 2742 assumptae.
909 2682 1048 2726 relata
1074 2697 1184 2726 vero
1213 2683 1268 2726 ad
1295 2682 1579 2726 divinitatem
1606 2682 1899 2741 consequitur
1915 2696 1969 2726 ex
1992 2696 2045 2725 ea

91 2744 319 2814 infinitam
345 2747 574 2802 virtutem,
607 2749 859 2793 secundum
892 2748 1002 2793 illud
1041 2764 1076 2793 1.
1112 2749 1166 2793 ad
1202 2749 1309 2794 Cor.
1351 2763 1387 2794 1.
1401 2749 1576 2806 :Quod
1607 2750 1823 2807 infirmum
1855 2755 1910 2793 est
1946 2750 2043 2801 Dei,

24 2813 246 2872 fortius
258 2819 319 2858 est
332 2813 602 2860 hominibus:
631 2817 734 2874 quia
762 2816 971 2861 scilicet*
960 2831 1057 2875 ipsa
1084 2816 1320 2860 infirmitas
1347 2783 1534 2869 Christi,
1559 2817 1828 2875 inquantum
1855 2824 1921 2859 est
1942 2815 2044 2868 Dei,

88 2879 227 2924 habet
250 2879 465 2924 virtutem
486 2883 780 2935 excedentem
807 2897 993 2927 omnem
1021 2883 1235 2927 virtutem
1261 2883 1528 2926 humanam.

179 2946 256 2991 AD
283 2959 541 2991 SECUNDUM
568 2948 826 3004 dicendum,
853 2950 973 3009 quod
1000 2950 1151 3008 passio
1185 2950 1372 3003 Christi,
1404 2949 1511 2993 licet
1537 2949 1593 2993 sit
1620 2948 1882 3008 corporalis,
1908 2948 2047 2991 habet

86 3024 243 3059 tamen
275 3013 556 3072 spiritualem
580 3016 796 3060 virtutem
822 3031 875 3061 ex
901 3018 1134 3062 divinitate
1162 3017 1301 3070 unita,
1330 3026 1374 3061 et
1398 3017 1503 3061 ideo
1530 3031 1608 3076 per
1633 3016 1912 3075 spiritualem
1940 3028 2045 3058 con-

34 3088 261 3126 tactum
278 3080 530 3125 efficaciam
557 3083 753 3136 sortitur,
771 3082 946 3129 scilicet
971 3099 1051 3143 per
1067 3084 1219 3138 fidem,
1238 3094 1282 3128 et
1296 3084 1402 3128 fidei
1419 3094 1773 3136 sacramentum,
1792 3082 2042 3126 secundum

49 3143 58 3194 'J
69 3146 78 3173 s
87 3146 199 3192 illud
218 3148 304 3206 Ap.
323 3148 465 3204 (Rom.
481 3148 554 3205 3.).·
580 3148 714 3204 Quem
726 3153 945 3209 proposuit
956 3152 1069 3195 Deus
1078 3154 1398 3210 propitiatorem
1409 3159 1486 3210 per
1487 3151 1616 3209 fidem
1634 3153 1678 3193 in
1694 3151 1890 3206 sanguine
1906 3150 2045 3207 ipsius.

47 3212 81 3245 1⁵
178 3215 254 3258 Ao
278 3227 493 3258 TERTIUM
520 3215 779 3269 dicendum,
806 3218 926 3275 quod
953 3219 1104 3276 passio
1133 3218 1318 3272 Christi,
1338 3218 1589 3262 secundum
1612 3217 1733 3275 quod
1753 3224 2044 3273 comparatur

41 3281 42 3284 ’
60 3281 147 3339 fad
173 3281 454 3325 divinitatem
474 3283 582 3338 ejus,
602 3282 695 3339 agit
716 3296 792 3340 per
809 3284 998 3327 modum
1018 3281 1308 3328 efficientiae.
1338 3285 1607 3360 inquantum
1624 3296 1732 3326 vero
1753 3292 2044 3340 comparatur

55 3343 148 3407 ‚fd
173 3347 455 3392 voluntatem
486 3349 663 3391 animae
683 3348 868 3402 Christi,
887 3350 980 3407 agit
1004 3365 1084 3409 per
1101 3351 1291 3394 modurn
1319 3351 1491 3394 meriti:
1519 3349 1770 3393 secundum
1788 3362 1897 3391 vero
1921 3348 2045 3407 quod

63 3411 439 3459 consideratur
430 3430 474 3458 m
501 3415 597 3474 ipsa
625 3429 759 3459 carne
786 3414 971 3470 Christi,
999 3417 1090 3475 agit
1112 3431 1190 3476 per
1207 3418 1397 3461 modum
1425 3414 1758 3467 satisfactionis,
1777 3414 2046 3473 inquantum

52 3497 58 3535 j
68 3479 174 3543 per
198 3495 302 3526 eam
320 3481 566 3526 liberamur
586 3496 610 3525 a
628 3492 752 3525 reatu
770 3495 967 3541 poenae;
986 3497 1066 3542 per
1076 3484 1267 3528 modum
1284 3497 1393 3527 vero
1417 3481 1757 3540 redemptionis,
1774 3481 2045 3539 inquantum

60 3547 172 3615 'iper
186 3561 288 3592 eam
303 3547 576 3592 liberamur
570 3563 592 3592 a
612 3549 824 3592 servitute
843 3548 1026 3608 culpae;
1049 3564 1128 3609 per
1150 3550 1340 3594 modum
1365 3560 1516 3593 autem
1535 3547 1785 3602 sacrificii,
1774 3558 2045 3607 inquantum

85 3626 172 3674 ,per
195 3627 299 3659 eam
323 3615 674 3660 reconciliamur
699 3615 817 3668 Deo,
844 3626 892 3659 ut
915 3614 1030 3660 infra
1056 3616 1228 3660 dicetur
1256 3617 1313 3674 (q.
1335 3631 1413 3674 seq.
1442 3620 1535 3659 art.
1547 3628 1574 3671 4
1580 3614 1628 3671 ..)
