2352 3926
601 261 877 309 QUAESTIO
916 260 1062 302 LXVI.
1101 254 1410 303 ART'ICULUS
1450 261 1528 301 111.
1961 260 2065 317 555

106 362 194 428 affl]
214 364 353 410 etiam
380 365 588 424 sanguis;
615 377 726 424 ergo
751 365 943 420 videtur,
973 364 1095 425 quod
1122 364 1262 410 etiam
1287 364 1334 409 in
1361 363 1584 423 sanguine
1614 362 1759 424 possit
1797 361 1898 408 fieri
1931 362 2072 422 bapti-

109 434 251 486 sffius,
286 432 365 492 qui
390 433 530 476 etiam
547 432 725 477 videtur
737 432 884 491 magis
907 432 1152 477 convenire
1171 446 1277 476 curn
1296 445 1447 485 causa,
1465 439 1510 475 et
1531 430 1694 476 effectu
1712 429 1940 489 baptismi,
1967 429 2073 489 quia

108 488 272 543 dicitur
295 498 488 559 Apocal.
521 512 578 544 1.:
606 500 735 543 Lavit
759 513 831 544 nos
856 514 882 543 a
903 501 1083 559 peccatis
1106 501 1256 544 nostris
1282 501 1326 542 in
1351 500 1550 556 sanguine
1574 513 1660 543 suo.

30 568 59 622 ss
195 577 238 621 4.
265 565 562 612 PRAETEREA.
592 566 720 611 Sicut
745 567 939 625 August.
969 567 1145 626 (implic.
1172 581 1291 611 serm.
1315 566 1381 625 36.
1409 565 1455 610 de
1489 565 1632 625 Temp.
1656 581 1682 609 a
1706 564 1849 622 med),
1873 574 1918 609 et
1944 562 2068 608 Beda

112 632 216 691 (loc.
244 635 314 678 cit.
342 647 381 692 q.
399 634 469 679 62.
497 638 577 678 art.
595 647 637 690 4.
656 640 693 677 et
710 633 802 677 hab.
821 635 865 677 in
887 632 1017 678 Gloss.
1041 633 1128 677 ord.
1153 640 1242 693 sup.
1259 633 1363 676 illud
1385 633 1524 677 Lucae
1534 648 1590 692 3..·
1612 633 1708 689 Jesu
1731 633 1952 691 baptizato,
1980 631 2072 688 etc.)

106 690 288 744 dicunt:
319 699 566 744 «Christus
591 708 715 744 tactu
747 713 856 744 suae
882 699 1209 743 mundissimae
1236 700 1384 742 carnis
1404 699 1498 742 vim
1522 700 1899 757 regenerativam,
1915 707 1960 743 et
1972 710 2075 758 pur·

34 804 45 815 ⁴
106 764 307 826 gativam
334 766 526 811 contulit
548 767 675 826 aquis
692 783 715 808 »
735 781 745 810 τ
763 767 841 811 sed
863 780 956 810 non
974 766 1124 810 omnis
1147 779 1265 825 aqua
1283 766 1574 810 continuatur
1591 781 1697 810 cum
1715 765 2067 826 aquaJordanis,

105 846 243 893 quarn
271 833 479 879 Christus
504 834 652 893 tetigit
676 847 756 878 sua
784 847 942 886 carne3
969 846 1080 891 ergo
1106 833 1296 886 videtur,
1325 834 1446 891 quod
1464 847 1558 877 non
1574 834 1620 876 in
1644 834 1772 877 omni
1792 847 1908 893 aqua
1926 833 2071 893 possit

105 896 204 946 fieri
227 901 501 961 baptismus:
528 909 574 946 et
597 901 659 945 ita
692 914 823 960 aqua,
848 900 1120 959 inquantum
1146 900 1426 960 hujusmodi,
1451 914 1546 944 non
1573 909 1642 945 est
1666 900 1849 960 propria
1875 899 2068 944 materia

103 966 332 1028 baptismi.

199 1046 237 1094 ς.
258 1035 554 1081 PRAETEREA.
589 1034 639 1078 Si
666 1048 783 1094 aqua
808 1034 1060 1079 secundum
1087 1048 1136 1079 se
1165 1045 1282 1079 esset
1306 1034 1490 1094 propria
1510 1032 1724 1094 baptismi
1741 1035 1947 1089 materia,
1975 1048 2071 1078 non

22 1107 49 1162 *²5
106 1108 337 1163 oporteret
361 1102 530 1162 aliquid
556 1101 677 1146 aliud
703 1101 801 1147 fieri
817 1102 937 1145 circa
961 1115 1142 1160 aquam,
1162 1102 1216 1146 ad
1238 1102 1328 1145 hoc
1348 1102 1471 1161 quod
1489 1101 1536 1145 in
1563 1115 1617 1145 ea
1639 1101 1890 1159 baptismus
1912 1100 2063 1146 fieret:

105 1169 185 1227 sed
209 1169 256 1214 in
282 1168 479 1214 solemni
502 1169 729 1229 baptismo
758 1183 888 1228 aqua,
910 1169 955 1212 in
975 1183 1063 1228 qua
1080 1169 1214 1213 debet
1241 1168 1460 1213 celebrari
1484 1169 1751 1228 baptismus,
1774 1169 2070 1222 exorcizatur,

26 1251 60 1285 ³2·
106 1246 152 1282 et
174 1236 479 1292 benedicitur;
506 1251 616 1296 ergo
639 1236 829 1291 videtur,
853 1237 975 1296 quod
995 1251 1112 1295 aqua
1124 1236 1377 1280 secundum
1394 1251 1442 1281 se
1465 1251 1559 1280 non
1586 1236 1642 1280 sit
1658 1236 1840 1296 propria
1856 1236 2072 1294 baptismi

27 1310 51 1356 ἐ,Ξ
105 1307 311 1355 materia.

196 1371 291 1417 SED
318 1384 514 1417 CONTRA
540 1381 621 1426 est,
648 1371 770 1431 quod
795 1371 1024 1415 Dominus
1051 1371 1161 1415 dicit
1175 1371 1310 1429 Joan.
1341 1386 1402 1431 3.:
1430 1372 1527 1416 Nisi
1548 1372 1637 1430 quis
1661 1370 2002 1430 renatusfuerint
2023 1385 2074 1415 ex

21 1446 50 1497 f
106 1453 232 1499 aqua,
260 1445 299 1484 et
324 1439 487 1499 Spiritu
507 1439 677 1493 Sancto,
701 1453 786 1483 non
806 1443 940 1498 potest
964 1439 1142 1482 introire
1167 1439 1212 1482 in
1238 1450 1426 1499 regnum*
1437 1439 1536 1483 Dei.

196 1506 485 1552 Rsssponm-:o
512 1506 769 1560 dicendum,
797 1505 919 1565 quod
951 1519 1005 1549 ex
1030 1505 1313 1549 institutione
1340 1505 1490 1549 divina
1525 1519 1642 1564 aqua
1668 1514 1737 1549 est
1766 1504 1949 1564 propria
1981 1518 2075 1548 ma-

105 1575 221 1619 teria
240 1573 467 1633 baptismi,
494 1583 539 1618 et
562 1574 655 1618 hoc
682 1573 1030 1617 convenienter:
1045 1574 1188 1632 primo
1216 1572 1402 1631 quidem
1428 1582 1650 1632 quantum
1682 1573 1738 1616 ad
1763 1572 2074 1632 ipsamaratio-

107 1643 215 1686 nem
239 1641 468 1701 baptismi,
494 1641 570 1700 qui
598 1650 666 1686 est
690 1640 975 1700 regeneratio
1002 1640 1048 1684 in
1082 1639 1365 1699 spiritualem
1389 1641 1557 1695 vitam;
1584 1640 1707 1700 quod
1739 1640 1940 1684 maxime
1969 1654 2075 1685 con-

109 1707 229 1768 gruit
255 1719 424 1768 aquae:
442 1707 561 1752 unde
587 1717 632 1752 et
657 1708 847 1759 semina,
875 1721 929 1752 ex
961 1707 1121 1767 quibus
1156 1717 1430 1767 generantur
1466 1707 1623 1752 omnia
1653 1707 1868 1762 viventia,
1900 1707 2076 1753 scilicet

107 1775 305 1836 plantae,
331 1780 376 1820 et
400 1774 631 1828 animalia,
655 1775 845 1819 humida
872 1786 988 1826 sunt,
1016 1784 1061 1819 et
1087 1774 1142 1819 ad
1169 1789 1335 1834 aquam
1359 1775 1607 1835 pertinent:
1631 1785 1815 1834 propter
1836 1774 1958 1834 quod
1982 1774 2076 1834 qui·

108 1841 215 1886 dam
235 1840 503 1902 philosophi
527 1851 779 1901 posuerunt
805 1856 971 1901 aquam
993 1843 1203 1886 omnium
1229 1856 1381 1886 rerum
1407 1843 1708 1902 principium:
1736 1841 1910 1886 secundo
1937 1855 2075 1901 quan-

30 1926 50 1955 ἢ
106 1918 207 1954 tum
233 1909 291 1954 ad
323 1908 511 1954 effectus
541 1909 769 1967 baptismi,
803 1910 962 1969 quibus
998 1918 1263 1968 competunt
1306 1923 1448 1968 aquae
1481 1909 1794 1968 proprietates,
1841 1923 1957 1968 quae
1989 1922 2071 1953 sua

107 1973 379 2021 hnmiditate
410 1972 560 2031 lavat;
597 1991 651 2021 ex
684 1991 774 2036 quo
809 1977 1085 2020 conveniens
1127 1986 1194 2020 est
1227 1977 1280 2020 ad
1313 1975 1675 2035 significandam,
1719 1987 1762 2020 et
1795 1976 2073 2020 causandam

110 2042 388 2088 abiutionem
406 2053 701 2103 peccatorum
718 2057 728 2085 z
748 2058 828 2088 sua
850 2043 1092 2103 frigiditate
1111 2044 1250 2088 etiam
1266 2053 1491 2103 temperat
1508 2043 1866 2103 superfluitatem
1884 2043 2073 2098 caloris;

111 2119 158 2167 et
176 2125 232 2156 ex
256 2111 347 2155 hoc
380 2111 600 2169 competit
626 2111 681 2154 ad
708 2111 1007 2170 mitigandam
1035 2110 1455 2170 concupiscentiam
1481 2111 1677 2154 fomitis:
1706 2125 1788 2155 sua
1814 2110 2076 2170 diaphanei-

108 2178 206 2224 tate
226 2174 295 2223 est
317 2176 504 2222 luminis
530 2179 806 2238 susceptiva3
828 2179 949 2223 unde
977 2179 1198 2237 competit
1221 2177 1466 2237 baptismo,
1492 2179 1762 2237 inquantum
1785 2187 1852 2222 est
1877 2176 1983 2222 fidei
2009 2192 2076 2222 sa·

16 2253 48 2310 j
110 2244 419 2290 eramentum:
446 2247 582 2300 tertio,
610 2246 717 2304 quia
743 2245 958 2290 convenit
985 2245 1039 2288 ad
1064 2245 1498 2304 repraesentandum
1525 2245 1742 2304 mysteria
1770 2244 1955 2300 Christi,
1983 2245 2077 2304 qui-

24 2320 41 2366 ’χ-
107 2310 193 2367 bus
214 2311 527 2371 justificamur,
559 2322 608 2356 ut
641 2313 764 2357 enim
797 2313 904 2357 dicit
937 2312 1300 2372 Chrysostomus
1333 2326 1467 2371 super
1488 2311 1599 2356 illud
1619 2312 1750 2370 Joan.
1783 2326 1835 2371 3.:
1862 2313 1959 2358 Nisi
1985 2314 2076 2371 quis

108 2379 275 2425 reflatus
297 2380 439 2437 fuerit,
468 2390 552 2425 etc.
579 2381 711 2438 (hom.
737 2394 806 2437 24.
833 2382 878 2424 in
898 2380 1022 2437 Joan.
1056 2394 1082 2424 α
1112 2380 1252 2436 med.),
1275 2380 1427 2424 «sicut
1458 2382 1503 2424 in
1531 2380 1733 2439 quodam
1750 2378 2013 2439 sepulchro,
2030 2380 2078 2424 in

16 2446 31 2449 “
110 2460 228 2507 aqua
253 2448 644 2507 submergentibus
670 2449 802 2493 nobis
829 2450 991 2508 capita,
1015 2459 1146 2503 vetus
1164 2449 1309 2493 homo
1334 2448 1572 2508 sepelitur3
1595 2459 1639 2493 et
1661 2448 1926 2493 submersus
1949 2448 2077 2493 deor-

110 2519 214 2560 sum
239 2514 520 2571 occultatum
548 2525 592 2560 et
617 2515 781 2561 deinde
806 2530 954 2561 novus
980 2531 1133 2561 rursus
1162 2516 1364 2561 ascendit
1382 2531 1432 2560 »:
1461 2524 1627 2576 quarto,
1649 2517 1754 2576 quia
1770 2517 1947 2561 ratione
1965 2531 2076 2562 suae

21 2618 27 2634 ⁴
112 2582 539 2637 communitatis,·et
571 2582 886 2639 abundantiae,
919 2594 986 2628 est
1019 2584 1295 2628 conveniens
1327 2584 1520 2628 materia
1552 2584 1812 2629 necessitati
1843 2585 1979 2644 hujus
2012 2598 2077 2629 sa-

24 2674 36 2684 „¹
113 2647 362 2704 eramen&
381 2659 531 2708 potest
556 2649 678 2695 enim
705 2650 870 2709 ubique
897 2652 952 2695 de
979 2650 1102 2695 facili
1126 2651 1296 2696 haberi.

35 2756 45 2765 ,
201 2715 278 2760 An
303 2719 489 2762 Pitinum
514 2715 624 2777 ergo
657 2718 915 2772 dicendum,
948 2718 1070 2778 quod
1103 2718 1377 2763 illuminatio
1414 2718 1610 2778 pertinet
1642 2719 1697 2763 ad
1721 2719 1878 2778 ignem
1906 2719 2073 2765 active:

35 2803 37 2806 ⁴
112 2782 190 2828 ille
217 2792 371 2827 autem
396 2783 473 2842 qui
497 2783 759 2844 baptizatur,
785 2799 879 2829 non
902 2784 1092 2830 efficitur
1117 2785 1396 2840 illuminans,
1418 2786 1496 2831 sed
1517 2786 1800 2831 illuminatus
1823 2801 1905 2846 per
1921 2787 2074 2840 fidem,

27 2861 51 2901 ἐς
113 2863 216 2910 quae
236 2855 291 2894 est
311 2864 360 2894 ex
384 2849 546 2904 auditu,
573 2849 622 2895 ut
647 2850 808 2896 dicitur
834 2851 969 2896 Rom.
1003 2867 1083 2907 10.‚
1101 2863 1146 2897 et
1159 2853 1263 2897 ideo
1282 2854 1428 2912 magis
1452 2855 1673 2913 competit
1691 2867 1808 2914 aqua
1832 2854 2073 2913 baptismo,

113 2930 252 2977 quam
277 2914 419 2975 ignis:
447 2915 569 2975 quod
595 2927 747 2962 autern
769 2918 932 2964 dicitur
950 2936 959 2964 :
977 2920 1212 2980 Baptizabit
1227 2935 1301 2965 vos
1322 2922 1366 2964 in
1384 2921 1547 2980 Spiritu
1562 2921 1726 2974 Sancto,
1745 2927 1783 2965 et
1799 2922 1901 2979 igni,
1926 2929 2074 2979 potest

30 2985 53 3032 ⁴,
111 2997 194 3044 per
217 2983 389 3043 ignem,
415 2991 464 3027 ut
488 2982 756 3044 Hieronym.
784 2985 892 3031 dicit
918 2987 1023 3046 (sup.
1051 2986 1157 3032 hunc
1185 2987 1260 3032 loc.
1289 2988 1478 3045 Matth.),
1506 2987 1700 3046 intelligi
1729 2987 1921 3046 Spiritus
1966 2987 2076 3030 San-

114 3051 329 3118 ctus‚pqui
355 3063 489 3110 super
520 3050 765 3110 discipulos
797 3052 843 3096 in
875 3053 1020 3111 igneis
1052 3052 1218 3113 linguis
1252 3055 1472 3113 apparuit,
1503 3064 1553 3098 ut
1593 3054 1756 3098 dicitur
1781 3054 1882 3097 Act.
1912 3066 1973 3097 2.:
2001 3052 2075 3098 vel

26 3091 64 3171 {J
110 3119 195 3180 “per
217 3117 371 3176 ignem
398 3126 548 3176 potest
572 3117 764 3177 intelligi
788 3118 1032 3175 tribulatio,
1059 3131 1107 3165 ut
1136 3121 1372 3180 Chryso-st.
1408 3121 1516 3165 dicit
1542 3135 1675 3180 super
1700 3120 1861 3165 Matth.
1891 3120 2018 3177 (hom.
2036 3135 2073 3179 3.

113 3185 160 3231 in
184 3192 303 3245 opere
327 3184 495 3244 imperf.
523 3184 724 3243 aIIquant.
758 3200 783 3229 a
816 3187 936 3244 med.)
965 3188 1072 3245 quia
1103 3188 1372 3232 «tribulatio
1400 3199 1588 3247 peccata
1620 3197 1795 3245 purgat,
1830 3196 1874 3230 et
1906 3200 2076 3231 concu-

111 3242 383 3312 piscentiam
411 3250 619 3294 diminuit
635 3267 683 3295 »t
710 3249 783 3295 vel
809 3252 928 3311 quia,
954 3263 1003 3297 ut
1029 3253 1169 3298 Hilar.
1198 3254 1306 3298 dicit
1337 3269 1471 3313 super
1497 3254 1657 3299 Matth.
1689 3254 1798 3308 (can.
1827 3267 1866 3298 2.
1894 3255 1970 3298 cir.
1991 3269 2075 3298 me-

107 3314 266 3378 afim),
297 3318 568 3378 «baptizatis
595 3318 641 3361 in
669 3316 836 3377 Spiritu
864 3318 1035 3364 Sancto
1061 3319 1286 3380 reliquum
1314 3331 1380 3366 est
1399 3322 1708 3365 consummari
1735 3323 1837 3378 igne
1863 3320 2073 3378 judicii».

57 3392 64 3449 ᾗ
111 3446 115 3450 ⁴
202 3385 278 3430 AD
306 3397 565 3430 SECUNDUM
603 3384 861 3439 dicendum,
894 3387 1013 3445 quod
1040 3385 1213 3441 vinum,
1242 3399 1286 3432 et
1311 3387 1466 3432 oleum
1493 3402 1586 3431 non
1620 3387 1928 3431 communiter
1954 3400 2075 3431 assu-

54 3463 65 3511 ,ζ
104 3448 299 3509 >fiuntur
324 3448 378 3496 ad
406 3462 540 3495 usum
566 3448 824 3505 ablutionis,
850 3451 967 3497 sicut
994 3465 1132 3512 aqua:
1158 3468 1243 3498 nec
1272 3455 1407 3499 etiam
1432 3455 1493 3498 ita
1516 3452 1712 3513 perfecte
1735 3453 1944 3508 abluunt3
1968 3454 2073 3514 quia

103 3515 170 3564 e'x
189 3520 355 3564 eorum
382 3518 612 3571 ablutione
639 3527 844 3563 remanet
866 3515 1017 3579 aliqua
1042 3518 1227 3565 infectio
1255 3532 1476 3581 quantum
1504 3520 1558 3564 ad
1587 3521 1799 3575 odorem;
1823 3520 1945 3580 quod
1977 3535 2072 3566 non

105 3582 340 3697 ἓοέῐὶηςίτ
369 3585 425 3630 de
458 3597 599 3645 aqua:
624 3582 702 3629 illa
739 3584 878 3629 etiam
903 3585 1086 3631 nonita
1111 3586 1433 3642 communiter,
1461 3597 1505 3631 et
1531 3586 1810 3632 abundanter
1834 3586 2071 3643 habentur,

44 3687 62 3706 ⁴
108 3651 134 3663 ““
211 3650 232 3697 't
256 3650 388 3712 aqua.
969 3671 973 3674 ·
