2352 3926
295 217 402 272 472
838 217 1112 263 QuAsss-rio
1154 219 1260 256 LVI.
1303 215 1609 258 Ain-mutus
1650 220 1686 258 1.

937 546 1384 624 QUAESTIO
1442 548 1601 608 LVI.

602 715 683 754 DE
715 716 1223 758 RESURRECTIONIS
1257 718 1492 758 CHRISTI
1524 718 1951 769 CAUSALITATE,

839 805 905 844 IN
929 806 1095 847 DUOS
1126 807 1457 848 ARTICULOS
1490 807 1711 848 DIVISA.

380 988 558 1033 Deinde
585 989 969 1035 considerandum
997 1001 1065 1036 est
1090 991 1146 1036 de
1181 991 1445 1036 causalitate
1476 991 1820 1036 resurrectionis
1852 991 2039 1037 Christi.

923 1104 981 1148 Et
1006 1105 1121 1148 circa
1146 1104 1219 1149 hoc
1246 1111 1504 1163 quaeruntur
1525 1105 1619 1149 duo.

378 1190 548 1235 Primo.
583 1191 750 1235 Utrum
781 1192 1052 1236 resurrectio
1084 1193 1259 1251 *Christi
1290 1194 1348 1237 sit
1379 1207 1516 1238 causa
1546 1204 1729 1238 nostrae
1760 1192 2116 1238 resurrectionis.

378 1257 606 1303 Secundo.
642 1259 808 1303 Utrum
841 1260 1112 1304 resurrectio
1147 1261 1320 1304 Christi
1350 1261 1406 1305 sit
1438 1275 1575 1304 causa
1606 1272 1790 1324 nostrae
1821 1259 2168 1318 justificationis.

1013 1420 1451 1479 ARTICULUS
1492 1423 1533 1477 1.
1663 1419 1667 1423 ’
2040 1435 2043 1438 ⁴
2174 1434 2257 1511 ³9⁸

838 1559 1031 1597 UTRUM
1070 1558 1449 1597 RESURRECTIO
1493 1557 1711 1599 CHRISTI

685 1640 771 1679 SIT
813 1641 992 1679 CAUSA
1029 1641 1496 1680 RESURRECTIONIS
1540 1639 1858 1680 CORPORUM.

285 1752 350 1810 (4.
378 1751 491 1795 Dist.
517 1764 581 1810 43.
608 1757 692 1796 art.
718 1765 758 1796 2.
782 1766 820 1810 q.
847 1767 882 1796 ι.
910 1757 946 1796 et
972 1752 1044 1796 lib.
1070 1765 1112 1809 4.
1145 1752 1290 1796 Contr.
1316 1766 1355 1811 g.
1390 1759 1479 1811 cap.
1505 1753 1575 1797 80.
1603 1757 1639 1796 et
1673 1751 1784 1795 Veri.
1813 1765 1851 1809 q.
1877 1762 1945 1809 27.
1972 1755 2055 1794 art.
2072 1762 2114 1809 3.
2133 1747 2195 1793 ad
2218 1761 2256 1808 7.
2315 1772 2318 1775 ·

475 1825 511 1864 et
535 1827 670 1879 opusc.
698 1834 738 1865 2.
766 1827 858 1879 cap.
885 1820 976 1879 236.
1004 1826 1041 1864 et
1066 1828 1202 1879 opusc.
1230 1821 1301 1866 60.
1330 1828 1421 1880 cap.
1449 1835 1516 1865 22.
1545 1826 1583 1864 et
1608 1836 1644 1865 r.
1676 1818 1774 1864 Cor.
1803 1833 1858 1878 15.
1884 1811 1973 1863 lect.
1997 1818 2068 1874 r.).

375 1931 452 1975 AD
478 1944 667 1976 PR1MuM
685 1931 749 1976 sic
771 1933 1044 1990 proceditur.
1065 1932 1268 1986 Videtur,
1293 1933 1414 1992 quod
1436 1932 1705 1977 resurrectio
1730 1926 1902 1976 Christi
1921 1945 2016 1976 non
2038 1929 2096 1979 sit
2116 1943 2255 1975 causa

283 1999 626 2043 resurrectionis
659 2013 927 2058 corporum:
962 2000 1110 2059 posita
1144 2001 1266 2043 enim
1293 2014 1430 2044 causa
1452 1999 1707 2054 sufficienti,
1733 2012 1920 2043 necesse
1952 2008 2019 2042 est
2041 1995 2256 2049 effectum

283 2067 418 2125 poni:
452 2068 488 2110 si
520 2081 629 2124 ergo
660 2068 933 2111 resurrectio
969 2067 1140 2111 Christi
1173 2077 1240 2111 est
1272 2082 1409 2111 causa
1442 2066 1668 2110 sufficiens
1711 2066 2054 2111 resurrectionis
2097 2077 2257 2123 corpo-

206 2150 210 2155 *
281 2148 399 2187 rum,
433 2134 585 2178 statim
620 2148 676 2178 eo
709 2144 972 2192 resurgente
1006 2149 1167 2178 omnes
1202 2135 1370 2178 mortui
1400 2148 1636 2192 resurgere
1669 2134 1933 2178 debuerunt.

320 2217 321 2221 ¹
372 2214 412 2244 2.
446 2201 746 2246 PRAETEREA.
776 2202 929 2246 Causa
951 2203 1294 2246 resurrectionis
1321 2212 1611 2246 mortuorum
1633 2210 1701 2245 est
1722 2201 1874 2245 divina
1899 2199 2096 2258 justitia,
2104 2207 2154 2243 ut
2173 2196 2260 2242 sci-

281 2267 390 2312 licet
422 2282 617 2327 corpora
649 2268 786 2312 simul
818 2270 1139 2327 praemientur,
1172 2269 1247 2313 vel
1279 2269 1522 2326 puniantur
1554 2283 1661 2312 cum
1693 2267 1946 2320 animabus,
1978 2266 2095 2310 sicut
2133 2279 2260 2310 com-

281 2336 632 2380 municaverunt
656 2336 701 2379 in
735 2337 914 2390 meritc),
946 2332 1019 2380 vel
1052 2346 1260 2395 peccato,
1293 2346 1342 2380 ut
1374 2336 1482 2380 dicit
1513 2336 1652 2380 Dion.
1685 2333 1764 2379 ult.
1793 2348 1891 2393 cap.
1916 2332 2049 2379 Coel.
2077 2332 2257 2386 Hierar.

282 2405 329 2460 (a
347 2402 489 2461 med),
509 2413 554 2446 et
579 2403 717 2446 etiam
743 2403 959 2448 Damasc.
989 2403 1096 2447 dicit
1118 2406 1163 2447 in
1184 2416 1226 2458 4.
1251 2403 1326 2447 lib.
1350 2404 1497 2461 (Orth.
1521 2403 1616 2447 Fid.
1643 2410 1733 2461 cap.
1761 2403 1829 2447 28.
1850 2409 2010 2460 parum
2032 2414 2059 2445 a
2076 2400 2256 2461 princ.):

281 2470 360 2514 sed
392 2470 612 2528 justitiam
645 2471 734 2514 Dei
765 2485 952 2515 necesse
987 2481 1107 2515 esset
1137 2470 1332 2529 impleri,
1355 2470 1535 2515 etiamsi
1561 2470 1771 2515 Christus
1797 2482 1891 2512 non
1917 2467 2255 2523 resurrexisset;

281 2552 392 2597 ergo
420 2538 558 2582 etiarn
588 2539 772 2583 Christo
800 2553 894 2582 non
919 2549 1198 2597 resurgente,
1226 2539 1394 2583 mortui
1416 2548 1726 2597 resurgerent:
1745 2551 1840 2581 non
1857 2550 1967 2596 ergo
1985 2535 2256 2581 resurrectio

282 2605 455 2651 Christi
481 2615 548 2649 est
575 2619 709 2650 causa
735 2607 1077 2650 resurrectionis
1106 2621 1366 2665 corporum.

373 2687 410 2732 3.
445 2673 743 2717 PRAETEREA.
772 2673 821 2716 Si
847 2674 1117 2717 resurrectio
1153 2674 1323 2717 Christi
1355 2674 1411 2718 sit
1444 2687 1581 2718 causa
1613 2671 1970 2718 resurrectionis·
1992 2684 2255 2730 corporum,

282 2751 360 2785 aut
385 2751 502 2784 esset
529 2754 666 2783 causa
693 2740 978 2798 exemplaris,
1007 2751 1082 2783 aut
1110 2755 1246 2784 causa
1274 2740 1496 2795 effectiva,
1524 2750 1598 2784 aut
1637 2740 1891 2784 meritoria:
1932 2738 2014 2783 sed
2052 2752 2147 2786 non
2188 2747 2257 2783 est

282 2804 419 2869 causa
446 2806 739 2866 exemplaris3
768 2808 872 2866 quia
898 2808 1278 2852 resurrectionem
1297 2822 1542 2867 corporum
1560 2809 1686 2851 Deus
1704 2807 1978 2866 operabitur,
1998 2805 2253 2851 secundum

281 2870 392 2920 il'lud
419 2876 550 2934 Joan.
583 2889 642 2932 5.:
675 2875 793 2920 Sicut
821 2876 945 2919 Pater
969 2877 1136 2919 suscitat
1163 2882 1374 2920 mortuos:
1400 2876 1526 2919 Deus
1550 2885 1701 2919 autem
1724 2889 1818 2919 non
1838 2874 2012 2932 indiget
2032 2873 2256 2933 inspicere

284 2946 339 2989 ad
369 2945 551 3004 aliquod
581 2943 813 3003 exemplar
845 2954 968 2987 extra
1001 2958 1072 2988 se:
1107 2944 1313 2987 similiter
1350 2945 1487 2987 etiam
1519 2957 1613 2986 non
1638 2953 1706 2987 est
1732 2956 1869 2987 causa
1891 2940 2123 2994 effectiva
2148 2940 2255 2999 quia

282 3027 418 3057 causa
446 3012 646 3056 efficiens
673 3026 766 3056 non
791 3011 885 3069 agit
906 3011 991 3054 nisi
1018 3025 1096 3069 per
1125 3021 1402 3065 contactum,
1429 3010 1503 3054 vel
1530 3010 1825 3068 spiritualem,
1841 3007 1916 3055 vel
1940 3006 2254 3067 corporalem:

282 3079 575 3124 manifestum
610 3089 677 3123 est
710 3089 877 3131 autem,
912 3079 1032 3136 quod
1065 3079 1335 3122 resurrectio
1364 3078 1536 3122 Christi
1567 3091 1660 3122 non
1695 3076 1832 3121 habet
1868 3084 2132 3120 contactum
2151 3087 2255 3117 'cor-

288 3147 496 3206 poralem
525 3147 578 3191 ad
622 3156 844 3199 mortuos,
888 3145 965 3204 qui
1005 3155 1256 3203 resurgent,
1291 3156 1474 3204 propter
1507 3145 1767 3188 distantiam
1799 3141 2034 3201 temporis,
2065 3151 2111 3186 et
2139 3139 2254 3192 loci:

281 3214 487 3259 similiter
521 3215 659 3259 etiam
692 3228 775 3257 nec
811 3222 1075 3256 contactum
1114 3213 1409 3270 spiritualem,
1443 3213 1519 3271 qui
1543 3223 1608 3256 est
1631 3226 1708 3271 per
1730 3210 1882 3264 fidem,
1905 3219 1950 3255 et
1969 3209 2255 3262 charitatem,

282 3283 387 3341 quia
421 3283 559 3326 etiam
592 3281 811 3335 infideles,
844 3291 888 3324 et
920 3290 1183 3338 peccatores
1218 3290 1474 3337 resurgent:
1508 3294 1659 3338 neque
1686 3278 1826 3323 etiam
1859 3287 1927 3323 est
1958 3290 2095 3322 causa
2121 3274 2254 3331 meri-

282 3351 426 3404 toria;
454 3350 559 3409 quia
589 3349 798 3394 Christus
830 3361 1070 3406 resurgens
1098 3349 1190 3405 jam
1218 3361 1310 3390 non
1339 3357 1433 3390 erat
1458 3347 1618 3400 viator,
1646 3357 1690 3390 et
1721 3346 1781 3390 ita
1813 3358 1907 3390 non
1940 3343 2101 3389 eratin
2134 3352 2253 3387 statu

288 3417 516 3473 merendi3
559 3427 603 3461 et
628 3417 690 3461 ita
722 3415 848 3460 nullo
882 3415 1023 3459 modo
1057 3414 1326 3458 resurrectio
1361 3413 1534 3458 Christi
1563 3414 1740 3457 videtur
1772 3425 1870 3457 esse
1903 3424 2040 3456 causa
2070 3419 2255 3454 nostrae

281 3485 644 3529 resurrectionis.
1967 3509 1970 3514 -

367 3564 408 3606 4.
442 3552 740 3596 PRAETEREA.
770 3550 892 3597 Cum
918 3563 1042 3594 mors
1070 3549 1126 3593 sit
1153 3548 1343 3606 privatio
1377 3548 1509 3601 vitae,
1542 3546 1658 3591 nihil
1688 3547 1864 3591 videtur
1895 3559 1995 3590 esse
2021 3543 2142 3589 aliud
2167 3542 2243 3589 de·

279 3629 450 3664 struere
469 3629 683 3673 mortem,
706 3633 844 3677 quam
869 3617 1084 3662 reducere
1107 3616 1272 3669 vitam3
1295 3615 1417 3673 quod
1444 3615 1637 3673 pertinet
1663 3615 1719 3658 ad
1744 3613 2150 3659 resurrectionem.
2171 3609 2253 3656 sed
