2352 3926
15 2028 20 2036 “
10 1986 30 2016 ³⁴⁴
5 1975 10 1978 ”
0 1814 31 1967 mgna:
2 1787 9 1795 ”

684 246 964 293 QUAESTIO
1004 246 1061 287 11.
1100 246 1410 287 ARTIcthus
1449 247 1485 286 1.
1995 248 2061 305 31

109 365 222 412 ergo
246 351 389 404 DeuS,
404 359 452 395 et
474 349 619 394 homo
637 348 918 394 conveniunt
933 349 980 393 in
1005 348 1331 393 constitutione
1353 348 1543 408 alicujus
1559 348 1693 394 unius
1713 357 1926 405 naturae3
1949 362 2061 409 ergo

109 418 221 466 unio
244 417 365 463 facta
395 426 464 461 est
492 416 540 461 in
564 424 766 460 naturae.

203 499 241 545 3.
266 484 564 530 Pium-mm.
590 483 799 527 Duarum
831 491 1095 526 naturarum
1127 495 1219 525 una
1250 495 1344 526 non
1370 481 1692 528 denominatur
1716 494 1774 528 ex
1804 481 1960 536 altera,
1980 482 2069 528 nisi

110 550 265 612 aliquo
287 551 430 596 modo
445 549 644 595 invicem
670 558 1044 594 transmutentur:
1067 549 1147 593 sed
1164 548 1316 593 divina
1333 558 1508 603 natura,
1526 559 1571 594 et
1595 550 1799 595 humana
1815 550 1862 594 in
1881 548 2068 594 Christo

110 618 168 666 ab
195 618 395 663 invicem
427 617 802 663 denominantur:
826 616 934 660 dicit
951 616 1074 660 enim
1098 614 1299 675 Cyrillus
1326 615 1422 672 (loc.
1440 617 1550 673 cit),
1582 632 1604 657 (ε
1631 617 1833 662 divinam
1858 626 2069 661 naturam

109 699 210 732 esee
234 685 578 738 incarnatam»,
604 693 649 729 et
681 683 821 743 Greg.
854 683 966 727 Naz.
993 682 1103 727 dicit
1129 682 1264 742 (epist.
1297 697 1332 727 r.
1366 682 1420 727 ad
1453 682 1739 742 Cledonium),
1776 683 2069 728 «humanam

109 762 320 799 nauatam
355 764 452 796 esse
488 749 746 796 deificatam
771 766 815 805 ι),
840 759 890 794 ut
920 759 1044 809 patet
1074 763 1155 808 per
1184 748 1402 793 Damasc.
1442 749 1535 806 (lib.
1564 765 1600 809 3.
1639 751 1762 797 Orth.
1788 750 1883 796 Fid.
1906 758 1999 811 cap.
2025 750 2068 798 6.

108 825 149 867 d
170 820 283 873 rr.)‚·
311 831 422 878 ergo
447 831 502 863 ex
528 817 700 862 duabus
725 816 897 861 naturis
922 816 1101 861 videtur
1131 829 1229 860 esse
1259 815 1380 861 facta
1405 829 1496 860 una
1520 826 1696 861 natura.

200 886 296 933 San
317 898 514 932 coum
540 894 622 939 est,
649 884 771 944 quod
804 883 968 928 dicitur
991 883 1038 928 in
1056 882 1436 928 determinatione
1453 882 1654 928 Concilii
1672 883 2066 930 Chalcedonensis

109 953 219 1015 (nup.
250 954 320 1000 cit.
350 953 448 1000 Act.
469 952 547 1012 5.).-
576 967 600 994 «
618 951 907 997 Confitemur
931 951 979 996 in
1003 950 1267 995 novissimis
1288 948 1446 995 diebus
1470 949 1637 995 Filium
1663 951 1753 996 Dei
1782 951 2090 1011 unigenitum·

109 1019 159 1069 in
188 1019 361 1067 duabus
377 1020 552 1066 naturis
566 1018 821 1072 inconfuse,
838 1017 1196 1072 immutabiliter,
1216 1017 1421 1072 indivise,
1438 1016 1803 1077 inseparabiliter
1823 1033 2072 1078 agnoscen-

110 1086 237 1144 dum,
259 1101 513 1147 numquam
526 1085 706 1132 sublata
732 1085 985 1131 differentia
1009 1095 1275 1130 naturarum
1299 1094 1484 1144 propter
1501 1085 1721 1130 unionem
1737 1100 1787 1139 »3
1819 1099 1933 1145 ergo
1958 1087 2068 1132 unio

109 1168 206 1203 non
229 1163 299 1201 est
326 1153 448 1200 facta
470 1154 519 1198 in
542 1164 719 1199 natura.

198 1221 487 1269 stronmzo
509 1220 766 1274 dicendum,
783 1220 906 1278 quod
933 1219 990 1264 ad
1005 1219 1144 1278 hujus
1160 1218 1438 1278 quaestionis
1464 1218 1739 1263 evidentiam
1762 1229 1944 1279 oportet
1965 1233 2072 1265 con-

111 1287 323 1343 siderare,
348 1287 456 1348 quid
481 1288 539 1333 sit
558 1296 732 1332 natura.
759 1286 1009 1331 Sciendum
1032 1295 1099 1330 est
1120 1300 1246 1345 ergo,
1269 1286 1392 1345 quod
1414 1299 1587 1330 nomen
1607 1296 1769 1331 natura
1791 1301 1818 1331 a
1837 1288 2069 1332 nascendo

101 1365 182 1406 vent
209 1355 396 1409 dictum,
420 1354 495 1400 vel
519 1364 775 1412 sumptum;
801 1353 921 1398 unde
937 1355 1087 1413 primo
1113 1363 1182 1398 est
1204 1353 1474 1412 impositum
1498 1353 1589 1397 hoc
1615 1367 1789 1398 nomen
1822 1354 1879 1398 ad
1904 1355 2072 1413 signifi-

113 1422 311 1470 candum
326 1421 670 1481 generationem
689 1421 955 1474 viventium,
982 1435 1099 1479 quae
1125 1421 1349 1475 nativitas,
1375 1420 1449 1465 vel
1474 1420 1714 1480 pullulatio
1741 1421 1918 1480 dicitur,
1940 1431 1989 1466 ut
2010 1422 2072 1466 di-

112 1499 240 1536 catur
268 1498 444 1542 natura,
470 1487 600 1546 quasi
627 1487 876 1531 nascitura:
910 1487 1072 1532 deinde
1103 1487 1373 1532 translatum
1406 1497 1473 1532 est
1509 1501 1681 1532 nomen
1707 1495 1895 1533 naturae
1928 1488 1985 1532 ad
2016 1488 2073 1533 si-

113 1554 422 1616 gnificandum
446 1553 720 1614 principium
744 1553 878 1612 hujus
910 1554 1241 1612 generationis3
1269 1564 1313 1598 et
1329 1556 1435 1613 quia
1460 1554 1735 1614 principium
1761 1554 2067 1614 generationis

113 1622 161 1668 in
183 1621 317 1668 rebus
339 1620 592 1667 viventibus
618 1630 686 1664 est
709 1620 1004 1665 intrinsecum
1030 1620 1217 1665 ulterius
1233 1621 1488 1666 derivatum
1507 1631 1575 1666 est
1594 1635 1768 1667 nomen
1793 1632 1982 1668 naturae
2010 1622 2067 1667 ad

113 1687 460 1748 significandum
478 1685 711 1746 quodlibet
721 1687 990 1746 principium
1003 1687 1297 1731 intrinsecum
1317 1698 1485 1742 motus,
1503 1689 1756 1733 secundum
1770 1690 1893 1748 quod
1914 1689 2071 1735 Philo-

112 1755 284 1815 sophus
299 1754 409 1800 dicit
423 1754 471 1799 in
486 1767 526 1799 2.
545 1754 725 1813 Physic.
745 1754 843 1810 (tex.
859 1755 919 1814 3.)
941 1755 1063 1813 quod
1085 1772 1106 1796 α
1125 1763 1285 1799 natura
1311 1765 1379 1799 est
1399 1755 1672 1814 principium
1689 1765 1842 1801 motus
1864 1757 1911 1800 in
1929 1771 2000 1811 eo,
2022 1758 2069 1802 in

111 1836 204 1882 quo
230 1830 299 1867 est
313 1835 394 1881 per
417 1835 481 1875 se,
498 1830 542 1866 et
556 1834 651 1864 non
667 1821 918 1865 secundum
937 1821 1148 1865 accidens
1165 1836 1215 1865 »z
1243 1822 1332 1866 hoc
1352 1832 1505 1866 autem
1521 1822 1795 1881 principium
1819 1822 1895 1868 vel
1919 1823 2070 1868 forma

112 1898 195 1943 est,
213 1887 286 1933 vel
312 1887 525 1933 materia:
557 1887 676 1932 unde
703 1887 976 1946 quandoque
1002 1898 1162 1932 natura
1180 1888 1343 1933 dicitur
1367 1888 1530 1943 forma,
1550 1889 1823 1949 quandoque
1844 1905 1955 1935 vero
1978 1906 2072 1935 ma-

110 1955 245 2001 teria:
271 1964 316 1999 et
341 1955 447 2014 quia
471 1953 572 1999 finis
606 1954 911 2013 generationis
942 1954 1160 1999 naturalis
1192 1966 1260 1999 est
1291 1956 1338 1999 in
1371 1970 1427 2000 eo
1460 1957 1581 2015 quod
1609 1966 1864 2015 generatur,
1897 1958 2071 2003 scilicet

112 2021 304 2068 essemia
319 2021 510 2080 speciei,
536 2035 674 2080 quam
705 2021 932 2080 significat
956 2021 1173 2076 definiti0‚
1201 2023 1305 2066 inde
1338 2033 1405 2067 est
1431 2023 1553 2082 quod
1585 2023 1850 2082 hujusmodi
1876 2026 2070 2070 essentia

21 2088 49 2127 ῖ’
110 2089 281 2150 speciei
303 2098 493 2134 vocatur
518 2088 656 2133 etiarn
681 2098 861 2133 natura:
890 2098 935 2133 et
959 2089 1049 2133 hoc
1067 2089 1210 2133 modo
1234 2090 1420 2134 Boetius
1445 2099 1656 2134 naturam
1674 2090 1832 2135 definit
1847 2091 1893 2135 in
1919 2091 1995 2136 lib.
2014 2093 2070 2137 de

108 2154 257 2204 Duab.
282 2156 387 2201 Nat.
412 2155 591 2200 dicens:
621 2171 645 2197 t<
671 2155 844 2200 Natura
870 2165 938 2200 est
962 2170 1333 2215 unamquamque
1359 2170 1457 2200 rem
1482 2156 1735 2201 informans
1763 2159 1975 2217 specifica
1993 2159 2072 2203 dif-

106 2221 297 2269 ferentia
313 2239 354 2277 »‚
381 2236 497 2282 quae
519 2222 694 2268 scilicet
710 2222 913 2282 complet
929 2222 1243 2268 definitionem
1269 2224 1462 2282 speciei3
1489 2225 1553 2268 sic
1572 2238 1683 2283 ergo
1700 2240 1822 2270 nunc
1839 2226 2071 2286 loquimur

108 2288 168 2336 de
188 2299 365 2344 natura,
380 2289 632 2335 secundum
658 2289 780 2349 quod
797 2300 958 2335 natura
974 2289 1201 2349 significat
1217 2291 1476 2345 essentiam,
1493 2291 1568 2336 vel
1593 2292 1716 2351 quod
1738 2293 1845 2352 quid
1872 2303 1953 2348 est,
1975 2295 2070 2340 sive

109 2356 406 2436 quidditatem
431 2357 611 2417 speciei.
640 2357 742 2402 Hoc
769 2367 923 2401 autem
949 2358 1094 2402 modo
1133 2358 1400 2417 accipiendo
1426 2369 1652 2413 naturam,
1680 2360 1962 2419 impossibile
1988 2372 2071 2416 est,

110 2424 328 2481 unionem
350 2424 479 2469 verbi
502 2423 726 2468 incarnati
750 2438 849 2469 esse
869 2423 1067 2468 factam
1055 2439 1103 2468 ιιι
1128 2434 1310 2479 natura;
1334 2425 1570 2484 tripliciter
1591 2426 1714 2470 enim
1736 2427 1905 2487 aliquid
1927 2443 2072 2473 unum

108 2505 166 2539 αι
188 2490 380 2546 duobus,
403 2490 478 2536 vel
509 2490 720 2550 pluribus
741 2492 1041 2536 constituitur.
1077 2493 1169 2536 Uno
1195 2492 1317 2536 modo
1350 2507 1404 2537 ex
1436 2493 1614 2537 duobus
1646 2493 1833 2554 integris
1859 2495 2070 2554 perfectis

107 2558 467 2605 remanentibus:
495 2558 618 2618 quod
644 2557 829 2618 quidem
853 2558 954 2604 fieri
977 2572 1071 2603 non
1104 2568 1267 2618 potest,
1299 2559 1387 2604 nisi
1411 2559 1459 2603 in
1483 2560 1553 2614 iis,
1580 2574 1777 2620 quorum
1812 2562 1963 2606 forma
2003 2572 2071 2608 est

109 2625 401 2685 compositio,
422 2625 500 2670 vel
523 2624 653 2678 ordo,
678 2624 753 2670 vel
778 2625 946 2684 figura:
975 2626 1092 2670 sicut
1118 2640 1172 2670 ex
1197 2625 1352 2671 multis
1377 2626 1600 2686 lapidibus
1627 2628 1795 2687 absque
1823 2628 1976 2689 aliquo
2003 2644 2072 2675 or-

108 2691 213 2739 dine
238 2692 458 2747 adunatis,
483 2706 564 2752 per
593 2691 742 2737 solam
776 2693 1162 2751 compositionem
1188 2693 1238 2737 fit
1269 2707 1481 2739 acervus:
1509 2708 1563 2738 ex
1584 2694 1807 2754 lapidibus
1839 2707 2007 2752 autem,
2026 2707 2071 2742 et

52 2758 243 2828 2-lignis
273 2760 525 2805 secundum
558 2759 758 2820 aliquem
794 2760 1003 2804 ordinem
1035 2761 1279 2820 dispositis,
1306 2770 1350 2805 et
1376 2761 1515 2805 etiam
1549 2761 1604 2805 ad
1642 2761 1843 2821 aliquam
1874 2763 2069 2823 figuram

45 2826 74 2885 j
89 2826 300 2889 ‚prodactis
324 2826 374 2871 fit
398 2826 586 2872 domus:
605 2838 650 2872 et
676 2826 927 2871 secundum
944 2827 1034 2872 hoc
1052 2837 1302 2886 posuerunt
1327 2827 1479 2887 aliqui,
1506 2829 1725 2873 unionem
1748 2843 1846 2875 esse
1863 2844 1944 2890 per
1968 2845 2070 2876 mo-

20 2888 77 2958 3ss
108 2892 220 2941 &im
244 2894 523 2939 confusionis
558 2894 639 2954 [aL
668 2895 1057 2953 commassationis],
1095 2909 1211 2954 quae
1244 2894 1419 2939 scilicet
1459 2904 1527 2939 est
1560 2896 1658 2940 sine
1685 2897 1858 2952 ordine,
1890 2897 1964 2942 vel
1989 2912 2069 2956 per

102 2961 301 3013 *modum
324 2962 801 3038 commensurationis,
827 2976 943 3021 quae
958 2962 1133 3007 scilicet
1154 2971 1222 3006 est
1247 2976 1354 3006 cum
1380 2962 1553 3007 ordine.
1577 2962 1668 3007 Sed
1694 2963 1785 3008 hoc
1803 2978 1897 3009 non
1919 2973 2068 3023 potest

38 3030 82 3064 -5
103 3041 232 3075 fesoe:
252 3030 391 3089 primo
413 3029 612 3089 quidem,
637 3029 743 3088 quia
770 3029 1060 3087 compositio,
1081 3028 1156 3073 vel
1182 3029 1311 3083 ordo,
1333 3028 1407 3073 vel
1432 3029 1575 3088 figura
1597 3043 1693 3074 non
1719 3039 1786 3075 est
1801 3030 1949 3075 forma
1970 3031 2070 3075 sub-

103 3094 341 3162 Jmtialis,
372 3095 452 3141 sed
485 3095 801 3150 accidentalis;
828 3106 872 3140 et
910 3096 975 3141 sic
1011 3106 1288 3155 sequeretur,
1325 3095 1448 3154 quod
1481 3096 1589 3141 unio
1623 3097 1946 3141 incarnationis
1973 3111 2067 3142 non

36 3165 85 3226 ’ᾗρ
108 3171 229 3208 emet
264 3176 344 3221 per
377 3176 443 3217 se,
477 3162 558 3208 sed
589 3177 668 3222 per
709 3162 944 3217 accidens;
982 3163 1104 3222 quod
1139 3161 1255 3207 infra
1290 3162 1619 3221 improbabitur
1650 3163 1755 3221 (art.
1789 3164 1830 3209 6.
1865 3164 1952 3221 huj.
1980 3164 2067 3222 q)

108 3229 294 3285 secundo,
327 3229 433 3289 quia
474 3243 529 3274 ex
553 3229 820 3289 hujusmodi
850 3244 944 3274 non
977 3229 1028 3274 fit
1062 3244 1203 3273 unum
1238 3229 1518 3288 simpliciter,
1544 3230 1623 3274 sed
1655 3230 1905 3274 secundum
1933 3230 2064 3289 quid:

43 3303 72 3356 kf
107 3306 345 3342 remanent
361 3295 483 3341 enim
500 3295 629 3355 plura
651 3306 779 3341 actu:
805 3298 943 3351 terti0,
962 3297 1066 3356 quia
1084 3295 1233 3341 forma
1250 3295 1410 3340 talium
1434 3310 1528 3340 non
1548 3306 1615 3340 est
1630 3306 1805 3349 natura,
1823 3297 1901 3340 sed
1919 3297 2066 3356 magis

53 3357 92 3411 ’ἶϊ
110 3374 204 3418 ars3
228 3363 346 3408 sicut
364 3362 513 3407 forma
538 3362 726 3417 domus;
757 3373 802 3408 et
821 3363 886 3408 sic
912 3378 1006 3407 non
1024 3364 1372 3408 constitueretur
1398 3377 1487 3406 una
1512 3372 1671 3406 natura
1705 3362 1751 3405 in
1785 3361 1985 3416 Christo,
2019 3373 2067 3408 ut

26 3431 27 3434 ’
52 3426 194 3491 ipsi
216 3429 391 3475 volunt.
418 3430 517 3475 Alio
543 3429 662 3474 modo
689 3429 740 3474 fit
765 3429 933 3489 aliquid
965 3444 1108 3474 unum
1135 3444 1189 3474 ex
1224 3428 1449 3505 perfectis,
1475 3429 1553 3473 sed
1589 3429 1921 3473 transmutatis:
1949 3430 2067 3476 sicut

55 3490 166 3552 lstex
188 3494 425 3543 elementis
449 3495 498 3540 fit
519 3496 737 3551 mixtum3
774 3506 819 3541 et
850 3498 914 3541 sic
942 3495 1080 3556 aliqui
1117 3497 1336 3549 dixerunt,
1368 3495 1587 3539 unionem
1614 3495 1939 3540 incarnationis
1965 3510 2064 3542 esse

58 3557 277 3624 &factam
300 3578 379 3624 per
402 3562 595 3608 modum
612 3563 955 3608 commixtionis
966 3563 1043 3621 [al.
1061 3563 1399 3623 complexionis]-
1389 3597 1400 3617 ,
1434 3561 1512 3606 sed
1538 3562 1629 3606 hoc
1646 3575 1741 3605 non
1766 3572 1916 3621 potest
1940 3578 2064 3609 esse:

11 3670 15 3671 γ
62 3614 250 3699 ᾏῨηοηο
265 3630 451 3693 quidem
467 3629 574 3692 quia
593 3638 770 3690 natura
754 3629 922 3676 'divina
938 3639 1006 3675 est
1021 3629 1212 3675 omnino
1234 3627 1544 3683 immutabilis,
1561 3638 1610 3673 ut
1624 3628 1672 3673 in
1695 3641 1731 3673 1.
1747 3638 1874 3688 parte
1890 3631 2062 3677 dictum
