2352 3926
319 251 422 317 506
871 258 1150 304 QUAESTIO
1192 258 1280 297 Lx.
1313 257 1623 312 ARTICULUS
1663 258 1736 297 VI.

318 362 526 415 ministri,
565 359 815 404 secundum
853 358 965 402 illud
1001 359 1140 403 Num.
1175 356 1241 404 6.:
1280 359 1346 403 Sic
1382 358 1619 403 benedicetis
1648 359 1752 418 filiis
1788 359 1934 414 Ιςναὶῑ,
1968 365 2008 405 et
2031 358 2277 404 dicetis-eis:

315 429 538 473 Benedicat
564 429 639 472 tibi
665 428 890 479 Dominus,
920 435 1020 480 etc.,
1049 440 1187 485 quam
1222 425 1360 469 etiam
1392 425 1460 468 illi
1485 426 1562 484 qui
1587 425 1676 470 illis
1703 426 1999 471 sacramentis
2023 426 2278 479 utebantur,

316 495 566 540 secundum
593 493 704 537 illud
731 494 918 538 Deuter.
947 491 1040 538 26.:
1068 494 1275 546 Profiteor
1299 492 1415 536 hodie
1443 506 1587 536 coram
1612 493 1800 537 Domino
1822 493 1914 538 Deo
1932 499 2019 548 tuo,
2042 488 2171 551 quod}
2192 501 2278 536 etc.

988 686 1421 744 ARTICULUS
1450 686 1577 740 VII.
2195 711 2278 759 332

390 839 582 877 UTRUM
622 837 1015 884 REQmRANTUR
1055 837 1457 877 DETERMINATA
1497 836 1672 874 VERBA
1712 837 1768 874 IN
1810 835 2203 876 SACRAMENTIS.
2323 804 2328 818 ⁶

404 963 480 1008 An
507 976 750 1008 SEPTIMUM
768 963 832 1008 sic
859 963 1130 1023 proceditur.
1157 963 1363 1016 Videtur,
1390 961 1512 1021 quod
1538 975 1634 1025 non
1667 960 1953 1039 requirantur
1979 959 2280 1004 determinata

314 1031 481 1074 verba'
470 1046 516 1074 m
534 1031 855 1075 sacramentis:
885 1040 935 1074 ut
952 1031 1073 1075 enim
1097 1029 1269 1074 Philos.
1287 1029 1396 1073 dicit
1417 1030 1512 1087 (lib.
1530 1044 1566 1074 1.
1590 1029 1774 1073 Periher.
1792 1030 1894 1073 circ.
1905 1029 2032 1087 princ
2034 1028 2082 1083 .)‚
2104 1039 2280 1071 «voces

314 1112 409 1141 non
435 1110 541 1142 sunt
568 1100 757 1142 eaedem
785 1098 904 1156 apud
931 1111 1094 1142 omnes
1116 1113 1167 1142 »:
1194 1097 1273 1141 sed
1300 1096 1436 1150 salus,
1464 1110 1580 1155 quae
1613 1110 1694 1155 per
1719 1104 2008 1140 sacramenta
2033 1093 2279 1154 quaeritur,

315 1174 382 1208 est
409 1166 570 1209 eadem
599 1166 718 1224 apud
751 1179 939 1220 omnes3
973 1179 1083 1224 ergo
1115 1178 1210 1208 non
1242 1164 1530 1223 requiruntur
1557 1163 1706 1222 aliqua
1739 1162 2040 1207 determinata
2062 1161 2202 1206 verba
2232 1161 2280 1205 in

293 1228 631 1278 sacramentis.

404 1312 443 1343 2.
471 1300 768 1344 PRAETEREA.
802 1299 953 1343 Verba
978 1300 1267 1358 requiruntur
1298 1299 1345 1342 in
1378 1299 1688 1352 sacramentis,
1722 1297 1994 1356 inquantum
2025 1305 2130 1341 sunt
2161 1296 2278 1356 prin-

315 1366 520 1425 cipaliter
545 1367 858 1426 significativa,
879 1367 994 1410 sicut
1013 1367 1185 1410 dictum
1213 1375 1279 1410 est
1305 1366 1409 1423 (art.
1429 1367 1620 1425 praec.):
1650 1365 1727 1416 sed
1755 1364 2080 1424 contingitvper
2100 1363 2279 1408 diversa

311 1434 451 1477 verba
463 1435 584 1478 idem
599 1433 866 1492 significari;
885 1448 994 1492 ergo
1017 1448 1111 1477 non
1129 1434 1419 1492 requiruntur
1436 1432 1736 1476 determinata
1747 1431 1886 1475 verba
1901 1431 1949 1475 in
1966 1430 2278 1476 sacramentis.

407 1515 443 1559 3.
471 1502 768 1545 PRAETEREA.
804 1501 1052 1559 Corruptio
1081 1500 1320 1559 cujuslibet
1347 1500 1412 1543 rei
1438 1499 1583 1543 variat
1609 1500 1704 1557 ejus
1731 1499 1957 1557 speciem:
1981 1496 2060 1542 sed
2092 1497 2278 1557 quidam

312 1578 522 1627 corrupte
554 1569 692 1612 verba
724 1567 980 1627 proferunt;
1014 1582 1098 1611 nec
1129 1577 1287 1611 tamen
1321 1577 1506 1626 propter
1537 1567 1628 1610 hoc
1659 1566 1854 1610 creditur
1879 1575 2274 1610 sacramentorum

313 1634 499 1679 effectus
525 1635 761 1694 impediri;
791 1635 994 1694 alioquin
1017 1634 1230 1688 illiteratI,
1264 1645 1309 1678 et
1333 1634 1469 1687 balbi,
1494 1633 1571 1692 qui
1592 1635 1677 1677 ista
1703 1642 2001 1677 sacramenta*
2022 1631 2278 1686 conferunt,

311 1701 569 1760 frequenter
596 1701 825 1746 defectum
852 1702 897 1745 in
925 1703 1223 1746 sacramentis
1256 1701 1543 1755 inducerent3
1578 1714 1689 1758 ergo
1721 1700 1913 1755 videtur,
1939 1699 2063 1759 quod
2083 1713 2184 1744 non
2209 1714 2280 1744 re·-

312 1769 546 1827 quirantur
571 1770 617 1812 in
644 1772 941 1813 sacramentis
969 1770 1269 1813 determinata
1294 1769 1448 1812 verba.

406 1836 500 1880 SED
534 1849 730 1881 CONTRA
757 1847 837 1890 est,
866 1837 988 1895 quod
1010 1837 1240 1880 Dominus
1267 1835 1570 1880 determinata
1595 1835 1734 1879 verba
1759 1833 1946 1894 protulit
1970 1834 2018 1878 in
2044 1845 2280 1878 consecra-

312 1906 438 1947 tione
466 1904 742 1948 sacramenti
767 1904 1096 1958 Eucharistiae,
1125 1904 1279 1948 dicens
1312 1903 1474 1947 Matth.
1508 1900 1604 1946 26.:
1632 1903 1726 1946 Hoc
1758 1909 1817 1947 est
1848 1909 1994 1961 corpus
2023 1914 2198 1953 mamm
2223 1901 2280 1946 si-

314 1970 482 2015 militer
499 1972 636 2014 etiam
654 1971 890 2015 mandavit
915 1971 1163 2028 discipulis,
1186 1982 1235 2014 ut
1261 1970 1342 2014 sub
1369 1970 1671 2014 determinata
1697 1968 1847 2013 forma
1871 1969 2117 2012 verborum
2137 1968 2278 2026 bapti·
2349 2008 2352 2027 Ξ

310 2048 478 2092 zarent,
505 2038 660 2081 dicens
687 2038 849 2082 Matth.
877 2037 980 2082 ult.:
1010 2039 1162 2083 Euntes
1179 2038 1315 2083 docete
1341 2052 1478 2082 omnes
1501 2043 1647 2096 gentes,
1677 2038 1932 2096 baptizantes
1955 2049 2020 2080 eos
2038 2037 2083 2080 in
2108 2036 2278 2080 nomine
2336 2029 2352 2096 Ξ

311 2105 468 2158 Patris,
496 2112 535 2150 et
560 2106 679 2159 Filii,
712 2111 750 2150 et
774 2106 957 2165 Spiritus
987 2106 1144 2151 Sancti.
2308 2107 2311 2110 ’
2350 2107 2352 2114 ²

399 2172 688 2216 RESPONDEO
717 2173 976 2227 dicendum,
1004 2173 1140 2232 quod,
1168 2172 1284 2216 sicut
1307 2172 1480 2216 dictum
1505 2182 1572 2216 est
1590 2172 1695 2230 (art.
1712 2179 1858 2231 praec.
1885 2169 1940 2214 ad
1963 2166 2076 2227 2.)‚
2063 2182 2111 2214 m
2132 2182 2279 2214 sacra·
2350 2209 2352 2212 .

308 2240 474 2283 mentis
499 2240 636 2283 verba
662 2254 709 2283 se
737 2240 907 2284 habent
932 2254 1012 2299 per
1038 2239 1231 2284 modum
1257 2239 1452 2295 formae,
1469 2253 1539 2284 res
1562 2249 1716 2283 autem
1733 2237 1970 2282 sensibiles
1986 2250 2067 2297 per
2083 2236 2277 2281 modum
2345 2234 2352 2297 J.

309 2306 541 2350 materiae.
570 2307 621 2350 In
649 2307 861 2350 omnibus
890 2317 1043 2351 autem
1071 2307 1337 2366 compositis
1366 2321 1420 2351 ex
1438 2307 1646 2360 materia,
1669 2315 1714 2350 et
1728 2304 1879 2349 forma
1904 2304 2178 2364 principium
2204 2304 2276 2348 de-

309 2374 646 2417 terminationis
674 2384 742 2417 est
769 2389 821 2417 ex
848 2385 974 2433 parte
1001 2373 1193 2428 formae,
1221 2388 1337 2433 quae
1365 2384 1432 2418 est
1457 2372 1805 2433 quodammodo
1831 2371 1948 2426 finis,
1985 2381 2030 2416 et
2054 2371 2274 2416 terminus

313 2442 547 2495 materiae,
575 2451 618 2484 et
644 2442 748 2485 ideo
767 2441 1059 2501 principalius
1087 2442 1329 2500 requiritur
1356 2442 1411 2485 ad
1437 2457 1514 2486 esse
1535 2441 1600 2484 rei
1625 2440 1923 2484 determinata
1948 2437 2112 2493 forma,
2138 2451 2278 2498 quam

311 2508 612 2552 determinata
648 2508 862 2562 materia3
890 2509 1082 2553 materia
1109 2509 1232 2552 enim
1260 2509 1560 2552 determinata
1587 2507 1841 2566 requiritur,
1868 2515 1918 2550 ut
1942 2507 1999 2550 sit
2022 2505 2279 2565 proportio-
2335 2532 2343 2541 ⁷-

309 2585 414 2619 nata
443 2575 769 2619 determinatae
807 2575 997 2619 formae.
1028 2576 1149 2620 Cum
1185 2575 1323 2633 igitur
1348 2575 1393 2618 in
1421 2574 1720 2618 sacramentis
1752 2569 2038 2632 requirantur
2071 2572 2279 2617 determi·
2331 2580 2334 2606 ῐ

311 2653 444 2686 natae
479 2657 550 2686 res
586 2642 837 2696 sensibiles,
875 2657 990 2700 quae
1023 2656 1070 2686 se
1106 2643 1277 2686 habent
1311 2642 1358 2685 in
1396 2641 1693 2686 sacramentis
1726 2641 1844 2685 sicut
1884 2640 2090 2695 materia,
2129 2638 2276 2684 multo

311 2709 458 2768 magis
485 2710 724 2768 requiritur
751 2710 796 2752 in
824 2709 1214 2753 eis‘determinata
1246 2709 1394 2753 forma
1421 2710 1680 2753 verborum.

405 2778 481 2821 AD
507 2789 697 2821 PRIMUM
729 2790 840 2834 ergo
877 2777 1135 2830 dicendum,
1163 2777 1300 2835 quod,
1328 2777 1445 2820 sicut
1470 2777 1664 2835 August.
1693 2775 1801 2819 dicit
1822 2788 1957 2834 super
1975 2773 2109 2832 Joan.
2131 2773 2277 2832 (tract.
2324 2777 2329 2828 }

309 2845 380 2890 80.
398 2858 424 2888 a
443 2844 584 2901 med),
617 2860 640 2886 <c
663 2843 852 2887 verbum
881 2854 1093 2901 operatur
1114 2843 1159 2886 in
1187 2845 1499 2897 sacramentis,
1526 2857 1621 2887 non
1648 2843 1753 2901 quia
1787 2842 1951 2886 dicitur
1975 2857 2017 2896 »,
2034 2840 2158 2885 idest⁴
2180 2854 2276 2885 non

311 2912 565 2956 secundum
589 2911 857 2955 exteriorem
888 2924 1054 2953 sonum
1078 2911 1220 2964 vocis,
1243 2927 1265 2951 «
1285 2912 1362 2954 sed
1383 2912 1486 2969 quia
1507 2910 1703 2954 creditur
1721 2926 1762 2963 >›‚
1781 2910 1896 2953 idest
1915 2908 2168 2953 secundum
2179 2921 2277 2953 sen·
2315 2902 2321 2922 ³

310 2993 410 3022 sum
437 2979 696 3031 verborum,
723 2978 798 3036 qui
826 2978 913 3021 fide
932 2987 1128 3021 tenetur:
1158 2987 1201 3021 et
1228 2978 1301 3020 hic
1337 2979 1523 3036 quidem
1548 2991 1705 3021 sensus
1733 2986 1801 3021 est
1822 2977 1944 3021 idem
1962 2976 2080 3035 apud
2098 2987 2276 3030 omnes,

308 3047 415 3090 licet
440 3059 534 3089 non
561 3046 748 3089 eaedem
776 3059 914 3088 voces
932 3045 1020 3088 sint
1037 3055 1257 3102 quantum
1277 3046 1330 3088 ad
1350 3060 1530 3099 sonum,
1549 3056 1592 3089 et
1608 3045 1727 3099 ideo,
1747 3045 2074 3103 cujuscumque
2091 3041 2275 3102 linguae
2314 3044 2322 3066 ’-

309 3114 456 3157 verbis
483 3112 736 3172 proferatur
761 3112 863 3156 talis
892 3126 1064 3165 sensus,
1092 3111 1321 3170 perficitur
1347 3123 2352 3158 sacramentum.

406 3180 481 3224 AD
509 3193 770 3224 SECUNDUM
789 3179 1048 3232 dicendum,
1068 3179 1189 3237 quod
1218 3178 1360 3222 licet
1351 3194 1395 3222 m
1424 3180 1625 3238 qualibet
1651 3179 1809 3237 lingua
1827 3177 2064 3237 contingat
2088 3174 2275 3222 diversis
2301 3159 2352 3354 ἔ

307 3247 497 3291 vocibus
524 3247 646 3291 idem
674 3245 932 3304 significari,
970 3260 1152 3304 semper
1178 3256 1333 3289 tamen
1369 3246 1519 3305 aliqua
1546 3246 1728 3290 illarum
1753 3257 1923 3292 vocum
1945 3253 2027 3298 est,
2049 3257 2139 3304 qua
2159 3242 2275 3304 prin·

309 3314 511 3373 cipalius,
540 3324 584 3358 et
610 3314 901 3358 communius
929 3313 1141 3356 homines
1160 3313 1278 3355 illius
1306 3313 1489 3371 linguae
1518 3322 1704 3357 utuntur
1722 3313 1777 3356 ad
1796 3313 1886 3356 hoc
1900 3310 2307 3372 significandunz
2319 3355 2352 3415 {a

308 3393 351 3425 et
376 3382 479 3425 talis
506 3396 594 3425 vox
623 3381 793 3426 assumi
820 3381 990 3425 debet
981 3395 1025 3423 m
1050 3379 1382 3438 significatione
1410 3381 1707 3425 sacramenti:
1745 3382 1861 3424 sicut
1893 3379 2031 3424 etiam
2056 3379 2173 3423 inter
2202 3386 2307 3423 res

308 3448 541 3492 sensibiles
568 3448 643 3492 illa
672 3448 916 3493 assumitur
943 3448 997 3491 ad
1025 3446 1414 3505 significationem
1442 3448 1731 3501 sacramenti,
1762 3448 1891 3505 cujus
1919 3458 2026 3494 usus
2049 3455 2117 3490 est
2147 3456 2290 3491 comf-
2291 3428 2333 3474 ³3³³

310 3517 491 3559 munior
518 3516 571 3559 ad
592 3526 760 3570 actum,
787 3530 866 3574 per
883 3529 1020 3574 quem
1037 3516 1309 3558 sacramenti
1330 3513 1517 3558 effectus
1536 3514 1843 3573 significatur.
1873 3512 1992 3558 sicut
2016 3524 2134 3571 aqua
2150 3521 2275 3556 com·
2311 3539 2314 3543 -

310 3583 489 3627 munius
522 3593 708 3626 utuntur
745 3583 959 3626 homines
996 3581 1050 3625 ad
1090 3580 1370 3624 ablutionem
1411 3581 1716 3640 corporalem,
1754 3594 1834 3640 per
1859 3593 1997 3639 quam
2027 3576 2305 3639 spirituafls¹

310 3650 480 3694 ablutio
504 3650 797 3709 significatur,
836 3660 880 3694 et
902 3649 1006 3694 ideo
1033 3661 1151 3708 aqua
1178 3647 1423 3692 assumitur
1450 3658 1498 3692 ut
1525 3648 1714 3692 materia
1741 3648 1787 3692 in
1818 3647 2062 3706 baptismo.
