2352 3926
280 209 390 277 536
795 223 1074 268 QUAESTIO
1117 222 1264 263 thv.
1303 207 1612 262 Anncums
1651 223 1725 263 tv.

280 324 404 382 quod
429 323 727 382 justificarent
752 323 968 398 impium:
997 337 1104 367 cum
1129 323 1267 382 igitur
1291 323 1553 382 Justificatio
1584 324 1715 383 impii
1748 323 1829 368 fiat
1857 338 1939 383 per
1969 335 2242 384 potestatem

281 390 467 439 Christi,
495 405 633 448 quam
661 390 798 433 habet
823 391 869 432 in
896 391 1208 444 sacramentis,
1235 391 1412 434 videtur
1434 391 1555 450 quod
1574 401 1847 450 potestatem
1874 405 2019 447 suam,
2035 407 2174 452 quam
2195 394 2240 436 in

280 458 576 500 sacramentis
603 457 774 508 habuit,
801 471 895 500 non
921 458 1120 514 potuerit
1142 458 1359 502 ministris
1387 459 1746 502 communicare.
2126 476 2130 481 ’

374 539 409 582 3.
437 525 734 567 PRAETEREA.
764 523 966 579 Christo,
1001 524 1272 583 inquantum
1310 532 1377 569 est
1404 536 1539 583 caput
1564 525 1814 579 Ecclesiae,
1847 506 2081 585 competit,
2111 531 2161 570 ut
2181 524 2234 567 ab

279 590 379 649 ipso
403 591 546 648 gratia
579 591 806 634 derivetur
833 592 888 635 ad
912 591 1041 645 alios,
1068 593 1319 636 secundum
1337 591 1448 635 illud
1462 592 1592 649 Joan.
1622 605 1657 636 1.
1673 593 1777 637 :De
1801 592 2056 651 plenitudine
2071 595 2238 651 ejwnos

279 672 416 701 omnes
447 659 704 715 accepimus:
733 658 813 702 sed
846 658 937 702 hoc
974 673 1070 702 non
1104 658 1190 703 fuit
1227 659 1325 703 aliis
1358 659 1769 714 communicabile3
1803 660 1910 718 quia
1941 660 2005 704 sic
2040 656 2239 704 Ecclesia

280 731 397 768 esset
432 733 738 779 monstruosa,
771 724 915 769 multa
948 726 1097 784 capita
1130 727 1326 781 habens;
1354 740 1464 785 ergo
1497 726 1688 780 videtur,
1724 727 1847 785 quod
1881 726 2086 772 Christus
2117 734 2240 784 poteu

277 800 442 835 statem
474 805 605 835 suam
636 806 732 835 non
764 794 962 851 potuerit
982 793 1198 838 ministris
1226 794 1585 838 communicare.

368 858 463 902 SED
497 872 694 904 CONTRA
731 869 812 913 est,
851 860 974 919 quod
1011 875 1147 920 super
1177 860 1289 904 illud
1321 861 1451 919 Joan.
1492 874 1552 905 1.:
1586 862 1675 919 Ego
1717 861 1944 905 nesciebam
1986 874 2088 912 mm,
2130 857 2242 902 dicit

278 924 470 983 August.
502 926 644 982 (tract.
657 941 694 986 5.
718 928 764 970 in
779 928 904 983 Joan.
937 934 1032 973 ante
1062 928 1188 980 med.)
1218 929 1340 987 quod
1364 946 1389 971 (ε
1412 942 1507 972 non
1530 938 1722 973 noverat
1738 937 2009 987 potestatem
2025 924 2240 985 baptismi

275 993 427 1051 ipsum
448 994 705 1037 Dominum
723 994 1001 1049 habiturum,
1019 1006 1065 1040 et
1096 995 1181 1040 sibi
1212 1006 1493 1040 retenturum
1516 1012 1557 1041 »ε
1584 996 1675 1040 hoc
1703 1005 1857 1039 autem
1873 1008 1965 1040 non
1986 993 2240 1052 ignorasset

271 1059 488 1117 Joannes,
513 1061 551 1104 si
576 1060 679 1105 talis
716 1071 916 1119 potestas
950 1063 1347 1107 communicabilis
1378 1078 1472 1107 non
1506 1073 1652 1118 esset;
1687 1063 1836 1122 potuit
1866 1075 1974 1120 ergo
2007 1074 2139 1105 suam
2164 1072 2243 1119 po·

278 1136 490 1172 testatem
524 1128 734 1173 Christus
756 1129 973 1174 ministris
1003 1131 1360 1175 communicare.

366 1195 657 1241 RESPONDEO
691 1197 950 1252 dicendum,
988 1198 1125 1256 quod,
1162 1198 1279 1241 sicut
1304 1198 1477 1241 dictum
1505 1207 1574 1242 est
1608 1197 1711 1255 (art.
1737 1197 1920 1256 praec),
1954 1195 2164 1240 Christus
2194 1195 2241 1238 in

278 1264 576 1310 sacramentis
604 1264 761 1308 habuit
786 1264 990 1323 duplicem
1007 1274 1304 1323 potestatem:
1330 1278 1461 1309 unam
1485 1265 1779 1317 auctoritatis,
1812 1277 1928 1322 quae
1955 1261 2176 1320 competit
2200 1261 2244 1305 ei

279 1330 533 1374 secundum
555 1332 677 1390 quod
702 1340 768 1375 est
794 1332 942 1386 Deus;
965 1342 1009 1376 et
1039 1332 1142 1376 talis
1175 1341 1376 1390 potestas
1401 1331 1517 1375 nulli
1549 1342 1782 1375 creaturae
1812 1330 1961 1390 potuit
1991 1328 2246 1373 communi·-

279 1398 386 1452 cari,
412 1398 529 1442 sicut
563 1413 647 1443 nec
686 1399 838 1443 divina
872 1400 1089 1443 essentia:
1128 1399 1258 1443 aliam
1294 1409 1568 1457 potestatem
1600 1397 1758 1442 habuit
1787 1396 2096 1449 excellentiae,
2128 1408 2244 1454 quae

278 1465 499 1524 competit
524 1466 579 1519 ei,
606 1466 859 1510 secundum
882 1466 1005 1525 quod
1032 1476 1100 1510 est
1121 1466 1292 1520 homo;
1320 1476 1364 1510 et
1388 1466 1528 1510 talem
1552 1475 1824 1524 potestatem
1855 1464 2004 1523 potuit
2028 1461 2246 1507 ministris

279 1533 640 1587 communicare,
667 1533 818 1576 dando
842 1533 1018 1577 scilicet
1041 1534 1104 1577 eis
1133 1542 1306 1577 tantam
1325 1534 1497 1592 gratiae
1523 1533 1868 1592 plenitudinem,
1894 1541 1945 1575 ut
1970 1543 2132 1574 eorum
2152 1543 2244 1574 me·

278 1600 416 1644 ritum
442 1611 704 1660 operaretur
732 1601 787 1644 ad
810 1611 1206 1645 sacramentorum
1235 1600 1436 1654 effectus,
1464 1610 1515 1644 ut
1547 1602 1604 1644 ad
1630 1599 1974 1659 invocationem
2003 1597 2247 1641 nominum

277 1668 482 1726 ipsorum
509 1667 899 1712 sanctificarentur
916 1678 1217 1722 sacramenta,
1237 1678 1281 1712 et
1302 1678 1352 1712 ut
1366 1668 1453 1727 ipsi
1477 1677 1664 1727 possent
1684 1675 1973 1712 sacramenta
1997 1664 2247 1723 instituere,

280 1744 323 1779 et
350 1736 447 1779 sine
476 1735 563 1779 ritu
590 1746 985 1779 sacramentorum
1005 1734 1219 1779 effectum
1242 1745 1636 1779 sacramentorum
1661 1731 2004 1778 conferresolo
2034 1731 2247 1791 imperim

277 1802 435 1846 Potest
467 1802 591 1847 enim
621 1803 973 1847 instrumentum
1003 1805 1317 1861 conjunctum,
1355 1812 1525 1861 quanto
1558 1802 1694 1846 fuerit
1723 1801 1900 1855 fort-ius,
1930 1808 2065 1844 tanto·
2095 1798 2247 1857 magis

277 1870 490 1914 virtutem
518 1884 649 1914 suam
669 1870 974 1914 instrumento
997 1871 1207 1929 separato
1234 1870 1452 1924 tribuere;
1473 1870 1592 1914 sicut
1613 1875 1779 1913 manus
1811 1866 1991 1912 baculo.

367 1937 444 1982 AD
470 1950 662 1982 PRIMUM
691 1951 800 1996 ergo
835 1937 1097 1991 dicendum,
1131 1938 1254 1996 quod
1288 1937 1499 1982 Christus
1530 1951 1624 1981 non
1656 1950 1711 1981 ex
1741 1935 1913 1980 invidia
1942 1931 2250 1994 praetermisit

278 2014 551 2064 potestatem
572 2005 875 2049 excellentiae
911 2004 1146 2049 Ecclesiae
1179 2005 1396 2050 ministris
1430 2004 1800 2058 communicare3
1827 2002 1906 2047 sed
1927 2004 2118 2060 propter,
2143 1999 2249 2045 fide-

278 2072 392 2116 lium
411 2072 669 2128 utilitatem,
686 2087 744 2117 ne
762 2074 807 2117 in
826 2073 1016 2117 homine
1035 2086 1165 2132 spem
1181 2082 1420 2132 ponerent,
1437 2082 1482 2116 et
1502 2086 1560 2116 ne
1584 2081 1734 2116 essent
1750 2071 1929 2115 diversa
1946 2074 2251 2126 sacramenta,

280 2155 333 2185 ex
365 2141 526 2199 quibus
553 2141 716 2186 divisio
743 2142 789 2185 in
817 2141 1024 2185 Ecclesia
1050 2141 1264 2194 oriretur3
1292 2141 1410 2185 sicut
1437 2139 1555 2200 apud
1573 2139 1678 2184 illos
1695 2139 1774 2198 qui
1798 2138 2034 2182 dicebant:
2050 2136 2140 2195 Ego
2154 2149 2248 2181 sum

278 2208 420 2263 Pauli,
447 2223 517 2267 ego
545 2215 684 2254 autem
717 2209 886 2268 ApoIIO,
919 2223 990 2268 ego
1022 2223 1122 2253 vero
1150 2208 1330 2268 Cephae,
1354 2218 1403 2252 ut
1427 2208 1591 2252 dicitur
1622 2221 1658 2250 1.
1692 2206 1749 2250 ad
1774 2204 1986 2250 Corinth.
2009 2217 2055 2248 «ι.

366 2276 442 2320 AD
470 2289 731 2321 SECUNDUM
758 2276 1017 2330 dicendum,
1045 2276 1168 2335 quod
1196 2275 1397 2334 objectio
1420 2274 1499 2319 illa
1521 2274 1729 2334 procedit
1753 2273 1811 2317 de
1841 2281 2066 2332 potestate
2097 2278 2251 2314 aucto·

278 2343 436 2397 ritatis,
474 2357 589 2402 quae
627 2345 842 2387 convenit
877 2343 1081 2397 Christo,
1114 2343 1366 2387 secundum
1400 2342 1523 2402 quod
1557 2350 1623 2386 est
1654 2341 1796 2394 Deus,
1832 2339 1941 2384 licet
1971 2346 2248 2398 etrpotestas

280 2409 576 2455 excellentiae
599 2411 742 2470 possit
759 2411 1006 2455 auctoritas
1024 2410 1256 2454 nominari
1271 2424 1352 2469 per
1369 2409 1766 2467 comparationem
1784 2406 1840 2450 ad
1861 2405 1978 2451 alios
2001 2404 2248 2450 ministros.

279 2478 414 2522 Unde
437 2492 570 2537 super
596 2477 707 2522 illud
735 2492 770 2522 1.
796 2478 850 2521 ad
875 2478 982 2523 Cor.
1013 2492 1069 2523 1.:
1098 2479 1276 2522 Divisus
1292 2483 1347 2521 est
1368 2477 1567 2530 Christus,
1587 2475 1696 2519 dicit
1718 2473 1872 2518 Gloss.
1886 2472 1995 2531 (ord.
2012 2480 2099 2532 sup.
2116 2471 2249 2516 illud.-

278 2546 366 2604 Ego
397 2561 496 2589 vero
523 2544 709 2604 Cephae)
733 2545 855 2604 quod
886 2561 909 2586 ‹<
930 2545 1079 2604 potuit
1104 2544 1168 2588 eis
1195 2544 1302 2588 dare
1327 2543 1647 2588 auctoritatem
1671 2540 1943 2601 baptizandi,
1967 2539 2128 2600 quibus
2145 2552 2251 2584 con-

278 2612 381 2658 tulit
406 2612 709 2656 ministerium
743 2629 784 2655 ».

343 2680 447 2725 AD
475 2692 692 2725 TERTIUM
719 2678 979 2732 dicendum,
1007 2678 1128 2737 quod
1158 2678 1213 2721 ad
1238 2677 1363 2722 hoc
1352 2676 1681 2721 inconveniens
1705 2674 1984 2729 evitandum,
2001 2688 2059 2719 ne
2071 2672 2251 2740 scilicet

281 2746 426 2791 multa
454 2747 601 2806 capita
634 2746 679 2790 in
707 2740 914 2789 Ecclesia
933 2755 1096 2799 essent,
1115 2744 1325 2789 Christus
1353 2743 1500 2788 noluit
1517 2753 1791 2803 potestatem
1814 2756 1923 2786 suae
1949 2725 2246 2786 excellentiae

280 2814 499 2858 ministris
527 2813 899 2858 communicare:
928 2812 967 2856 si
987 2821 1142 2856 tamen
1166 2812 1568 2867 communicasset,
1595 2811 1690 2870 ipse
1719 2820 1838 2855 esset
1863 2819 2000 2870 caput
2025 2808 2247 2868 principa·

280 2883 398 2941 titer,
424 2881 500 2926 alii
525 2895 634 2926 vero
658 2881 942 2926 secundario.

976 3056 1411 3115 ARTICULUS
1460 3057 1530 3113 v.
2005 3058 2008 3062 ·
2162 3081 2249 3129 354

321 3196 515 3237 UTRUM
546 3193 647 3236 PER
687 3194 871 3234 MALOS
912 3192 1207 3234 MINISTROS
1251 3193 1618 3233 SACRAMENTA
1651 3189 1924 3232 CONFERRI
1960 3185 2210 3252 POSSINT.

653 3307 717 3365 (4.
744 3307 857 3351 Dist.
880 3319 916 3365 5.
941 3320 979 3365 q.
1002 3318 1042 3351 2.
1069 3311 1152 3350 art.
1176 3319 1214 3350 2.
1243 3311 1279 3349 et
1301 3306 1410 3349 Dist.
1435 3318 1473 3363 7.
1497 3319 1535 3363 q.
1555 3319 1590 3364 3.
1614 3309 1696 3349 art.
1719 3320 1753 3349 r.
1779 3317 1817 3362 q.
1841 3317 1877 3348 1.

444 3382 481 3421 et
513 3376 625 3420 Dist.
659 3389 729 3432 24.
764 3390 802 3434 q.
830 3389 866 3434 3.
900 3380 984 3420 art.
1011 3388 1049 3433 3.
1081 3388 1118 3431 q.
1150 3388 1184 3431 5.
1220 3372 1273 3416 ad
1300 3387 1336 3432 3.
1364 3379 1402 3417 et
1434 3373 1504 3416 lib.
1538 3386 1580 3430 4.
1615 3372 1761 3416 Contr.
1792 3385 1831 3431 g.
1865 3376 1958 3431 cap.
1983 3370 2091 3431 76.)-

373 3486 449 3532 An
478 3499 706 3538 QUINTUM
738 3486 802 3530 sic
844 3484 1116 3544 proceditur.
1150 3482 1354 3537 Videtur,
1388 3483 1511 3542 quod
1546 3496 1625 3542 per
1659 3480 1807 3526 malos
1839 3480 2074 3527 ministros
2104 3493 2251 3526 sacra·

286 3563 437 3599 menta
472 3553 669 3599 conferri
704 3568 798 3598 non
835 3553 1034 3612 possint:
1070 3561 1356 3596 sacramenta
1394 3550 1516 3595 enim
1548 3564 1697 3594 novae
1734 3549 1848 3608 legis
1885 3548 2150 3594 ordinantur
2191 3546 2248 3592 ad

287 3621 664 3666 emundationem
685 3620 861 3681 culpae,
895 3631 940 3666 et
960 3618 1258 3665 collationem
1284 3618 1480 3677 gratiae:
1507 3617 1587 3662 sed
1614 3616 1738 3672 mali,
1761 3629 1868 3661 cum
1889 3617 1979 3662 sint
2008 3614 2251 3670 immundi,

2342 3852 2345 3854 ⁴
2344 3816 2347 3820 ν
2345 3628 2352 3802 ..m-...ss-m‚..„.
