2352 3926
639 223 918 272 QUABSTIO
959 224 1181 265 Lxxxlv.
1219 222 1529 285 ARTICULus
1564 223 1607 263 1.
1995 224 2102 280 777

242 325 434 381 Quinto.
462 327 629 374 Utrum
653 329 744 375 hoc
766 338 1104 375 sacramentum
1130 329 1187 374 sit
1211 328 1267 374 de
1291 328 1560 374 necessitate
1585 326 1758 374 salutis.
1784 329 1844 390 >²4

239 394 393 440 Sexto.
419 395 490 441 De
517 396 674 441 ordine
701 398 796 456 ejus
823 396 878 441 ad
906 396 993 441 alia
1017 406 1317 441 sacramenta.

240 461 462 521 Septimo.
489 463 561 508 De
587 462 868 508 institutione
896 465 1004 523 ejus.
1079 487 1090 509 .·

241 529 436 575 Octavo.
464 530 536 574 De
562 530 799 575 duratione
824 529 978 590 ipsius.

237 595 391 641 Nono.
417 596 489 641 De
516 597 813 642 continuitate
840 598 950 655 ejus.
1145 586 1207 613 ⁴¹*

238 664 451 709 Decimo.
479 664 645 710 Utrum
672 665 815 725 possit
845 665 1009 710 iterari.

878 841 1315 898 ARTICULUS
1356 842 1398 896 I.
2025 868 2109 913 510

530 977 724 1017 UTRUM
762 977 1139 1017 POENITENTIA
1178 977 1264 1017 SIT
1298 977 1722 1017 SACRAMENTUM.

385 1087 450 1146 (4.
472 1087 585 1133 Dist.
612 1101 677 1145 14.
704 1101 744 1146 q.
769 1102 805 1133 1.
832 1092 914 1133 art.
941 1102 976 1133 1.
1003 1092 1039 1132 et
1056 1087 1166 1132 Dist.
1192 1101 1262 1132 22.
1289 1102 1327 1146 q.
1354 1101 1395 1132 2.
1422 1093 1506 1133 art.
1527 1101 1565 1147 3.
1587 1102 1624 1146 q.
1653 1101 1692 1132 2.
1721 1086 1869 1146 corp).
1919 1145 1923 1151 .

237 1197 315 1244 An
339 1210 529 1243 PRIMUM
561 1198 626 1243 sic
667 1197 939 1257 proceditur.
967 1197 1172 1253 Videtur,
1198 1198 1320 1258 quod
1348 1197 1627 1258 poenitentia
1653 1211 1747 1242 non
1773 1197 1831 1242 sit
1854 1210 2108 1242 sacramen-

114 1270 115 1273 ’
147 1275 268 1310 tum:
295 1263 434 1324 Greg.
462 1265 585 1310 enim
616 1265 724 1310 dicit
755 1265 821 1323 (id
853 1266 946 1310 hab.
979 1265 1077 1310 Isid.
1111 1266 1183 1310 lib.
1216 1266 1259 1311 6.
1291 1265 1523 1325 Etymolog.
1556 1272 1647 1324 cap.
1678 1264 1754 1309 ult.
1786 1266 1862 1310 cir.
1895 1263 2037 1322 med),
2064 1274 2110 1308 et

146 1332 339 1378 habetur
354 1334 400 1378 in
413 1332 548 1377 Decr.
567 1332 621 1390 (r.
644 1348 682 1392 q.
700 1347 735 1378 Ι.
754 1341 866 1393 caps
884 1333 1011 1377 Multi
1024 1333 1343 1391 saecularium):
1367 1348 1391 1374 «
1404 1332 1702 1376 Sacramenta
1719 1341 1824 1376 sunt
1840 1331 2107 1390 baptismus,

149 1399 363 1454 chrisma,
394 1413 574 1459 corpus,
608 1409 654 1445 et
684 1400 868 1458 sanguis
896 1399 1095 1455 Christi;
1122 1414 1238 1459 quae
1265 1399 1322 1444 ob
1355 1399 1401 1443 id
1433 1408 1719 1447 sacramenta
1746 1398 1970 1453 dicuntur,
2002 1398 2108 1457 quia

147 1467 228 1512 sub
252 1476 523 1526 tegumento
551 1466 859 1526 corporalium
878 1481 1030 1511 rerum
1048 1467 1201 1511 divina
1221 1467 1362 1511 virtus
1380 1467 1597 1512 secretius
1616 1475 1829 1524 operatur
1845 1464 2040 1510 salutem
2056 1481 2107 1519 »3

149 1533 230 1579 sed
254 1532 346 1578 hoc
371 1548 466 1579 non
484 1534 707 1593 contingit
727 1534 773 1578 in
791 1534 1085 1594 poenitentia,
1110 1534 1215 1594 quia
1236 1548 1331 1578 non
1353 1534 1622 1579 adhibentur
1645 1533 1824 1592 aliquae
1847 1532 2109 1592 corporales

146 1614 233 1656 res,
258 1602 340 1646 sub
368 1602 530 1660 quibus
556 1601 708 1646 divina
732 1601 873 1646 virtus
900 1611 1109 1661 operetur
1134 1601 1351 1656 salutem;
1387 1615 1498 1660 ergo
1523 1600 1804 1660 poenitentia
1829 1614 1924 1645 non
1950 1610 2018 1645 est
2038 1613 2109 1644 sa-

147 1677 447 1713 cramentum.
2098 1686 2100 1688 ·

237 1747 279 1780 2.
296 1735 594 1781 PRAETEREA.
613 1735 911 1781 Sacramenta
928 1734 1160 1780 Ecclesiae
1178 1750 1204 1780 a
1221 1735 1438 1780 ministris
1459 1735 1629 1780 Christi
1650 1734 1932 1788 exhibentur,
1954 1747 2109 1779 secun-

149 1802 261 1848 dum
285 1802 398 1848 illud
428 1816 465 1848 1.
493 1803 601 1848 Cor.
627 1816 691 1858 4:
716 1804 786 1849 Sic
808 1818 880 1848 nos
903 1805 1106 1849 existimet
1127 1804 1246 1848 homo
1266 1809 1310 1848 ut
1335 1805 1545 1848 ministros
1570 1803 1741 1855 Christi,
1760 1809 1799 1847 et
1818 1801 2110 1861 dispensatores

145 1873 437 1932 mysteriorum
460 1873 570 1917 Dei:
598 1871 676 1916 sed
702 1873 981 1930 poenitentIa
1006 1886 1101 1916 non
1127 1871 1362 1916 exhibetur
1387 1885 1414 1914 a
1439 1870 1655 1914 ministris
1684 1869 1869 1924 Christi,
1891 1869 1969 1913 sed
1995 1869 2110 1912 inte-

146 1938 239 1984 rius
266 1952 292 1982 a
316 1939 420 1983 Deo
445 1938 708 1983 hominibus
733 1938 989 1996 inspiratur,
1016 1939 1268 1983 secundum
1291 1937 1401 1982 illud
1424 1938 1626 1982 Hierem.
1650 1950 1738 1995 31.:
1766 1937 1989 1995 Postquam
2012 1950 2108 1980 con-

147 2007 310 2051 vertisti
333 2021 411 2060 me,
444 2007 508 2066 egi
539 2008 834 2066 poenitentiam
845 2021 863 2058 ,·
893 2020 1003 2065 ergo
1035 2006 1226 2060 videtur,
1268 2005 1390 2065 quod
1427 2006 1706 2064 poenitentia
1738 2017 1833 2048 non
1870 2003 1927 2048 sit
1963 2017 2108 2048 sacra-

146 2083 370 2119 mentum.

240 2154 279 2199 3.
303 2140 602 2186 PRAETEREA.
629 2140 682 2184 In
703 2140 1014 2195 sacramentis,
1042 2140 1097 2184 de
1124 2139 1284 2200 quibus
1309 2140 1401 2198 jam
1430 2153 1566 2199 supra
1591 2138 1802 2192 diximus,
1829 2147 1896 2182 est
1922 2136 2107 2214 aliquid,

147 2207 269 2267 quod
295 2217 363 2252 est
384 2217 723 2252 sacramentum
748 2217 940 2262 tantum,
959 2207 1142 2266 aliquid,
1161 2207 1283 2266 quod
1310 2216 1379 2251 est
1403 2221 1488 2261 res,
1507 2216 1551 2250 et
1566 2214 1918 2258 sacramentum,
1938 2204 2107 2264 ahquid

145 2287 270 2329 vero,
289 2274 412 2333 quod
434 2283 502 2319 est
526 2288 597 2319 res
622 2284 815 2329 tantum,
832 2285 881 2318 ut
905 2289 959 2319 ex
985 2274 1244 2334 praemissis
1270 2283 1394 2332 patet
1417 2275 1476 2332 (q.
1495 2273 1567 2319 66.
1585 2279 1665 2318 art.
1687 2273 1744 2329 1.)
1758 2289 1772 2317 .·
1795 2271 1874 2317 sed
1900 2271 1991 2317 hoc
2013 2285 2108 2315 non

145 2333 377 2387 invenitur
395 2341 441 2385 in
466 2342 768 2401 poenitentia;
796 2356 905 2400 ergo
931 2342 1210 2401 poenitentia
1235 2355 1330 2385 non
1363 2351 1431 2386 est
1456 2350 1810 2385 sacramentum.

234 2408 331 2454 SED
356 2421 552 2454 CONTRA
579 2418 660 2463 est,
687 2409 810 2468 quod
835 2410 951 2454 sicut
977 2409 1226 2468 baptismus
1254 2408 1491 2452 adhibetur
1518 2407 1573 2452 ad
1600 2406 1934 2467 purificandum
1958 2420 1984 2450 a
2007 2420 2109 2466 pec-

148 2485 267 2531 cato,
291 2476 355 2521 ita
377 2485 421 2521 et
444 2476 748 2535 poenitentia;
769 2477 888 2520 unde
911 2485 956 2520 et
977 2476 1136 2520 Petrus
1163 2475 1274 2519 dixit
1300 2475 1478 2519 Simoni
1500 2475 1656 2534 Mago,
1678 2475 1782 2519 Act.
1810 2474 1875 2519 8.:
1897 2474 2110 2519 Poeniten-

147 2545 252 2588 tiam
277 2557 350 2602 age
374 2545 427 2589 ab
453 2544 529 2589 hac
557 2545 744 2603 nequitia
771 2550 871 2589 tua:
898 2544 978 2588 sed
1003 2544 1254 2603 baptismus
1284 2553 1352 2587 est
1377 2551 1732 2596 sacramentum,
1758 2551 1808 2586 ut
1832 2555 1966 2600 supra
1986 2539 2110 2584 habi·

144 2619 245 2656 tum
266 2620 335 2655 est
349 2610 408 2669 (q.
427 2611 501 2656 66.
527 2617 608 2656 art.
640 2611 723 2664 1.);
752 2625 862 2670 ergo
889 2610 987 2670 pari
1012 2611 1187 2655 ratione
1215 2619 1259 2654 et
1284 2610 1577 2668 poenitentia.

236 2676 534 2723 RESPONDEO-
548 2677 808 2732 dicendum,
834 2678 971 2737 quod,
998 2678 1115 2722 sicut
1133 2677 1384 2736 Gregorius
1407 2677 1515 2721 dicit
1539 2677 1586 2720 in
1614 2690 1711 2736 cap.
1738 2689 1873 2735 supra
1894 2675 2016 2719 dicto
2039 2674 2107 2732 (in

147 2758 311 2804 argum.
342 2744 418 2802 1.),
447 2760 472 2786 α
497 2755 836 2790 sacramentum
863 2755 930 2790 est
954 2746 1000 2789 in
1028 2744 1178 2804 aliqua
1205 2744 1525 2798 celebratione,
1565 2758 1672 2788 cum
1699 2757 1770 2787 res
1797 2752 1923 2801 gesta
1948 2742 2010 2785 ita
2035 2741 2106 2795 sit,

147 2821 198 2856 ut
223 2811 391 2871 aliquid
423 2811 722 2871 significative
750 2813 1042 2872 accipiamus,
1070 2812 1191 2872 quod
1218 2822 1372 2857 sancte
1406 2811 1721 2870 accipiendum
1750 2820 1819 2854 est
1843 2823 1892 2853 »ε
1920 2807 2108 2853 manife-

147 2888 269 2924 stum
295 2888 362 2923 est
388 2889 555 2932 autem,
581 2880 704 2938 quod
728 2880 775 2923 in
802 2880 1083 2938 poenitentia
1107 2880 1168 2924 ita
1195 2893 1265 2924 res
1293 2889 1420 2938 gesta
1445 2879 1516 2933 sit,
1550 2878 1671 2937 quod
1701 2877 1869 2935 aliquid
1896 2885 2105 2920 sanctum

148 2945 441 3004 significatur,
466 2955 563 2990 tam
594 2961 649 2990 ex
680 2955 804 3005 parte
842 2948 1095 3006 peccatoris
1126 2947 1415 3005 poenitentis,
1449 2960 1585 3004 quam
1620 2959 1672 2989 ex
1699 2954 1823 3003 parte
1857 2943 2106 2987 sacerdotis

148 3012 448 3068 absolventis3
472 3027 582 3057 nam
603 3023 819 3073 peccator
843 3014 1081 3073 poenitens
1107 3029 1186 3074 per
1203 3029 1255 3058 ea
1274 3028 1389 3073 quae
1415 3013 1537 3066 facit,
1565 3022 1610 3056 et
1635 3012 1756 3066 dicit,
1776 3011 2004 3055 obstendit
2025 3024 2106 3054 cor

148 3093 281 3124 suum
318 3094 343 3124 a
379 3090 570 3140 peccato
603 3081 866 3135 recessisse;
900 3081 1108 3126 similiter
1151 3082 1287 3125 etiam
1330 3081 1543 3125 sacerdos
1576 3094 1655 3138 per
1688 3093 1741 3122 ea
1773 3092 1888 3137 quae
1922 3077 2030 3135 agit,
2063 3087 2107 3121 et

147 3146 257 3192 dicit
277 3147 398 3192 circa
428 3148 755 3207 poenitentem,
787 3147 1013 3207 significat
1034 3162 1149 3208 opus
1171 3149 1259 3192 Dei
1291 3147 1559 3191 remittentis
1581 3155 1793 3205 peccata;
1820 3145 1939 3188 unde
1967 3144 2107 3188 mani-

147 3212 313 3259 festum
340 3225 422 3270 est,
443 3215 566 3274 quod
590 3215 887 3275 poenitentia,
910 3229 1026 3274 quae
1048 3216 1093 3259 in
1117 3215 1319 3259 Ecclesia
1343 3214 1503 3273 agitur,
1528 3223 1594 3257 est
1620 3222 1971 3257 sacramentum.

238 3281 316 3326 AD
340 3294 530 3327 PRIMUM
557 3296 667 3341 ergo
694 3282 954 3336 dicendum,
981 3283 1100 3341 quod
1130 3282 1319 3326 nomine
1338 3279 1646 3339 corporalium
1672 3293 1824 3323 rerum
1851 3278 2108 3337 intelligun-

147 3357 221 3392 tur
240 3347 366 3407 large
394 3349 533 3393 etiam
565 3349 651 3408 ipsi
674 3349 919 3394 exteriores
947 3360 1074 3394 actus
1101 3349 1350 3401 sensibiles,
1384 3348 1460 3406 qui
1486 3347 1547 3390 ita
1573 3360 1620 3390 se
1653 3346 1821 3390 habent
1846 3346 1892 3390 in
1918 3345 2008 3390 hoc
2041 3359 2107 3390 sa·

151 3425 400 3471 eramento,
427 3416 542 3461 sicut
570 3430 686 3475 aqua
711 3417 759 3460 in
785 3417 1028 3475 baptismo,
1054 3417 1127 3460 vel
1159 3415 1358 3459 chrisma
1384 3414 1429 3457 in
1458 3412 1819 3457 confirmatione.
1847 3412 1927 3456 Est
1953 3422 2105 3456 autem

151 3482 489 3537 attendendum,
517 3482 640 3542 quod
666 3483 712 3526 in
736 3483 834 3527 aliis
852 3484 1163 3536 sacramentis,
1191 3483 1235 3525 in
1254 3482 1416 3540 quibus
1443 3479 1673 3524 confertur
1690 3479 1916 3523 excellens
1943 3478 2105 3537 gratia,

151 3558 267 3608 quae
292 3545 626 3609 superabundat
652 3563 842 3594 omnem
866 3548 1130 3594 facultatem
1156 3548 1346 3593 humani
1379 3558 1520 3601 actus,
1555 3546 1792 3591 adhibetur
1824 3546 1972 3605 aliqua
2005 3560 2105 3590 cor-

152 3614 321 3675 poralis
345 3616 536 3661 materia
562 3617 782 3671 exterius;
809 3616 928 3661 sicut
951 3616 999 3660 in
1029 3617 1271 3675 baptismo,
1305 3614 1382 3658 ubi
1406 3614 1456 3658 fit
1486 3613 1619 3673 plena
1651 3613 1860 3658 remissio
1893 3623 2104 3673 peccato-
