2352 3926
2046 192 2068 206 N

250 226 360 280 494
777 220 1055 268 QuAsssrto
1097 219 1206 259 ux.
1247 218 1557 259 Alimentus
1597 219 1675 259 111.

249 336 435 386 propter
461 324 810 384 congruentiam
845 323 1105 377 divinitatis,
1133 332 1179 367 et
1213 332 1398 382 propter
1430 322 1627 382 gloriam
1648 316 1848 379 animae,
1883 323 1964 369 sed
1995 323 2135 369 etiam
2158 337 2214 369 ex

250 394 414 438 merito
440 392 710 436 humilitatis
737 391 974 450 passionis.
1001 390 1058 434 Et
1083 389 1290 435 similiter
1315 390 1561 434 dicendum
1587 399 1667 445 est,
1693 391 1815 450 quod
1836 391 2072 450 judiciaria
2090 399 2217 451 pote·-

250 471 341 505 stas
366 460 546 504 homini
574 459 758 503 Christo
787 458 1021 516 competit,
1055 467 1100 502 et
1124 467 1308 517 propter
1344 458 1546 502 divinam
1571 471 1830 517 personam,
1856 468 1902 502 et
1930 460 2216 520 propter-tea-

251 528 353 586 pitis
381 527 663 585 dignitatem,
687 534 731 569 et
756 535 940 584 propter
966 524 1295 584 plenitudinem
1322 525 1495 583 gratiae
1520 524 1787 569 habitualis:
1816 533 1862 570 et
1889 534 2045 570 tamen
2076 524 2216 571 etiam

251 609 304 638 ex
331 594 495 637 merito
524 607 626 636 eam
655 592 872 646 obtinuit3
900 602 948 636 ut
974 592 1149 636 scilicet
1175 592 1426 636 secundum
1454 592 1540 636 Dei
1571 592 1790 650 justitiam
1815 591 1950 650 judex
1973 601 2108 647 esset,
2139 593 2218 652 qui

249 675 332 721 pro
359 661 447 704 Dei
472 660 643 719 Justitia
670 659 903 719 pugnavit,
932 671 976 703 et
1000 659 1122 713 vicit,
1162 670 1206 703 et
1241 660 1403 717 injuste
1439 660 1663 718 judicatus
1695 668 1789 705 est:
1827 658 1948 704 unde
1979 659 2076 718 ipse
2107 655 2217 704 dicit

251 729 398 787 Apoc.
432 742 494 781 3.:
520 729 609 786 Ego
635 729 739 781 vici,
768 733 805 771 et
835 727 917 771 sedi
952 729 994 771 in
1027 727 1176 771 throno
1202 727 1345 771 Patris
1370 728 1464 771 mei.
1498 727 1549 770 In
1577 727 1746 771 throno
1775 735 1927 771 autem
1951 725 2218 786 intelligitur

249 795 485 854 judiciaria
514 804 730 854 potestas,
768 794 1021 838 secundum
1052 793 1163 838 illud
1190 794 1262 837 Ps.
1291 808 1356 854 9.:
1395 793 1542 839 sedisti
1565 802 1686 853 super
1713 794 1922 848 thronum,
1955 794 2027 853 qui
2050 793 2218 852 judicas

246 864 469 921 justitiam.
1957 859 1961 863 ’

341 930 416 973 AD
454 942 643 974 PRIMUM
670 942 781 988 ergo
815 928 1076 982 dicendum,
1103 927 1225 987 quod
1256 928 1373 972 ratio
1399 927 1478 971 illa
1510 927 1717 987 procedit
1742 927 1797 972 de
1828 927 2065 987 judiciaria
2095 935 2220 988 pote-

251 1006 379 1050 state,
405 995 660 1040 secundum
687 995 809 1054 quod
838 996 1023 1040 debetur
1052 996 1238 1040 Christo
1266 1010 1319 1039 ex
1346 997 1442 1054 ipsa
1469 996 1639 1040 unione
1673 995 1729 1039 ad
1754 995 1960 1039 Verbum
1986 995 2094 1040 Dei.
2149 1022 2154 1026 ·

341 1064 417 1108 AD
437 1076 699 1108 SECUNDUM
727 1063 987 1118 dicendum,
1014 1063 1137 1122 quod
1163 1063 1280 1106 ratio
1307 1062 1385 1106 illa
1403 1063 1609 1121 procedit
1631 1077 1684 1107 ex
1707 1072 1831 1122 parte
1853 1063 2026 1121 gratiae
2044 1061 2217 1121 capitis.

341 1131 417 1175 AD
451 1143 667 1175 TERTIUM
700 1130 959 1184 dicendum,
993 1130 1115 1188 quod
1153 1130 1268 1173 ratio
1306 1129 1383 1173 illa
1420 1130 1624 1188 procedit
1657 1144 1710 1173 ex
1735 1141 1861 1189 parte
1894 1129 2066 1189 gratiae
2095 1129 2219 1174 habi-

251 1198 400 1252 tualis,
427 1212 543 1257 quae
571 1207 638 1242 est
665 1197 910 1256 perfectiva
943 1198 1124 1241 animae
1161 1197 1346 1241 Christi.
1380 1197 1468 1240 Per
1498 1197 1589 1240 hoc
1622 1207 1776 1240 tamen
1809 1196 1931 1256 quod
1962 1197 2034 1241 his
2066 1197 2218 1242 modis

253 1266 441 1310 debetur
467 1266 653 1310 Christo
675 1265 910 1323 judiciaria
927 1274 1142 1323 potestas,
1170 1278 1265 1307 non
1282 1263 1534 1308 excluditur
1552 1264 1661 1324 quin
1677 1264 1893 1309 debeatur
1909 1264 1952 1308 ei
1967 1277 2022 1309 ex
2037 1265 2216 1309 merito.

955 1427 1395 1484 ARTICULUS
1438 1427 1535 1482 IV.
1646 1402 1650 1406 ’
2136 1453 2215 1502 323

484 1565 678 1604 UTRUM
718 1564 957 1602 CHRISTO
1000 1563 1321 1602 CONVENIAT
1358 1562 1674 1617 JUDICIARIA
1712 1561 1996 1601 POTESTAS

715 1646 990 1692 QUANTUM
1022 1646 1096 1683 AD
1129 1646 1311 1684 OMNES
1346 1645 1441 1684 RES
1476 1644 1757 1684 HUMANAS.

927 1757 1105 1816 (Quodl.
1134 1773 1198 1803 10.
1223 1763 1303 1802 art.
1330 1772 1371 1802 2.
1395 1757 1545 1817 corp).

343 1870 419 1915 AD
453 1883 689 1920 QUARTUM
722 1870 786 1914 sic
814 1871 1086 1929 proceditur.
1125 1870 1331 1924 Videtur,
1359 1870 1481 1929 quod
1510 1869 1566 1913 ad
1601 1868 1839 1914 Christum
1869 1882 1964 1913 non
1997 1868 2220 1928 pertineat

253 1937 488 1996 judiciaria
514 1947 714 1996 potestas
742 1947 963 1996 quantum
991 1938 1046 1982 ad
1074 1952 1235 1982 omnes
1263 1952 1332 1982 res
1350 1938 1599 1981 humanas:
1627 1946 1676 1980 ut
1693 1936 1817 1980 enim
1833 1934 1999 1995 legitur
2015 1936 2127 1981 Luc.
2151 1949 2217 1983 12.

253 2020 358 2049 cum
386 2004 573 2063 quidam
599 2005 654 2049 de
680 2006 810 2049 turba
839 2006 1024 2050 Christo
1053 2006 1245 2050 diceret:
1275 2006 1360 2049 Dic
1383 2006 1518 2063 fratri
1542 2019 1645 2058 meo,
1662 2010 1709 2048 ut
1725 2003 1887 2059 dividat
1907 2014 2067 2048 mecum
2083 2003 2221 2049 haere-

252 2072 435 2125 ditatem,
462 2071 539 2116 ille
572 2073 827 2131 respondit:
866 2074 1023 2127 Homo,
1053 2075 1142 2131 quis
1175 2088 1238 2117 me
1271 2074 1480 2117 constituit
1508 2072 1704 2130 judicem,
1739 2076 1812 2115 aut
1842 2071 2067 2116 divisorem
2097 2079 2219 2131 super

250 2141 363 2184 vos?
388 2139 495 2183 Non
523 2154 632 2198 ergo
661 2140 797 2184 habet
823 2140 1044 2198 judicium
1071 2154 1205 2198 super
1238 2154 1400 2184 omnes
1426 2153 1497 2184 res
1522 2139 1763 2183 humanas.

332 2220 372 2251 2.
392 2207 689 2252 PRAETEREA.
705 2207 868 2251 Nullus
886 2209 1023 2252 habet
1039 2208 1275 2267 judicium,
1293 2208 1381 2251 nisi
1399 2222 1534 2266 super
1551 2221 1619 2260 ea,
1638 2220 1754 2265 quae
1772 2214 1878 2250 sunt
1893 2205 1979 2250 sibi
1994 2206 2219 2265 subjecta:

252 2275 330 2319 sed
359 2275 545 2319 Christo
572 2275 779 2318 nondum
810 2276 1018 2319 videmus
1046 2275 1203 2319 omnia
1230 2290 1328 2319 esse
1354 2275 1571 2333 subjecta,
1605 2284 1653 2318 ut
1678 2274 1843 2317 dicitur
1868 2273 1982 2318 Heb.
2010 2286 2076 2328 2.;
2108 2287 2220 2333 ergo

251 2342 442 2393 videtur,
470 2342 591 2400 quod
621 2342 830 2386 Christus
857 2357 950 2386 non
977 2343 1143 2387 habeat
1170 2357 1302 2402 super
1329 2357 1490 2386 omnes
1516 2357 1587 2387 res
1609 2342 1835 2385 humanas
1857 2340 2091 2400 judicium.
2150 2379 2156 2384 .

345 2423 382 2467 3.
410 2409 707 2453 PRAETEREA.
724 2409 842 2468 Aug.
863 2411 971 2454 dicit
993 2424 1062 2454 20.
1082 2410 1136 2454 de
1156 2410 1256 2455 Civ.
1280 2410 1368 2453 Dei
1388 2409 1497 2469 (cap.
1515 2424 1554 2454 2.
1574 2411 1673 2453 circ.
1691 2409 1834 2467 med),
1853 2409 1976 2467 quod
1999 2424 2022 2450 «
2040 2408 2096 2452 ad
2111 2408 2222 2467 iudi-

253 2477 375 2520 cium
397 2477 599 2520 divinum
628 2477 822 2534 pertinet
847 2477 952 2530 hoc,
981 2478 1101 2536 quod
1129 2477 1358 2522 interdum
1375 2477 1485 2520 boni
1504 2476 1764 2534 affliguntur
1782 2478 1826 2519 in
1853 2475 1943 2519 hoc
1966 2475 2156 2530 mundo,
2177 2485 2222 2520 et

251 2544 479 2588 interdum
506 2554 843 2604 prosperantur,
862 2555 905 2588 et
923 2545 1132 2589 similiter
1150 2545 1260 2589 mali
1275 2562 1299 2587 »
1323 2561 1332 2590 :
1356 2545 1434 2589 sed
1462 2545 1551 2589 hoc
1570 2543 1655 2588 fuit
1681 2544 1819 2588 etiam
1842 2554 1947 2589 ante
1970 2543 2143 2590 Christi
2157 2545 2223 2589 in-

253 2612 592 2666 carnationem3
630 2626 740 2670 ergo
768 2626 862 2655 non
896 2613 1052 2656 omnia
1078 2612 1246 2671 judicia
1271 2612 1360 2656 Dei
1394 2612 1515 2656 circa
1546 2626 1618 2656 res
1650 2612 1877 2656 humanas
1907 2612 2134 2671 pertinent
2163 2611 2220 2657 ad

251 2679 539 2739 judiciariam
566 2688 840 2738 potestatem
870 2678 1055 2723 Christi.
1981 2670 1984 2676 ’

347 2746 442 2791 SED
477 2759 672 2791 CONTRA
701 2756 782 2799 est,
809 2746 930 2804 quod
959 2746 1120 2790 dicitur
1147 2747 1276 2804 Joan.
1310 2761 1370 2805 5.:
1398 2747 1526 2792 Pater
1543 2762 1662 2791 omne
1685 2746 1894 2805 judiciam
1910 2745 2021 2793 dedit
2039 2747 2171 2792 Filio.

339 2813 630 2859 Responmzo
658 2813 917 2867 dicendum,
941 2814 1064 2872 quod
1087 2814 1125 2857 si
1151 2814 1205 2857 de
1235 2814 1421 2858 Christo
1454 2813 1698 2873 loquamur
1730 2813 1983 2859 secundum
2015 2815 2219 2863 divinam

251 2890 475 2935 naturam,
510 2879 803 2924 manifestum
830 2890 910 2933 est,
938 2881 1060 2939 quod
1098 2895 1236 2925 omne
1270 2882 1489 2939 judicium
1516 2882 1662 2926 Patris
1699 2882 1894 2941 pertinet
1925 2881 1982 2927 ad
2015 2881 2212 2938 Filium3

252 2949 367 2994 sicut
393 2949 516 2992 enim
543 2949 678 2993 Pater
703 2947 811 2992 facit
838 2948 995 2991 omnia
1021 2948 1174 2992 Verbo
1202 2963 1300 3003 suo,
1327 2950 1389 2993 ita
1416 2959 1460 2993 et
1487 2949 1644 2993 omnia
1670 2950 1840 3008 judicat
1863 2949 2019 2994 Verbo
2040 2963 2149 2995 suo:
2181 2949 2220 2995 si

251 3030 360 3061 vero
386 3015 632 3075 loquamur
657 3015 713 3059 de
742 3015 928 3059 Christo
956 3015 1207 3059 secundum
1235 3027 1444 3060 naturam
1477 3017 1744 3071 humanam,
1772 3017 1835 3061 sic
1861 3016 2001 3061 etiam
2033 3015 2219 3062 manife-

252 3094 371 3129 stum
392 3094 459 3127 est
475 3083 597 3142 quod
621 3097 782 3127 omnes
805 3097 875 3127 res
898 3082 1128 3126 humanae
1153 3083 1403 3127 subduntur
1421 3086 1517 3142 ejus
1535 3084 1727 3142 judicio:
1752 3094 1797 3128 et
1816 3084 1908 3128 hoc
1927 3083 2222 3131 manifestum

252 3162 342 3196 est:
363 3153 506 3210 primo
534 3151 733 3210 quidem,
761 3151 798 3195 si
825 3151 1167 3194 consideremus
1195 3152 1510 3196 habitudinem
1534 3154 1713 3196 animae
1738 3151 1911 3197 Christi
1933 3152 1990 3196 ad
2011 3150 2216 3197 Verbum
2262 3146 2267 3149 “
2317 3146 2349 3212 2¹,-

251 3220 366 3263 Dei:
396 3220 433 3263 si
460 3219 582 3263 enim
608 3220 835 3278 spiritualis
853 3218 1016 3275 judicat
1038 3220 1194 3270 onmia,
1224 3229 1271 3262 ut
1298 3220 1460 3262 dicitur
1492 3234 1525 3263 1.
1556 3220 1610 3263 ad
1640 3220 1848 3264 Corinth.
1875 3232 1930 3275 2.‚
1948 3217 2220 3280 inquantum

253 3301 381 3330 mens
409 3288 505 3344 ejus
531 3286 684 3330 Verbo
717 3287 802 3330 Dei
837 3286 1056 3338 inhaeret,
1085 3285 1229 3328 multo
1259 3287 1404 3343 inagis
1439 3287 1591 3330 anima
1630 3287 1815 3340 Christi,
1842 3300 1960 3347 quae
1985 3297 2055 3332 est
2083 3286 2220 3346 plena

251 3354 440 3397 veritate
471 3353 611 3397 Verbi
648 3353 750 3407 Dei,
778 3367 910 3411 super
949 3353 1104 3396 omnia
1138 3353 1357 3409 judicium
1396 3354 1555 3397 habet:
1591 3354 1764 3398 secundo
1803 3363 1987 3413 apparet
2017 3353 2140 3398 idem
2167 3367 2222 3398 ex

252 3421 415 3464 merito
445 3421 604 3464 mortis
631 3422 750 3477 ejus:
780 3420 897 3478 quia,
925 3430 972 3463 ut
999 3419 1160 3462 dicitur
1181 3419 1402 3474 Rom.14.:
1425 3421 1471 3463 In
1492 3421 1563 3464 hoc
1593 3420 1783 3465 Christus
1808 3426 1995 3466 mortuus
2019 3427 2091 3479 est,
2111 3426 2222 3466 etro-
2298 3429 2352 3481 ³.'

2342 1666 2352 1699 ’Ξ

251 3491 447 3541 surrexit,
476 3494 519 3531 ul
544 3490 757 3540 vivorum,
782 3493 817 3531 et
844 3493 1106 3531 mortuorum
1130 3485 1379 3540 dominetur,
1406 3497 1450 3530 et
1476 3488 1580 3531 ideo
1609 3502 1742 3546 super
1764 3501 1926 3531 omnes
1947 3486 2087 3532 habet
2109 3485 2222 3547 judi·
2298 3490 2301 3492 ’

255 3555 392 3607 cium,
419 3565 603 3613 propter
629 3555 749 3613 quod
779 3564 823 3598 et
848 3553 1099 3613 Apostolus
1126 3553 1187 3596 ibi
1214 3553 1376 3606 subdit,
1395 3555 1517 3612 quod
1541 3570 1678 3599 omnes
1699 3556 1899 3599 stabimus
1920 3553 2222 3600 anteiribunal

257 3621 430 3674 Chr-isti,
470 3631 514 3665 et
540 3621 658 3665 Dan.
688 3634 727 3679 7.
756 3621 932 3675 dicitur,
961 3620 1084 3680 quod
1109 3619 1217 3665 dedit
1238 3621 1275 3665 εἰ
1293 3626 1547 3680 potestatem,
1576 3628 1613 3667 et
1639 3622 1852 3676 honorem,
1885 3627 1924 3666 et
1951 3632 2150 3680 regnum:
2173 3625 2221 3667 τί
