2352 3926
637 245 917 294 Quans'rro
958 246 1180 288 Lxxxw.
1219 246 1529 289 Ani-mutus
1567 247 1660 288 vn.
2027 230 2135 303 787

182 350 303 412 gruit
325 348 664 409 imperfectioni
692 351 858 396 veteris
889 350 1021 411 legis,
1047 360 1093 397 et
1116 350 1385 411 perfectioni
1414 364 1564 396 novae
1589 349 1717 410 legis
1750 348 1887 396 Unde
1919 358 1964 394 et
1988 349 2144 409 poeni-

180 417 322 465 tentia
346 416 393 462 in
417 417 563 474 veteri
586 416 690 476 lege
716 417 918 478 aliquam
950 419 1379 464 determinationem
1410 418 1581 473 habuit,
1614 426 1836 478 quantum
1867 416 2054 477 quidem
2083 417 2145 461 ad

182 484 408 539 dolorem,
429 494 480 530 ut
499 493 618 530 esset
639 485 787 544 magis
807 485 853 529 in
877 486 1030 541 corde,
1047 500 1186 546 quam
1205 487 1251 530 in
1269 485 1565 531 exterioribus
1588 486 1742 545 signis,
1759 483 2014 529 secundum
2030 482 2144 528 illud

177 551 293 612 Joel.
320 564 386 596 2.:
411 551 592 597 Scindite
616 552 745 597 corda
769 559 923 608 vestra,
950 560 989 599 et
1008 568 1092 598 non
1122 555 1363 599 vestimenta
1384 559 1547 598 vestra:
1576 562 1797 612 quantum
1823 561 1977 596 autem
2004 550 2060 596 ad
2082 564 2147 595 re-

181 619 387 665 medium
408 618 579 664 doloris
596 620 923 679 quaerendum,
948 630 998 664 ut
1025 620 1177 680 aliquo
1200 620 1342 665 modo
1368 620 1586 665 ministris
1602 619 1691 664 Dei
1717 629 1906 678 peccata
1931 631 2012 663 sua
2039 632 2145 663 con-

182 687 430 740 fiterentur,
456 686 511 731 ad
539 686 689 732 minus
725 687 773 731 in
814 687 1039 746 generali;
1071 688 1191 732 unde
1226 688 1456 732 Dominus
1483 687 1627 732 Levit.
1659 699 1696 745 5.
1729 687 1859 731 dicit:
1901 686 2079 741 Anima,
2111 686 2149 730 si

175 756 414 816 peccaverit
433 761 513 814 per
528 755 827 812 ignorantiam,
852 755 987 813 offeret
1008 757 1181 800 arietem
1193 755 1510 804 immaculatum
1524 755 1569 799 de
1584 755 1774 814 gregibus
1796 753 2012 808 sacerdoti,
2026 755 2150 812 juxta

182 835 437 876 mensuram,
471 822 878 880 aestimationemque
908 823 1086 881 peccati,
1123 823 1195 880 qui
1219 822 1358 866 orabit
1382 829 1463 881 pro
1495 836 1557 876 eo,
1584 823 1683 880 quia
1715 822 1893 865 nesciens
1923 820 2085 876 fecerit,
2111 825 2151 864 et

183 887 415 934 dimittetur
444 889 505 940 ei,·
533 887 580 931 in
605 887 696 932 hoc
723 888 846 932 enim
871 888 971 947 ipso
991 888 1114 947 quod
1133 887 1415 932 oblationem
1440 887 1634 932 faciebat
1660 887 1823 946 aliquis
1848 901 1932 946 pro
1958 896 2149 947 peccato

185 968 287 1010 suo,
313 955 661 1014 quodammodo
693 968 827 999 suum
853 965 1095 1014 peccatum
1128 954 1355 999 sacerdoti
1373 954 1687 999 confitebatur.
1709 954 1766 998 Et
1790 954 2044 999 secundum
2061 953 2152 998 hoc

185 1022 348 1068 dicitur
371 1021 506 1066 Prov.
535 1022 623 1067 28.:
663 1022 752 1078 Qui
782 1021 994 1067 abscondit
1023 1022 1175 1067 scelera
1197 1036 1291 1078 sua,
1322 1037 1404 1066 non
1430 1022 1656 1080 dirigetur:
1685 1023 1758 1081 qui
1788 1027 1926 1066 autem
1952 1020 2154 1080 confessus

177 1090 326 1147 fuerit,
350 1095 390 1135 et
409 1089 624 1148 reliquerit
643 1102 707 1143 ea,
732 1089 1064 1134 misericordiam
1097 1095 1375 1149 consequetur.
1401 1088 1619 1133 Nondum
1644 1098 1797 1132 autem
1830 1097 1926 1132 erat
1949 1089 2154 1133 instituta

185 1164 384 1217 potestas
410 1155 623 1210 clavium,
651 1169 766 1215 quae
794 1171 819 1200 a
845 1158 1057 1215 passione
1087 1156 1259 1202 Christi
1285 1157 1537 1210 derivatur3
1555 1165 1599 1200 et
1624 1170 1703 1215 per
1731 1169 2019 1215 consequens
2045 1169 2157 1200 non-

185 1223 297 1269 dum
322 1232 419 1268 erat
447 1222 718 1277 institutum,
766 1223 888 1283 quod
925 1223 1086 1284 aliquis
1110 1223 1286 1268 doleret
1317 1224 1373 1268 de
1405 1233 1596 1283 peccato
1630 1237 1735 1266 curn
1764 1223 1999 1282 proposito
2025 1222 2158 1282 subji-

187 1290 336 1336 ciendi
355 1304 404 1336 se
428 1305 509 1350 per
535 1289 890 1345 confessionem,
917 1301 962 1336 et
987 1291 1348 1336 satisfactionem
1374 1290 1577 1335 clavibus
1603 1289 1837 1334 Ecclesiae
1854 1290 1934 1335 sub
1954 1305 2033 1350 spe
2052 1304 2158 1335 con-

186 1357 448 1419 sequendae
462 1358 623 1403 veniae
649 1358 813 1403 virtute
845 1358 1070 1418 passionis
1098 1359 1283 1404 Christi.

274 1427 352 1472 AD
378 1438 594 1472 TERTIUM
620 1425 878 1482 dicendum,
913 1426 1037 1486 quod
1069 1426 1108 1471 si
1133 1426 1233 1486 quis
1261 1435 1384 1471 recte
1419 1425 1677 1470 consideret
1699 1439 1767 1480 ea,
1785 1439 1901 1485 quae
1926 1425 2156 1470 Dominus

187 1493 299 1539 dixit
321 1493 379 1539 de
402 1493 673 1539 necessitate
704 1493 919 1553 baptismi
938 1494 1070 1552 Joan.
1097 1508 1150 1554 3.‚
1181 1504 1391 1554 ternpore
1432 1502 1778 1552 praecesserunt
1810 1507 1864 1537 ea
1896 1507 2014 1552 quae
2047 1493 2158 1537 dixit

186 1562 348 1608 Matth.
387 1573 429 1617 4.
471 1562 528 1607 de
558 1561 828 1607 necessitate
858 1563 1180 1622 poenitentiae,
1206 1577 1315 1607 nam
1340 1563 1386 1607 id
1419 1561 1542 1622 quod
1569 1562 1679 1606 dixit
1709 1561 1970 1606 Nicodemo
1998 1561 2055 1606 de
2082 1561 2156 1605 ba-

189 1629 373 1689 ptismo,
412 1628 497 1674 fuit
539 1639 641 1674 ante
679 1629 1091 1675 incarcerationem
1117 1630 1322 1688 Joannis‚
1362 1629 1418 1675 de
1465 1644 1556 1689 quo
1591 1639 1750 1689 postea
1782 1628 1999 1683 subditur,
2033 1628 2156 1688 quod

189 1696 464 1757 baptizabat:
497 1695 610 1741 illud
642 1711 752 1742 vero
781 1697 904 1757 quod
931 1698 985 1742 de
1011 1698 1293 1756 poenitentia
1316 1697 1428 1742 dixit
1459 1697 1621 1742 Matth.
1648 1709 1690 1752 4.
1723 1696 1806 1741 fuit
1832 1706 1937 1757 post
1961 1697 2161 1741 incarce-

191 1764 415 1810 rationem
436 1764 639 1823 Joannis.
665 1765 713 1808 Si
745 1774 899 1809 tamen
925 1765 1048 1823 prius
1082 1765 1138 1809 ad
1170 1765 1501 1824 poenitentiam
1531 1764 1795 1818 induxisset,
1828 1778 1967 1823 quam
2001 1764 2057 1808 ad
2088 1764 2161 1807 ba-

191 1832 426 1892 ptismum,
452 1831 544 1876 hoc
586 1831 689 1876 ideo
733 1841 867 1886 esset,
900 1832 1007 1892 quia
1048 1833 1187 1877 etiam
1215 1842 1318 1876 ante
1347 1832 1627 1892 baptismum
1663 1831 1903 1891 requiritur
1935 1831 2161 1891 quaedam

191 1898 494 1960 poenitentia3
521 1898 637 1944 sicut
658 1909 704 1944 et
728 1898 889 1944 Petrus
915 1899 1024 1945 dicit
1049 1900 1153 1945 Act.
1175 1912 1238 1944 2.:
1258 1901 1559 1945 Poenitentiam
1581 1901 1703 1959 agite,
1725 1906 1761 1945 et
1779 1901 2012 1960 baptizetur
2038 1913 2162 1943 unus·

192 1968 359 2027 quisque
373 1972 570 2011 vestrum.

283 2034 360 2078 AD
388 2046 625 2084 QUARTUM
658 2033 918 2088 dicendum,
952 2034 1074 2094 quod
1114 2034 1324 2079 Christus
1355 2048 1450 2078 non
1490 2044 1559 2079 est
1601 2048 1708 2079 usus
1748 2034 1992 2094 baptismo,
2026 2047 2162 2093 quem

193 2100 290 2161 ipse
315 2101 520 2156 instituit,
547 2101 626 2146 sed
649 2111 716 2146 est
735 2101 985 2161 baptizatus
1010 2102 1239 2162 baptismo
1266 2102 1469 2161 Joannis,
1496 2112 1544 2146 ut
1576 2116 1711 2162 supra
1734 2102 1908 2146 dictum
1926 2111 1993 2147 est
2010 2102 2074 2161 (q.
2094 2116 2162 2161 39.

193 2174 275 2215 art.
299 2183 336 2215 1.
362 2175 402 2214 et
430 2171 491 2227 2.)
510 2185 524 2214 .·
551 2169 630 2214 sed
657 2183 742 2213 nec
775 2169 915 2214 etiam
947 2170 1095 2214 active
1128 2184 1235 2214 usus
1277 2179 1345 2214 est
1385 2183 1469 2214 suo
1503 2169 1781 2224 ministeri03
1808 2169 1914 2229 quia
1939 2169 2037 2229 ipse
2068 2183 2164 2212 non

195 2235 455 2296 baptizabat
481 2237 799 2290 communiter,
812 2236 892 2281 sed
911 2236 1122 2296 discipuli
1145 2238 1255 2296 ejuS,
1272 2246 1321 2281 ut
1343 2236 1506 2281 dicitur
1520 2237 1652 2295 Joan.
1674 2249 1732 2292 4.,
1751 2236 1959 2296 quamvis
1982 2236 2166 2280 creden-

199 2304 310 2348 dum
337 2303 406 2361 sit,
434 2304 557 2363 quod
584 2303 832 2363 discipulos
858 2318 967 2349 suos
993 2304 1300 2363 baptizaverit,
1320 2313 1370 2348 ut
1393 2304 1587 2364 August.
1625 2304 1734 2349 dicit
1760 2304 1815 2348 ad
1839 2303 2164 2348 Seleucianum

198 2369 330 2430 (epist.
355 2371 448 2416 108.
462 2377 571 2417 ‚ante
598 2370 701 2415 med.
728 2377 765 2415 et
790 2371 861 2416 lib.
884 2386 920 2431 3.
948 2371 993 2416 de
1016 2373 1178 2416 Anima
1192 2378 1232 2417 et
1256 2374 1341 2430 ejus
1358 2372 1463 2430 orig.
1487 2379 1577 2431 cap.
1595 2371 1673 2430 9.).
1698 2371 1821 2415 Usus
1848 2381 2002 2416 autem
2029 2370 2166 2430 hujus

196 2438 471 2483 sacramenti
498 2438 552 2482 ab
580 2452 636 2482 eo
662 2438 854 2483 instituti
878 2437 1007 2482 nullo
1034 2439 1177 2483 modo
1204 2439 1289 2483 sibi
1311 2439 1615 2498 competebat,
1636 2451 1722 2483 nec
1740 2448 1962 2498 quantum
1990 2438 2046 2482 ad
2072 2438 2163 2482 hoc

198 2504 323 2565 quod
360 2505 458 2565 ipse
498 2506 764 2564 poeniteret,
802 2506 849 2550 in
884 2521 976 2566 quo
1003 2517 1245 2566 peccatum
1286 2520 1380 2550 non
1413 2506 1509 2560 fuit,
1546 2521 1694 2566 neque
1731 2515 1951 2567 quantum
1994 2506 2049 2550 ad
2075 2506 2165 2550 hoc

200 2571 324 2631 quod
347 2572 439 2618 hoc
479 2583 820 2620 sacramentum
865 2574 964 2618 aliis
1000 2574 1250 2633 praeberet,
1285 2574 1391 2633 quia
1437 2575 1492 2619 ad
1532 2574 1863 2619 ostendendam
1906 2573 2162 2618 misericor-

202 2638 341 2693 diam,
363 2649 411 2684 et
429 2641 644 2685 virtutem
670 2655 816 2695 suam,
844 2640 1058 2686 effectum
1084 2641 1219 2701 hujus
1246 2642 1521 2686 sacramenti
1546 2644 1643 2686 sine
1665 2650 1955 2686 sacramento
1983 2640 2166 2700 praebe-

200 2706 291 2761 bat,
308 2716 357 2750 ut
384 2720 519 2767 supra
537 2708 709 2752 dictum
728 2718 796 2753 est
817 2709 923 2766 (art.
940 2723 978 2768 5.
997 2709 1084 2768 huj.
1102 2724 1142 2768 q.
1159 2709 1212 2753 ad
1224 2711 1297 2769 3.).
1317 2708 1667 2755 Sacramentum
1686 2719 1838 2753 autem
1855 2708 2167 2752 Eucharistiae

203 2782 250 2818 et
274 2773 369 2833 ipse
411 2774 616 2834 sumpsit,
644 2784 688 2819 et
714 2775 812 2819 aliis
839 2775 975 2830 dedit,
1007 2785 1106 2820 tum
1139 2777 1195 2820 ad
1233 2777 1652 2821 commendandam
1690 2774 2007 2820 excellentiam
2034 2775 2167 2833 hujus

201 2841 490 2895 sacramenti,
512 2851 610 2886 tum
635 2838 741 2901 quia
766 2842 858 2886 hoc
883 2853 1222 2888 sacramentum
1249 2853 1317 2888 est
1337 2843 1608 2889 memoriale
1626 2857 1734 2888 suae
1753 2842 1991 2902 passionis,
2013 2842 2060 2886 in
2079 2855 2168 2902 qua

204 2907 414 2953 Christus
441 2918 508 2954 est
532 2909 762 2964 sacerdos,
789 2918 834 2954 et
864 2909 1029 2954 hostia.

870 3058 1306 3116 ARTICULUS
1347 3059 1501 3116 VIII.
2085 3086 2165 3132 517

274 3171 467 3211 UTRUM
499 3170 878 3211 possm’rssurm
909 3172 1125 3212 DEBEAT
1153 3174 1374 3213 DURARE
1407 3172 1591 3220 usQuE
1625 3171 1699 3210 AD
1734 3172 1902 3212 FINEM
1933 3171 2118 3211 virAE.

474 3267 603 3326 (Infr.
631 3274 714 3314 art.
736 3283 777 3329 9.
795 3267 849 3313 ad
873 3284 909 3315 1.
936 3275 975 3315 et
999 3282 1041 3327 4.
1064 3270 1173 3315 Dist.
1196 3284 1258 3330 17.
1277 3285 1315 3329 q.
1339 3284 1378 3315 2.
1397 3274 1480 3314 art.
1506 3282 1548 3326 4.
1577 3283 1616 3327 q.
1642 3284 1676 3313 Ι.
1705 3274 1743 3313 et
1763 3268 1839 3327 2.).

297 3374 374 3419 An
410 3386 647 3418 ocTAthM
674 3373 738 3418 sic
766 3373 1037 3432 proceditur.
1071 3374 1276 3428 Videtur,
1314 3374 1435 3433 quod
1463 3373 1742 3433 poenitentia
1782 3386 1876 3416 non
1904 3372 2066 3417 debeat
2092 3371 2169 3417 du·

208 3456 308 3487 rare
332 3454 475 3500 usque
492 3441 548 3485 ad
575 3440 714 3485 finem
731 3441 872 3486 vitae:
891 3442 1170 3501 poenitentia
1189 3443 1310 3486 enim
1330 3441 1565 3485 ordinatur
1588 3440 1643 3483 ad
1662 3439 1940 3484 deletionem
1967 3440 2168 3499 peccati:

209 3509 289 3554 sed
313 3509 552 3568 poenitens
578 3508 731 3553 statim
758 3509 1049 3568 consequitur
1073 3510 1393 3554 remissionem
1427 3517 1738 3568 peccatorum,
1773 3507 2025 3551 secundum
2056 3506 2169 3552 illud

210 3575 375 3620 Ezech.
413 3575 501 3620 18.:
531 3575 578 3620 Si
603 3576 755 3635 impius
786 3577 910 3634 egerit
926 3577 1228 3635 poenitentiam
1254 3578 1305 3621 ab
1332 3577 1522 3620 omnibus
1534 3577 1715 3635 peccatis
1734 3576 1829 3628 suis,
1857 3588 1961 3633 quae
1978 3581 2172 3634 operatus

211 3644 384 3700 esa-vita
399 3643 527 3697 vivet,
546 3648 584 3687 et
598 3657 682 3687 non
707 3645 908 3688 morietur
918 3657 935 3696 ,·
953 3656 1063 3703 ergo
1080 3657 1174 3688 non
1193 3653 1373 3703 oportet
1388 3642 1574 3687 ulterius
1601 3642 1928 3702 poenitentiam
1946 3643 2169 3702 protendi.
