2352 3926
645 189 926 236 QUAESTIO
966 188 1081 227 xm.
1123 187 1430 228 Alimentus
1470 185 2063 240 11.137

61 279 241 359 laeam
264 291 489 351 discipulis,
517 290 627 335 dedit
651 292 708 334 eis
724 295 964 349 potestatem
988 291 1214 349 spirituum
1245 288 1574 342 immundorum,
1614 293 1659 332 ut
1691 288 1886 351 ejicerent
1919 301 1997 338 eos,
2032 292 2067 331 et

102 365 304 420 aurarem
329 373 489 403 omnem
515 358 772 416 languorem,
801 363 837 402 et
861 372 1021 402 omnem
1052 358 1351 413 infirmitatem.

58 423 71 443 -ψ

826 510 1259 568 ARTICULUS
1296 512 1395 565 111.
2010 525 2068 580 84

343 646 535 685 UTRUM
572 646 747 686 ANIMA
787 646 1003 685 CHRISTI
1044 646 1320 684 HABUERIT
1363 646 1830 686 OMNIPOTENTIAM

663 721 940 760 RESPECTU
980 720 1193 759 PROPRII
1235 720 1520 758 CORPORIS.

102 858 142 888 ᾗ,
184 829 269 874 ,ΑΒ
296 841 511 875 TERTIUM
536 829 601 874 sic
633 830 904 888 proceditur.
932 829 1135 884 Videtur,
1158 829 1281 888 quod
1309 831 1462 873 anima
1489 829 1662 873 Christi
1686 829 1896 874 habuerit
1921 828 2068 874 omni·

50 936 72 949 ,,
97 895 358 957 ,potentiam
384 906 589 956 respectu
606 897 776 956 proprii
793 897 1021 956 corporis:
1050 897 1159 941 dicit
1184 897 1308 941 enim
1334 897 1549 941 Damasc.
1577 897 1623 939 in
1649 911 1686 955 3.
1710 896 1785 941 lib.
1806 897 1951 952 (Orth.
1970 895 2065 941 Fid.

104 970 196 1023 gap.
226 978 296 1010 ao.
327 970 366 1008 et
398 965 493 1022 23.)‚
530 963 652 1023 quod
688 964 887 1009 «omnia
917 964 1142 1009 naturalia
1173 963 1355 1008 fuerunt
1388 963 1574 1008 Christo
1601 962 1874 1018 voluntaria,
1904 963 2067 1008 volens

56 1054 63 1091 ιΓ
104 1029 228 1085 euim
254 1030 452 1084 esurivit,
478 1030 637 1075 volens
663 1031 815 1085 sitivit,
832 1031 992 1076 volens
1015 1031 1180 1084 timuit,
1207 1030 1368 1076 volens
1395 1040 1602 1075 mortuus
1630 1040 1711 1084 est,
1734 1041 1880 1075 etc.›>:
1907 1030 1987 1075 sed
2014 1045 2070 1075 ex

50 1090 57 1111 ²
104 1078 196 1157 {ipe
222 1097 348 1143 Deus
373 1097 535 1142 dicitur
553 1098 859 1157 omnipotens,
887 1099 992 1157 quia
1023 1098 1181 1142 omnia
1204 1112 1521 1158 quaecumque
1547 1096 1694 1141 voluit
1717 1097 1848 1151 fecit;
1875 1111 1984 1156 ergo
2010 1097 2072 1140 vi-

52 1186 69 1220 ἡ
105 1159 255 1222 detur,
276 1164 399 1224 quod
425 1165 578 1209 anima
606 1164 779 1210 Christi
804 1166 1014 1210 habuerit
1034 1166 1419 1224 omnipotentiam
1436 1176 1645 1224 respectu
1666 1164 1941 1208 naturalium
1967 1178 2073 1223 ope-

59 1269 64 1276 .
103 1227 334 1289 rationum
355 1232 526 1292 proprii
552 1233 769 1292 corporis.

194 1311 234 1344 2.
266 1299 563 1345 PRAETEREA.
581 1299 633 1344 In
656 1299 842 1345 Christo
868 1299 950 1344 fuit
975 1299 1217 1359 perfectius
1237 1301 1440 1345 humana
1465 1309 1640 1354 natura,
1667 1314 1806 1360 quam
1827 1299 1873 1343 in
1896 1299 2070 1344 Adam:

61 1395 68 1415 z
102 1364 152 1419 in
164 1380 255 1426 quo
267 1367 519 1411 secundum
532 1366 802 1426 originalem
814 1369 1047 1427 justitiam,
1059 1383 1198 1428 quam
1215 1368 1374 1412 habuit
1388 1368 1434 1411 in
1451 1367 1742 1412 innocentiae
1760 1377 1892 1421 statu,
1907 1380 2072 1425 corpus

102 1429 271 1493 habeat
295 1434 486 1478 omnino
513 1435 767 1493 subjectum
795 1438 989 1490 animae,
1016 1445 1065 1480 ut
1089 1434 1204 1479 nihil
1221 1436 1266 1479 in
1294 1450 1487 1493 corpore
1515 1446 1670 1495 posset
1688 1435 1895 1479 accidere
1913 1444 2073 1478 contra

51 1521 69 1527 ’
105 1500 286 1546 animae
311 1500 621 1557 voluntatem3
646 1516 756 1561 ergo
783 1502 929 1547 multo
960 1504 1107 1562 magis
1134 1502 1287 1547 anima
1311 1501 1484 1547 Christi
1507 1503 1667 1548 habuit
1692 1502 2073 1562 omni-potentiam

105 1577 312 1627 respectu
337 1568 408 1612 sui
439 1569 657 1628 corporis.

47 1643 64 1680 ἲ
201 1649 238 1694 3.
264 1635 560 1680 PRAETEREA.
589 1636 662 1680 Ad
681 1632 1068 1714 'imaginationem
1095 1637 1275 1683 animae
1299 1637 1565 1682 naturaliter
1590 1651 1754 1697 corpus
1781 1637 2071 1714 immutatum

107 1711 154 1747 et
176 1711 305 1747 tanto
330 1703 495 1761 magis,
529 1712 699 1762 quanto
726 1704 874 1762 magis
901 1705 1054 1748 anima
1081 1704 1215 1750 fuerit
1239 1704 1367 1750 fortis
1393 1705 1750 1763 imaginationis,
1784 1714 1832 1748 ut
1857 1704 1903 1748 in
1934 1717 1971 1748 1.
1996 1703 2076 1747 ha-

42 1779 50 1812 .-·
105 1768 251 1838 bitum
277 1779 346 1814 est
372 1769 430 1829 (q.
462 1784 547 1829 117.
570 1777 639 1815 art
654 1786 691 1830 3.
713 1771 767 1815 ad
787 1786 809 1831 3
813 1771 876 1828 ..·)
905 1772 983 1816 sed
1011 1772 1163 1816 anima
1191 1772 1364 1817 Christi
1385 1772 1543 1816 habuit
1566 1773 1781 1816 virtutem
1807 1770 2075 1831 perfectissi-

42 1836 56 1887 ’,ᾗ
107 1850 248 1891 mam,
270 1846 316 1882 et
334 1847 555 1914 quantum
582 1838 638 1881 ad
664 1839 1057 1899 imaginationem,
1083 1847 1129 1884 et
1153 1849 1377 1898 quantum
1404 1841 1460 1883 ad
1484 1839 1594 1883 alias
1615 1840 1757 1894 vires;
1785 1852 1895 1898 ergo
1919 1837 2073 1882 anima

47 1903 66 1939 f
108 1902 282 1950 Christi
297 1902 381 1949 fuit
405 1905 696 1964 omnipotens
721 1905 768 1949 in
795 1916 1000 1964 respectu
1028 1906 1084 1950 ad
1111 1920 1276 1965 corpus
1301 1907 1550 1966 proprium.

47 1970 70 2026 J
109 2020 116 2026 A
197 1971 293 2016 SED
319 1984 516 2017 CONTRA
541 1982 622 2028 est,
649 1973 771 2031 quod
795 1973 957 2017 dicitur
974 1973 1112 2018 Hebr.
1131 1986 1187 2030 2.,
1211 1974 1334 2032 quod
1355 1974 1495 2018 debuit
1513 1981 1594 2034 per
1619 1975 1762 2018 omnia
1777 1974 1993 2032 fratribus
2014 1986 2075 2016 as-

51 2054 67 2097 j
108 2039 307 2093 similari,
326 2048 371 2085 et
386 2039 628 2099 praecipue
654 2041 699 2084 in
725 2040 796 2085 his
815 2055 931 2099 quae
949 2042 1175 2099 pertinent
1202 2040 1257 2084 ad
1281 2041 1595 2085 conditionem
1611 2050 1799 2084 naturae
1815 2041 2071 2084 humanae:

48 2115 72 2168 j
106 2105 186 2161 sed
211 2106 269 2157 ad
302 2105 615 2152 conditionem
646 2107 876 2152 humanae
909 2118 1098 2154 naturae
1132 2108 1341 2167 pertinet,
1375 2110 1497 2167 quod
1528 2108 1743 2153 valetudo
1777 2108 1996 2167 corporis,
2030 2116 2075 2151 et

50 2213 66 2225 ‚,
107 2173 206 2232 ejus
236 2174 438 2228 nutritio,
466 2184 511 2219 et
536 2186 835 2233 augmentum
862 2175 1055 2234 imperio
1084 2176 1287 2230 rationis,
1304 2190 1384 2220 seu
1401 2175 1646 2220 voluntatis
1678 2190 1774 2220 non
1805 2174 2072 2219 subdantur:

104 2238 214 2301 quia
228 2240 451 2285 naturalia
475 2241 564 2287 soli
584 2242 703 2296 Deo,
719 2243 796 2302 qui
824 2251 891 2287 est
908 2253 1068 2287 auctor
1085 2253 1288 2297 naturae,
1306 2243 1581 2298 subduntur;
1600 2257 1710 2302 ergo
1727 2257 1813 2287 nec
1826 2243 1873 2286 in
1887 2241 2073 2286 Christo

46 2308 65 2354 -ζ
108 2306 438 2364 subdebantur3
458 2323 553 2353 non
578 2309 715 2368 igitur
738 2309 891 2353 anima
918 2309 1093 2354 Christi
1117 2309 1199 2354 fuit
1226 2311 1524 2370 omnipotens
1550 2322 1759 2370 respectu
1785 2309 1957 2369 proprii
1979 2323 2076 2353 cor-

22 2399 28 2407 ·
108 2377 246 2435 poris.

51 2441 117 2503 {J
190 2430 480 2489 Responnno
491 2443 750 2501 dicendum,
762 2445 899 2503 quod,
908 2445 1025 2490 sicut
1035 2445 1208 2489 dictum
1221 2455 1288 2490 est
1299 2446 1386 2503 (art
1389 2453 1531 2505 ‚praec
1528 2446 1576 2504 .),
1586 2445 1915 2490 animaChristi
1925 2454 2076 2504 potest

51 2510 74 2560 ζ,
107 2482 333 2570 muniar
358 2510 660 2555 considerari:
686 2527 770 2556 uno
796 2511 916 2556 modo
944 2512 1195 2557 secundum
1213 2513 1445 2571 propriam
1461 2522 1688 2566 naturam,
1707 2523 1751 2557 et
1771 2512 2011 2567 virtutem3
2030 2521 2075 2556 et

103 2575 201 2627 hoc
227 2577 370 2622 modo
388 2579 505 2622 sicut
520 2592 614 2622 non
637 2588 816 2637 poterat
836 2579 1078 2624 immutare
1097 2580 1320 2624 exteriora
1338 2594 1532 2639 corpora
1554 2594 1578 2623 a
1597 2594 1744 2634 cursu,
1763 2589 1807 2624 et
1825 2579 1983 2624 ordine
2000 2593 2075 2622 na-

85 2644 263 2699 'sskrtfflzaffi
289 2644 352 2690 ita
377 2645 515 2691 etiam
541 2659 635 2689 non
668 2655 847 2705 poterat
876 2646 1121 2691 immutare
1148 2648 1384 2707 proprium
1412 2662 1578 2707 corpus
1605 2662 1630 2691 a
1661 2647 1856 2691 naturali
1889 2646 2076 2705 disposi-

66 2711 262 2767 tatiane:
289 2712 397 2772 quia
423 2713 576 2757 anima
603 2713 778 2758 Christi
802 2714 1054 2758 secundum
1079 2715 1310 2774 propriam
1327 2725 1536 2759 naturam
1560 2714 1698 2758 habet
1723 2714 2073 2758 determinatam

69 2792 83 2815 i·
110 2780 458 2841 proportionem
481 2780 536 2824 ad
563 2795 702 2824 suum¹
720 2795 910 2840 corpus:
944 2782 1027 2826 alio
1061 2781 1183 2826 modo
1212 2791 1365 2840 potest
1399 2782 1678 2826 considerari
1711 2781 1865 2824 anima
1889 2779 2075 2833 Christi,

111 2847 360 2893 secundum
383 2847 507 2906 quod
534 2857 601 2892 est
626 2847 979 2893 instrumentum
1002 2849 1179 2893 unitum
1206 2848 1358 2893 Verbo
1382 2849 1471 2893 Dei
1502 2849 1547 2892 in
1570 2863 1789 2907 persona3
1817 2857 1861 2891 et
1886 2848 1950 2891 sic
1977 2847 2075 2890 sub-

53 2923 76 2964 ῑ.
113 2912 298 2963 debatur
323 2916 419 2973 ejus
436 2915 648 2974 potestati
669 2915 868 2960 totaliter
894 2918 1047 2960 omnis
1066 2916 1306 2975 dispositio
1330 2916 1499 2975 proprii
1522 2916 1740 2974 corporis.
1771 2915 1894 2967 Quia
1919 2924 2073 2958 tamen

110 2979 251 3033 Virtus
277 2982 467 3027 actionis
493 2995 585 3027 non
608 2983 789 3041 proprie
813 2983 1066 3027 attribuitur
1089 2983 1409 3036 instrumento,
1428 2983 1505 3027 sed
1526 2982 1761 3041 principali
1780 2982 1947 3040 agenti,
1972 2979 2074 3024 talis

51 3059 88 3107 fg,
111 3048 443 3107 omnipotentia
465 3051 612 3107 magis
639 3050 892 3093 attribuitur
912 3050 999 3108 ipsi
1024 3049 1178 3094 Verbo
1207 3050 1310 3103 Dei,
1337 3065 1476 3109 quam
1500 3050 1679 3093 animae
1708 3049 1893 3093 Christi.

66 3111 86 3173 ζ’
202 3115 278 3160 AD
295 3129 482 3161 PRIMUM
501 3131 612 3175 ergo
630 3116 890 3170 dicendum,
909 3118 1030 3175 quod
1048 3118 1236 3161 verbum
1257 3118 1472 3161 Damasc.
1492 3128 1559 3161 est
1576 3116 1921 3175 intelligendum
1941 3128 2075 3173 quan-

111 3190 212 3233 tum
247 3183 304 3226 ad
338 3183 623 3229 voluntatem
651 3184 823 3229 Christi
841 3184 1060 3228 divinam:
1090 3185 1209 3243 quia,
1236 3185 1465 3243 sicutipse
1491 3184 1537 3228 iu
1565 3183 1939 3243 praecedentibus
1966 3181 2075 3224 dicit

118 3247 226 3309 (cap.
248 3263 312 3307 14.
339 3257 376 3295 et
399 3252 497 3309 ιφ),
533 3267 557 3292 α
582 3251 869 3310 beneplacito
898 3252 1078 3296 divinae
1105 3252 1352 3296 voluntatis
1378 3252 1721 3311 permittebatur
1747 3249 1871 3293 carni
1898 3248 2005 3307 pati,
2031 3258 2076 3292 et

100 3317 290 3375 >operari
313 3330 428 3375 quae
454 3319 635 3377 propria
652 3335 692 3362 ».

148 3408 149 3411 =
203 3383 280 3428 AD
306 3396 566 3430 SECUNDUM
592 3385 850 3440 dicendum,
878 3386 999 3445 quod
1027 3401 1120 3431 non
1158 3386 1411 3445 pertinebat
1439 3387 1528 3430 hoc
1564 3385 1619 3428 ad
1647 3384 1917 3442 originalem
1955 3383 2076 3441 justi-

116 3447 242 3503 tiam,
267 3464 404 3508 quam
427 3450 579 3495 Adam
603 3451 796 3496 habuit'
785 3467 832 3496 m
858 3463 975 3497 statu
1001 3453 1305 3507 innocentiae,
1332 3453 1454 3511 quod
1483 3453 1636 3496 anima
1661 3451 1862 3494 hominis
1889 3450 2096 3511 haberet

116 3516 328 3563 virtutem
359 3519 691 3562 transmutandi
714 3521 946 3579 proprium
974 3534 1137 3579 corpus
1159 3521 1204 3564 in
1232 3533 1570 3578 quamcumque
1602 3517 1814 3571 formam,
1840 3517 1918 3561 sed
1951 3518 2074 3576 quod

18 3579 78 3650 ᾖ
119 3594 272 3641 posset
300 3583 450 3642 ipsum
475 3597 745 3634 conservare
778 3587 946 3645 absque
979 3587 1107 3631 omni
1139 3597 1448 3639 nocumento;
1477 3596 1521 3630 et
1547 3585 1664 3628 hanc
1698 3585 1836 3629 etiam
1862 3584 2072 3629 virtutem
