2352 3926
249 260 357 314 354
796 255 1076 301 QUAESTIO
1115 255 1245 295 xm.
1279 255 1587 297 ARTICULUS
1627 255 1664 296 1.

244 361 376 405 lucem
401 360 598 418 gentium,
626 364 673 402 ut
703 359 756 402 sis
776 357 885 402 salus
915 371 1008 401 mea
1039 373 1164 416 usque
1195 357 1249 403 ad
1274 364 1505 403 extremum
1529 363 1695 402 terrae:
1722 357 1803 402 sed
1826 357 1999 413 lumen,
2032 367 2078 404 et
2101 357 2217 404 salu·

243 437 338 471 tem
366 426 575 471 Christus
603 424 808 483 praebuit
834 438 914 483 per
940 438 1071 468 suam
1098 425 1376 479 doctrinam3
1407 438 1518 483 ergo
1535 424 1713 469 videtur
1733 435 1897 484 parum
1921 423 2078 480 fuisse,
2092 440 2217 473 8180-

246 494 342 537 lum
364 493 561 550 Judaeis,
590 502 633 535 et
658 506 752 535 non
781 491 1038 535 Gentilibus
1064 492 1355 550 praedicavit.

337 573 375 603 2.
404 560 701 604 PRAETEREA.
747 558 875 602 Sicut
915 558 1079 602 dicitur
1120 560 1280 603 Matth.
1325 572 1386 617 7.
1412 560 1524 603 Erat
1555 549 1698 603 docens
1724 573 1802 611 eos,
1833 561 1941 606 sicut
1973 565 2216 619 potestatem

246 628 425 671 habens.-
453 627 531 670 sed
560 627 708 683 major
734 635 934 684 potestas
967 626 1200 670 doctrinae
1234 626 1520 670 ostenditur
1510 641 1555 668 m
1583 626 1879 671 instructione
1913 625 2113 680 illorum,
2136 627 2217 686 qui

244 693 423 752 penitus
451 691 565 735 nihil
594 691 845 745 audierunt,
865 691 1022 750 quales
1049 701 1176 736 erant
1195 692 1424 746 Gentiles;
1453 692 1571 735 unde
1590 690 1800 750 Apostol.
1828 691 1938 736 dicit
1957 691 2096 736 Rom.
2122 705 2213 749 15.:

242 761 313 806 Sic
335 759 587 818 praedicavi
613 759 893 817 Evangelium
914 759 1005 813 hoc,
1029 774 1112 803 non
1144 761 1216 804 ubi
1241 761 1479 803 nominatus
1504 765 1561 803 est
1587 758 1789 812 Christus,
1812 774 1862 803 ne
1883 766 2009 818 super
2034 759 2217 804 alienum

246 827 563 880 fundamentum
589 826 868 884 aedificarem·
897 840 1009 884 ergo
1037 825 1183 870 multo
1213 827 1359 885 tnagis
1388 826 1598 872 Christus
1625 825 1888 883 praedicare
1915 825 2071 870 debuit
2095 825 2218 870 Gen-

245 893 412 947 tilibus,
441 907 579 952 quam
600 892 798 950 Judaeis.
846 931 851 935 .

338 975 373 1019 3.
408 960 705 1004 PRAETEREA.
735 958 903 1004 Utilior
930 968 995 1004 est
1020 959 1257 1004 instructio
1286 959 1552 1012 multorum,
1580 974 1716 1018 quam
1741 959 1894 1004 unius:
1910 959 1989 1004 sed
2006 958 2216 1004 Christus

243 1027 419 1086 aliquos
450 1027 703 1072 Gentilium
724 1028 960 1081 instruxit;
979 1027 1095 1072 sicut
1112 1027 1353 1071 mulierem
1373 1028 1709 1071 Samaritanam
1730 1027 1860 1084 Joan.
1876 1023 1932 1082 4.
1961 1035 2006 1071 et
2034 1026 2216 1072 Chana-

244 1109 408 1139 naeam
436 1095 596 1138 Matth.
631 1107 723 1152 15.;
751 1109 861 1153 ergo
889 1095 1080 1148 videtur,
1107 1095 1230 1154 quod
1257 1094 1404 1139 multo
1437 1094 1597 1139 fortius
1625 1094 1836 1139 Christus
1863 1094 2068 1138 debuerit
2098 1092 2217 1137 mul-

242 1163 424 1207 titudini
451 1164 656 1220 gentium
683 1162 959 1220 praedicare.

335 1230 429 1274 SED
458 1242 654 1274 CONTRA
673 1239 753 1282 est,
773 1229 895 1288 quod
926 1229 1155 1272 Dominus
1183 1228 1304 1282 dicit,
1332 1228 1492 1272 Matth.
1527 1241 1616 1285 15.:
1644 1228 1743 1272 Non
1768 1242 1858 1271 sum
1883 1228 2043 1281 missus,
2067 1228 2148 1272 nisi
2164 1226 2218 1272 ad

245 1313 351 1351 oves,
381 1311 485 1355 quae
498 1298 713 1355 perierunt
736 1296 878 1340 domus
901 1297 1064 1340 Israel:
1091 1295 1171 1339 sed
1194 1297 1329 1339 Rom.
1362 1309 1427 1340 10
1452 1295 1640 1338 dicitur:
1661 1293 1881 1351 Quomodo
1895 1293 2215 1353 praedicabunt,

244 1367 327 1409 nisi
351 1365 607 1408 mittantur?
633 1363 754 1421 Ergo
783 1363 992 1407 Christus
1020 1377 1114 1406 non
1142 1363 1296 1406 debuit
1321 1362 1584 1420 praedicare
1610 1361 1698 1405 nisi
1718 1361 1915 1419 Judaeis.

335 1432 626 1476 RESPONDEO
651 1430 912 1484 dicendum,
935 1430 1057 1488 quod
1086 1429 1363 1473 conveniens
1389 1428 1473 1472 fuit
1505 1420 1894 1487 praedicationem
1922 1427 2094 1474 Christi
2119 1437 2238 1476 tam·

247 1513 328 1558 per
353 1498 519 1558 ipsum,
547 1512 683 1556 quam
712 1511 791 1555 per
817 1496 1070 1556 Apostolos
1097 1512 1122 1540 a
1147 1496 1370 1555 principio
1393 1495 1503 1540 solis
1519 1496 1703 1555 Judaeis
1726 1496 1950 1541 exhiberi.
1966 1498 2110 1556 primo
2129 1496 2222 1556 qui—

245 1566 366 1619 dem,
389 1575 437 1609 ut
455 1565 715 1608 ostenderet
736 1579 816 1622 per
839 1579 973 1608 suurn
993 1564 1239 1607 adventurn
1256 1563 1435 1622 impleri
1454 1563 1782 1622 promissiones
1810 1563 2054 1623 antiquitus
2073 1563 2218 1614 factas

243 1633 440 1691 Judaeis,
467 1646 560 1675 non
589 1641 741 1674 autem
770 1631 1048 1685 Gentilibus;
1083 1631 1204 1674 unde
1236 1630 1487 1689 Apostolus
1521 1631 1630 1674 dicit
1655 1631 1792 1676 Rom.
1830 1644 1920 1688 15.:
1950 1632 2059 1677 Dico
2096 1630 2222 1676 Chri-

242 1707 350 1744 stum
364 1700 504 1756 Jesum
530 1700 771 1742 ministrum
785 1699 916 1757 fuisse
942 1700 1285 1752 circumcisionis,
1314 1698 1429 1742 idest
1456 1697 1751 1756 Apostolum,
1779 1707 1822 1742 et
1848 1699 2212 1757 praedicatorem

238 1767 535 1825 Judaeorum‚
550 1771 726 1825 propter
741 1767 960 1809 veritatem
984 1767 1082 1819 Dei,
1099 1765 1152 1809 ad
1174 1765 1483 1824 confirmandas
1491 1767 1787 1824 promissiones
1804 1771 1980 1825 patrum
1999 1783 2012 1811 .·
2028 1766 2219 1821 secundo,

246 1843 295 1878 ut
321 1835 416 1892 ejus
445 1833 663 1876 adventus
698 1833 1013 1876 ostenderetur
1046 1847 1144 1877 esse
1173 1848 1197 1876 a
1222 1833 1340 1876 Deo.
1383 1834 1504 1889 Quae
1541 1829 1664 1876 enirn
1702 1847 1728 1876 a
1764 1833 1855 1877 Deo
1887 1839 1995 1888 sunt,
2023 1833 2220 1878 ordinata

243 1907 351 1955 sunt,
379 1910 428 1944 ut
456 1900 622 1944 dicitur
653 1899 790 1943 Rom.
824 1913 914 1958 13.;
942 1900 1032 1943 hoc
1061 1910 1215 1943 autern
1243 1900 1418 1943 debitus
1453 1899 1566 1943 ordo
1594 1900 1816 1958 exigebat,
1844 1910 1893 1944 ut
1911 1900 2110 1959 Judaeis,
2142 1900 2221 1959 qui

247 1970 352 2013 Deo
381 1979 507 2013 erant
534 1969 882 2027 propinquiores
909 1983 990 2027 per
1015 1968 1169 2021 fidem,
1188 1979 1232 2012 et
1249 1967 1422 2012 cultum
1442 1969 1574 2011 unius
1595 1967 1698 2021 Dei,
1718 1967 1840 2026 prius
1860 1967 2067 2011 doctrina
2090 1967 2222 2012 Chri-

245 2037 300 2080 sti
329 2046 674 2094 proponeretur,
703 2046 747 2080 et
772 2050 851 2095 per
878 2050 957 2080 eos
983 2036 1365 2079 transmitteretur
1392 2035 1446 2078 ad
1475 2044 1652 2094 gentes:
1673 2034 1789 2078 sicut
1807 2035 1945 2078 etiam
1961 2035 2009 2078 in
2031 2034 2221 2079 coelesti

242 2104 500 2148 hierarchia
526 2118 605 2161 per
630 2103 890 2162 superiores
918 2102 1108 2161 angelos
1137 2103 1193 2147 ad
1220 2102 1456 2146 inferiores
1484 2102 1664 2145 divinae
1690 2101 2048 2147 illuminationes
2087 2102 2218 2147 deve-

244 2171 375 2215 niunt
393 2170 550 2224 ;.unde
578 2185 712 2229 super
738 2170 848 2214 illud
876 2171 1036 2214 Matth.
1070 2184 1159 2228 15.:
1189 2171 1287 2215 Non
1313 2186 1403 2214 sum
1429 2172 1589 2224 missus,
1616 2172 1698 2214 nisi
1724 2170 1778 2214 ad
1803 2185 1912 2224 oves,
1946 2184 2051 2229 quae
2085 2171 2221 2230 perie-

244 2245 346 2283 runt
372 2238 514 2282 domus
540 2238 685 2291 Israel,
711 2238 818 2281 dicit
835 2238 1170 2297 Hieronymus:
1194 2254 1216 2278 «
1236 2238 1343 2282 Non
1365 2238 1456 2281 hoc
1475 2237 1597 2290 dicit,
1616 2237 1724 2296 quin
1743 2247 1787 2281 et
1805 2237 1859 2280 ad
1878 2247 2035 2296 gentes
2053 2237 2219 2281 missus

246 2306 316 2358 sit,
344 2305 422 2349 sed
451 2305 572 2363 quod
600 2305 799 2363 primum
827 2305 881 2347 ad
909 2304 1049 2348 Israel
1077 2305 1241 2349 missus
1269 2315 1337 2348 est
1353 2321 1403 2359 »3
1437 2306 1555 2348 unde
1589 2305 1674 2348 Isa.
1710 2304 1788 2349 ult.
1816 2304 2002 2349 dicitur:
2044 2305 2219 2350 Mittam
2285 2336 2288 2337 γ

246 2387 294 2416 ex
320 2373 389 2426 eis,
415 2373 486 2430 qui
510 2372 662 2415 salvati
679 2372 859 2430 fuerint,
889 2371 1063 2415 scilicet
1090 2386 1143 2415 ex
1163 2371 1362 2429 Judaeis,
1390 2372 1444 2415 ad
1467 2378 1614 2430 gentes,
1639 2378 1678 2416 et
1703 2373 2012 2416 annuntiabunt
2035 2371 2218 2430 gloriam

245 2454 381 2483 meam
405 2440 614 2497 gentibus:
644 2440 778 2491 tertio,
808 2447 857 2480 ut
877 2438 1059 2495 Judaeis
1089 2437 1284 2482 auferret
1310 2438 1621 2482 calumniandi
1648 2439 1912 2494 materiam3
1936 2438 2056 2483 unde
2077 2452 2214 2497 super

245 2506 357 2550 illud
385 2505 545 2549 Matth.
578 2518 667 2550 10.:
702 2505 753 2549 In
777 2507 897 2548 viam
922 2507 1107 2563 gentium
1130 2521 1179 2549 ne
1205 2507 1409 2564 abjeritis,
1429 2506 1538 2549 dicit
1555 2506 1888 2565 Hieronymus:
1920 2521 1944 2548 c<
1963 2505 2221 2564 Oportebat

245 2574 445 2633 primum
473 2573 717 2616 adventum
744 2571 917 2615 Christi
944 2572 1141 2615 nuntiari
1151 2572 1348 2629 Judaeis,
1367 2587 1424 2616 ne
1443 2575 1609 2631 justam
1627 2573 1847 2617 haberent
1864 2573 2223 2627 excusationem,

249 2642 466 2693 dicentes,
494 2640 597 2683 ideo
625 2653 673 2683 se
699 2639 955 2682 Dominum
982 2639 1210 2696 rejecisse,
1243 2640 1347 2698 quia
1381 2640 1436 2683 ad
1471 2650 1643 2698 gentes,
1678 2651 1720 2683 et
1754 2640 2068 2695 Samaritanos
2091 2640 2220 2698 Apo-

249 2707 393 2753 stolos
421 2707 636 2751 miserit»
658 2722 668 2760 ;
692 2712 857 2764 quarto,
888 2706 993 2764 quia
1021 2705 1231 2750 Christus
1258 2721 1337 2765 per
1365 2706 1527 2750 Crucis
1553 2707 1794 2750 victoriam
1827 2708 1992 2751 meruit
2023 2716 2221 2766 potesta·

245 2786 354 2834 tem,
381 2785 426 2819 et
452 2774 709 2818 dominium
735 2787 868 2832 super
895 2783 1082 2832 gentesj
1110 2774 1230 2818 unde
1257 2774 1419 2817 dicitur
1437 2773 1716 2834 Apocalyps.
1736 2787 1801 2819 2.:
1823 2776 1913 2832 Qui
1927 2777 2092 2830 vicerit,
2111 2775 2220 2820 dabo

247 2844 312 2887 illi
331 2848 576 2902 potestatem
599 2848 723 2900 super
746 2846 895 2898 gentes,
922 2842 1028 2884 sicut
1054 2846 1092 2884 et
1117 2855 1186 2898 ego
1213 2843 1351 2900 accepi
1374 2855 1398 2885 a
1426 2842 1549 2886 Patre
1572 2857 1674 2886 meo.
1694 2841 1748 2886 Et
1772 2841 1965 2902 Philipp.
1985 2855 2026 2887 2.
2043 2842 2221 2898 dicitur,

248 2910 371 2971 quod
401 2909 507 2970 quia
523 2910 665 2969 factus
690 2914 744 2952 est
770 2908 955 2952 obediens
981 2922 1104 2966 usque
1131 2908 1183 2952 ad
1209 2916 1385 2953 mortem
1412 2911 1561 2963 crucis,
1590 2910 1705 2954 Deus
1721 2910 1925 2956 exaltavit
1945 2910 2082 2965 ilhem,
2104 2916 2153 2957 ut
2174 2913 2220 2956 in

247 2981 415 3024 nomine
434 2979 529 3035 Jesu
556 2993 675 3022 omne
698 2977 1015 3035 genuflectatur,
1045 2981 1079 3019 et
1111 2978 1241 3020 omnis
1269 2977 1412 3035 lingua
1438 2979 1474 3021 ei
1500 2978 1768 3036 confiteatur:
1797 2988 1841 3022 et
1866 2978 1971 3023 ideo
1999 2989 2102 3024 ante
2128 2992 2224 3039 pns-

249 3049 428 3092 sionem
455 3059 586 3090 suam
612 3043 760 3088 noluit
787 3043 994 3101 gentibus
1017 3044 1267 3101 praedicari
1290 3058 1419 3087 suam
1444 3044 1724 3088 doctrinam:
1744 3046 1822 3090 sed
1841 3055 1944 3104 post
1961 3045 2221 3105 passionem

249 3115 359 3158 dixit
385 3111 618 3170 discipulis
636 3110 797 3154 Matth.
826 3110 929 3155 ult.:
951 3111 1104 3155 Euntes
1129 3110 1262 3155 docete
1287 3126 1421 3155 omnes
1441 3118 1600 3170 gentes:
1626 3122 1810 3172 propter
1831 3113 1970 3172 quod,
1991 3123 2041 3157 ut
2057 3112 2222 3173 legitur

245 3181 408 3239 Joann.
444 3192 523 3233 12.,
552 3192 656 3223 cum
684 3177 954 3221 imminente
981 3177 1208 3236 passione,
1236 3177 1420 3236 quidam
1442 3177 1646 3223 Gentiles
1679 3178 1849 3224 vellent
1867 3179 2025 3239 Jesum
2049 3180 2219 3235 videre,

252 3247 508 3307 respondit:
537 3247 634 3291 Nisi
657 3259 838 3304 granum
855 3245 1067 3303 frumenti
1093 3245 1237 3289 cadens
1263 3247 1307 3288 in
1335 3252 1492 3290 terram
1518 3252 1731 3291 mortuum
1748 3247 1899 3306 fuerit,
1927 3248 2063 3307 ipsum
2089 3247 2222 3292 solum

250 3321 414 3359 manet:
442 3316 476 3359 si
503 3319 640 3358 autem
667 3318 880 3356 mortuum
897 3312 1048 3370 suerit,
1075 3312 1253 3356 multum
1270 3312 1463 3371 fructum
1490 3314 1634 3372 affert.-
1662 3323 1719 3367 et,
1747 3314 1863 3358 sicut
1887 3313 2081 3373 August.
2114 3313 2231 3359 dicit·

250 3383 418 3426 ibidem
455 3381 630 3438 (scilicet
649 3386 770 3424 tract.
799 3393 859 3438 51.
893 3380 937 3422 in
963 3379 1087 3435 Joan.
1121 3380 1194 3422 cir.
1234 3379 1375 3436 med),
1396 3394 1484 3424 «se
1519 3380 1698 3424 dicebat
1731 3394 1924 3439 granum
1948 3379 2223 3426 mortifican-

254 3450 363 3493 dum
397 3449 442 3492 in
476 3446 740 3492 infidelitate
777 3445 1071 3504 Judaeorum‚
1115 3455 1159 3490 et
1202 3446 1598 3506 multiplicandum
1631 3447 1676 3491 in
1722 3447 1809 3492 fide
1842 3446 2050 3492 omnium
2082 3461 2224 3508 popu-

254 3518 407 3562 lorum
425 3533 467 3560 ».

344 3585 419 3628 An
446 3595 634 3628 prunum
662 3595 772 3640 ergo
795 3580 1055 3635 dicendum,
1082 3580 1203 3640 quod
1237 3579 1448 3625 Christus
1474 3580 1558 3625 fuit
1577 3582 1622 3625 in
1648 3581 1821 3635 lumen,
1839 3591 1884 3626 et
1899 3579 2092 3626 sahntem
2114 3594 2222 3645 gem

254 3651 370 3698 tium
397 3664 476 3711 per
502 3648 751 3710 discipulos
778 3662 900 3702 su08‚
928 3661 1042 3707 quos
1070 3647 1127 3693 ad
1153 3646 1509 3707 praedicandum
1536 3649 1744 3708 gentibus
1770 3647 1906 3695 misit.
