2352 3926
587 245 867 293 QUAESTIO
909 246 1115 287 xxxvn.
1156 246 1463 287 ARTxctJLus
1503 247 1539 286 1.
1934 247 2036 302 315

787 456 1222 515 ARTICULUS
1265 458 1308 512 Ι.
1955 481 2043 524 204

449 593 642 633 UTRUM
684 592 950 632 CHRISTUS
991 592 1265 631 DEBUERIT
1308 590 1654 630 CIRCUMCIDI.

102 698 233 762 (Insr.
259 716 298 762 q.
323 715 396 759 40.
421 708 505 748 art.
530 716 572 759 4.
599 708 714 762 corp.
737 707 776 746 et
798 714 841 759 4.
867 700 978 745 Dist.
1004 716 1040 746 1.
1068 715 1107 759 q.
1133 714 1175 746 2.
1200 705 1283 744 art.
1306 714 1346 744 2.
1374 714 1412 757 q.
1435 714 1471 758 3.
1498 706 1536 744 et
1562 707 1700 758 opusc.
1724 698 1796 744 60.
1824 705 1915 757 cap.
1937 698 2012 758 5.).

0 870 4 871 ⁷
165 813 245 859 AD
268 826 457 859 PRIMUM
482 814 547 858 sic
573 812 845 874 proceditur.
871 811 1076 866 Videtur,
1103 811 1225 871 quod
1253 810 1464 855 Christus
1486 823 1581 854 non
1613 809 1818 854 debuerit
1849 809 2040 854 circum·

0 884 3 891 '
77 881 191 936 eidi;
211 881 422 926 veniente
448 881 570 925 enirn
595 880 799 934 veritate,
827 888 975 924 cessat
1000 879 1167 938 figura:
1187 878 1267 923 sed
1284 877 1574 922 circumcisio
1591 875 1675 920 fuit
1691 876 1904 921 Abrahae
1922 889 2045 935 prae-

0 980 2 985 κ
77 959 209 1009 cepta
234 949 281 992 in
303 948 485 1007 signum
510 947 721 1001 foederis,
743 947 866 1006 quod
900 956 995 991 erat
1021 947 1075 990 de
1102 946 1277 990 semine
1303 945 1550 998 nascituro,
1585 954 1633 987 ut
1658 953 1783 1001 patet
1816 943 1931 988 Gen.
1954 956 2044 1002 17.;

76 1014 169 1060 hoc
203 1025 355 1060 autem
386 1014 547 1059 foedus
583 1014 666 1059 fuit
698 1014 743 1058 in
782 1014 955 1059 Christi
989 1013 1224 1057 nativitate
1262 1011 1568 1071 completum;
1604 1024 1714 1069 ergo
1755 1011 2042 1055 circumcisio

5 1122 8 1123 γ
76 1082 230 1128 statim
257 1096 434 1127 cessare
461 1082 627 1126 debuit.

165 1162 207 1194 2.
243 1150 540 1195 PRAETEREA.
578 1150 745 1195 Omnis
785 1149 958 1194 Christi
994 1149 1113 1193 actio
1150 1158 1306 1193 nostra
1342 1156 1411 1192 est
1443 1148 1695 1201 instructio,
1729 1146 1848 1190 unde
1882 1146 2044 1191 dicitur

0 1216 200 1277 Joan.
233 1231 320 1278 13
342 1217 591 1281 Exemplum
617 1217 708 1262 dedi
732 1218 865 1272 vobis,
892 1223 937 1261 ut
967 1216 1315 1276 quemadmodum
1346 1230 1416 1275 ego
1434 1215 1537 1274 feci,
1569 1215 1631 1259 ita
1668 1220 1707 1259 et
1741 1228 1815 1258 vos
1835 1214 2042 1273 faciatis:

0 1254 13 1326 {3
75 1284 156 1336 sed
179 1298 265 1330 nos
297 1299 391 1330 non
418 1284 635 1329 debemus
663 1283 943 1338 circumcidi,
970 1284 1223 1328 secundum
1249 1282 1361 1327 illud
1390 1281 1493 1327 Gal.
1526 1294 1586 1339 5.:
1605 1281 1651 1326 Si
1672 1280 2043 1335 circumcidimini,

78 1351 271 1398 Christus
293 1353 413 1397 vobis
436 1352 543 1397 nihil
561 1351 779 1413 proderit,·
818 1366 929 1411 ergo
965 1351 1157 1406 videtur,
1193 1350 1317 1410 quod
1351 1364 1436 1394 nec
1476 1348 1688 1395 Christus
1725 1347 1930 1393 debuerit
1961 1348 2045 1392 cir-

78 1419 292 1464 cumcidi.

170 1501 208 1546 3.
225 1485 523 1532 PRAETEREA.
553 1486 858 1532 Circumcisio
886 1495 954 1531 est
979 1486 1187 1530 ordinata
1212 1485 1259 1530 in
1285 1483 1541 1530 remedium
1573 1482 1808 1543 originalis
1834 1482 2043 1543 peccati:

77 1553 156 1599 sed
183 1553 392 1600 Christus
419 1568 515 1599 non
542 1553 766 1598 contraxit
790 1553 1013 1612 originale
1039 1562 1296 1612 peccatum,
1322 1561 1372 1596 ut
1388 1565 1442 1596 ex
1459 1565 1595 1611 supra
1618 1551 1750 1595 dictis
1767 1559 1893 1610 patet
1907 1551 1969 1610 (q.
1987 1564 2044 1610 15.

75 1627 159 1667 art.
186 1637 222 1667 1.
248 1628 285 1666 et
309 1623 369 1680 2.)
382 1636 399 1675 ‚·
428 1635 539 1681 ergo
568 1622 776 1667 Christus
801 1635 895 1665 non
923 1620 1076 1664 debuit
1102 1619 1383 1665 circumcidi.

168 1687 262 1733 SED
294 1701 490 1734 CONTRA
518 1699 598 1742 est,
625 1688 747 1748 quod
774 1688 939 1732 dicitur
963 1687 1074 1732 Luc.
1102 1700 1143 1731 2.
1160 1688 1416 1747 :Postquam
1433 1688 1709 1731 consummati
1723 1692 1819 1731 sunt
1834 1685 1917 1731 dies
1938 1691 2044 1741 octo,

0 1805 2 1810 ζ
75 1761 122 1800 ut
145 1755 511 1801 circumcideretur
529 1764 648 1816 puer.

165 1821 453 1867 Responmzo
480 1823 739 1877 dicendum,
762 1821 884 1881 quod
906 1822 1101 1882 pluribus
1122 1821 1168 1866 de
1201 1823 1335 1866 causis
1372 1821 1562 1865 Christus
1597 1820 1736 1866 debuit
1771 1819 2044 1865 circumcidi:

66 1890 215 1949 primo
238 1889 437 1948 quidem,
462 1900 511 1933 ut
534 1890 742 1933 ostendat
775 1890 1012 1933 veritatem
1050 1890 1195 1932 carnis
1231 1889 1475 1945 humanae,
1515 1897 1673 1932 contra
1704 1888 2044 1942 Manichaeum,

76 1956 154 2015 qui
180 1955 289 2000 dixit
312 1971 416 2000 eum
450 1956 662 2001 habuisse
700 1970 865 2014 corpus
902 1955 1263 2014 phantasticum3
1303 1965 1347 1999 et
1385 1965 1544 1999 contra
1580 1954 1935 2014 Apollinarium,
1968 1955 2046 2014 qui

77 2022 187 2067 dixit
212 2035 376 2082 corpus
404 2022 575 2068 Christi
602 2037 701 2068 esse
719 2023 943 2067 divinitati
961 2022 1369 2078 consubstantiale;
1390 2032 1434 2066 et
1456 2032 1614 2066 contra
1636 2021 1947 2076 Valentinum,
1969 2022 2047 2081 qui

0 2099 15 2134 ὲ·
77 2088 188 2135 dizit
209 2090 445 2136 Christum
472 2090 526 2134 de
553 2089 686 2134 coelo
723 2104 887 2149 corpus
929 2089 1155 2134 attulisse:
1192 2089 1382 2144 secundo,
1420 2098 1468 2133 ut
1505 2089 1777 2148 approbaret
1813 2089 2048 2133 circumci-

75 2153 271 2212 sionem,
297 2171 436 2217 quam
462 2156 574 2202 olim
600 2157 726 2202 Deus
753 2158 1030 2202 instituerat:
1065 2159 1197 2210 tertio,
1236 2167 1285 2201 ut
1315 2156 1639 2216 comprobaret
1670 2170 1719 2200 se
1753 2171 1852 2201 esse
1886 2156 1941 2200 de
1975 2170 2047 2215 ge-

34 2236 35 2239 ’
73 2235 182 2270 nete
207 2223 436 2279 Abrahae,
462 2225 539 2284 qui
566 2225 929 2270 circumcisionis
956 2225 1224 2268 mandatum
1242 2234 1483 2282 acceperat
1498 2224 1747 2282 insignum
1763 2223 1884 2278 fidei,
1903 2237 2042 2282 quam

76 2289 135 2348 de
157 2291 258 2351 ipso
283 2291 524 2337 habuerat:
551 2299 719 2351 quarto,
742 2302 792 2336 ut
802 2292 985 2350 Judaeis
1002 2291 1345 2336 excusationem
1365 2291 1560 2345 tolleret,
1579 2305 1636 2335 ne
1655 2305 1761 2335 eum
1779 2291 2046 2349 reciperent,

75 2359 117 2404 si
141 2369 261 2405 esset
284 2360 649 2405 incircumcisus:
676 2363 838 2420 quinto,
866 2370 915 2404 ut
937 2360 1181 2404 obediendi
1204 2360 1419 2404 virtutem
1447 2359 1579 2403 nobis
1597 2373 1680 2403 suo
1701 2358 2048 2403 commendaret

76 2426 311 2487 exemp103
337 2427 458 2472 unde
484 2437 529 2472 et
554 2437 719 2472 octava
745 2427 817 2472 die
845 2427 1142 2472 circumcisus
1169 2438 1251 2482 est,
1278 2427 1396 2472 sicut
1419 2427 1466 2470 in
1493 2426 1598 2485 lege
1615 2436 1712 2471 erat
1728 2436 2046 2486 praeceptum:

0 2505 19 2555 'fj
73 2499 200 2549 sexto,
226 2503 289 2549 ut,
311 2494 418 2554 quia
442 2494 489 2538 in
511 2494 856 2539 similitudinem
884 2497 1033 2539 carnis
1059 2494 1238 2554 peccati
1254 2494 1514 2548 advenerat,
1536 2494 1808 2548 remedium,
1826 2508 1917 2553 quo
1937 2507 2044 2538 caro

75 2561 251 2623 peccati
272 2571 576 2607 consueverat
600 2562 824 2617 mundari,
849 2576 944 2606 non
970 2563 1224 2622 resPueret:
1249 2563 1436 2621 septimo,
1465 2571 1514 2605 ut
1538 2559 1655 2619 legis
1681 2575 1798 2605 onus
1823 2561 1870 2605 in
1898 2575 1946 2606 se
1977 2575 2048 2605 su—

0 2626 24 2735 Ξ
75 2628 261 2683 stinenS,
287 2629 403 2674 alios
430 2644 456 2673 a
482 2628 595 2689 legis
622 2643 762 2691 onere
789 2629 1014 2684 liberaret,
1037 2629 1295 2674 secundum
1320 2628 1432 2673 illud
1459 2627 1564 2673 Gal.
1591 2641 1656 2683 4.:
1685 2630 1808 2674 Misit
1827 2629 1944 2674 Deus
1974 2629 2049 2674 Fi-

77 2694 181 2741 lium
204 2710 324 2741 suum
341 2697 508 2756 sactum
531 2698 603 2742 sub
630 2697 727 2755 lege,
754 2703 802 2742 ut
821 2711 890 2742 eos
914 2698 987 2755 qui
1010 2698 1082 2741 sub
1110 2696 1192 2755 lege
1218 2702 1353 2750 erant,
1380 2695 1614 2741 redimeret.

168 2762 245 2808 AD
270 2776 459 2808 PRIMUM
482 2778 592 2823 ergo
626 2763 886 2818 dicendum,
919 2763 1040 2823 quod
1076 2763 1366 2807 circumcisio
1400 2776 1480 2821 per
1512 2762 1819 2806 remotionem
1852 2761 2044 2807 carnalis

77 2827 316 2890 pelliculae
341 2831 387 2875 in
420 2830 629 2874 membro
666 2830 972 2889 generationis
1007 2830 1126 2875 facta
1160 2829 1445 2889 significabat
1480 2828 1804 2888 spoliationem
1839 2839 2044 2874 vetustae

78 2897 405 2956 generationis;
432 2911 458 2941 a
491 2912 580 2956 qua
612 2897 797 2956 quidem
830 2907 1053 2942 vetustate
1086 2897 1332 2941 liberamur
1368 2910 1449 2956 per
1480 2896 1745 2955 passionem
1784 2896 1967 2951 Christi,
2001 2904 2046 2941 et

0 2987 25 3028 1³5.
77 2962 181 3008 ideo
206 2964 372 3008 veritas
396 2964 532 3024 hujus
558 2963 730 3023 figurae
755 2978 850 3008 non
876 2964 959 3008 fuit
979 2964 1113 3023 plene
1135 2963 1324 3022 impleta
1351 2964 1397 3007 in
1427 2963 1600 3008 Christi
1625 2964 1874 3017 nativitate,
1898 2964 1976 3007 sed
1997 2963 2043 3006 in

78 3029 175 3088 ejus
197 3029 424 3089 passione,
452 3041 695 3090 antequam
719 3032 1006 3075 circumcisio
1029 3046 1160 3076 suam
1185 3032 1400 3075 virtutem
1427 3030 1510 3089 [al.
1536 3031 1793 3088 veritatem],
1817 3040 1860 3074 et
1876 3040 2045 3074 statum

76 3094 285 3152 habebat,
326 3108 371 3142 et
409 3098 514 3143 ideo
556 3099 708 3143 decuit
740 3098 977 3143 Christum
1010 3108 1114 3143 ante
1154 3113 1284 3143 suam
1317 3099 1595 3157 passionem,
1627 3107 1864 3156 tamquam
1897 3096 2043 3141 filium

78 3161 304 3218 Abrahae,
331 3164 610 3210 circumcidi.

0 3230 20 3238 ”’
167 3228 243 3274 AD
270 3243 529 3276 SECUNDUM
555 3231 817 3286 dicendum,
844 3233 966 3291 quod
986 3231 1195 3277 Christus
1223 3232 1623 3276 circumcisionem
1641 3231 1839 3289 suscepit
1856 3245 1911 3274 eo
1929 3241 2044 3275 tem-

0 2557 17 2628 fmwvg:
0 2472 9 2504 *w-
0 2402 18 2414 2¹
0 2331 9 2353 w
0 2190 18 2314 ''5⁴‘'⁴1''’*L‘**³‘
0 2046 8 2098 ι
0 1966 11 2034 :tv-‚m-
0 1928 4 1937 ν

0 3013 14 3023 a
0 2717 25 2988 *amsswv‘ssfflfflq
13 2699 16 2702 .
14 2684 19 2691 .

0 3028 20 3074 {³⁴

0 3126 13 3164 i

0 3240 14 3282 ὲ.

0 3287 37 3363 ζ
77 3304 204 3353 pore,
229 3310 320 3356 quo
346 3308 442 3342 erat
466 3298 548 3342 sub
570 3309 841 3358 praecept03
869 3309 912 3343 et
937 3299 1041 3343 ideo
1075 3314 1156 3343 sua
1190 3300 1308 3343 actio
1343 3300 1388 3342 in
1420 3300 1510 3342 hoc
1543 3308 1611 3342 est
1642 3298 1773 3341 nobis
1805 3298 2041 3352 imitanda,

0 3365 32 3440 Ξ
77 3370 127 3406 ut
149 3362 444 3409 observemus
468 3378 538 3420 ea,
560 3379 676 3424 quae
702 3375 806 3410 sunt
830 3376 987 3410 nostro
1012 3375 1220 3425 tempore
1239 3367 1284 3410 in
1310 3375 1576 3425 praecept03
1598 3365 1704 3423 quia
1730 3366 1952 3424 unicuique
1971 3381 2037 3410 ne-

0 3441 25 3505 5
74 3428 185 3486 gotio
210 3436 267 3475 est
297 3436 465 3491 tempus,
497 3438 535 3476 et
559 3434 861 3491 opportunitas,
888 3443 936 3477 ut
963 3433 1123 3478 dicitur
1149 3433 1302 3477 Eccle.
1331 3434 1372 3477 8.

171 3494 229 3539 Et
251 3506 484 3554 praeterea
508 3508 557 3541 ut
584 3497 714 3557 Orig.
756 3499 864 3543 dicit
901 3499 1033 3557 (hom.
1066 3513 1130 3557 14.
1169 3503 1213 3543 in
1249 3501 1352 3544 Luc.
1389 3501 1433 3542 in
1458 3499 1638 3557 princ),
1677 3514 1700 3539 «
1722 3498 1839 3543 sicut
1870 3498 2038 3543 mortui

78 3572 237 3606 sumus
262 3575 368 3607 cum
391 3562 474 3608 illo
501 3562 739 3618 moriente,
767 3574 811 3609 et
837 3566 1202 3610 consurreximus
1232 3566 1417 3610 Christo
1445 3565 1721 3623 resurgenti3
1754 3564 1817 3609 ita
1849 3564 2039 3611 circum-

82 3626 163 3672 cisi
184 3640 341 3674 sumus
370 3630 590 3690 spirituali
623 3631 971 3677 circumcisione
1002 3647 1084 3691 per
1110 3633 1370 3678 Christum:
1398 3641 1442 3676 et
1467 3631 1571 3675 ideo
1599 3630 1771 3676 carnali
1798 3634 2036 3677 circumci-
