2352 3926
324 224 434 279 794
822 221 1100 270 QUAESTIO
1139 222 1342 263 Lxxxv.
1382 198 1689 264 Alimentus
1728 223 1785 263 11.

1028 436 1464 496 ARTICULUS
1515 438 1588 494 11.
2164 467 2279 515 2521

649 574 842 614 UTRUM
880 539 1257 616 POENITENTIA
1298 575 1383 614 SIT
1426 575 1702 615 SPECIALIS
1741 575 1957 616 VIRTUS.
2031 611 2036 618 .

826 684 888 744 (4.
914 685 1030 731 Dist.
1055 699 1121 744 14.
1149 700 1187 745 q.
1218 698 1256 731 1.
1284 692 1365 733 art.
1397 702 1433 732 r.
1459 701 1498 746 q.
1525 701 1564 732 2.
1586 701 1623 747 3.
1646 693 1686 733 et
1703 687 1784 746 4.).

412 796 489 841 AD
518 809 779 842 SECUNDUM
807 797 871 841 sic
903 797 1178 856 proceditur.
1203 797 1409 854 Videtur,
1436 798 1558 859 quod
1575 798 1856 859 poenitentia
1879 811 1975 844 non
2000 797 2058 844 sit
2078 798 2287 859 specialis

323 864 489 909 virtus:
516 863 719 923 ejusdem
752 864 876 909 enim
901 865 1090 910 rationis
1115 865 1294 911 videtur
1325 880 1423 911 esse
1462 867 1660 926 gaudere
1697 867 1752 911 de
1777 866 1910 911 bonis
1935 866 2058 926 prius
2084 867 2211 922 actis,
2243 877 2289 912 et

325 931 479 976 dolere
506 931 561 976 de
594 931 726 976 malis
759 932 1046 993 perpetratis:
1074 933 1152 978 sed
1179 932 1398 992 gaudium
1435 934 1491 978 de
1515 934 1641 979 bono
1666 934 1789 994 prius
1819 932 1942 979 facto
1972 947 2068 979 non
2094 937 2290 995 est'spe·

326 999 452 1044 cialis
477 999 633 1054 virtus,
659 998 739 1044 sed
765 1010 833 1044 est
864 999 1051 1060 quidam
1089 999 1276 1046 affectus
1318 1000 1557 1046 laudabilis
1595 1016 1648 1047 ex
1675 1001 1896 1057 charitate
1919 1001 2208 1062 proveniens,
2238 1010 2289 1046 ut
2350 1036 2352 1039 .

324 1076 446 1127 patet
471 1081 551 1126 per
575 1067 696 1126 Aug.
729 1079 795 1123 14.
821 1067 877 1112 de
904 1067 1102 1113 Civitate
1126 1068 1217 1113 Dei
1242 1069 1421 1129 (implic.
1448 1077 1541 1130 cap.
1574 1083 1613 1130 7.
1639 1071 1681 1116 8.
1708 1076 1745 1116 et
1766 1069 1831 1130 9.)
1843 1084 1861 1123 ;
1888 1069 2009 1115 unde
2031 1078 2079 1115 et
2091 1069 2290 1131 Aposto-

325 1134 395 1180 lus
426 1148 462 1178 1.
490 1134 546 1179 ad
575 1135 783 1180 Corinth.
816 1148 882 1196 13.
909 1135 1032 1191 dicit,
1059 1135 1182 1195 quod
1209 1136 1396 1182 charitas
1415 1151 1499 1181 non
1521 1135 1672 1196 gaudet
1699 1145 1826 1198 super
1850 1138 2086 1196 iniquitate,
2113 1151 2291 1197 congau-

325 1202 388 1247 det
403 1208 540 1247 autem
555 1204 730 1248 veritati
739 1217 756 1256 ;
777 1217 887 1262 ergo
913 1204 1011 1262 pari
1043 1203 1219 1248 ratione
1240 1217 1325 1248 nec
1343 1204 1638 1262 poenitentia,
1655 1218 1771 1264 quae
1789 1213 1856 1250 est
1872 1203 2006 1249 dolor
2018 1204 2074 1250 de
2090 1206 2289 1264 peccatis

325 1270 590 1330 praeteritis,
608 1280 676 1316 est
692 1270 900 1331 specialis
919 1271 1075 1326 virtus,
1102 1271 1181 1315 sed
1200 1281 1268 1316 est
1288 1271 1473 1331 quidam
1491 1265 1751 1316 affectus'ex
1768 1272 1987 1317 charitate
2002 1272 2289 1332 proveniens.

415 1351 456 1382 2.
482 1338 781 1384 PRAETEREA.
811 1338 1059 1390 Quaelibet
1083 1339 1224 1385 virtus
1246 1338 1455 1399 specialis
1480 1338 1619 1384 habet
1644 1339 1884 1384 materiam
1906 1336 2167 1399 specialem,
2184 1339 2291 1400 quia

323 1405 504 1450 habitus
531 1405 867 1465 distinguuntur
892 1419 972 1465 per
1007 1415 1150 1461 actus,
1183 1416 1228 1451 et
1260 1415 1388 1451 actus
1423 1420 1504 1466 per
1538 1403 1740 1466 objecta:
1767 1405 1846 1451 sed
1883 1406 2164 1467 poenitentia
2193 1419 2290 1452 non

323 1473 463 1517 habet
487 1473 728 1517 materiam
755 1473 1026 1533 specialem3
1054 1483 1159 1518 sunt
1191 1475 1313 1518 enim
1342 1475 1439 1534 ejus
1473 1474 1666 1519 materia
1691 1483 1881 1534 peccata
1904 1474 2145 1534 praeterita
2171 1473 2293 1520 circa

326 1554 663 1600 quamcumque
690 1540 954 1596 materiam;
983 1555 1093 1600 ergo
1116 1541 1398 1619 poenitentia
1422 1556 1518 1587 non
1545 1551 1613 1586 est
1638 1541 1847 1618 specialis
1871 1541 2028 1588 virtus.
2183 1554 2187 1558 ’
2348 1594 2352 1596 ,

419 1622 456 1667 3.
483 1608 781 1653 PRAETEREA.
808 1607 936 1653 Nihil
963 1607 1214 1668 expellitur,
1239 1609 1328 1653 nisi
1353 1623 1379 1653 a
1405 1623 1489 1654 suo
1517 1610 1772 1653 contrario:
1799 1609 1879 1654 sed
1911 1608 2194 1668 poenitentia
2222 1621 2294 1654 ex·

325 1675 453 1736 pellit
479 1676 636 1719 omnia
660 1687 874 1735 peccata;
903 1690 1013 1735 ergo
1038 1677 1340 1721 contrariatur
1365 1677 1578 1721 omnibus
1604 1677 1834 1736 peccatis;
1858 1689 1955 1722 non
1976 1689 2089 1736 ergo
2110 1685 2180 1725 est
2198 1689 2294 1737 spe-
2348 1673 2351 1675 ’

327 1743 453 1790 cialis
478 1734 2352 1795 virtus.

417 1811 511 1855 SED
545 1824 741 1856 CONTRA
769 1820 848 1866 est,
881 1811 1004 1871 quod
1031 1810 1087 1856 de
1114 1825 1168 1855 ea
1195 1811 1325 1856 datur
1356 1811 1555 1872 speciale
1586 1811 1701 1871 legis
1733 1808 2043 1873 praeceptum,
2079 1821 2130 1857 ut
2157 1823 2295 1872 supra

330 1878 537 1922 habitum
565 1888 633 1923 est
660 1879 718 1938 (q.
737 1887 882 1939 praec.
908 1885 989 1924 art.
1011 1893 1049 1938 5.
1076 1885 1113 1923 et
1138 1880 1215 1938 7..)
2335 1910 2352 1943 ,T

417 1946 707 1992 RESPONDEO
735 1947 994 2001 dicendum,
1024 1948 1162 2006 quod,
1195 1947 1312 1992 sicut
1342 1948 1389 1991 in
1430 1960 1471 1993 2.
1508 1947 1717 1992 habitum
1744 1957 1812 1992 est
1836 1947 1936 2006 (1-2.
1962 1961 2002 2007 q.
2037 1958 2101 2006 54.
2138 1952 2221 1993 art.
2256 1961 2293 1993 r.

326 2014 381 2059 ad
405 2030 440 2060 r.
468 2020 504 2059 et
529 2021 612 2060 art.
638 2014 719 2072 2.)‚
746 2015 922 2074 species
954 2014 1193 2059 habituum
1226 2015 1562 2075 distinguuntur
1595 2016 1848 2060 secundum
1885 2014 2061 2075 species
2093 2025 2294 2069 actuum,

328 2092 373 2126 et
397 2082 500 2126 ideo
528 2082 606 2126 ubi
632 2083 831 2127 occurrit
861 2082 1072 2142 specialis
1105 2092 1232 2127 actus
1257 2081 1511 2138 laudabilis,
1537 2083 1598 2128 ibi
1624 2097 1811 2128 necesse
1838 2092 1906 2128 est
1929 2095 2101 2142 ponere
2125 2081 2296 2143 specia-

327 2149 420 2194 lem
451 2150 659 2195 habitum
684 2150 874 2195 virtutis.
901 2149 1195 2195 Manifestum
1225 2162 1291 2195 est
1317 2161 1485 2206 autem,
1527 2151 1651 2211 quod
1683 2151 1730 2195 in
1763 2149 2044 2210 poenitentia
2067 2148 2304 2195 invenitur*

328 2217 537 2277 specialis
562 2219 678 2263 ratio
706 2229 832 2263 actus
858 2217 1114 2273 laudabilis,
1132 2218 1308 2263 scilicet
1329 2219 1509 2279 operari
1527 2220 1582 2263 ad
1601 2219 1958 2263 destructionem
1979 2217 2158 2278 peccati
2171 2227 2296 2277 pra&l

327 2286 461 2340 teriti,
488 2286 759 2346 inquantum
787 2296 854 2331 est
879 2287 968 2330 Dei
994 2285 1183 2341 offensa,
1201 2287 1324 2346 quod
1349 2301 1445 2331 non
1471 2287 1666 2346 pertinet
1683 2286 1738 2330 ad
1754 2286 1981 2331 rationem
2008 2283 2191 2330 alterius
2212 2283 2297 2329 vir·
2313 2281 2347 2337 j-

328 2354 450 2398 tutis.
475 2354 610 2398 Unde
636 2368 823 2399 necesse
850 2364 918 2398 est
942 2368 1129 2413 ponere,
1156 2354 1279 2414 quod
1305 2354 1586 2414 poenitentia
1612 2364 1682 2399 est
1706 2353 1929 2413 specialis
1935 2353 2093 2399 virtus.
2156 2383 2161 2388 -
2268 2366 2275 2369 ”
2300 2352 2338 2398 ζ

419 2421 496 2465 AD
513 2434 703 2466 PRIMUM
731 2435 840 2480 ergo
869 2421 1128 2477 dicendum,
1151 2421 1275 2484 quod
1301 2436 1328 2466 a
1351 2422 1571 2466 charitate
1590 2421 1818 2466 derivatur
1833 2419 1998 2480 aliquis
2018 2429 2154 2466 actus-
2166 2418 2306 2480 dupli*

329 2490 458 2534 citer:
484 2504 565 2533 uno
591 2489 713 2533 modo
740 2490 857 2533 sicut
882 2489 936 2533 ab
966 2503 1020 2533 ea
1042 2488 1248 2543 elicitus;
1262 2498 1307 2534 et
1320 2488 1424 2534 talis
1447 2499 1574 2534 actus
1590 2489 1819 2533 virtuosus
1836 2501 1931 2533 non
1947 2487 2136 2548 requirit
2158 2486 2245 2540 ali·
2260 2510 2280 2526 ω

328 2556 542 2601 virtutem
569 2566 753 2615 praeter.
773 2556 1056 2611 charitatem,
1091 2557 1208 2601 sicut
1234 2556 1422 2616 diligere
1449 2556 1863 2616 bonum,-gaudere
1889 2555 1945 2600 de
1972 2569 2044 2611 eo,
2064 2565 2110 2600 et
2126 2555 2210 2601 tris

331 2624 387 2668 de
413 2626 656 2684 opposito:
683 2624 767 2669 alio
799 2623 920 2668 modo
955 2623 1116 2683 aliquis
1149 2634 1277 2669 actus
1304 2638 1329 2667 a
1357 2624 1577 2668 charitate
1613 2623 1833 2682 procedit,
1869 2623 2052 2683 quasia
2078 2621 2249 2669 charita
2264 2619 2289 2670 f‘

330 2692 602 2751 imperatus->3
630 2701 674 2736 et
699 2692 762 2736 sic
785 2691 890 2750 quia
915 2691 1013 2751 ipsa
1038 2691 1235 2751 imperat
1261 2692 1472 2736 omnibus
1503 2691 1755 2746 virtutibus,
1787 2700 1946 2751 utpote
1971 2690 2188 2736 ordinans
2207 2717 2211 2726 ·
2278 2686 2279 2689 '

332 2759 389 2803 ad
414 2758 554 2804 finem
577 2773 725 2814 suurn,
753 2769 879 2803 actus
907 2773 932 2802 a
959 2758 1178 2803 charitate
1204 2758 1456 2819 procedens
1482 2769 1633 2819 potest
1654 2759 1793 2804 etiam
1810 2759 1866 2803 ad
1884 2757 2023 2804 aliam
2048 2757 2173 2818 speci

330 2826 542 2871 virtutem
571 2827 808 2886 pertinere.
838 2826 886 2871 Si
913 2840 1023 2886 ergo
1050 2828 1097 2871 in
1124 2836 1227 2871 actu
1254 2827 1529 2887 poenitentis
1557 2827 1869 2873 consideretur
1892 2825 1993 2872 sola
2013 2825 2289 2887 displicw‘

331 2894 509 2953 peccati
534 2894 776 2954 praeteriti,
802 2894 893 2938 hoc
920 2894 1186 2939 immediate
1213 2896 1268 2939 ad
1295 2895 1565 2939 charitatem
1591 2895 1799 2955 pertinet,
1824 2894 1943 2940 sicut
1958 2902 2004 2939 et
2020 2892 2228 2954 gaudere*
2331 2919 2341 2925 ··

332 2962 464 3006 bonis
490 2962 765 3021 praeteritis:
792 2961 869 3006 sed
897 2961 1088 3006 intentio
1115 2962 1335 3021 operandi
1367 2963 1423 3007 ad
1456 2962 1733 3007 deletionem
1765 2961 1942 3022 peccati
1974 2958 2231 3023 praeteriti,

332 3029 468 3089 quirit
494 3029 742 3089 specialem
766 3030 982 3074 virtutem
1007 3029 1089 3074 sub
1118 3030 1351 3075 charitate.
2206 3028 2296 3091 Ψ

422 3098 498 3143 AD
526 3111 787 3143 SECUNDUM
814 3097 1072 3152 dicendum,
1106 3098 1228 3157 quod
1261 3098 1539 3157 poenitentia
1571 3098 1709 3143 habet
1740 3097 1926 3158 quidem
1957 3095 2139 3143 realiter
2172 3090 2240 3158 ,1⁷

331 3165 476 3210 ralem
503 3167 758 3220 materiam,
785 3167 1055 3226 inquantum
1080 3165 1263 3225 respicit
1289 3166 1444 3210 omnia
1471 3175 1684 3225 peccata3
1721 3163 1800 3210 sed
1825 3174 1980 3211 tamen
2011 3163 2247 3220 sabra-51„
2305 3219 2308 3222 ⁴

333 3233 534 3293 speciali,
561 3234 831 3293 inquantum
854 3232 1027 3278 scilicet
1052 3242 1157 3278 sunt
1182 3233 1486 3278 emendabilia
1511 3247 1591 3292 per
1614 3242 1767 3277 actum
1784 3232 1987 3278 hominis
2007 3231 2239 3292 cooperss
2267 3286 2279 3294 „

332 3301 435 3345 Deo
464 3301 519 3345 ad
547 3315 677 3345 suam
702 3300 1089 3360 justificationem.
2027 3320 2029 3323 ·
2182 3294 2198 3334 ἶ

421 3369 496 3414 AD
524 3381 740 3415 TERTIUM
767 3368 1026 3423 dicendum,
1053 3367 1175 3428 quod
1201 3367 1430 3428 quaelibet
1449 3368 1590 3414 virtus
1609 3367 1816 3427 specialis
1837 3365 2104 3413 formaliter
2109 3366 2222 3411 α’

333 3436 540 3481 habitum
565 3436 661 3481 vitii
687 3436 912 3497 oppositi3
939 3436 1056 3481 sicut
1072 3434 1235 3481 albedo
1269 3435 1451 3495 expellit
1483 3437 1768 3496 nigredinem
1802 3435 1856 3479 ab
1876 3433 2043 3490 eodem

336 3505 413 3549 sed
447 3504 726 3564 poenitentia
762 3503 947 3564 expellit
981 3517 1119 3549 omne
1151 3513 1390 3563 peccatum
1433 3502 1655 3559 effective,
1694 3503 1964 3563 inquantum
1999 3504 2193 3562 operib

336 3572 691 3617 destructionem
718 3571 909 3632 peccati,
936 3581 1071 3631 prout
1087 3580 1155 3616 est
1175 3570 1445 3617 remissibile
1472 3585 1527 3616 ex
1552 3571 1705 3615 divina
1727 3569 1888 3630 gratia,
1912 3567 2104 3614 homine
2128 3569 2208 3614 eb

335 3649 486 3694 rante3
512 3638 632 3685 unde
658 3653 752 3685 non
779 3639 994 3700 sequitur,
1022 3638 1144 3700 quod
1170 3638 1227 3685 sit
1251 3638 1391 3684 virtus
1420 3637 1659 3698 generalis.
2211 3648 2213 3650 ·
