2352 3926
0 2015 23 2105 “²³:92⁴
0 1896 19 1985 ’ὴν-Α,
0 1853 4 1856 ,

11 2446 15 2457 -
14 2389 20 2397 .
8 2340 17 2365 w<
8 2290 21 2331 »ω
5 2267 19 2284 <a
4 2156 32 2258 *mi*
4 2106 23 2144 we*

24 3030 30 3057 ,
25 3015 29 3019 ,
22 2947 41 3005 :1¹5-
20 2851 33 2938 ww,
19 2820 24 2840 .-

631 235 911 282 Qufflsno
950 235 1098 275 LXIV.
1138 234 1447 275 ARTICULUS
1486 234 1539 273 V.
1967 232 2074 288 537

111 354 206 386 non
221 348 411 399 possunt
430 337 544 382 alios
562 351 587 381 a
603 348 794 397 peccato
822 337 1058 391 mundare,
1084 336 1336 381 secundum
1359 335 1469 380 illud
1493 334 1632 379 Eccli.
1655 346 1748 393 34:
1766 334 1835 381 Ab
1858 333 2076 378 immundo

112 408 212 467 quid
243 406 549 451 mundabitur?
574 415 619 449 et
644 408 781 449 etiam
805 419 910 448 cum
942 405 1134 463 gratiam
1158 418 1251 448 non
1277 404 1488 456 habeant,
1511 417 1606 446 non
1633 402 1812 447 videtur
1838 401 1959 460 quod
1984 415 2081 459 gra-

110 474 223 521 tiam
241 472 446 518 conferre
466 473 659 531 possint;
677 474 782 531 quia
804 471 955 516 nullus
975 472 1050 515 dat
1072 471 1194 530 quod
1211 485 1304 515 non
1322 470 1479 524 habet3
1503 484 1595 513 non
1620 482 1731 528 ergo
1748 468 1939 522 videtur,
1956 467 2078 526 quod

112 555 192 601 per
213 540 362 585 malos
389 549 674 584 sacramenta
701 537 898 584 conferri
920 539 1108 597 possint.

202 620 242 652 2.
259 607 556 652 PRAETEREA.
578 605 699 650 Tota
725 606 864 649 virtus
891 616 1280 649 sacramentorum
1311 604 1539 648 derivatur
1566 617 1590 647 a
1610 600 1810 656 Christo,
1836 613 1885 646 ut
1907 602 2079 646 dictum

113 685 182 720 est
206 675 311 733 (art.
329 690 365 734 3.
385 675 471 732 huj.
495 674 581 732 q.).·
609 673 686 716 sed
714 672 824 716 mali
850 682 954 716 sunt
977 672 1169 730 praecisi
1193 686 1218 715 a
1246 672 1460 727 Christo·,
1486 672 1591 730 quia
1617 684 1710 714 non
1737 669 1909 715 habent
1934 668 2080 713 chari-

111 751 267 796 tatem,
299 756 379 800 per
410 755 547 800 quam
581 739 785 784 membra
819 739 955 797 capiti
986 740 1215 792 uniuntur,
1238 739 1488 783 secundum
1521 738 1632 781 illud
1670 751 1705 781 1.
1728 736 1858 795 Joan.
1890 749 1954 792 4.:
1991 737 2081 793 Qui

110 815 248 854 manet
274 810 318 852 in
344 809 560 862 charitate,
586 809 630 851 in
657 807 749 851 Deo
775 812 928 859 manet,
956 812 994 850 et
1015 805 1129 850 Deus
1150 807 1195 850 in
1220 820 1265 850 eo
1277 821 1293 858 ,·
1323 819 1433 863 ergo
1459 805 1651 858 videtur,
1677 804 1800 864 quod
1826 818 1906 863 per
1931 802 2080 848 malos

111 885 397 920 sacramenta
423 873 616 919 conferri
640 888 734 918 non
760 873 947 932 possint.

205 957 244 1002 3.
270 943 568 987 PRAETEREA.
597 940 646 985 Si
678 940 794 985 desit
826 938 995 998 aliquid
1026 940 1210 994 horum,
1243 953 1359 998 quae
1391 938 1596 982 debitum
1629 949 1696 983 est
1728 952 1827 983 esse
1858 938 1905 982 in
1936 951 2082 982 sacra-

111 1011 292 1064 mentis,
322 1021 419 1054 non
450 1008 678 1068 perficitur
702 1018 1062 1062 sacramentum3
1090 1008 1208 1051 sicut
1239 1007 1277 1051 si
1309 1007 1424 1051 desit
1449 1007 1599 1051 debita
1628 1005 1794 1060 forma,
1824 1005 1899 1050 vel
1931 1005 2081 1050 debita

111 1077 325 1122 materia:
348 1076 430 1121 sed
457 1076 632 1120 debitus
658 1075 862 1119 minister
893 1075 1168 1119 sacramenti
1195 1084 1263 1119 est
1293 1074 1384 1128 ille,
1416 1074 1494 1132 qui
1526 1083 1650 1117 caret
1675 1073 1857 1117 macula
1888 1073 2081 1132 peccati,

111 1144 363 1189 secundum
387 1142 499 1187 illud
527 1142 670 1187 Levit.
699 1154 792 1186 21.:
819 1142 960 1186 Homo
992 1142 1039 1187 de
1067 1143 1219 1186 semine
1251 1147 1318 1186 tuo
1346 1149 1426 1200 per
1442 1141 1652 1200 familias,
1686 1142 1758 1199 qui
1779 1141 1969 1184 habuerit
1992 1154 2081 1184 ma-

111 1211 267 1266 culam,
290 1225 375 1255 non
400 1210 539 1268 offeret
556 1217 685 1269 panes
711 1211 803 1254 Deo
833 1223 922 1263 suo,
945 1224 1018 1254 nec
1044 1209 1204 1254 accedet
1225 1208 1278 1253 ad
1303 1210 1581 1253 ministerium
1606 1210 1691 1267 ejus
1702 1223 1720 1261 ,·
1749 1221 1859 1266 ergo
1886 1208 2080 1262 videtur,

109 1277 232 1338 quod
259 1277 298 1322 si
323 1278 527 1321 minister
552 1278 608 1321 sit
639 1276 801 1329 malus,
827 1276 941 1320 nihil
967 1274 1188 1320 efficiatur
1212 1276 1259 1319 in
1285 1285 1589 1319 sacramento.

200 1343 296 1390 SED
319 1357 515 1390 CONTRA
540 1353 622 1397 est,
649 1344 772 1403 quod
798 1343 991 1401 August.
1019 1343 1128 1387 dicit
1159 1357 1293 1401 super
1323 1342 1434 1386 illud
1455 1342 1586 1400 Joan.
1620 1356 1677 1388 1.:
1704 1343 1839 1402 Super
1864 1357 1984 1402 quem
2015 1343 2080 1386 vi-

111 1410 218 1457 deris
247 1411 466 1471 Spiritum,
494 1421 580 1455 etc.
609 1411 750 1467 (tract.
778 1424 816 1469 5.
849 1413 892 1455 in
911 1411 1035 1466 Joan.
1069 1416 1162 1455 ante
1194 1410 1339 1468 med.).·
1372 1426 1396 1452 α
1416 1409 1542 1462 Quid
1567 1410 1614 1461 in
1645 1409 1834 1455 Christo
1869 1423 1965 1454 non
2002 1423 2083 1454 no-

89 1489 238 1524 *verat
255 1478 486 1536 Joannes?
513 1487 788 1537 potestatem
819 1478 1033 1536 baptismi
1063 1479 1211 1536 ipsum
1237 1477 1495 1522 Dominum
1521 1477 1798 1531 habiturum,
1825 1487 1871 1522 et
1901 1477 1985 1521 sibi
2011 1490 2082 1521 re-

109 1555 357 1599 tenturum,
389 1546 468 1590 sed
502 1545 803 1589 ministerium
836 1544 971 1604 plane
1003 1545 1298 1588 transiturum
1324 1545 1372 1588 in
1397 1545 1560 1598 bonos,
1587 1554 1633 1589 et
1658 1544 1832 1589 malos:
1867 1544 2082 1603 quidtibi

111 1611 220 1658 facit
243 1613 393 1658 malus
419 1612 640 1666 minister,
668 1613 744 1656 ubi
769 1612 916 1656 bonus
943 1622 1010 1656 est
1035 1612 1297 1656 Dominus?
1325 1629 1348 1654 »

200 1679 491 1726 RESPONDEO
516 1680 776 1733 dicendum,
803 1679 941 1738 quod,
968 1682 1084 1723 sicut
1110 1679 1282 1723 dictum
1309 1689 1375 1724 est
1400 1679 1501 1735 (art.
1528 1694 1564 1724 1.
1585 1685 1671 1739 et3.
1695 1679 1769 1738 huj
1786 1679 1864 1738 q.),
1883 1678 2078 1723 ministri

111 1747 344 1794 Ecclesiae
368 1747 773 1792 instrumentaliter
801 1757 1045 1806 operantur
1072 1747 1119 1790 in
1145 1747 1456 1801 sacramentis,
1490 1761 1546 1791 eo
1574 1747 1695 1805 quod
1730 1746 2078 1805 quodammodo

113 1813 272 1859 eadem
299 1814 415 1859 ratio
441 1824 509 1859 est
535 1814 743 1868 ministri,
761 1824 806 1858 et
820 1814 1135 1868 instrumenti;
1161 1814 1278 1858 sicut
1304 1825 1457 1858 autem
1484 1829 1619 1873 supra
1645 1814 1816 1859 dictum
1841 1824 1908 1859 est
1929 1815 1990 1873 (q.
2009 1814 2080 1859 62.

111 1888 194 1928 art.
219 1897 255 1927 Ι.
280 1889 321 1927 et
339 1884 422 1939 4.),
447 1882 797 1926 instrumentum
826 1896 922 1925 non
949 1883 1042 1940 agit
1068 1881 1320 1925 secundum
1347 1882 1580 1940 propriam
1603 1880 1820 1936 formam,
1843 1892 1920 1926 aut
1944 1881 2082 1925 virtu·

111 1959 221 2003 tem,
237 1948 316 1993 sed
333 1949 585 1994 secundum
602 1949 815 1992 virtutem
842 1948 953 2006 ejus,
972 1963 998 1991 a
1019 1962 1111 2007 quo
1135 1958 1369 2002 movetur3
1387 1959 1431 1993 et
1446 1949 1551 1992 ideo
1576 1949 1740 1993 accidit
1761 1949 2082 2004 instrumento,

111 2016 380 2076 inquantum
413 2026 482 2060 est
511 2016 878 2070 instrumentum,
904 2015 1289 2074 qualemcumque
1321 2014 1535 2070 formam,
1560 2015 1634 2060 vel
1661 2018 1875 2065 virtutem
1901 2015 2082 2070 habeat,

112 2094 291 2143 praeter
314 2083 359 2127 id
386 2082 510 2142 quod
536 2083 728 2142 exigitur
750 2083 805 2127 ad
828 2083 1055 2127 rationem
1082 2083 1395 2137 instrumenti;
1422 2084 1538 2127 sicut
1560 2083 1683 2142 quod
1707 2097 1872 2142 corpus
1899 2083 2082 2137 medici,

113 2151 236 2211 quod
263 2161 332 2196 est
356 2150 708 2194 instrumentum
736 2150 914 2194 animae
941 2150 1149 2194 habentis
1178 2160 1336 2205 artem,
1364 2151 1419 2194 sit
1446 2164 1624 2205 sanum,
1650 2150 1725 2195 vel
1750 2149 2010 2204 infirmum3
2037 2160 2082 2195 et

112 2218 231 2264 sicut
253 2218 377 2278 quod
408 2217 572 2274 fistula,
598 2232 678 2277 per
710 2232 849 2277 quam
879 2219 1039 2262 transit
1072 2232 1204 2277 aqua,
1237 2218 1294 2262 sit
1327 2228 1556 2276 argentea,
1583 2217 1658 2263 vel
1690 2217 1925 2277 plumbea;
1955 2218 2081 2262 unde

113 2284 568 2331 ministriEcclesiae
595 2295 785 2344 possunt
809 2295 1096 2329 sacramenta
1122 2284 1343 2339 conferre,
1371 2285 1551 2330 etiamsi
1575 2286 1664 2330 sint
1690 2285 1814 2331 mali.

201 2353 279 2398 AD
316 2364 507 2399 numm
548 2367 659 2411 ergo
691 2353 950 2406 dicendum,
985 2353 1108 2411 quod
1146 2352 1341 2396 ministri
1367 2352 1602 2397 Ecclesiae
1641 2367 1790 2412 neque
1826 2367 1851 2397 a
1882 2351 2082 2411 peccatis

113 2420 336 2467 mundant
359 2420 573 2465 homines
601 2419 656 2463 ad
681 2429 971 2464 sacramenta
1002 2419 1288 2473 accedentes,
1319 2433 1467 2478 neque
1500 2420 1694 2478 gratiam
1729 2418 1969 2464 conferunt
2000 2433 2083 2463 sua

111 2486 302 2542 virtut&
326 2487 407 2532 sed
431 2487 522 2531 hoc
548 2486 657 2531 facit
683 2486 892 2532 Christus
918 2501 1000 2532 sua
1026 2497 1250 2545 potestate
1282 2502 1363 2546 per
1389 2502 1484 2542 eos,
1517 2488 1635 2532 sicut
1660 2502 1739 2547 per
1764 2487 1990 2547 quaedam
2017 2487 2081 2531 in·

115 2558 390 2608 strumenta;
431 2564 477 2599 et
513 2554 620 2599 ideo
660 2553 850 2598 effectus
891 2554 1185 2613 consequitur
1214 2555 1261 2599 in
1302 2555 1650 2614 suscipientibus
1678 2565 1965 2600 sacramenta
1986 2569 2080 2599 non

115 2620 367 2665 secundum
405 2621 748 2666 similitudinem
790 2621 1119 2676 ministrorum,
1159 2622 1239 2666 sed
1277 2623 1532 2668 secundum
1569 2622 1984 2682 configurationem
2024 2621 2080 2666 ad

119 2686 369 2733 Christum.
1662 2700 1664 2702 ’

206 2754 285 2799 AD
309 2766 572 2800 SECUNDUM
597 2755 854 2810 dicendum,
881 2755 1004 2815 quod
1030 2771 1111 2815 per
1137 2756 1406 2801 charitatem
1433 2757 1640 2802 membra
1668 2757 1838 2803 Christi
1865 2757 2081 2801 uniuntur

117 2835 202 2866 suo
234 2820 385 2878 capiti,
415 2830 466 2865 ut
490 2822 544 2865 ab
571 2835 627 2867 eo
653 2823 794 2867 vitam
821 2824 1060 2882 recipiant:
1087 2824 1208 2883 quia,
1235 2834 1284 2868 ut
1308 2824 1474 2869 dicitur
1504 2838 1539 2868 1.
1561 2825 1692 2883 Joan.
1720 2839 1783 2884 3.:
1808 2826 1896 2882 Qui
1918 2840 2000 2868 non
2022 2823 2084 2868 di-

117 2889 223 2948 ligit,
248 2894 386 2932 manet
410 2889 454 2932 in
485 2895 642 2934 morte:
669 2900 818 2948 potest
843 2901 997 2935 autem
1032 2891 1192 2950 aliquis
1226 2893 1405 2950 operari
1431 2906 1511 2950 per
1542 2893 1895 2937 instrumentum
1922 2905 2080 2936 carens

116 2956 223 3010 vita,
241 2965 286 3000 et
302 2969 328 2999 a
345 2969 392 3000 se
410 2965 683 3014 separatum,
710 2968 929 3015 quantum
958 2959 1013 3002 ad
1040 2959 1245 3017 corporis
1272 2960 1506 3012 unionem,
1532 2960 1787 3004 dummodo
1814 2960 1871 3003 sit
1897 2959 2083 3016 conjun-

118 3034 242 3068 ctum
270 3037 350 3082 per
372 3022 601 3081 quandam
627 3024 904 3079 motionem3
938 3025 1066 3069 aliter
1097 3026 1220 3070 enim
1254 3036 1466 3085 operatur
1497 3025 1654 3071 artifex
1691 3041 1770 3084 per
1806 3040 2010 3079 manum,
2037 3034 2083 3070 et

118 3090 248 3136 aliter
272 3104 351 3150 per
377 3089 600 3143 securim;
626 3090 690 3134 sic
716 3090 852 3150 igitur
879 3092 1086 3137 Christus
1113 3103 1325 3152 operatur
1349 3094 1397 3137 in
1420 3093 1715 3138 sacramentis
1743 3102 1787 3136 et
1812 3107 1891 3151 per
1917 3092 2080 3146 bonos,

115 3168 335 3217 tanquam
368 3171 449 3215 per
473 3156 679 3202 membra
703 3158 914 3213 viventia,
947 3169 992 3204 et
1022 3174 1102 3219 per
1133 3161 1297 3215 malos,
1323 3171 1542 3220 tanquam
1569 3176 1647 3220 per
1679 3162 1981 3205 instrumenta
2012 3175 2082 3205 ca-

117 3236 262 3270 rentia
288 3235 394 3269 vita.

208 3292 284 3336 An
318 3304 534 3336 TERTmM
557 3290 817 3345 dicendum,
834 3292 957 3350 quod
984 3292 1151 3353 aliquid
1179 3306 1246 3339 est
1271 3295 1472 3340 debitum
1500 3309 1598 3340 esse
1624 3295 1670 3338 in
1696 3305 1984 3339 sacramento
2010 3294 2083 3340 du—

32 3390 44 3415 1-
110 3359 298 3419 pliciter:
324 3374 407 3403 uno
433 3358 554 3402 modo
587 3358 703 3402 sicut
735 3359 928 3404 existens
961 3360 1017 3404 de
1047 3363 1319 3406 necessitate
1347 3363 1644 3415 sacramenti;
1671 3363 1792 3420 quod
1826 3362 2011 3420 quidem
2042 3365 2087 3408 si.

119 3426 248 3479 desit,
273 3440 366 3470 non
394 3425 623 3484 perficitur
647 3436 1011 3481 sacramentum3
1034 3429 1150 3473 sicut
1170 3430 1207 3473 si
1230 3431 1346 3473 desit
1367 3430 1516 3473 debita
1542 3429 1705 3482 forma,
1722 3429 1795 3474 vel
1816 3430 1966 3474 debita
1988 3445 2081 3476 ma-

117 3494 254 3538 teria:
282 3494 364 3538 alio
390 3494 511 3537 modo
537 3502 604 3548 est
630 3491 797 3551 aliquid
824 3493 1024 3539 debitum
1051 3509 1151 3540 esse
1177 3498 1223 3541 in
1249 3507 1536 3540 sacramento
1570 3497 1822 3540 secundum
1848 3499 2079 3556 quandam

119 3561 402 3614 decentiam3
429 3570 475 3605 et
497 3560 588 3604 hoc
616 3559 758 3604 modo
785 3559 987 3605 debitum
1013 3572 1094 3616 est,
1120 3573 1170 3608 ut
1194 3564 1388 3607 ministri
1418 3574 1813 3608 sacramentorum
1839 3564 1931 3610 sint
1953 3566 2078 3611 boni.
