2352 3926
181 248 403 315 st836

957 223 1129 296 mnssx
1174 235 1599 301 QUAESTIONt‘JM.

290 360 700 396 Lx.nesacramemis.
733 385 743 393 .
779 384 787 392 .
913 384 922 394 .
955 384 965 394 .
999 383 1008 392 .
1056 357 1146 402 pag.
1170 346 1238 399 498
1309 354 1548 392 Lxx-ane
1565 355 1674 390 modo
1691 366 1761 401 quo
1787 355 1949 390 Christus
1970 365 2025 391 est
2047 346 2179 394 32³1,oe

291 413 384 446 LXI.
403 414 455 446 De
472 413 679 445 necessitate
696 417 1010 443 sacramentorum.
1046 435 1055 442 .
1091 435 1099 444 .
1138 433 1147 441 .
1175 417 1240 451 509

292 465 403 499 LXII.
423 465 474 497 De
491 462 671 509 principali
694 461 820 495 effectu
844 467 1152 501 sacramentorum,

382 517 440 561 qui
455 523 509 549 est
524 515 634 560 gratia
652 538 1062 549 ..........
1093 538 1105 563 ‚⁶
1143 536 1151 544 .
1180 521 1245 555 514

293 568 422 602 LXIII.
451 568 503 600 De
526 566 651 600 effectu
677 571 985 605 sacramentorum,
1013 563 1072 608 qui
1101 571 1157 596 est

384 620 559 653 character
561 640 1152 655 ..............
1181 625 1242 657 523

293 671 419 704 LXIV.
437 671 489 704 De
508 681 611 704 causa
627 676 924 702 sacramentorum
965 692 1153 702 .....
1182 677 1242 710 531

293 723 401 758 LXV.
420 723 472 755 De
489 733 633 755 numero
651 727 947 754 sacramentorum
965 744 1152 755 .....
1183 727 1247 761 544

294 774 420 810 LXVI.
438 774 491 807 De
506 773 759 818 pertinentibus
775 772 818 805 ad
827 778 1081 805 sacramentum
1098 770 1157 804 ba-

382 826 499 870 ptismi
510 847 1155 860 ................
1184 833 1220 866 55
1230 833 1244 856 1

296 877 440 912 va11.
458 877 510 910 De
523 869 702 917 ministris,
716 886 777 920 per
785 886 874 920 quos
886 875 1031 908 traditur
1043 875 1157 919 bapti-

385 930 450 962 smi
467 936 722 962 sacramentum
747 951 1154 963 ..........
1184 936 1247 970 570

295 980 458 1016 LXVIII.
477 981 529 1014 De
547 980 818 1025 suscipientibus
833 980 1041 1024 baptismum
1058 1006 1064 1012 .
1101 1005 1110 1013 .
1147 1003 1156 1011 .
1184 979 1247 1021 580

295 1033 426 1069 LXIX.
444 1033 497 1066 De
514 1032 694 1065 effectibus
712 1031 875 1076 baptismi
878 1055 1156 1068 .......
1185 1030 1248 1074 596

295 1085 406 1120 LXX.
423 1085 476 1117 De
495 1084 774 1125 circumcisione,
791 1093 879 1128 quae
895 1083 1084 1128 praecessit
1099 1081 1157 1115 ba-

386 1137 550 1181 ptismum
568 1159 1157 1172 ..............
1184 1134 1247 1166 608

297 1187 427 1224 LXXI.
441 1189 493 1221 De
506 1187 782 1232 praeparatoriis,
796 1197 883 1231 quae
892 1185 997 1220 simul
1015 1196 1159 1219 concur·

386 1248 466 1273 runt
483 1252 561 1273 cum
573 1240 745 1284 baptismo
749 1262 1159 1276 ..........
1185 1237 1245 1279 615

297 1291 445 1327 LXXII.
463 1292 516 1325 De
529 1300 746 1325 sacramento
765 1290 1041 1325 confirmationis
1058 1316 1067 1324 .
1103 1316 1111 1323 .
1149 1314 1157 1321 .
1178 1289 1250 1326 ,620

297 1343 467 1379 LXXIII.
484 1344 538 1376 De
547 1351 764 1377 sacramento
777 1343 1014 1376 Eucharistiae
1031 1352 1160 1375 secun-

387 1397 467 1429 dum
484 1407 522 1429 se
526 1421 1159 1433 ...............
1186 1394 1251 1437 636

299 1448 461 1484 LXXIV.
475 1449 528 1481 De
541 1449 684 1481 materia
694 1448 932 1481 Eucharistiae
942 1454 1108 1492 quantum
1117 1447 1161 1479 ad

388 1501 539 1545 speciem
571 1524 1161 1536 ..............
1187 1498 1252 1541 644

298 1553 444 1588 LXXV.
461 1553 514 1586 De
531 1553 760 1586 conversione
777 1553 888 1596 panis,
900 1559 936 1585 et
945 1552 1018 1585 vini
1034 1552 1070 1584 in
1087 1562 1163 1585 cor-

388 1616 465 1650 pus,
483 1613 517 1639 et
533 1605 740 1650 sanguinem
758 1604 889 1638 Christi
925 1628 1158 1639 ......
1186 1604 1252 1647 654

1402 415 1620 441 sacramento
1631 433 2042 446 ..........
2092 410 2176 456 Peg.
2202 412 2266 445 668
2319 385 2340 419 ἰ’

1312 459 1497 496 LXXVII.
1523 459 1576 493 De
1600 459 1839 493 accidentibus
1859 461 2119 495 remanentibus
2141 460 2188 499 ξι-

1403 512 1472 552 hoc
1487 520 1706 545 sacramento
1722 538 2132 549 ..........
2148 502 2270 549 ⁴{680

1313 556 1516 600 LXXVIII.
1531 563 1585 596 De
1598 557 1711 597 forma
1723 564 1929 597 sacramenti
1941 563 2181 599 Eucharistiae
2203 567 2266 609 693

1314 614 1481 651 LXXIX.
1504 615 1557 648 De
1584 615 1767 648 effectibus
1788 617 1996 650 sacramenti
2009 615 2181 650 Euchari-

1403 667 1491 700 stiae
1494 691 2175 704 ................
2222 676 2265 711 ος

1315 718 1463 754 LXXX.
1482 719 1535 751 De
1550 729 1630 760 usu,
1649 729 1711 751 seu
1727 720 1926 764 sumptione
1943 719 2046 765 hujus
2069 730 2182 754 sacra·
2199 677 2221 713 ⁷

1405 771 1514 804 menti
1530 771 1567 804 in
1584 772 1764 804 communi
1767 794 2178 809 ..........
2203 772 2269 816 716

1315 822 1481 859 LXXXI.
1495 823 1548 856 De
1561 823 1683 864 modo,
1697 834 1767 868 quo
1779 821 1938 857 Christus
1950 833 2037 857 usus
2045 832 2100 857 est
2112 824 2180 858 hoc
2211 825 2219 833 ⁴

1404 883 1621 908 sacramento
1632 901 2179 912 .............
2203 877 2269 921 738

1315 927 1504 964 LXXXII.
1522 927 1575 960 De
1592 928 1753 960 ministro
1770 927 1873 972 hujus
1888 929 2096 962 sacramenti
2123 955 2133 964 .
2168 953 2177 962 .
2203 938 2266 973 743

1316 979 1522 1015 LXXXIII.
1540 979 1594 1012 De
1612 981 1679 1012 ritu
1696 979 1799 1024 hujus
1815 979 2044 1015 sacramenti.
2079 1005 2089 1015 .
2122 1006 2133 1015 .
2169 1004 2180 1015 .
2204 981 2270 1024 756

1315 1031 1516 1068 LXXXIV.
1535 1031 1588 1064 De
1606 1039 1824 1064 sacramento
1840 1031 2089 1078 poenitentiae.
2123 1058 2133 1068 .
2170 1056 2180 1065 .
2203 1032 2270 1076 776

1316 1084 1497 1118 LXXXV.
1521 1084 1574 1116 De
1600 1091 1817 1117 sacramento
1843 1083 2094 1128 poenitentiae,
2121 1093 2180 1116 se-

1407 1136 1558 1168 cundum
1575 1136 1669 1180 quod
1686 1144 1739 1168 est
1754 1136 1864 1169 virtus
1903 1160 2179 1173 .......
2204 1144 2270 1179 79²

1316 1187 1516 1222 LXXXVI.
1548 1188 1601 1220 De
1633 1188 1760 1221 effectu
1794 1188 2031 1232 poenitentiae
2067 1187 2182 1232 quoad

1406 1238 1605 1272 mortalium
1621 1247 1843 1284 peccatorum
1858 1240 2101 1273 remissionem
2125 1265 2134 1274 .
2171 1265 2182 1276 .
2205 1239 2272 1273 800

1318 1290 1535 1326 LXXXVII.
1555 1291 1608 1324 De
1625 1292 1832 1324 remissione
1853 1291 2043 1326 venialium
2052 1301 2180 1336 pecca»

1406 1351 1522 1376 torum
1546 1367 2180 1380 ...............
2204 1342 2270 1387 809

1317 1393 1556 1430 LXXXVIII.
1575 1395 1628 1427 De
1651 1396 1765 1428 reditu
1781 1402 2003 1440 peccatorum
2019 1405 2081 1440 per
2095 1405 2183 1440 poe-

1409 1447 1593 1479 nitentiam
1611 1446 1833 1480 dimissorum
1859 1472 2180 1484 ........
2205 1446 2271 1488 814

1320 1497 1522 1531 LXXXIX.
1554 1499 1607 1531 De
1636 1499 1803 1532 virtutum
1833 1499 2096 1544 recuperatione
2122 1508 2187 1544 per

1410 1551 1663 1595 poenitentiam
1680 1574 2180 1588 ............
2205 1551 2272 1584 820

1322 1603 1399 1637 XC.
1417 1603 1470 1636 De
1487 1603 1641 1648 partibus
1655 1604 1894 1648 poenitentiae
1909 1604 1946 1636 in
1962 1602 2136 1649 generali.
2173 1627 2181 1635 .
2204 1603 2271 1644 829
