2352 3926
302 235 407 274 212
838 233 1116 278 QUAESTIO
1156 233 1310 272 xxm.
1350 234 1658 274 ARTICULUS
1698 235 1734 273 1.

393 336 567 380 Tertio.
595 335 763 379 Utrum
789 334 845 378 sit
866 335 1101 393 proprium
1126 334 1372 378 hominum
1404 335 1612 394 adoptari
1636 336 1682 379 in
1707 335 1827 380 filios
1853 335 1954 380 Dei.

394 403 587 455 Quarto.
615 402 783 446 Utrum
810 401 1020 446 Christus
1046 401 1191 460 possit
1215 401 1304 446 dici
1329 401 1448 447 filius
1476 403 1729 462 adoptivus.

1034 548 1468 606 ARTICULUS
1506 551 1548 604 I.
1995 565 1999 569 ’
2100 560 2102 562 ’
2187 563 2269 622 136

662 669 857 707 UTRUM
894 669 1009 707 DEO
1045 670 1365 709 CONVENIAT
1399 670 1577 708 FILIOS
1598 669 1930 708 .ADOPTARE.

539 763 594 821 (3.
616 764 729 808 Dist.
751 779 816 809 10.
840 779 878 822 q.
905 779 945 808 2.
964 769 1044 808 art.
1068 780 1104 809 1.
1130 779 1168 823 q.
1195 780 1230 808 1.
1254 771 1292 808 et
1317 765 1388 808 lib.
1412 778 1455 820 4.
1484 763 1630 808 Contr.
1651 777 1690 821 g.
1718 771 1808 822 cap.
1830 776 1894 822 17.
1919 762 2032 821 fin.).

391 868 467 912 AD
480 881 670 912 PRIMUM
687 868 751 912 sic
770 867 1043 927 proceditur.
1054 867 1257 922 Videtur,
1270 869 1392 926 quod
1402 868 1505 912 Deo
1522 882 1617 911 non
1630 868 1875 912 conveniat
1891 866 2010 911 filios
2027 866 2244 926 adoptare
2264 882 2274 910 z

301 933 453 978 nullus
480 936 603 978 enim
630 936 817 993 adoptat
841 935 929 979 nisi
964 944 1223 979 extraneam
1257 949 1498 994 personam
1528 936 1574 978 in
1599 935 1759 988 filium,
1786 934 2040 978 secundum
2065 935 2189 994 quod
2201 934 2274 992 Ju-

301 1002 436 1044 ristae
464 1001 641 1045 dicunt:
669 1003 749 1046 sed
774 1001 901 1046 nulla
917 1015 1113 1061 persona
1140 1011 1207 1046 est
1229 1011 1441 1046 extranea
1460 1017 1485 1045 a
1501 1002 1619 1057 Deo,
1647 1004 1723 1061 qui
1746 1010 1813 1046 est
1830 1002 2042 1046 omnium
2063 1011 2243 1046 creator
2261 1017 2272 1056 ;

303 1082 414 1126 ergo
436 1068 628 1122 videtur,
655 1068 778 1128 quod
804 1069 908 1112 Deo
926 1083 1020 1112 non
1048 1069 1292 1112 conveniat
1317 1069 1549 1127 adoptare.

394 1149 433 1179 2.
461 1135 759 1180 PRAETEREA.
787 1136 991 1194 Adoptio
1018 1136 1195 1179 videtur
1212 1149 1310 1179 esse
1336 1136 1595 1179 introducta
1611 1136 1658 1179 in
1685 1135 1916 1180 defectum
1941 1134 2174 1180 filiationis
2199 1148 2275 1178 na-

301 1202 481 1247 turalis:
500 1203 591 1247 sed‘
605 1203 652 1247 in
677 1203 782 1247 Deo
814 1203 1040 1247 invenitur
1060 1202 1277 1246 naturalis
1300 1202 1473 1256 filiatio,
1497 1212 1545 1246 ut
1561 1203 1607 1246 in
1630 1216 1666 1246 1.
1680 1212 1806 1261 parte
1823 1203 2031 1247 habitum
2055 1212 2125 1246 est
2141 1205 2200 1261 (q.
2214 1217 2273 1262 33.

304 1276 386 1315 art.
408 1271 486 1330 3.),·
514 1284 624 1329 ergo
650 1284 745 1314 non
773 1271 989 1314 convenit
1013 1270 1116 1314 Deo
1149 1269 1268 1313 filios
1296 1270 1524 1327 adoptare.

399 1351 435 1395 3.
463 1338 762 1382 PRAETEREA.
804 1337 878 1380 Ad
918 1337 1010 1380 hoc
1044 1335 1204 1394 aliquis
1243 1336 1499 1394 adoptatur,
1542 1345 1591 1379 ut
1621 1336 1669 1379 in
1700 1335 1979 1380 haereditate
2018 1336 2276 1394 adoptantis

307 1403 551 1449 succedat.
579 1404 731 1447 sedin
757 1403 1038 1447 haereditate
1077 1403 1168 1446 Dei
1198 1416 1292 1445 non
1318 1402 1497 1445 videtur
1524 1401 1685 1460 aliquis
1711 1416 1846 1460 posse
1877 1402 2145 1460 succedere;
2170 1402 2278 1462 quia

303 1471 400 1530 ipse
426 1485 680 1529 numquam
704 1470 902 1524 decedit;
927 1483 1036 1528 ergo
1063 1470 1166 1513 Deo
1189 1483 1283 1512 non
1312 1469 1526 1512 convenit
1553 1469 1783 1528 adoptare.

400 1538 494 1581 SED
522 1550 718 1582 CONTRA
746 1547 827 1591 est,
854 1536 977 1595 quod
1004 1536 1165 1579 dicitur
1190 1535 1810 1611 Ephes·.1.:Praedestinavit
1841 1550 1913 1580 nos
1937 1537 1983 1580 in
2013 1535 2277 1596 adoptionem

294 1604 521 1663 filiovum:
549 1604 628 1648 sed
653 1603 1005 1662 praedestinatio
1031 1602 1121 1646 Dei
1146 1616 1242 1645 non
1255 1614 1322 1646 est
1338 1602 1485 1657 irrita3
1514 1616 1623 1661 ergo
1640 1603 1766 1646 Deus
1783 1601 1959 1661 aliquos
1991 1602 2078 1647 sibi
2093 1602 2280 1662 adoptat

305 1672 351 1715 in
378 1671 512 1715 filios.

395 1738 685 1782 RESPONDEO
715 1736 975 1791 dicendum,
1018 1736 1141 1795 quod
1169 1735 1329 1794 aliquis
1369 1736 1514 1782 homo
1555 1737 1742 1795 adoptat
1767 1735 1909 1780 alium
1934 1736 2021 1781 sibi
2044 1738 2091 1782 in
2115 1736 2277 1791 filiurn,

305 1805 576 1863 inquantum
603 1818 657 1847 ex
682 1818 766 1848 sua
790 1803 994 1847 bonitate
1021 1803 1218 1846 admittit
1244 1817 1350 1846 eum
1384 1804 1438 1847 ad
1465 1804 1863 1863 participationem
1887 1817 1999 1848 suae
2029 1803 2279 1850 haeredita-

305 1872 387 1925 tis;
414 1872 540 1915 Deus
570 1880 722 1915 autem
750 1881 817 1914 est
843 1870 1045 1913 infinitae
1071 1870 1309 1924 bonitatis;
1335 1884 1389 1914 ex
1412 1885 1500 1929 qua
1528 1871 1768 1929 contingit,
1796 1870 1919 1929 quod
1955 1869 2013 1915 ad
2037 1869 2279 1929 participa-

306 1940 480 1982 tionem
525 1938 756 1981 bonorum
788 1951 978 1981 suorum
1010 1951 1115 1980 suas
1147 1946 1376 1981 creaturas
1417 1938 1637 1992 admittit;
1680 1947 1722 1981 et
1763 1937 2007 1996 praecipue
2032 1936 2279 1982 rationales

307 2015 552 2059 creaturas,
579 2018 696 2063 quae
722 2005 994 2063 inquantum
1020 2013 1125 2047 sunt
1157 2004 1212 2047 ad
1244 2004 1495 2062 imaginem
1522 2004 1611 2048 Dei
1634 2003 1798 2058 factae,
1831 2013 1937 2048 sunt
1963 2018 2156 2063 capaces
2177 2003 2281 2048 bea-

306 2073 508 2117 titudinis
537 2072 739 2116 divinae:
759 2085 875 2130 quae
895 2071 1079 2129 quidem
1097 2071 1303 2115 consistit
1328 2073 1374 2115 in
1395 2070 1609 2115 fruitione
1628 2071 1732 2124 Dei,
1751 2085 1831 2130 per
1857 2085 1996 2129 quam
2014 2071 2155 2126 etiam
2180 2071 2278 2130 ipse

305 2140 432 2183 Deus
457 2139 614 2182 beatus
640 2148 720 2192 est,
748 2148 792 2182 et
817 2152 898 2197 per
922 2138 1123 2196 seipsum
1151 2138 1289 2192 dives,
1307 2138 1578 2197 inquantum
1605 2137 1780 2182 scilicet
1805 2137 1956 2197 seipso
1973 2136 2160 2193 fruitur3
2186 2137 2278 2182 hoc
2343 2137 2352 2157 '⁵

308 2216 461 2250 autem
488 2205 651 2249 dicitur
675 2205 933 2248 haereditas
966 2204 1169 2262 alicujus,
1197 2219 1251 2248 ex
1278 2219 1369 2263 quo
1407 2205 1503 2263 ipse
1527 2214 1595 2249 est
1621 2206 1766 2259 dives3
1794 2213 1838 2249 et
1862 2204 1982 2258 ideo,
2008 2203 2280 2264 inquantum

306 2274 433 2317 Deus
460 2287 514 2316 ex
539 2287 620 2316 sua
645 2272 848 2316 bonitate
882 2272 1078 2315 admittit
1102 2272 1315 2316 homines
1343 2273 1399 2316 ad
1424 2271 1713 2315 beatitudinis
1740 2271 2090 2325 haereditatem,
2116 2270 2281 2316 dicitur

308 2355 388 2385 eos
416 2339 657 2397 adoptare;
689 2339 781 2383 hoc
805 2349 958 2382 autem
990 2338 1091 2396 plus
1123 2339 1262 2382 habet
1288 2339 1521 2397 adoptatio
1548 2338 1715 2392 divina,
1742 2352 1879 2397 quarn
1912 2337 2139 2385 humana:
2174 2338 2280 2397 quia

304 2409 432 2452 Deus
449 2406 705 2459 hominem,
733 2420 871 2464 quem
905 2405 1105 2464 adoptat,
1136 2406 1356 2450 idoneum
1381 2405 1491 2449 facit
1524 2420 1604 2463 per
1638 2405 1810 2464 gratiae
1843 2418 2010 2448 munus
2045 2404 2101 2449 ad
2125 2404 2281 2450 haere-

307 2475 495 2518 ditatem
521 2472 771 2517 coelestem
788 2472 1151 2531 percipiendam:
1175 2473 1321 2516 homo
1337 2482 1491 2516 autem
1512 2487 1607 2516 non
1628 2471 1737 2516 facit
1762 2472 1983 2516 idoneum
2000 2485 2123 2523 eum,
2140 2485 2278 2532 quem
2304 2521 2306 2523 ,

309 2543 517 2601 adoptat3
544 2541 623 2584 sed
649 2540 799 2599 potius
827 2554 933 2583 eum
959 2541 1052 2598 jam
1078 2540 1297 2583 idoneum
1325 2539 1451 2599 eligit
1478 2539 1756 2598 adoptando.

397 2609 474 2652 AD
507 2620 695 2652 PRIMUM
718 2621 828 2665 ergo
856 2607 1115 2660 dicendum,
1149 2606 1271 2665 quod
1293 2607 1439 2650 horno
1466 2607 1513 2649 in
1546 2620 1628 2650 sua
1653 2615 1814 2650 natura
1847 2605 2160 2650 consideratus
2185 2619 2281 2651 non

310 2686 378 2720 est
402 2685 640 2719 extraneus
668 2688 693 2717 a
718 2675 837 2728 Deo,
865 2683 1086 2732 quantum
1120 2674 1174 2716 ad
1206 2674 1327 2716 bona
1354 2672 1576 2717 naturalia
1595 2687 1711 2731 quae
1735 2673 1917 2731 recipit:
1946 2682 2014 2716 est
2029 2682 2185 2717 tamen
2211 2686 2283 2717 ex·
2348 2682 2352 2693 ¹

308 2753 491 2786 traneus
517 2750 739 2800 quantum
766 2740 823 2784 ad
847 2740 970 2784 bona
996 2740 1183 2798 gratiae,
1210 2750 1255 2784 et
1281 2739 1474 2798 gloriae:
1504 2750 1547 2783 et
1572 2739 1823 2784 secundum
1846 2740 1938 2783 hoc
1956 2739 2219 2798 adoptatur.

400 2809 476 2852 AD
510 2820 772 2852 SECUNDUM
798 2807 1056 2860 dicendum,
1070 2806 1192 2865 quod
1219 2806 1421 2850 hominis
1449 2816 1517 2850 est
1543 2806 1721 2865 operari
1738 2806 1794 2849 ad
1817 2804 2121 2865 supplendam
2147 2819 2280 2851 suam
2335 2820 2350 2867 ἦ.»

310 2875 635 2934 indigentiam3
662 2888 757 2917 non
784 2883 937 2917 autem
963 2873 1066 2927 Dei,
1090 2875 1163 2916 cui
1190 2869 1404 2916 convenit
1426 2874 1604 2931 operari
1633 2872 1687 2917 ad
1716 2872 2151 2917 communicandam
2172 2887 2281 2922 suae

310 2942 602 3002 perfectionis
626 2940 975 2984 abundantiam.
1014 2949 1059 2983 et
1090 2940 1195 2983 ideo
1222 2940 1337 2983 sicut
1356 2954 1435 2997 per
1468 2950 1618 2983 actum
1645 2939 1890 2983 creationis
1913 2939 2284 2984 communicatur
2342 2939 2352 2987 {ss

310 3006 490 3055 bonitas
518 3008 669 3052 divina
695 3007 908 3051 omnibus
931 3007 1147 3050 creaturis
1174 3006 1425 3050 secundum
1444 3007 1691 3064 quamdam
1715 3005 2091 3056 similitudinem:
2112 3007 2178 3050 ita
2202 3020 2283 3065 per
2340 3012 2345 3013 ⁷

313 3087 466 3122 actum
507 3075 765 3134 adoptionis
803 3074 1170 3118 communicatur
1201 3072 1451 3117 similitudo
1478 3073 1697 3117 naturalis
1739 3073 1971 3117 filiationis
2002 3073 2282 3127 hominibus,
2330 3090 2350 3131 ,ς

312 3144 564 3189 secundum
589 3141 700 3186 illud
727 3141 863 3184 Rom.
891 3141 955 3185 8..
982 3141 1099 3197 Quos
1121 3141 1348 3198 praescivit
1379 3141 1608 3199 conformes
1630 3141 1731 3198 fieri
1756 3141 1956 3198 imaginis
1970 3140 2059 3200 filii
2083 3141 2159 3185 sui.
2343 3188 2345 3190 ,

402 3211 478 3255 AD
501 3221 718 3254 TERTIUM
756 3207 1015 3260 dicendum,
1052 3206 1174 3265 quod
1206 3204 1327 3250 bona
1360 3205 1609 3265 spiritualia
1642 3217 1832 3264 possunt
1858 3206 1995 3251 simul
2022 3220 2048 3250 a
2079 3205 2281 3266 pluribus

312 3277 547 3337 possideri,
565 3289 660 3319 non
688 3285 839 3318 autem
865 3274 986 3318 bona
1015 3273 1294 3332 corporalia:
1319 3283 1363 3317 et
1389 3273 1493 3316 ideo
1520 3272 1850 3317 haereditatem
1873 3272 2162 3332 corporalem
2186 3271 2284 3317 nul·

311 3345 381 3388 lus
408 3353 559 3403 potest
584 3342 834 3402 percipere,
859 3341 946 3385 nisi
969 3341 1216 3385 succedens
1244 3339 1510 3384 decedenti:
1539 3340 1868 3384 haereditatem
1897 3349 2050 3384 autem
2075 3340 2282 3399 spiritua·
2320 3387 2322 3389 ,

313 3412 405 3455 lem
433 3410 569 3456 simul
587 3423 749 3455 omnes
777 3423 829 3452 ex
846 3408 1025 3466 integro
1053 3406 1281 3464 accipiunt
1299 3405 1394 3450 sine
1418 3406 1691 3450 detrimento
1711 3407 1849 3465 patris
1866 3419 2048 3466 semper
2062 3405 2281 3460 viventis;

315 3478 523 3537 quamvis
558 3486 713 3536 posset
739 3475 843 3529 dici,
871 3474 993 3534 quod
1026 3474 1152 3517 Deus
1199 3473 1393 3526 decedit,
1435 3473 1687 3517 secundum
1731 3472 1852 3532 quod
1881 3483 1949 3517 est
1972 3473 2020 3516 in
2044 3473 2177 3518 nobis
2202 3486 2284 3532 per
2309 3486 2321 3513 κ

313 3545 466 3598 fidem,
493 3554 541 3588 ut
582 3544 767 3603 incipiat
803 3544 849 3586 in
889 3541 1020 3585 nobis
1053 3554 1150 3584 esse
1184 3554 1263 3598 per
1303 3539 1526 3597 speciem3
1555 3540 1672 3584 sicut
1699 3539 1867 3584 Glossa
1904 3538 2138 3598 (ordietur.)
2173 3534 2283 3584 dicit

315 3612 451 3655 Rom.
480 3613 519 3655 8.
547 3625 680 3669 super
697 3610 835 3654 illud:
866 3609 912 3654 Si
934 3608 1029 3663 filii,
1057 3613 1094 3653 et
1120 3606 1319 3652 haeredes.
