2352 3926
1683 14 1689 23 .

1646 33 1701 80 51„-

1754 84 1760 92 ¹

1675 134 1697 150 ι’»
1732 94 1773 140 ᾗ
1798 139 1809 151 v

1689 171 1692 175 ’
1768 174 1788 191 D

329 220 438 292 824
790 233 1067 281 Quasi-10
1109 231 1332 273 Lxxxrx.
1371 230 1680 273 AR‘r1omus
1704 194 1838 272 affii'*

313 339 466 397 pinam,
492 336 619 382 Cone.
646 343 684 381 et
705 336 798 380 hab.
818 343 937 395 σαμε
962 335 1166 390 Canones,
1193 335 1306 380 Dist.
1326 347 1379 394 50
1384 335 1415 393 .)
1444 333 1564 388 dicit,
1590 333 1714 393 quod
1742 333 1902 399 &apud
1923 328 2152 380 Nicaeam
2161 342 2268 380 con-

318 403 459 449 stituti
486 417 683 448 canones
710 403 993 478 poenitentes
1017 402 1155 447 etiam
1182 402 1235 445 ab
1267 401 1435 446 infimis
1462 400 1624 445 officiis
1651 400 1926 447 clericorum
1958 396 2265 456 &cincinnum

318 485 412 515 non
439 485 547 529 ergo
565 484 643 529 per
668 469 996 528 poenitentiam
1022 470 1168 513 homo
1195 478 1430 528 recuperat
1455 468 1693 541 pristinam
1719 452 1999 527 dignitatem.
2167 478 2203 509 ·.
2237 496 2240 505 ‹

415 552 450 596 3.
474 538 769 581 PRAETEREA.
794 536 914 580 Ante
941 546 1181 595 peccatum
1206 545 1355 595 potest
1381 535 1541 594 aliquis
1570 535 1625 579 ad
1652 536 1879 613 majorem
1902 534 2095 595 gradum
2116 512 2272 582 awen-

319 605 446 649 dere:
483 618 577 647 non
614 613 766 647 autem
806 603 896 647 hoc
930 613 1033 662 post
1058 613 1300 662 peccatum
1342 602 1607 647 conceditur
1631 602 1907 661 poenitenti;
1940 602 2104 647 dicitur
2143 601 2268 650 enim

322 671 484 715 Ezech.
511 682 606 725 44:
634 671 818 724 Levitae,
858 671 929 728 qui
964 676 1207 715 recesserunt
1233 684 1261 714 a
1284 685 1363 724 me,
1397 683 1609 727 nunquam
1641 669 2039 729 appropinquabunt
2069 666 2191 724 mihi,
2223 674 2271 714 ut

318 737 543 782 sacerdotio
570 737 839 795 fungantur;
874 747 932 790 et,
970 737 1085 781 sicut
1110 737 1302 780 habetur
1331 737 1378 780 in
1403 737 1539 780 Decr.
1573 737 1704 794 (Dist.
1727 750 1794 796 50.
1828 744 1918 796 cap.
1937 737 2024 796 52.)
2056 736 2104 780 in
2129 729 2272 780 Hiler-

322 804 450 849 densi
488 803 699 847 Concilio
727 804 840 862 (can.
868 804 926 862 5.)
954 803 1141 863 legitur:
1173 803 1274 848 «Hi
1299 805 1374 863 qui
1407 813 1564 848 sancto
1599 803 1727 848 altari
1763 804 2032 859 deserviunt,
2054 804 2098 848 ‘si
2121 803 2270 848 subito

318 872 365 914 in
391 870 541 914 flendo
570 870 715 914 carnis
740 869 980 929 fragilitate
1004 871 1268 925 corruerint,
1287 881 1331 915 et
1355 871 1560 915 Domino
1587 871 1854 929 respiciente
1879 871 2014 930 digne
2038 868 2273 930 poenitue-

320 938 422 991 rint,
456 935 713 981 officiorum
739 951 926 982 suorum
959 937 1023 981 sic
1050 937 1154 982 loca
1179 938 1411 997 recipiant,
1438 947 1486 982 ut
1521 952 1615 982 non
1641 938 1816 997 possint
1847 936 1903 982 ad
1929 936 2090 985 altiora
2121 935 2272 982 officia

320 1003 506 1048 ulterius
538 1005 800 1061 promoveri
826 1019 877 1059 »3
903 1018 997 1048 non
1026 1018 1134 1064 ergo
1161 1005 1439 1064 poenitentia
1471 1005 1664 1049 restituit
1693 1004 1932 1050 hominem
1955 1004 2011 1049 ad
2036 1003 2270 1064 pristinam

316 1071 594 1129 dignitatem.

407 1138 500 1182 SED
527 1149 723 1183 CONTRA
749 1147 828 1193 est,
861 1138 998 1198 quod,
1025 1139 1142 1183 sicut
1171 1139 1218 1182 in
1245 1138 1407 1183 eadem
1445 1139 1572 1198 epist.
1599 1141 1712 1218 (cap,
1743 1139 1833 1199 16.)
1867 1113 2044 1199 legitur,
2072 1138 2269 1198 Gregor.

319 1205 517 1249 scribens
546 1205 807 1250 Secundino
835 1206 929 1265 (lib.
957 1220 994 1265 7.
1024 1208 1170 1265 Regist.
1197 1206 1339 1250 indict.
1366 1221 1406 1251 2.
1439 1209 1552 1266 epist.
1570 1221 1638 1266 54.
1665 1209 1766 1252 circ.
1793 1207 1919 1266 med.)
1953 1207 2082 1251 dicit·
2113 1221 2138 1249 ι(
2162 1206 2275 1251 Post

321 1272 506 1331 dignam
525 1270 883 1317 satisfactionem
911 1273 1137 1317 credimus
1159 1273 1399 1317 hominem
1425 1286 1559 1331 posse
1582 1273 1727 1318 redire
1748 1274 1803 1317 ad
1835 1287 1970 1319 suum
1985 1273 2214 1323 honorem
2230 1290 2272 1328 ι),

326 1349 369 1383 et
395 1339 440 1382 in
464 1338 610 1383 Cone.
638 1339 890 1398 Agathensi
926 1339 1038 1396 (can.
1065 1340 1129 1397 2.)
1156 1339 1343 1399 legitur:
1380 1357 1404 1382 «
1431 1339 1744 1384 Contumaces
1772 1339 1939 1395 clerici,
1964 1349 2110 1400 prout
2133 1340 2275 1399 digni-

318 1405 421 1449 tatis
457 1405 570 1449 ordo
597 1406 863 1464 permiserit,
898 1407 950 1450 ab
979 1407 1203 1466 episcopis
1239 1407 1551 1465 corrigantur3
1583 1407 1644 1451 ita
1670 1416 1720 1451 ut
1745 1421 1852 1451 cum
1878 1420 1958 1453 eos
1989 1407 2270 1468 poenitentia

319 1472 574 1526 correxerit,
602 1472 793 1530 gradum
819 1487 967 1527 suum,
994 1473 1352 1532 dignitatemque
1375 1474 1595 1533 recipiant
1620 1490 1661 1518 »

409 1538 694 1583 RrsPONm-:o
737 1539 994 1593 dicendum,
1034 1541 1156 1599 quod
1187 1540 1332 1584 homo
1374 1555 1453 1599 per
1494 1551 1735 1600 peccatum
1766 1540 1995 1603 duplicem
2006 1534 2273 1600 dignitatem

321 1606 485 1650 amittit
502 1619 668 1660 ninam,
697 1616 915 1665 quantum
943 1607 998 1650 ad
1025 1607 1200 1662 Deum3
1228 1609 1358 1652 aliam
1383 1622 1494 1653 vero
1521 1618 1740 1668 quantum
1757 1609 1812 1652 ad
1830 1608 2099 1654 Ecclesiam.
2114 1607 2274 1661 Quan-

320 1683 419 1717 turn
456 1683 608 1717 autem
641 1673 696 1717 ad
728 1674 894 1728 Deum,
922 1674 1086 1718 amittit
1126 1674 1329 1735 duplicem
1361 1676 1651 1734 dignitatem:
1683 1689 1814 1720 unam
1844 1674 2159 1735 principalem,
2184 1688 2274 1736 qua

319 1741 492 1786 scilicet
519 1752 805 1801 computatus
833 1752 928 1787 erat
952 1743 1069 1787 inter
1090 1743 1208 1788 filios
1240 1744 1329 1788 Dei
1355 1758 1433 1804 per
1460 1745 1675 1804 gratiam;
1703 1755 1748 1790 et
1773 1745 1893 1789 hanc
1918 1745 2276 1804 dignitatem-re-

324 1818 509 1868 cuperat
548 1823 626 1867 per
663 1810 1018 1868 poenitentiam;
1045 1811 1166 1869 quod
1204 1811 1483 1870 significatur
1515 1812 1626 1856 Luc.
1658 1824 1723 1870 15.
1760 1812 1807 1856 in
1847 1811 1941 1856 filio
1965 1811 2174 1873 prodigo,
2201 1811 2277 1856 cui

323 1876 575 1935 poenitenti
614 1886 740 1936 pater
783 1877 914 1935 jussit
951 1879 1124 1922 restitui
1162 1878 1311 1923 stolam
1343 1881 1546 1938 primam,
1584 1886 1621 1924 et
1660 1879 1878 1933 annulum,
1914 1885 1955 1940 εἰ
1981 1879 2273 1925 calceamenta.

325 1943 471 1987 Aliam
497 1957 607 1987 vero
630 1944 897 2002 dignitatern
916 1945 1078 1989 amittit
1091 1946 1421 2000 secundariam,
1440 1946 1611 1991 scilicet
1627 1947 1952 2001 innocentiam,
1964 1946 2020 1991 de
2037 1960 2127 2007 qua
2137 1945 2277 2005 (sicut

325 2010 494 2053 ibidem
519 2009 703 2069 legitur)
731 2010 1010 2070 gloriabatur
1048 2012 1166 2057 filius
1199 2014 1353 2057 senior
1378 2013 1551 2058 dicens:
1586 2015 1690 2059 Ecce
1717 2020 1775 2059 tot
1805 2015 1924 2059 annis
1953 2015 2091 2074 servio>
2120 2013 2214 2069 tibi,
2239 2018 2276 2059 'et

325 2091 540 2135 nunquam
575 2077 820 2123 mandatum
862 2085 979 2123 tuum
1007 2082 1241 2139 praeterivi
1250 2096 1266 2132 ,·
1300 2090 1344 2124 et
1383 2080 1501 2124 hanc
1528 2080 1795 2140 dignitatem
1826 2081 2064 2140 poenitens
2086 2091 2277 2140 ‘reeupe-

323 2157 422 2187 rare
452 2157 547 2188 non
575 2154 750 2203 potest:
777 2157 1014 2205 recuperat
1043 2156 1197 2191 tamen
1224 2147 1497 2207 quandoque
1525 2147 1693 2207 aliquid
1718 2149 1895 2207 majus:
1923 2148 2043 2208 quia,
2068 2155 2118 2192 ut
2135 2147 2274 2206 Greg-

325 2210 468 2254 dicit'
458 2225 503 2254 m
529 2211 656 2255 hom.
690 2212 745 2256 de
787 2212 986 2256 Centum
1015 2213 1191 2258 Ovibus
1220 2214 1344 2273 (quae
1369 2221 1423 2259 est
1449 2228 1514 2274 34.
1541 2217 1586 2259 in
1618 2217 1782 2274 Evang.
1819 2215 2021 2274 aliquant.
2043 2228 2071 2259 a
2093 2216 2274 2279 princ),

329 2293 352 2318 «
378 2278 455 2336 qui
482 2292 652 2322 errasse
680 2292 704 2322 a
730 2279 831 2322 Deo
865 2293 911 2323 se
945 2280 1246 2335 considerant,
1279 2281 1447 2325 damna
1477 2282 1794 2341 praecedentia
1818 2281 1956 2326 lucris
1986 2281 2276 2341 sequentibus

327 2354 690 2404 recompensant.
703 2345 850 2404 Majus
878 2361 987 2405 ergo
1016 2348 1233 2406 gaudium
1253 2349 1307 2392 de
1335 2349 1398 2393 eis
1419 2348 1469 2392 fit
1494 2351 1539 2393 in
1563 2349 1710 2404 coelo,
1737 2350 1842 2408 quia
1855 2357 1900 2394 et
1916 2349 2006 2394 dux
2028 2350 2077 2393 in
2101 2347 2275 2407 praelio

324 2411 424 2470 plus
458 2426 564 2455 eum
601 2412 793 2456 militem
831 2413 989 2472 diligit,
1017 2415 1094 2473 qui
1124 2425 1228 2474 post
1252 2414 1409 2474 fugam
1434 2430 1642 2460 reversus
1668 2416 1850 2460 hostem
1890 2415 2066 2461 fortiter
2095 2415 2274 2474 premit,

325 2493 463 2537 quarn
489 2478 618 2522 illum
637 2479 713 2538 qui
737 2494 972 2539 nunquam
996 2491 1124 2541 terga
1151 2483 1368 2540 praebuit,
1387 2493 1429 2527 et
1454 2498 1687 2542 nunquam
1715 2482 1882 2542 aliquid
1907 2482 2081 2528 fortiter
2104 2481 2212 2540 ¹fecit
2231 2499 2273 2527 >›.

324 2545 607 2605 Dignitatem
625 2556 777 2590 autem
805 2547 1160 2592 ecclesiasticam
1192 2550 1336 2594 homo
1362 2565 1442 2609 per
1458 2560 1697 2608 peccatum
1722 2550 1880 2609 perdit,
1907 2550 2012 2610 quia
2036 2547 2275 2610 indignum

321 2627 369 2657 se
395 2613 540 2657 reddit
571 2613 626 2656 ad
654 2628 721 2667 ea,
763 2628 878 2672 quae
906 2625 1172 2674 competunt
1204 2616 1410 2674 dignitati
1447 2616 1781 2661 ecclesiasticae
1816 2617 2096 2662 exercenda:
2134 2631 2274 2677 quam

325 2680 507 2738 quidem
535 2694 801 2740 recuperare
817 2681 1103 2740 prohibetur:
1126 2698 1207 2727 uno
1229 2683 1364 2737 modo,
1392 2685 1497 2742 quia
1522 2698 1616 2728 non
1634 2686 1864 2742 poenitet3
1890 2685 2018 2733 unde,
2035 2684 2193 2730 Isidor.
2217 2684 2274 2729 ad

324 2747 587 2790 Massonem
613 2747 878 2806 episcopum
911 2748 1063 2792 scribit
1098 2749 1200 2807 (art.
1228 2758 1372 2810 praec.
1400 2756 1435 2795 et
1471 2751 1565 2795 hab.
1592 2753 1700 2795 inter
1738 2759 1804 2811 op.
1843 2753 2046 2811 Rabani),
2077 2752 2197 2797 sicut
2226 2751 2273 2796 in

323 2813 482 2858 eadem
508 2814 624 2858 Dist.
650 2813 815 2873 legitur
842 2814 978 2874 (cap..·
1000 2816 1208 2873 Domino)
1229 2834 1242 2861 .·
1269 2816 1418 2861 «Illos
1447 2818 1501 2862 ad
1528 2818 1740 2877 pristinos
1768 2819 1933 2878 gradus
1959 2819 2104 2864 redire
2132 2832 2274 2864 cano-

323 2895 403 2925 nes
429 2881 725 2940 praecipiunt,
753 2895 866 2941 quos
889 2882 1194 2941 poenitentiae
1222 2885 1465 2941 praecessit
1491 2884 1752 2940 satisfactio,
1775 2885 1850 2931 vel
1866 2886 2093 2945 condigna
2118 2899 2276 2945 pecca-

319 2958 471 2992 torum
499 2948 748 2993 confessio:
774 2958 819 2993 at
844 2959 1002 2994 contra
1027 2950 1076 2993 hi
1102 2951 1178 3009 qui
1205 2965 1230 2994 a
1255 2952 1365 2995 vitio
1394 2953 1695 3011 corruptionis
1727 2966 1821 2997 non
1848 2953 2161 3008 emendantur,
2186 2966 2272 2998 nec

323 3015 515 3074 gradum
551 3016 755 3070 honoris,
787 3030 871 3060 nec
900 3017 1092 3075 gratiam
1120 3017 1341 3075 recipiunt
1373 3020 1712 3064 communionis
1745 3036 1795 3066 »t
1820 3019 2007 3076 secundo,
2034 3019 2140 3080 quia
2164 3033 2276 3080 poe-

323 3083 561 3127 nitentiam
582 3083 867 3142 negligenter
892 3083 1026 3129 facit:
1045 3093 1094 3128 ut
1113 3084 1158 3127 in
1187 3085 1347 3129 eadem
1373 3086 1489 3130 Dist.
1520 3087 1647 3146 (cap..·
1670 3087 1716 3132 Si
1732 3088 1823 3146 quis
1837 3086 2057 3145 diaconus)
2082 3084 2272 3134 dicitur:

329 3165 351 3190 «
375 3149 496 3194 Cum
528 3150 574 3193 in
603 3149 824 3227 aliquibus
856 3165 940 3195 nec
969 3152 1262 3209 compunctio
1293 3152 1574 3209 humilitatis,
1606 3168 1691 3198 nec
1723 3154 1936 3200 instantia
1960 3153 2120 3199 orandi
2145 3167 2277 3224 appa-

320 3226 430 3270 reat,
456 3230 540 3261 nec
566 3218 757 3293 iejuniis,
784 3217 857 3261 vel
883 3217 1153 3263 lectionibus
1176 3232 1254 3263 eos
1281 3232 1443 3264 vacare
1466 3221 1714 3276 videamus,
1740 3234 1982 3280 possumus
2010 3233 2274 3282 agnoscere,

323 3283 360 3327 si
387 3284 441 3327 ad
475 3283 687 3343 pristinos
723 3284 923 3329 honores
965 3285 1176 3340 redirent,
1214 3299 1318 3330 cum
1360 3297 1526 3346 quanta
1566 3287 1843 3347 negligentia
1873 3293 2191 3348 permanerent
2221 3301 2275 3332 n.

321 3353 459 3406 tertio,
493 3351 531 3395 si
564 3352 794 3396 commisit
821 3351 1004 3411 aliquod
1027 3363 1281 3412 peccatum,
1314 3354 1435 3412 quod
1463 3355 1600 3400 habet
1624 3355 2001 3415 irregularitatem
2022 3366 2246 3401 annexam
2259 3369 2276 3411 ς’

320 3417 440 3461 unde
472 3417 518 3461 in
551 3418 710 3462 eadem
736 3420 852 3463 Dist.
878 3420 988 3479 (cap.
1022 3420 1086 3478 8.)
1121 3434 1174 3465 ex
1202 3419 1415 3464 Concilio
1448 3421 1629 3467 Martini
1655 3436 1799 3482 papae
1832 3422 1995 3468 dicitur
2017 3422 2136 3482 (hab.
2165 3423 2274 3468 inter

321 3485 504 3544 capitula
536 3486 718 3532 Martini
754 3489 1037 3542 Bracaransis,
1072 3496 1163 3547 cap.
1196 3488 1265 3533 26.
1303 3487 1472 3546 Conc.).·
1510 3505 1532 3531 (ε
1566 3489 1615 3533 Si
1642 3490 1740 3549 quis
1771 3490 1970 3545 viduam,
1997 3498 2075 3545 aut
2099 3489 2154 3535 ab
2181 3488 2272 3535 alio

321 3551 527 3596 relictam
554 3552 741 3611 duxerit,
761 3568 852 3598 non
881 3554 1142 3599 admittatur
1167 3554 1223 3599 ad
1250 3554 1421 3600 clerum
1438 3570 1448 3599 :
1468 3557 1588 3616 quod
1610 3557 1649 3600 si
1665 3557 1906 3617 irrepserit,
1931 3556 2192 3615 dejiciatur:
2219 3557 2275 3603 si·

323 3618 491 3664 militer
507 3619 545 3664 si
570 3620 807 3665 homicidii
835 3631 912 3667 aut
936 3620 1074 3678 sacto,
1092 3631 1168 3667 aut
1187 3634 1446 3682 praecepto,
1461 3633 1537 3668 aut
1563 3622 1772 3679 consilio,
1798 3633 1873 3669 aut
1889 3622 2152 3670 defensIOne
2168 3633 2275 3685 post
