2352 3926
636 218 915 265 QUAESTIO
955 217 1145 258 xxvm.
1186 217 1494 258 An‘rrcums
1534 217 1570 257 1.
1970 216 2073 273 243

209 320 383 367 Tertio.
415 320 582 367 Utrum
606 320 904 381 permanserit
928 320 1058 380 virgo
1085 330 1189 380 post
1212 330 1408 380 partum.

210 387 404 443 QuartO.
438 388 606 434 Utrum
629 397 791 432 votum
815 387 1086 446 virginitatis
1112 387 1326 433 emiserit.

854 535 1291 594 ARTICULUS
1327 536 1370 591 1.
2001 549 2081 608 158

354 657 547 697 UTRUM
572 657 749 696 BEATA
775 656 943 696 MARIA
966 657 1163 695 FUERIT
1189 656 1358 694 VIRGO
1381 656 1438 695 IN
1463 656 1865 696 CONCIPIENDO.

541 750 656 809 (Lib.
681 765 724 809 4.
750 751 899 797 Contr.
916 766 955 811 g.
974 759 1063 811 cap.
1085 765 1149 811 45.
1171 757 1208 795 et
1229 758 1367 811 opusc.
1389 765 1429 796 2.
1448 758 1537 810 cap.
1563 765 1651 810 225.

843 825 880 864 et
902 827 1041 880 opusc.
1069 818 1140 864 60.
1162 826 1254 877 cap.
1279 817 1358 875 4.).

211 925 288 971 AD
324 937 513 971 PRIMUM
539 924 602 969 sic
630 925 901 984 proceditur.
929 923 1134 977 Videtur,
1161 922 1284 982 quod
1310 922 1457 967 Mater
1481 921 1572 967 Dei
1596 936 1690 966 non
1722 922 1856 966 fuerit
1885 922 2016 982 virgo
2042 922 2088 967 in

124 993 427 1052 concipiendo
456 991 718 1046 Christum3
754 990 881 1035 nulla
907 990 1031 1035 enim
1064 989 1230 1049 proles,
1263 1004 1379 1049 quae
1411 989 1549 1034 habet
1580 999 1769 1048 patrem,
1803 1000 1847 1034 et
1880 1002 2088 1044 matrem,

124 1075 179 1107 ex
202 1060 392 1119 Virgine
418 1069 563 1104 matre
591 1060 868 1118 concipitur:
896 1058 974 1103 sed
998 1058 1208 1102 Christus
1232 1071 1327 1101 non
1346 1056 1498 1101 solum
1516 1057 1678 1101 dicitur
1693 1057 1862 1101 habere
1879 1067 2090 1111 matrem,

124 1127 204 1174 sed
230 1127 369 1173 etiam
402 1136 603 1187 patrem:
637 1126 800 1171 dicitur
836 1125 959 1170 enim
997 1126 1108 1169 Luc.
1133 1138 1193 1169 2.:
1231 1126 1371 1170 Erant
1391 1130 1516 1184 pater
1539 1127 1641 1183 ejus,
1674 1131 1710 1169 et
1734 1130 1867 1170 mater
1891 1126 2091 1170 mirantes

123 1202 246 1255 super
269 1195 357 1248 his„
379 1207 484 1253 quae
509 1193 754 1239 dicebantur
778 1193 824 1238 de
846 1193 918 1237 illo
929 1208 947 1246 ,·
977 1202 1021 1237 et
1046 1192 1161 1236 infra
1187 1191 1348 1237 eadem
1375 1202 1520 1236 mater
1546 1191 1677 1235 dicit:
1709 1192 1816 1236 Ecce
1834 1198 1959 1250 pater
1985 1198 2090 1246 tuus,

123 1268 164 1308 et
193 1276 264 1321 ego
300 1260 473 1306 dolentes
507 1262 805 1320 quaerebamus
837 1266 871 1305 te
886 1275 903 1313 ;
938 1274 1049 1318 ergo
1083 1259 1294 1304 Christus
1325 1273 1420 1304 non
1453 1270 1519 1304 est
1552 1268 1800 1319 conceptus
1832 1274 1887 1304 ex
1918 1259 2094 1319 virgine

126 1338 285 1374 matre.

215 1409 257 1441 2.
292 1395 591 1441 PRAETEREA.
618 1394 780 1439 Matth.
812 1409 848 1439 1.
876 1394 1106 1454 probatur,
1128 1393 1251 1454 quod
1275 1393 1486 1439 Christus
1507 1394 1641 1439 fuerit
1661 1393 1781 1438 filius
1804 1394 2032 1449 Abrahae,
2051 1404 2097 1439 et

125 1462 278 1509 David
303 1476 383 1522 per
406 1462 514 1516 hoc,
541 1462 663 1521 quod
683 1461 856 1521 Joseph
880 1476 933 1506 ex
950 1461 1101 1505 David
1124 1461 1381 1506 descendit:
1409 1476 1525 1521 quae
1544 1462 1727 1521 quidem
1746 1462 1954 1520 probatio
1971 1461 2098 1506 nulla

128 1539 260 1585 esset,
287 1529 326 1574 si
344 1529 516 1589 Joseph
542 1539 670 1588 pater
697 1529 870 1574 Christi
900 1543 994 1573 non
1020 1528 1202 1583 fuisset3
1235 1542 1346 1588 ergo
1378 1529 1569 1582 videtur,
1603 1529 1724 1588 quod
1751 1538 1898 1574 mater
1925 1529 2098 1574 Christi

129 1612 235 1643 eum
262 1612 318 1642 ex
341 1597 516 1643 semine
542 1597 713 1657 Joseph
747 1597 1032 1656 conceperit:
1067 1606 1112 1641 et
1143 1598 1204 1641 ita
1230 1610 1326 1641 non
1351 1596 1529 1641 videtur
1554 1595 1692 1641 fuisse
1717 1597 1848 1656 virgo
1874 1596 1922 1641 in
1949 1597 2097 1642 conci-

129 1665 310 1726 piendo.

222 1747 260 1792 3.
277 1733 574 1778 PRAETEREA.
595 1730 744 1777 Galat.
771 1743 813 1786 4.
842 1731 1028 1775 dicitur:
1056 1732 1176 1776 Misit
1198 1732 1313 1775 Deus
1328 1731 1473 1789 filium
1496 1746 1616 1776 suum
1633 1731 1801 1790 factum
1823 1747 1873 1776 ex
1899 1731 2098 1776 muliere:

130 1798 295 1845 mulier
326 1809 480 1844 autem
507 1809 729 1843 consueto
757 1799 898 1842 modo
925 1798 1144 1857 loquendi
1170 1798 1345 1860 dicitur,
1373 1812 1488 1857 quae
1516 1808 1583 1843 est
1614 1798 1712 1842 viro
1742 1799 1955 1858 cognita;
1990 1813 2100 1858 ergo

132 1866 341 1913 Christus
362 1881 457 1911 non
477 1865 561 1910 fuit
587 1876 836 1925 conceptus
862 1880 916 1910 ex
941 1866 1116 1924 virgine
1140 1875 1299 1911 matre.

219 1946 262 1991 4.
294 1934 592 1979 PRAETEREA.
619 1933 791 1977 Eorum
818 1947 935 1992 quae
961 1945 1065 1977 sunt
1091 1933 1295 1990 ejusdem
1321 1932 1503 1990 speciei,
1532 1942 1599 1977 est
1620 1931 1741 1977 idem
1768 1932 1933 1977 modus
1967 1947 2100 1991 gene-

132 2002 343 2048 rationis:
371 2001 476 2061 quia
509 2001 743 2060 generatio
775 2000 935 2060 recipit
966 2000 1168 2060 speciem
1202 2014 1227 2044 a
1258 2001 1471 2054 termino,
1505 2000 1621 2044 sicut
1654 2011 1696 2045 et
1730 2002 1894 2044 caeteri
1921 2011 2099 2045 motus:

133 2070 213 2118 sed
255 2069 466 2114 Christus
508 2067 591 2112 fuit
632 2067 836 2126 ejusdem
873 2067 1041 2127 speciei
1083 2081 1187 2111 cum
1232 2067 1329 2111 aliis
1371 2067 1651 2122 hominibus,
1693 2068 1946 2112 secundum
1987 2067 2099 2112 illud

29 2147 60 2201 {2
133 2134 299 2197 Philip.
318 2149 380 2181 2.:
398 2136 450 2181 In
465 2135 778 2181 similitudinem
796 2136 1175 2194 hominumfactm,
1195 2141 1231 2180 et
1247 2136 1391 2180 habita
1413 2136 1605 2180 inventus
1626 2141 1671 2179 ut
1688 2135 1808 2180 homo
1819 2151 1835 2188 ;
1867 2150 1973 2180 cum
1991 2150 2101 2195 ergo

135 2202 214 2256 alii
235 2203 449 2249 homines
482 2212 756 2262 generentur
787 2217 842 2247 ex
876 2202 1207 2247 commixtione
1240 2203 1393 2256 maris,
1422 2211 1466 2246 et
1495 2201 1743 2257 foeminae,
1769 2203 1948 2248 videtur
1980 2204 2102 2263 quod

38 2263 71 2325 ζ,
134 2271 274 2322 etiam
300 2269 512 2316 Christus
533 2269 671 2315 simili
698 2270 840 2314 modo
867 2269 1000 2314 fuerit
1026 2280 1290 2329 generatus:
1318 2280 1361 2314 et
1377 2269 1441 2314 ita
1456 2283 1551 2314 non
1577 2270 1755 2315 videtur
1779 2269 1916 2315 fuisse
1944 2285 2106 2315 conce-

4 2369 11 2376 .
134 2347 237 2399 ptus
263 2352 319 2383 ex
341 2337 517 2396 virgine
544 2347 703 2382 matre.

166 2452 168 2454 ,
231 2418 267 2463 5.
294 2405 593 2450 PRAETEREA.
634 2404 880 2466 Quaelibet
915 2404 1065 2450 forma
1097 2404 1315 2450 naturalis
1352 2405 1490 2450 habet
1521 2405 1758 2450 materiam
1788 2406 1873 2450 sibi
1898 2406 2106 2451 determi-

59 2478 82 2506 ῑ-
136 2481 309 2527 natam,
335 2482 460 2517 extra
485 2487 625 2532 quam
651 2486 750 2517 esse
776 2486 872 2516 non
894 2482 1066 2532 potest:
1093 2474 1280 2517 materia
1300 2483 1453 2517 autem
1475 2472 1651 2517 formae
1674 2473 1903 2518 humanae
1929 2474 2107 2518 videtur

140 2551 424 2602 esse-semen
451 2540 604 2595 maris,
630 2549 676 2585 et
698 2538 952 2585 foeminae:
980 2540 1018 2584 si
1045 2554 1155 2599 ergo
1183 2554 1350 2599 corpus
1370 2540 1543 2585 Christi
1560 2555 1654 2584 non
1673 2539 1807 2585 fuerit
1829 2551 2106 2601 conceptum

56 2602 90 2654 ,ἓῖ-
141 2619 196 2656 ex
221 2606 395 2651 semine
422 2607 575 2662 maris,
601 2615 646 2651 et
671 2606 916 2662 foeminae,
943 2621 1038 2652 non
1069 2621 1176 2652 vere
1200 2606 1284 2652 fuit
1311 2621 1476 2667 corpus
1502 2607 1773 2662 humanum,
1801 2608 1923 2667 quod
1948 2618 2015 2654 est
2046 2609 2109 2652 in-

140 2673 441 2734 conveniens3
466 2673 644 2718 videtur
664 2674 801 2733 igitur
826 2689 919 2718 non
946 2673 1083 2719 fuisse
1106 2684 1356 2734 conceptus
1383 2689 1438 2718 ex
1464 2675 1638 2734 virgine
1667 2684 1824 2719 matre.

59 2757 80 2799 χ
152 2778 155 2779 ⁷
229 2740 325 2786 SED
352 2753 549 2786 CONTRA
575 2750 656 2795 est,
683 2741 806 2800 quod
833 2741 996 2786 dicitur
1021 2742 1166 2786 Isaiae
1195 2755 1260 2800 7.:
1287 2743 1392 2786 Ecce
1417 2743 1539 2800 virgo
1567 2743 1781 2802 concipiet.

66 2850 80 2862 ,
229 2806 519 2853 RESPONDEO
552 2808 811 2862 dicendum,
844 2808 966 2868 quod
993 2809 1260 2868 simpliciter
1278 2808 1590 2853 confitendum
1613 2819 1694 2863 est,
1716 2819 1913 2854 matrem
1937 2809 2109 2854 Christi

64 2878 83 2929 j
141 2873 364 2934 virginem
397 2875 687 2934 concepisse:
722 2875 1002 2919 contrarium
1035 2876 1158 2920 enim
1201 2876 1395 2935 pertinet
1427 2876 1483 2919 ad
1515 2876 1743 2920 haeresim
1777 2876 2108 2929 Ebionitarum‚

70 2937 82 3006 g}
144 2948 190 2985 et
213 2939 436 2996 Cerinthi,
462 2942 537 3001 qui
561 2941 797 2986 Christum
814 2957 979 3002 purum
995 2943 1238 2987 hominem
1265 2942 1607 2996 arbitrabantur,
1631 2953 1676 2987 et
1702 2943 1757 2987 de
1784 2954 1977 3002 utroque
2000 2957 2108 2987 sexu

143 3018 248 3052 eum
272 3017 432 3052 natum
457 3018 748 3067 putaverunt:
776 3009 898 3068 quod
925 3009 1049 3054 enim
1084 3009 1292 3054 Christus
1325 3010 1382 3054 sit
1408 3020 1656 3068 conceptus
1691 3023 1743 3054 ex
1776 3010 1966 3068 virgine,
2000 3024 2111 3054 con-

74 3074 83 3107 ³?
143 3072 330 3118 veniens
355 3084 423 3119 est
452 3085 636 3135 propter
661 3082 867 3135 quatuor:
887 3078 1029 3135 primo
1062 3087 1247 3136 propter
1280 3077 1499 3122 mittentis
1525 3077 1671 3122 Patris
1704 3077 1972 3136 dignitatem
2006 3091 2111 3121 con-

67 3143 87 3203 J
145 3140 433 3187 servandam:
457 3156 562 3186 cum
589 3142 713 3187 enim
741 3142 951 3188 Christus
973 3144 1028 3188 sit
1044 3158 1191 3198 verus,
1211 3154 1253 3188 et
1279 3143 1496 3188 naturalis
1513 3144 1602 3189 Dei
1618 3143 1772 3197 Filius,
1791 3143 1983 3188 nonfuit
2005 3158 2111 3187 con-

21 3227 34 3250 κ
64 3212 90 3262 -Ῑζ
145 3206 346 3262 veniens,
382 3210 504 3268 quod
542 3209 682 3255 alium
709 3220 885 3270 patrem
921 3211 1123 3271 haberet,
1161 3226 1300 3270 quam
1334 3212 1502 3265 Deum,
1529 3225 1586 3255 ne
1619 3210 1814 3269 dignitas
1852 3210 1939 3253 Dei
1966 3210 2111 3254 Patris

94 3336 95 3339 Ἴ
146 3273 460 3320 transferretur
482 3275 537 3320 ad
556 3275 720 3321 alium:
743 3277 914 3322 secundo
934 3277 1024 3322 hoc
1048 3277 1131 3322 fuit
1157 3279 1434 3322 conveniens
1461 3277 1724 3337 proprietati
1741 3277 1879 3335 ipsius
1902 3276 2017 3331 Filii,
2035 3277 2112 3336 qui

147 3339 351 3396 mittitur,
371 3342 649 3402 quiquidem
666 3354 734 3389 est
749 3343 952 3389 Verbum
969 3345 1082 3389 Dei:
1101 3345 1294 3389 verbum
1313 3355 1465 3389 autem
1486 3345 1652 3403 absque
1671 3343 1799 3387 omni
1819 3343 2111 3402 corruptione

153 3406 301 3453 cordis
338 3409 614 3469 concipitur:
649 3410 906 3470 quinimmo
944 3411 1094 3457 cordis
1122 3412 1353 3471 corruptio
1390 3411 1578 3470 perfecti
1609 3410 1734 3454 verbi
1761 3411 2112 3469 conceptionem

44 3466 47 3467 ⁷
67 3473 94 3542 3:
151 3487 246 3519 non
262 3475 449 3535 patitur:
476 3478 581 3536 quia
599 3491 710 3536 ergo
733 3492 839 3523 caro
862 3478 927 3523 sic
948 3477 1032 3523 fuit
1054 3493 1081 3523 a
1105 3478 1260 3523 Verbo
1277 3479 1367 3523 Dei
1385 3487 1631 3537 assumpta,
1650 3487 1698 3521 ut
1714 3487 1831 3522 esset
1849 3491 1956 3522 caro
1974 3477 2116 3523 Verbi

152 3538 256 3603 Dei,
282 3542 560 3587 conveniens
585 3542 683 3597 fuit,
706 3545 827 3603 quod
856 3544 993 3589 etiam
1017 3547 1113 3605 ipsa
1145 3545 1242 3590 sine
1271 3545 1563 3603 corruptione
1591 3545 1747 3588 matris
1775 3544 2114 3604 conciperetur:

153 3608 273 3654 tortio
297 3606 389 3653 hoc
414 3607 497 3654 fuit
522 3610 800 3655 conveniens
827 3610 1036 3670 dignitati
1061 3611 1357 3656 humanitatis
1386 3610 1573 3665 Christi,
1599 3611 1646 3654 in
1663 3624 1751 3670 qua
1773 3610 1931 3656 locum
1956 3626 2115 3671 pecca·
