2352 3926
271 211 381 279 256
820 222 1099 268 QUAESTIO
1140 222 1271 262 xxx.
1311 221 1619 262 annotans
1658 223 1717 263 11.

971 433 1408 491 ARTICULUS
1448 436 1520 491 11.
1925 413 1932 425 '
2156 448 2236 510 ³65

308 571 501 609 UTRUM
540 570 927 609 ANNUNTIATIO
970 571 1015 609 Β.
1049 571 1258 611 VIRGINI
1296 571 1438 610 FIERI
1472 572 1744 610 DEBUERIT
1779 572 1880 611 PER
1917 570 2200 612 ANGELUM.

812 679 863 740 (3.
896 681 1007 726 Dist.
1030 695 1065 741 3.
1100 696 1138 740 q.
1168 697 1204 741 3.
1238 687 1318 727 art.
1345 697 1385 727 2.
1414 697 1452 741 q.
1486 698 1521 727 r.
1555 689 1593 728 et
1625 683 1698 738 2.).

360 793 436 836 AD
460 806 722 837 SECUNDUM
744 793 807 837 sic
835 794 1108 852 proceditur.
1136 794 1340 848 Videtur,
1364 794 1486 853 quod
1515 795 1682 838 Beatae
1708 793 1887 852 Virgini
1912 807 2008 838 non
2033 793 2242 839 debuerit

272 861 554 905 annuntiatio
588 861 685 905 fieri
717 876 796 919 per
827 862 1083 920 Angelum:
1116 863 1339 921 supremis
1373 862 1496 906 enim
1530 862 1703 920 angelis
1750 862 1799 906 fit
1831 861 2054 906 revelatio>
2082 862 2240 907 imme-

272 929 391 972 diate
419 943 444 972 a
470 929 588 983 Deo,
615 939 664 972 ut
688 929 882 988 Dionys.
916 929 1025 973 dicit
1057 943 1096 988 7.
1133 944 1231 989 cap.
1261 929 1462 974 Coelest.
1495 930 1670 973 Hierar.
1703 929 1878 988 (parum
1913 943 1941 974 a
1971 928 2129 987 med.).·
2161 929 2242 974 sed

272 996 419 1039 Mater
443 996 533 1040 Dei
559 1006 626 1040 est
646 1011 783 1055 super
809 1011 971 1041 omnes
995 996 1185 1056 angelos
1213 996 1431 1050 exaltata;
1465 1011 1575 1056 ergo
1598 997 1789 1051 videtur,
1823 996 1946 1056 quod
1974 996 2241 1040 immediate

273 1078 298 1107 a
324 1064 427 1108 Deo
451 1064 655 1108 debuerit
680 1064 765 1108 sibi
788 1067 1042 1109 annuntiari
1064 1065 1389 1108 incarnationis
1413 1064 1695 1124 mysterium,
1719 1074 1764 1108 et
1787 1078 1882 1108 non
1907 1078 1988 1123 per
2011 1063 2242 1123 angelum.

364 1143 404 1174 2.
431 1130 731 1176 PRAETEREA.
760 1132 809 1175 Si
835 1132 881 1175 in
907 1133 999 1176 hoc
1027 1132 1264 1191 oportebat
1289 1133 1459 1176 servari
1492 1145 1790 1175 communem
1833 1131 2057 1186 ordinem,
2088 1145 2247 1175 secun-

274 1197 385 1241 dum
412 1212 548 1256 quem
577 1198 729 1242 divina
760 1198 1024 1243 hominibus
1051 1214 1131 1258 per
1154 1198 1642 1258 angelostrevelantur,
1664 1197 1874 1242 similiter
1895 1197 2050 1242 divina
2071 1198 2128 1242 ad
2150 1212 2247 1242 mu·

273 1264 432 1309 lierem
465 1279 545 1324 per
574 1265 725 1309 virum
758 1265 1043 1311 deferuntur:
1070 1265 1190 1309 unde
1217 1275 1261 1310 et
1286 1265 1537 1324 Apostolus
1565 1265 1675 1309 dicit
1704 1278 1740 1309 1.
1769 1265 1824 1309 ad
1852 1264 1961 1310 Cor.
1985 1265 2247 1320 14.:Mulie-

272 1348 337 1377 res
361 1334 408 1376 in
428 1332 622 1377 Ecclesiis
647 1339 836 1377 taceant.-
861 1335 897 1377 si
922 1333 1022 1391 quid
1047 1339 1183 1377 autem
1209 1333 1359 1377 volunt
1383 1333 1550 1386 discere,
1578 1332 1691 1376 domi
1711 1333 1828 1376 viros
1852 1347 1944 1377 suos
1966 1333 2244 1391 interrogatum

274 1413 384 1476 ergo
416 1399 608 1453 videtur,
635 1400 758 1459 quod
785 1401 953 1444 Beatae
986 1399 1167 1458 Virgini
1207 1399 1414 1444 debuerit
1445 1399 1704 1443 annuntiari
1735 1399 2004 1458 mysterium
2038 1399 2250 1443 Incarna-

272 1467 409 1511 tionis
431 1481 511 1526 per
538 1466 738 1526 aliquem
763 1468 938 1522 virum3
966 1467 1234 1526 praesertim
1261 1467 1367 1526 quia
1393 1466 1565 1526 Joseph
1597 1466 1667 1510 vir
1698 1467 1794 1525 ejus
1817 1480 1953 1526 super
1972 1465 2064 1511 hoc
2083 1465 2170 1512 fuit
2190 1465 2246 1511 ab

273 1534 455 1593 Angelo
486 1534 747 1588 instructus,
774 1544 823 1578 ut
853 1503 1018 1593 legitur
1044 1534 1206 1579 Matth.
1244 1548 1279 1577 1.

368 1616 405 1660 3.
433 1601 730 1646 PRAETEREA
749 1601 914 1646 Nullus
931 1611 1083 1661 potest
1100 1615 1302 1660 congrue
1322 1601 1605 1655 annuntiare,
1629 1601 1751 1659 quod
1774 1600 1980 1663 ignorat:
2004 1600 2086 1646 sed
2107 1601 2247 1646 etiam

274 1669 474 1727 supremi
507 1668 659 1726 angeli
689 1683 783 1712 non
810 1669 943 1728 plene
972 1679 1291 1726 cognoverunt
1316 1669 1648 1713 Incarnationis
1676 1668 1972 1728 mysterium:
1994 1669 2115 1713 unde
2137 1668 2248 1714 dicit

274 1736 468 1795 Dionys.
497 1748 537 1794 7.
567 1735 767 1780 Coelest.
795 1736 1032 1780 Hierarch.
1062 1736 1111 1794 (a
1134 1736 1261 1792 med.)
1293 1750 1347 1779 ex
1373 1750 1533 1779 eorum
1556 1750 1752 1795 persona
1778 1749 1877 1780 esse
1900 1735 2248 1795 intelligendam

277 1803 610 1862 quaestionem,
638 1818 753 1862 quae
779 1803 964 1862 ponitur
988 1803 1073 1847 Isa.
1101 1802 1197 1862 63.:
1227 1805 1335 1860 Quis
1361 1810 1415 1848 est
1439 1805 1525 1858 iste,
1549 1805 1622 1861 qui
1645 1805 1761 1847 venit
1784 1803 1831 1848 de
1851 1803 2023 1849 Edem?
2042 1804 2167 1863 Ergo
2187 1803 2251 1847 vi·

276 1871 420 1924 detur,
459 1871 584 1929 quod
625 1884 705 1929 per
735 1870 914 1915 nullum
948 1870 1163 1930 angelum
1195 1872 1342 1930 potuit
1374 1870 1701 1915 convenienter
1734 1871 2017 1916 annuntiatio
2048 1871 2252 1916 incarna-

275 1938 413 1982 tionis
445 1937 555 1981 fieri.

365 2017 408 2059 4.
433 2004 732 2049 PRAETEREA.
759 2005 936 2063 Majora
962 2015 1067 2050 sunt
1092 2019 1171 2064 per
1198 2006 1395 2063 majores
1418 2005 1602 2048 nuntios
1626 2005 1956 2050 annuntianda:
1979 2005 2059 2051 sed
2085 2015 2251 2066 myste-

276 2072 395 2116 rium
421 2072 752 2116 Incarnationis
780 2082 847 2116 est
880 2074 1134 2117 maximum
1161 2075 1277 2118 inter
1309 2073 1480 2126 omnia,
1503 2087 1620 2132 quae
1647 2087 1728 2132 per
1755 2072 1945 2132 angelos
1971 2083 2077 2118 sunt
2100 2074 2248 2118 homi-

276 2141 408 2184 nibus
441 2141 730 2194 annuntiata3
758 2155 867 2199 ergo
906 2141 1100 2195 videtur,
1143 2141 1264 2200 quod
1307 2141 1346 2185 si
1376 2155 1456 2199 per
1489 2141 1688 2200 aliquem
1731 2141 1948 2200 angelum
1989 2141 2144 2186 debuit
2175 2155 2251 2186 an-

275 2208 487 2261 nuntiari,
520 2207 595 2251 ille
627 2208 832 2252 debuerit
858 2223 956 2253 esse
984 2209 1039 2253 de
1067 2223 1281 2267 supremo
1320 2209 1500 2252 ordine:
1535 2208 1615 2253 sed
1649 2207 1838 2253 Gabriel
1868 2223 1964 2253 non
1997 2218 2066 2253 est
2090 2207 2148 2254 de
2182 2222 2254 2252 su-

274 2290 435 2334 premo
464 2276 636 2329 ordine,
665 2289 772 2319 cum
806 2276 862 2319 sit
893 2277 948 2320 de
983 2277 1141 2320 ordine
1176 2276 1576 2335 archangelorum,
1600 2276 1677 2335 qui
1705 2286 1772 2320 est
1803 2275 2096 2335 penultimus,
2127 2275 2249 2320 unde

275 2342 480 2387 Ecclesia
506 2353 680 2387 cantat:
713 2344 950 2388 Gabrielem
973 2345 1267 2402 archangelum
1277 2346 1426 2388 scimus
1443 2344 1644 2388 divinitus
1661 2350 1697 2388 te
1714 2359 1790 2389 esse
1803 2344 1979 2402 affatum
1989 2357 2008 2402 ;
2024 2357 2121 2388 non
2138 2357 2252 2403 ergo

275 2410 540 2470 hujusmodi
567 2411 850 2454 annuntiatio
877 2426 957 2469 per
986 2410 1250 2456 Gabrielem
1278 2410 1608 2470 archangelum
1637 2411 1964 2456 convenienter
1993 2409 2114 2456 facta
2140 2421 2221 2456 est.

369 2477 462 2522 SED
491 2491 687 2523 CONTRA
715 2488 795 2531 est,
815 2479 937 2536 quod
956 2479 1119 2522 dicitur
1137 2479 1247 2522 Luc.
1272 2493 1333 2525 1.:
1359 2480 1509 2523 Missus
1526 2485 1583 2523 est
1603 2479 1778 2523 Gabriel
1803 2479 1970 2538 angelus
1994 2493 2022 2523 a
2037 2478 2147 2534 Deo,
2165 2487 2252 2523 etc.

367 2544 657 2590 RESPONDEO
684 2545 944 2600 dicendum,
971 2546 1094 2604 quod
1113 2548 1391 2590 conveniens
1409 2545 1506 2600 fuit,
1528 2546 1665 2590 Matri
1686 2545 1776 2590 Dei
1799 2545 2057 2590 annuntiari
2076 2559 2159 2605 per
2178 2559 2254 2590 an-

279 2610 434 2671 gelum
461 2611 640 2656 divinae
666 2613 998 2657 iucarnationis
1025 2613 1309 2672 mysterium,
1351 2623 1536 2673 propter
1578 2615 1664 2659 tria
1675 2629 1691 2666 ;
1712 2615 1858 2672 primo
1891 2613 2091 2672 quidem,
2124 2622 2174 2658 ut
2203 2613 2253 2657 in

278 2680 370 2724 hoc
398 2679 537 2723 etiam
563 2689 817 2723 servaretur
844 2680 996 2724 divina
1023 2681 1265 2734 ordinatio,
1300 2681 1555 2725 secundum
1588 2694 1726 2739 quam
1753 2680 2057 2725 mediantibus
2078 2679 2253 2739 angelis

280 2746 433 2791 divina
458 2747 514 2790 ad
532 2746 744 2791 homines
772 2748 1065 2806 perveniunt3
1093 2748 1212 2792 unde
1232 2748 1427 2807 Dionys.
1450 2748 1560 2792 dicit
1583 2760 1625 2802 4.
1655 2762 1752 2806 cap.
1783 2746 1987 2792 Coelest.
2014 2746 2252 2792 Hierarch.

282 2813 329 2872 (a
353 2814 493 2872 med),
534 2813 656 2873 quod
687 2829 711 2854 «
738 2814 944 2858 divinum
980 2815 1087 2872 Jesu
1113 2815 1404 2873 benignitatis
1438 2815 1708 2874 mysterium
1741 2813 1893 2873 angeli
1924 2814 2074 2873 primo
2101 2814 2254 2860 edocti

279 2891 406 2926 sunt:
434 2891 592 2940 postea
618 2895 698 2939 per
723 2881 847 2939 ipsos
875 2882 931 2925 ad
958 2896 1043 2926 nos
1077 2882 1353 2941 cognitionis
1387 2882 1531 2940 gratia
1558 2881 1787 2936 transivit;
1830 2882 1895 2926 sic
1929 2895 2041 2940 ergo
2075 2882 2256 2927 divinis-

280 2950 423 2994 simus
457 2948 642 2993 Gabriel
668 2948 937 2992 Zachariam
961 2949 1147 3008 quidem
1174 2949 1330 2993 docuit
1352 2949 1625 3008 prophetam
1646 2949 1875 3006 Joannem
1903 2963 1958 2993 ex
1982 2949 2083 3008 ipso
2109 2948 2254 2994 nasci-

278 3027 445 3071 turum,
471 3016 666 3060 Mariam
699 3026 866 3071 autem,
899 3016 1135 3075 quomodo
1173 3016 1220 3059 in
1254 3019 1348 3074 ipsa
1381 3016 1507 3059 fieret
1538 3016 1856 3060 thearchicum
1890 3015 2133 3061 ineffabilis
2160 3015 2255 3061 Dei

278 3084 566 3129 formationis
594 3084 862 3142 mysterium
879 3098 928 3137 >›;
954 3083 1130 3127 secundo
1170 3083 1259 3127 hoc
1293 3082 1375 3127 fuit
1409 3084 1685 3127 conveniens
1712 3083 1985 3143 reparationi
2006 3083 2252 3136 humanae,
2317 3088 2342 3126 3

280 3166 395 3211 quae
422 3151 570 3195 futura
597 3160 692 3195 erat
717 3166 796 3210 per
824 3151 1082 3204 Christum3
1111 3151 1229 3194 unde
1258 3150 1380 3194 Beda
1413 3150 1522 3194 dicit
1562 3151 1608 3193 in
1651 3150 1824 3195 Homil.
1861 3151 2037 3209 (scilicet
2065 3150 2253 3209 in'festo
2318 3153 2339 3195 'js

281 3221 473 3264 Armant.
500 3221 544 3263 in
580 3220 718 3278 princ.
746 3225 781 3263 et
811 3224 866 3262 est
892 3220 999 3262 inter
1025 3219 1223 3276 hyemales
1256 3218 1301 3262 de
1347 3218 1469 3273 SS.).·
1511 3235 1532 3259 «
1563 3218 1737 3276 Aptum
1772 3218 2005 3263 humanae
2036 3224 2255 3262 restaura-
2312 3220 2334 3275 ,ἐξ

282 3288 418 3331 tionis
444 3285 733 3344 principium,
762 3295 810 3329 ut
836 3285 1024 3344 angelus
1058 3300 1082 3328 a
1115 3286 1218 3328 Deo
1253 3285 1506 3329 mitteretur
1549 3286 1603 3328 ad
1647 3285 1886 3344 Virginem
1926 3294 2057 3344 partu
2099 3297 2255 3330 conse-
2318 3295 2352 3310 ²

286 3354 503 3398 crandam
531 3353 709 3396 divino:
739 3353 843 3411 quia
867 3353 1012 3411 prima
1036 3353 1300 3410 perditionis
1328 3352 1557 3396 humanae
1584 3352 1666 3396 fuit
1693 3367 1844 3407 causa,
1872 3366 1978 3398 curn
2010 3365 2197 3412 serpens
2226 3365 2253 3396 a
2300 3345 2331 3402 :If

285 3420 468 3465 diabolo
488 3421 748 3464 mittebatur
775 3419 830 3463 ad
858 3419 1096 3463 mulierem
1125 3420 1282 3477 spiritu
1310 3419 1544 3477 superbiae
1574 3420 1890 3479 decipiendam
1914 3435 1964 3474 »;
1988 3421 2126 3474 tertio,
2149 3418 2254 3476 quia

282 3489 372 3531 hoc
402 3488 684 3546 congruebat
708 3487 953 3545 virginitati
979 3486 1136 3530 Matris
1163 3487 1278 3539 Dei3
1306 3487 1422 3530 unde
1452 3487 1638 3530 Hieron.
1667 3488 1776 3531 dicit
1815 3487 1862 3531 in
1903 3500 2039 3531 serm.
2066 3487 2253 3530 Assum-

282 3555 448 3614 ptionis
483 3558 569 3612 (seu
594 3557 705 3614 epist.
740 3555 792 3598 ad
814 3554 936 3599 Paul.
963 3559 998 3598 et
1024 3554 1215 3598 Eustoch.
1236 3554 1343 3597 inter
1368 3557 1453 3610 ejus
1472 3562 1537 3612 op.
1562 3555 1739 3599 adscitit.
1760 3556 1867 3598 inter
1877 3554 2016 3613 princ.
2033 3558 2072 3598 et
2091 3549 2246 3609 ’nod-L·

288 3638 310 3663 «
339 3623 462 3666 Bene
489 3622 677 3681 angelus
705 3622 760 3666 ad
787 3621 1025 3680 Virginem
1052 3621 1265 3665 mittitur:
1295 3621 1398 3678 quia
1426 3635 1607 3679 semper
1634 3631 1700 3665 est
1733 3620 1907 3680 angelis
1941 3627 2139 3679 cognata
2168 3617 2255 3663 vir-
