2352 3926
261 216 370 287 284
757 232 1037 278 QUAEsT1o
1078 233 1269 271 xxxm.
1310 218 1619 274 ARTICULUS
1659 234 1716 273 11.

346 332 636 377 RESPONDEO
663 332 923 387 dicendum,
950 332 1073 392 quod
1100 333 1156 377 ad
1181 333 1274 378 hoc
1307 335 1429 394 quod
1456 337 1699 395 conceptio
1730 335 1818 394 ipsi
1841 330 1959 380 Filio
1988 334 2079 381 Dei
2105 335 2224 381 attri-

228 393 231 396 ⁴
256 399 432 453 buatur,
456 410 504 443 ut
525 400 570 443 in
599 399 824 458 Symbolo
847 400 1120 444 confitemur
1145 401 1370 447 dicentes:
1400 403 1489 459 Qui
1505 409 1716 462 conceptus
1737 409 1790 447 est
1805 402 1852 448 de
1871 403 2034 463 Spiritu
2053 403 2220 457 Sancto,

255 481 443 510 necesse
472 477 538 510 est
570 467 734 520 dicere,
769 467 891 526 quod
931 467 1083 526 ipsum
1116 481 1280 528 corpus
1314 469 1498 523 Christi,
1533 469 1642 512 dum
1684 469 2014 528 conciperetur,
2047 471 2167 515 esset
2195 483 2223 514 a

256 534 409 576 Verbo
437 533 525 576 Dei
557 543 855 592 assumptum.
886 534 1139 579 Ostensum
1165 544 1231 579 est
1257 544 1410 579 autem
1437 550 1572 594 supra
1605 536 1665 594 (q.
1689 536 1731 581 6.
1754 542 1835 580 art.
1861 549 1900 580 1.
1932 541 1969 581 et
1992 536 2071 595 2.),
2099 535 2223 596 quod

243 600 460 649 >Verbum
482 601 571 644 Dei
598 603 840 659 assumpsit
867 616 1032 660 corpus
1050 603 1278 647 mediante
1307 603 1473 657 anima,
1501 613 1545 647 et
1563 603 1767 646 animam
1793 602 2022 647 mediante
2048 602 2223 661 spiritu,

255 667 370 710 idest
410 668 661 711 intellectu:
704 668 824 712 unde
856 669 1071 728 oportuit,
1098 670 1221 728 quod
1261 670 1307 713 in
1325 670 1474 729 primo
1501 670 1686 714 instanti
1717 669 2032 730 conceptionis
2058 681 2224 729 corpus

258 734 430 778 Christi
456 745 576 779 esset
601 736 854 780 animatum
887 737 1041 780 anima
1066 736 1291 781 rationali.

347 801 422 845 AD
449 814 639 847 PRIMUM
667 817 776 862 ergo
802 804 1061 858 dicendum,
1089 804 1210 863 quod
1238 804 1512 864 principium
1538 804 1846 864 inspirationis
1874 804 2055 848 animae
2076 812 2227 864 potest

258 869 538 913 considerari
562 870 810 929 dupliciter:
837 887 918 915 uno
935 871 1056 916 modo
1080 872 1332 916 secundum
1359 872 1706 931 dispositionem
1726 872 1954 931 corporis:
1978 881 2024 916 et
2048 871 2113 915 sic
2129 882 2226 914 non

259 936 312 979 ab
341 935 432 980 alio
459 937 684 997 principio
709 938 926 998 inspirata
953 949 1020 983 est
1052 939 1205 982 anima
1232 939 1415 998 corpori
1444 939 1627 993 Christi,
1655 949 1699 983 et
1731 939 1997 999 corporibus
2030 937 2226 982 aliorum

257 1003 517 1058 hominum,
550 1005 668 1049 sicut
703 1005 827 1049 enim
859 1006 1011 1050 statim
1053 1004 1253 1050 formato
1293 1020 1487 1065 corpore
1514 1006 1697 1051 alterius
1729 1006 1946 1061 hominis,
1977 1003 2227 1050 infunditur

230 1062 427 1125 'anima‚
467 1071 530 1115 ita
554 1070 639 1116 fuit
669 1072 716 1116 in
750 1073 960 1117 Christo:
994 1073 1078 1117 alio
1104 1073 1225 1118 modo
1258 1083 1408 1132 potest
1439 1073 1718 1117 considerari
1749 1073 1921 1118 dictum
1953 1071 2227 1133 principium

257 1137 411 1182 solum
436 1139 689 1183 secundum
713 1150 917 1199 tempus:
945 1150 990 1185 et
1020 1141 1084 1184 sic
1111 1140 1217 1199 quia
1242 1140 1365 1200 prius
1391 1150 1600 1199 tempore
1631 1139 1882 1187 formatum
1913 1139 1997 1185 fuit
2027 1137 2228 1200 perfecte

259 1219 423 1265 corpus
453 1206 636 1261 Christi,
664 1208 786 1266 prius
812 1218 1020 1266 tempore
1045 1207 1130 1252 fuit
1155 1208 1294 1252 etiam
1321 1208 1588 1252 animatum.

346 1273 423 1317 AD
465 1287 727 1319 SECUNDUM
754 1275 1012 1329 dicendum,
1052 1274 1174 1333 quod
1217 1275 1370 1318 anima
1396 1275 1583 1333 requirit
1615 1274 1815 1319 debitam
1847 1274 2149 1335 quantitatem
2178 1275 2227 1320 in

258 1340 462 1394 materia,
491 1341 564 1385 cui
588 1340 860 1386 infunditur:
887 1342 966 1386 sed
992 1342 1078 1386 ista
1104 1342 1330 1400 quantitas
1353 1342 1601 1400 quamdam
1621 1341 1908 1387 latitudinem
1932 1341 2095 1398 habet;
2121 1342 2228 1402 quia

259 1418 303 1452 et
324 1409 370 1452 in
396 1410 574 1467 majori,
593 1419 637 1453 et
661 1410 707 1453 in
735 1410 902 1453 minori
920 1410 1169 1468 quantitate
1187 1408 1407 1454 salvatur:
1435 1410 1662 1468 quantitas
1680 1420 1834 1454 autern
1853 1410 2072 1470 corporis,
2089 1423 2229 1470 quam

257 1475 409 1530 habet,
440 1490 545 1519 cum
572 1477 720 1536 primo
747 1477 831 1521 sibi
851 1476 1101 1520 infunditur
1127 1477 1295 1531 anima,
1320 1477 1694 1536 proportionatur
1720 1477 1962 1536 quantitati
1986 1476 2229 1537 perfectae,

260 1543 316 1586 ad
343 1557 482 1602 quam
518 1558 597 1602 per
639 1553 937 1602 augmentum
963 1544 1220 1603 perveniet;
1261 1544 1324 1587 ita
1351 1543 1527 1589 scilicet
1566 1544 1689 1603 quod
1721 1545 1952 1603 majorum
1983 1545 2229 1589 hominum

259 1612 484 1669 majorem
511 1613 809 1670 quantitatem
838 1626 1032 1670 corpora
1056 1612 1227 1655 habent
1251 1611 1298 1654 in
1324 1612 1471 1670 prima
1505 1612 1809 1657 animatione:
1839 1611 2048 1657 Christus
2075 1621 2230 1657 autem

177 1679 189 1684 s
259 1678 305 1721 in
331 1677 531 1737 perfecta
555 1689 701 1723 aetate
723 1679 883 1723 habuit
900 1680 1154 1733 decentem,
1182 1689 1226 1722 et
1251 1680 1536 1723 mediocrem
1554 1679 1869 1738 quantitatem,
1888 1679 1962 1724 cui
1977 1678 2231 1739 proportio·

258 1746 451 1789 nabatur
474 1747 713 1804 quantitas,
731 1761 868 1805 quarn
889 1761 1054 1806 corpus
1073 1749 1169 1805 ejus
1186 1746 1346 1790 habuit
1362 1747 1407 1789 in
1425 1757 1634 1805 tempore
1652 1761 1743 1806 quo
1763 1746 1961 1801 aliorum
1983 1746 2230 1791 hominum

262 1826 457 1871 corpora
484 1813 766 1859 animantur:
794 1814 1022 1858 minorem
1059 1824 1214 1858 tamen
1240 1814 1399 1858 habuit
1424 1814 1470 1857 in
1497 1814 1720 1873 principio
1747 1827 1856 1858 suae
1884 1812 2228 1873 conceptionis:

261 1880 340 1924 sed
367 1890 523 1924 tamen
549 1880 627 1924 illa
653 1896 793 1939 parva
820 1883 1046 1941 quantitas
1069 1896 1163 1925 non
1191 1892 1285 1926 erat
1303 1893 1398 1926 tarn
1425 1896 1578 1941 parva,
1605 1891 1654 1925 ut
1678 1882 1726 1924 in
1753 1895 1805 1925 ea
1827 1895 1921 1925 non
1942 1890 2098 1941 posset
2113 1882 2228 1926 ratio

262 1948 451 1992 animati
483 1949 689 2007 corporis
731 1949 1016 2004 conservari3
1044 1964 1150 1992 cum
1177 1949 1224 1992 in
1255 1949 1336 1993 tali
1368 1949 1616 2008 quantitate
1648 1948 1956 2008 quorumdam
1981 1962 2230 2009 parvorum

259 2015 506 2059 hominum
532 2030 726 2075 corpora
752 2017 1023 2062 animentur.
1805 2024 1807 2026 ’

351 2083 427 2127 AD
462 2095 679 2128 TERTmM
713 2084 972 2138 dicendum,
1001 2084 1123 2143 quod
1149 2084 1196 2128 in
1229 2084 1524 2143 generatione
1566 2083 1762 2128 aliorum
1787 2084 2033 2129 hominum
2071 2084 2231 2129 locum

259 2150 398 2194 habet
419 2152 541 2209 quod
568 2151 676 2196 dicit
702 2150 1025 2211 Philosophus,
1052 2161 1235 2210 propter
1252 2152 1343 2195 hoc
1372 2151 1494 2210 quod
1522 2152 1780 2196 successive
1807 2165 1972 2211 corpus
1993 2150 2230 2206 formatur,

261 2227 306 2261 et
329 2218 582 2276 disponitur
604 2219 658 2263 ad
677 2218 901 2273 animam3
924 2219 1044 2263 unde
1061 2219 1211 2278 primo
1233 2230 1470 2278 tamquam
1494 2218 1761 2278 imperfecte
1780 2219 2052 2278 dispositum
2071 2218 2232 2279 recipit

262 2284 466 2328 animam
491 2284 824 2344 imperfectam,
848 2295 891 2329 et
914 2286 1226 2344 postmodum,
1249 2286 1432 2345 quando
1452 2285 1649 2344 perfecte
1676 2296 1744 2331 est
1765 2286 2050 2346 dispositum,
2070 2285 2232 2345 recipit
2286 2282 2292 2286 ’

263 2352 465 2395 animam
502 2351 774 2411 perfectam:
809 2353 888 2396 sed
929 2367 1095 2412 corpus
1125 2353 1296 2398 Christi
1327 2363 1513 2413 propter
1551 2353 1778 2398 infinitam
1808 2354 2023 2399 virtutem
2055 2353 2232 2413 agentis

260 2417 343 2462 fuit
369 2418 569 2477 perfecte
596 2419 867 2478 dispositum
890 2422 936 2464 in
960 2420 1160 2474 instanti,
1179 2420 1299 2464 unde
1325 2421 1481 2465 statim
1502 2420 1550 2464 in
1571 2420 1722 2480 primo
1747 2420 1932 2466 instanti
1955 2420 2126 2482 recepit
2144 2419 2232 2466 for-

262 2500 389 2530 mam
415 2485 679 2546 perfectam,
705 2486 823 2532 idest
850 2487 1053 2531 animam
1075 2487 1363 2532 rationalem.
2237 2486 2243 2493 '

971 2674 1405 2731 ARTICULUS
1447 2675 1547 2730 111.
2147 2689 2229 2735 182

263 2823 458 2871 UTRUM
499 2824 710 2863 CORPUS
754 2825 973 2863 CHRISTI
1013 2827 1070 2865 IN
1109 2826 1277 2865 PRIMO
1318 2825 1581 2865 INSTANTI
1641 2826 1778 2864 SUAE
1818 2825 2228 2867 CONCEPTIONIS

810 2908 1007 2946 FUERIT
1048 2909 1084 2946 A
1122 2908 1298 2947 VERBO
1339 2908 1686 2946 ASSUMPTUM.

284 3033 337 3092 (3.
365 3033 476 3077 Dist.
503 3047 544 3077 2.
571 3046 608 3091 q.
637 3046 676 3077 2.
703 3037 785 3076 art.
803 3047 840 3091 3.
859 3038 896 3076 et
916 3033 1029 3077 Dist.
1048 3047 1084 3092 3.
1108 3047 1145 3092 q.
1165 3047 1202 3092 5.
1225 3039 1307 3078 art.
1330 3048 1369 3078 2.
1393 3039 1432 3078 et
1452 3034 1523 3078 lib.
1545 3047 1587 3091 4.
1610 3034 1756 3079 Contr.
1777 3050 1817 3095 g.
1840 3042 1932 3096 cap.
1953 3048 2027 3094 44.
2048 3039 2087 3081 et
2109 3034 2209 3096 45).

354 3159 429 3203 AD
458 3171 674 3204 TERTmM
700 3159 763 3203 sic
790 3158 1063 3218 proceditur.
1091 3158 1295 3213 Videtur,
1323 3159 1445 3218 quod
1473 3174 1580 3204 caro
1610 3160 1781 3205 Christi
1812 3160 1936 3220 prius
1966 3160 2101 3206 fuerit
2126 3175 2232 3207 con-

263 3236 409 3286 cepta,
438 3237 481 3270 et
507 3226 803 3285 postmodum
831 3237 1086 3284 assumpta3
1114 3228 1236 3285 quod
1260 3228 1382 3270 enim
1408 3241 1502 3271 non
1530 3236 1610 3282 est,
1640 3242 1734 3272 non
1760 3237 1911 3288 potest
1934 3229 2127 3274 assumi:
2149 3228 2230 3274 sed

264 3308 372 3338 caro
394 3293 564 3338 Christi
581 3308 661 3353 per
678 3293 1030 3353 conceptionem
1049 3308 1144 3338 esse
1162 3294 1354 3353 incepit3
1374 3308 1484 3352 ergo
1501 3295 1693 3349 videtur,
1712 3295 1835 3355 quod
1850 3294 1984 3340 fuerit
2001 3304 2232 3356 assumpta

264 3375 290 3405 a
315 3361 470 3405 Verbo
497 3361 598 3415 Dei,
625 3371 868 3420 postquam
893 3360 976 3405 fuit
1002 3371 1237 3420 concepta.

356 3441 394 3471 2.
423 3429 720 3473 PRAETEREA.
751 3429 873 3474 Caro
902 3428 1073 3473 Christi
1104 3427 1187 3471 fuit
1214 3439 1446 3487 assumpta
1474 3443 1499 3473 a
1526 3428 1681 3474 Verbo
1708 3430 1797 3475 Dei
1822 3429 2053 3475 mediante
2076 3429 2230 3474 anima

266 3494 499 3539 rationali:
528 3496 605 3540 sed
632 3495 678 3539 in
704 3495 900 3540 termino
929 3494 1240 3554 conceptionis
1275 3496 1449 3555 accepit
1483 3497 1684 3540 animam
1717 3495 2014 3553 rationalem'3
2040 3510 2150 3556 ergo
2182 3497 2230 3541 in

264 3562 460 3605 termino
489 3562 803 3620 conceptionis
828 3561 912 3606 fuit
934 3572 1189 3620 assumpta:
1213 3562 1290 3605 sed
1318 3562 1362 3605 in
1385 3563 1581 3607 termino
1610 3563 1922 3623 conceptionis
1948 3563 2112 3609 dicitur
2133 3565 2230 3624 jam

269 3638 515 3687 concepta3
542 3643 651 3687 ergo
679 3630 800 3688 prius
825 3627 909 3673 fuit
937 3638 1172 3688 concepta,
1200 3638 1242 3673 et
1269 3629 1564 3688 postmodum
1593 3640 1838 3690 assumpta.
