2352 3926
286 258 389 311 502
835 259 1113 303 QUAESTIO
1155 260 1241 297 LX.
1282 260 1590 300 ARTICULUS
1619 261 1706 301 111.

374 358 449 402 AD
478 371 692 402 TERTmM
729 358 987 414 dicendum,
1020 359 1143 418 quod
1176 360 1344 406 sufficit
1376 361 1432 405 ad
1457 362 1684 406 rationem
1721 364 2009 418 sacramenti,
2034 363 2160 424 quod
2190 365 2245 410 si-

281 425 465 483 gnificet
491 425 832 483 perrectionem‚
851 440 967 484 quae
986 436 1053 470 est
1068 421 1242 471 forma.
1269 442 1354 472 nec
1381 439 1576 487 oportet,
1599 429 1722 488 quod
1739 429 1893 475 solum
1908 431 2134 490 significet
2147 445 2245 492 per-

281 491 541 546 fectionem,
570 506 686 551 quae
710 502 778 536 est
803 492 921 537 finis.

977 645 1410 704 ARTICULUS
1454 646 1551 701 IV.
2161 673 2244 722 329

314 743 317 746 >
379 765 575 811 UTRUM
616 765 1027 823 SACRAMENTUM
1069 767 1154 805 SIT
1196 768 1402 806 SEMPER
1442 767 1651 812 ALIQUA
1691 767 1786 806 RES
1828 766 2137 806 SENSIBILIS·

552 861 614 919 (4.
641 862 752 905 Dist.
780 877 815 906 1.
843 876 882 920 q.
914 878 951 907 1.
978 868 1057 906 art.
1085 878 1120 907 1.
1149 877 1186 921 q.
1213 878 1248 907 1.
1276 869 1311 907 et
1333 868 1413 906 art.
1441 877 1480 907 2.
1508 877 1545 921 q.
1574 879 1609 907 ι.
1628 868 1664 907 et
1689 868 1770 908 art.
1787 878 1824 922 3.
1857 870 1973 923 corp.

727 934 764 972 et
788 928 859 973 lib.
877 942 919 986 4.
950 929 1093 1007 Contr.
1110 943 1148 988 g.
1177 937 1266 989 cap.
1279 929 1347 988 56.
1376 936 1415 974 et
1431 930 1557 986 Joan.
1572 945 1607 989 3.
1630 944 1690 974 co.
1714 930 1795 988 4.).

368 1033 443 1076 AD
472 1046 705 1082 QUARTUM
731 1033 795 1078 sic
829 1034 1102 1093 proceditur.
1130 1034 1337 1088 Videtur,
1371 1034 1492 1093 quod
1519 1043 1858 1078 sacramentum
1884 1048 1979 1078 non
2006 1033 2062 1078 sit
2091 1033 2244 1094 aliqua

277 1115 348 1144 res
375 1101 622 1155 sensibilis;
650 1102 771 1160 quia,
798 1101 1051 1145 secundum
1069 1101 1340 1160 Philosoph.
1367 1102 1413 1144 in
1440 1101 1515 1144 lib.
1550 1114 1589 1144 2.
1624 1101 1836 1145 Priorum
1873 1101 1988 1161 (cap.
2012 1102 2172 1160 penult.
2204 1108 2243 1146 et

277 1168 350 1211 ult.
350 1168 389 1225 )‚
424 1168 617 1211 «omnis
647 1167 834 1212 effectus
861 1183 969 1212 suae
997 1182 1162 1212 causae
1186 1169 1367 1226 signum
1395 1179 1463 1212 est
1480 1182 1519 1210 »t
1560 1168 1638 1211 sed
1682 1170 1798 1212 sicut
1836 1178 1941 1212 sunt
1966 1167 2149 1227 quidam
2186 1166 2245 1212 ef·

277 1234 421 1278 fectus
448 1234 698 1290 sensibiles,
725 1235 787 1279 ita
814 1236 953 1279 etiam
981 1246 1085 1279 sunt
1117 1235 1303 1294 quidam
1327 1234 1515 1280 effectus
1546 1234 1868 1293 intelligibiles,
1902 1235 2019 1280 sicut
2056 1234 2244 1279 scientia

279 1312 349 1346 est
375 1301 563 1346 effectus
591 1302 1018 1356 demonstrationis;
1046 1316 1156 1361 ergo
1189 1317 1285 1346 non
1313 1313 1453 1346 omne
1490 1302 1673 1360 signum
1706 1311 1774 1345 est
1809 1300 2048 1346 sensibile:
2078 1300 2245 1346 sufficit

280 1379 431 1412 autem
461 1370 515 1412 ad
539 1369 767 1413 rationem
799 1370 1087 1423 sacramenti,
1115 1369 1237 1428 quod
1265 1370 1323 1413 sit
1355 1371 1536 1428 signum
1565 1368 1754 1427 alicujus
1780 1368 1847 1412 rei
1870 1366 2034 1422 factae,
2057 1367 2245 1427 inquan-

275 1447 375 1480 tum
403 1451 483 1495 per
509 1451 612 1480 eam
639 1437 784 1481 homo
812 1436 1135 1490 sanctificatur,
1162 1446 1211 1480 ut
1236 1437 1409 1480 dictum
1437 1446 1506 1480 est
1532 1436 1636 1494 (art.
1655 1450 1694 1480 2.
1717 1435 1807 1495 huj.
1833 1436 1915 1494 q.)‚·
1931 1449 2026 1480 non
2044 1448 2155 1494 ergo
2177 1448 2243 1481 re·

279 1504 469 1562 quiritur
496 1504 550 1546 ad
579 1514 933 1557 sacramentum,
956 1503 1078 1562 quod
1106 1504 1163 1547 sit
1189 1503 1341 1562 aliqua
1367 1518 1438 1547 res
1466 1502 1706 1547 sensibilis.

369 1583 408 1614 2.
436 1571 733 1615 PRAETEREA.
760 1570 1059 1614 Sacramenta
1085 1570 1313 1629 pertinent
1335 1570 1391 1614 ad
1416 1569 1605 1624 cultum,
1628 1569 1703 1613 vel
1720 1576 1914 1628 regnum
1931 1568 2043 1614 Dei:
2069 1568 2148 1613 sed
2169 1582 2241 1613 res

280 1637 512 1682 sensibiles
539 1652 633 1681 non
659 1638 869 1681 videntur
901 1638 1126 1697 pertinere
1155 1638 1209 1681 ad
1239 1637 1412 1681 cultum
1438 1637 1553 1692 Dei;
1581 1637 1744 1681 dicitur
1769 1637 1891 1681 enim
1910 1635 2041 1694 Joan.
2067 1647 2125 1691 4:
2150 1635 2245 1696 Spi-

275 1708 385 1750 ritus
417 1711 471 1749 est
501 1706 643 1757 Deu5;
677 1712 716 1750 et
750 1720 827 1758 eos,
857 1707 929 1764 qui
961 1705 1143 1749 adorant
1173 1720 1281 1759 eum,
1315 1706 1359 1749 in
1384 1707 1552 1764 spiritu,
1587 1711 1625 1750 et
1654 1706 1832 1749 veritate
1858 1708 2017 1763 oportet
2046 1703 2241 1757 adorare,

281 1783 325 1815 et
350 1772 485 1816 Rom.
515 1784 594 1826 14.:
623 1773 720 1817 Non
742 1779 798 1817 est
817 1787 991 1830 regnum
1013 1773 1099 1818 Dei
1114 1786 1220 1827 esca,
1248 1778 1283 1817 et
1296 1778 1451 1831 potu5;
1481 1786 1590 1831 ergo
1618 1786 1690 1816 res
1717 1769 1953 1816 sensibiles
1974 1784 2070 1834 non
2094 1770 2239 1831 requi-

232 1845 235 1848 “
278 1849 437 1883 runtur
464 1839 519 1882 ad
547 1850 899 1883 sacramentum.

367 1921 403 1965 3.
437 1907 736 1951 PRAETEREA.
766 1907 958 1964 August.
993 1906 1164 1951 d1c1t1n
1181 1906 1257 1950 hb
1285 1919 1325 1950 2.
1344 1905 1400 1951 de
1418 1906 1516 1950 Lib.
1530 1906 1674 1951 Arbit.
1708 1905 1822 1965 (cap.
1839 1905 1913 1951 18.-
1927 1910 1964 1950 ct
1987 1905 2039 1964 19
2043 1904 2093 1962 .),
2117 1903 2241 1963 quod

276 1990 300 2015 <c
326 1988 396 2017 res
429 1973 664 2017 sensibiles
691 1984 795 2018 sunt
820 1974 1011 2017 minima
1042 1974 1178 2028 bona,
1205 1974 1302 2018 sine
1329 1974 1489 2032 quibus
1519 1973 1665 2017 homo
1687 1983 1810 2017 recte
1829 1972 1984 2017 vivere
2009 1980 2161 2030 potest
2183 1986 2241 2016 »t

273 2041 352 2086 sed
375 2051 661 2085 sacramenta
687 2050 791 2085 sunt
823 2041 877 2085 de
902 2042 1175 2086 necessitate
1202 2041 1358 2086 salutis
1376 2042 1622 2096 humanae,
1639 2051 1690 2085 ut
1713 2039 1828 2085 infra
1855 2040 2026 2099 patebit
2045 2040 2108 2099 (q.
2119 2039 2242 2099 seq.).·

276 2118 320 2152 et
345 2108 408 2151 ita
435 2108 531 2151 sine
554 2108 620 2152 eis
645 2108 791 2152 homo
819 2118 942 2153 recte
967 2109 1121 2170 vivere
1152 2123 1247 2153 non
1265 2119 1440 2168 potest;
1472 2123 1566 2153 non
1601 2122 1711 2167 ergo
1735 2121 1808 2152 res
1833 2106 2071 2152 sensibiles
2093 2107 2242 2167 requi·

274 2185 432 2218 runtur
460 2175 515 2218 ad
542 2186 843 2219 sacramenta.

280 2286 283 2290 .
367 2242 460 2286 SED
489 2256 685 2287 CONTRA
702 2253 783 2297 est,
811 2243 934 2301 quod
957 2243 1150 2302 August.
1179 2244 1288 2288 dicit
1313 2244 1590 2303 superJoan.
1619 2244 1766 2302 (tract.
1792 2244 1862 2288 80.
1890 2241 2091 2300 amad.).·
2115 2241 2246 2286 «Αε-

275 2309 395 2353 cedit
420 2310 608 2353 verbum
637 2310 692 2353 ad
720 2310 1014 2365 elementum,
1042 2321 1087 2355 et
1126 2310 1176 2355 fit
1216 2322 1555 2356 sacramentum
1576 2326 1627 2354 »t
1673 2321 1717 2355 et
1729 2309 1944 2369 loquitur
1980 2309 2042 2353 ibi
2074 2308 2131 2353 de
2157 2307 2244 2354 ele-

275 2387 432 2421 mento
460 2377 676 2431 sensibili,
704 2378 825 2436 quod
846 2388 911 2422 est
935 2392 1072 2436 aqua;
1087 2391 1197 2436 ergo
1215 2392 1286 2422 res
1303 2377 1537 2422 sensibiles
1560 2379 1848 2436 requiruntur
1864 2376 1920 2421 ad
1942 2385 2242 2420 sacramenta.

364 2444 653 2489 RESPONDEO
681 2445 940 2498 dicendum,
968 2445 1091 2503 quod
1123 2445 1343 2503 sapientia
1386 2445 1538 2489 divina
1574 2445 1819 2503 unicuique
1855 2443 1921 2488 rei
1946 2443 2155 2503 providet
2177 2457 2244 2489 se-

274 2511 477 2555 cundum
502 2526 636 2556 suum
658 2512 866 2565 modum,
900 2521 944 2555 et
976 2522 1158 2570 propter
1184 2512 1275 2556 hoc
1303 2512 1464 2555 dicitur
1492 2511 1595 2571 Sap.
1631 2511 1671 2555 8.
1707 2511 1829 2570 quod
1854 2513 2042 2556 suaviter
2062 2510 2244 2572 disponit

272 2581 431 2633 omnia,
450 2579 568 2622 unde
596 2589 640 2622 et
657 2578 817 2622 Matth.
838 2591 907 2635 25.
935 2578 1110 2633 dicitur,
1140 2579 1261 2637 quod
1289 2578 1398 2623 dedit
1415 2580 1638 2636 unicuique
1663 2577 1883 2623 secundum
1904 2579 2131 2638 propriam
2154 2578 2244 2623 vir-

272 2651 424 2691 tutem:
453 2655 521 2689 est
538 2655 691 2689 autern
714 2646 893 2688 homini
912 2645 1230 2698 connaturale,
1258 2655 1307 2689 ut
1333 2660 1413 2704 per
1439 2645 1669 2689 sensibilia
1695 2645 1929 2704 perveniat
1953 2646 1999 2691 in
2023 2644 2243 2704 cognitio·

269 2727 377 2757 nem
400 2712 777 2771 intelligibilium:
806 2713 988 2770 signum
1016 2723 1170 2756 autem
1197 2723 1277 2766 est,
1306 2727 1385 2771 per
1403 2713 1525 2771 quod
1555 2712 1716 2771 aliquis
1744 2713 1927 2757 devenit
1951 2713 1998 2756 in
2021 2711 2243 2772 cognitio-

269 2795 379 2824 nem
412 2779 617 2824 alterius:
646 2780 765 2823 unde
793 2794 898 2823 cum
926 2794 996 2823 res
1033 2794 1204 2832 sacrae,
1233 2794 1348 2838 quae
1375 2795 1454 2838 per
1481 2791 1768 2824 sacramenta
1800 2779 2126 2839 significantur,
2152 2779 2242 2824 sint

269 2846 497 2907 quaedam
521 2847 783 2906 spiritualia,
818 2857 862 2890 et
883 2846 1183 2904 intelligibilia
1209 2847 1349 2899 bona,
1373 2848 1534 2905 quibus
1561 2847 1706 2891 homo
1735 2846 2058 2902 sanctificatur,
2085 2860 2241 2891 conse-

272 2929 415 2973 quens
449 2925 529 2968 est,
571 2924 620 2958 ut
657 2929 736 2973 per
771 2913 941 2972 aliquas
983 2929 1053 2957 res
1087 2914 1320 2957 sensibiles
1353 2913 1626 2971 significatio
1665 2914 1942 2959 sacramenti
1973 2905 2238 2974 impleatur:

268 2982 385 3026 sicut
407 2982 545 3026 etiam
572 2996 650 3040 per
676 2981 1018 3025 similitudinem
1046 2980 1327 3024 sensibilium
1362 2996 1514 3024 rerum
1547 2982 1593 3025 in
1621 2982 1774 3025 divina
1801 2981 2033 3041 Scriptura
2058 2996 2131 3026 res
2157 2981 2241 3041 spi-

269 3049 454 3093 rituales
495 3049 625 3092 nobis
668 3048 1001 3101 describuntur3
1036 3058 1079 3091 et
1110 3048 1214 3091 inde
1258 3058 1337 3101 est,
1376 3050 1497 3107 quod
1541 3049 1596 3092 ad
1634 3060 1923 3093 sacramenta
1955 3049 2241 3108 requiruntur

269 3131 339 3161 res
358 3116 609 3171 sensibiles,
637 3127 685 3160 ut
711 3117 846 3160 etiam
875 3116 1066 3174 Dionys.
1096 3115 1256 3174 probat
1281 3116 1326 3158 in
1351 3130 1385 3159 1.
1406 3130 1503 3173 cap.
1534 3115 1736 3161 Coelest.
1764 3115 2001 3160 Hierarch.
2030 3115 2076 3172 (a
2096 3114 2239 3173 mad).

358 3185 432 3228 AD
460 3197 648 3229 PRIMUM
675 3197 785 3241 ergo
814 3182 1076 3235 dicendum,
1095 3182 1216 3240 quod
1247 3183 1607 3241 unumquodque
1636 3183 1878 3243 praecipue
1904 3182 2239 3236 denominatur,

270 3262 315 3295 et
341 3252 550 3295 definitur
576 3251 827 3296 secundum
856 3250 914 3303 id,
950 3250 1075 3308 quod
1106 3250 1320 3293 convenit
1347 3251 1387 3294 ei
1414 3251 1578 3309 primo,
1606 3261 1650 3295 et
1676 3266 1754 3310 per
1779 3264 1843 3306 se,
1870 3264 1965 3296 non
1997 3261 2148 3296 autem
2174 3262 2240 3294 se·

269 3320 468 3362 cundum
496 3319 555 3372 id,
588 3319 710 3378 quod
729 3317 942 3361 convenit
960 3317 999 3360 ei
1018 3331 1096 3375 per
1119 3316 1263 3361 aliud:
1289 3315 1475 3361 effectus
1496 3328 1648 3362 autem
1674 3317 1896 3363 sensibilis
1918 3326 1999 3378 p'er
2011 3331 2064 3362 se
2085 3316 2237 3371 habet,

212 3408 221 3417 ·
268 3387 390 3443 quod
419 3387 554 3430 ducat
581 3386 625 3429 in
655 3385 971 3444 cognitionem
1019 3383 1216 3437 alterius,
1250 3385 1379 3442 quasi
1416 3385 1579 3443 primo,
1608 3395 1650 3429 et
1678 3399 1757 3443 per
1782 3399 1830 3429 se
1861 3384 2040 3429 homini
2064 3383 2237 3429 innote-

265 3467 420 3498 scens:
454 3453 559 3511 quia
588 3453 738 3496 omnis
770 3462 927 3495 nostra
957 3450 1166 3509 cognitio
1207 3465 1231 3493 a
1273 3465 1407 3495 sensu
1437 3452 1601 3495 oritur:
1631 3451 1817 3496 effectus
1851 3460 2003 3496 autem
2029 3449 2238 3510 intelligi-

265 3519 378 3564 biles
396 3534 489 3563 non
515 3519 831 3578 habent,qu0d
850 3518 1023 3578 possint
1049 3517 1213 3561 ducere
1237 3518 1282 3561 in
1306 3518 1621 3576 cognitionem
1641 3519 1839 3573 alterius,
1854 3518 1942 3563 nisi
1965 3518 2234 3577 inquantum

266 3596 369 3630 sunt
395 3602 474 3646 per
493 3587 613 3631 aliud
637 3586 927 3639 manifestati,
954 3585 1069 3630 idest
1090 3598 1169 3643 per
1188 3584 1337 3643 aliqua
1357 3585 1612 3630 sensibilia:
1642 3596 1686 3630 et
1702 3586 1807 3629 inde
1826 3595 1895 3630 est
1910 3585 2033 3644 quod
2069 3584 2234 3644 primo,

269 3663 312 3697 et
339 3654 647 3712 principaliter
673 3654 882 3698 dicuntur
908 3653 1052 3712 signa,
1086 3666 1201 3711 quae
1229 3652 1432 3696 sensibus
1461 3652 1727 3707 offeruntur,
1760 3652 1876 3697 sicut
1907 3652 2099 3711 August.
2126 3650 2233 3696 dicit
