2352 3926
602 215 877 262 Quansno
916 213 1078 254 Lxxv.
1120 213 1427 254 Alimentus
1466 213 1502 252 1.
1922 199 1954 250 6
1960 214 2026 267 57

72 317 278 365 Accedat
298 316 478 376 spiritus
499 317 556 361 ad
578 331 779 372 carnem,
802 327 846 361 et
867 317 1052 376 prodest
1068 316 1330 376 plurimum,
1348 329 1457 361 nam
1470 315 1508 359 si
1525 328 1632 359 caro
1649 312 1766 359 nihil
1779 314 2029 374 prodesset,

73 383 279 431 Verbum
306 398 413 428 caro
439 398 533 429 non
559 383 701 438 fieret,
728 394 776 428 ut
801 384 1026 429 habitaret
1050 383 1096 427 in
1123 383 1255 428 nobis
1277 400 1319 428 >›.

162 451 239 497 Ao
266 464 525 496 SECUNDUM
552 451 808 504 dicendum,
831 451 953 510 quod
979 451 1168 494 verbum
1193 449 1304 494 illud
1328 449 1589 508 Augustini,
1612 459 1657 495 et
1688 450 1844 494 omnia
1865 448 2032 494 similia

73 527 178 564 sunt
192 517 487 577 intelligenda
505 517 559 562 de
579 531 770 577 corpore
789 517 974 571 Christi,
991 518 1243 561 secundum
1261 517 1381 576 quod
1400 517 1577 561 videtur
1592 517 1639 561 in
1656 517 1837 576 propria
1854 516 2031 576 specie;

1 602 8 607 ·
75 585 328 631 secundum
354 585 477 644 quod
503 585 643 629 etiarn
669 584 763 643 ipse
788 584 1018 629 Dominus
1050 583 1158 627 dicit
1182 583 1343 627 Matth.
1372 582 1468 628 26.:
1498 584 1568 628 Me
1594 590 1734 628 aute-m
1763 598 1847 628 non
1876 591 2032 643 semper

75 652 299 697 habebitis:
325 650 607 695 invisibiliter
631 661 787 695 tamen
813 651 892 695 sub
917 650 1153 709 speciebus
1179 650 1312 709 hujus
1345 650 1620 694 sacramenti
1652 659 1732 704 est,
1759 651 2034 710 ubicumque

75 718 167 764 hoc
194 728 532 763 sacramentum
558 717 800 776 perficitur.

166 786 243 831 An
275 798 491 831 TERTIUM
518 784 776 838 dicendum,
793 783 915 842 quod
947 797 1112 841 corpus
1140 782 1312 827 Christi
1339 798 1433 828 non
1461 793 1528 828 est
1546 798 1602 828 eo
1625 784 1766 828 modo
1789 785 1835 829 in
1857 785 1947 829 hoc
1970 798 2037 829 sa·

78 862 328 907 eramento,
350 852 466 896 sicut
484 865 646 909 corpus
663 850 709 894 in
730 850 853 904 loco,
872 850 994 908 quod
1010 850 1101 894 suis
1120 849 1480 894 dimensionibus
1502 850 1608 895 loco
1628 862 2036 906 commensuratur,

78 920 158 966 sed
183 920 384 980 quodam
410 918 597 977 speciali
619 918 775 972 modo,
794 917 871 976 qui
896 927 964 961 est
988 917 1195 975 proprius
1222 917 1328 961 huic
1351 928 1661 972 sacrament03
1689 919 1808 962 unde
1830 919 2037 972 dicimus,

78 987 202 1047 quod
228 1000 392 1046 corpus
419 985 591 1031 Christi
617 995 686 1029 est
708 985 755 1028 in
782 985 969 1028 diversis
997 982 1223 1037 altaribus,
1250 998 1344 1028 non
1371 985 1487 1028 sicut
1512 985 1558 1027 in
1586 985 1773 1029 diversis
1800 985 1931 1040 locis,
1957 985 2038 1030 sed

78 1054 196 1101 sicut
219 1053 267 1098 in
291 1062 599 1098 sacramento:
627 1065 706 1110 per
723 1052 846 1110 quod
871 1065 965 1095 non
991 1050 1302 1108 intelligimus,
1330 1051 1452 1109 quod
1481 1051 1690 1096 Christus
1717 1052 1774 1096 sit
1798 1053 1861 1096 ibi
1886 1052 2036 1097 solum

77 1121 196 1166 sicut
210 1121 257 1164 in
275 1120 423 1179 signo,
449 1118 556 1163 licet
581 1129 918 1174 sacramentum
941 1119 998 1162 sit
1021 1118 1067 1160 in
1090 1131 1256 1176 genere
1278 1117 1425 1177 signi;
1448 1118 1526 1162 sed
1544 1118 1854 1177 intelligimus,
1875 1133 2040 1179 corpus

81 1187 254 1234 Christi
277 1186 353 1230 hic
376 1199 488 1239 esse,
515 1185 633 1229 sicut
657 1185 831 1230 dictum
858 1194 925 1229 est
940 1185 1007 1243 (in
1024 1192 1140 1244 corp.
1157 1184 1280 1243 art),
1307 1185 1562 1229 secundum
1588 1185 1780 1229 modum
1806 1188 2041 1246 proprium

79 1253 187 1300 huic
218 1262 521 1299 sacramento.

170 1320 246 1366 An
283 1331 521 1370 QUARTUM
548 1317 807 1371 dicendum,
834 1317 957 1377 quod
983 1319 1099 1362 ratio
1125 1317 1204 1362 illa
1236 1319 1442 1378 procedit
1468 1319 1522 1364 de
1549 1319 1804 1378 praesentia
1837 1333 2042 1379 corporis

83 1386 270 1441 Christi,
297 1396 432 1446 prout
458 1395 525 1430 est
550 1384 764 1444 praesens
790 1399 869 1443 per
895 1386 1088 1429 modurn
1115 1386 1333 1444 corporis,
1351 1387 1465 1430 idest
1481 1396 1615 1445 prout
1636 1387 1765 1431 estin
1788 1401 1870 1431 sua
1892 1389 2042 1446 specie

81 1454 262 1509 visibili,
286 1467 382 1498 non
409 1462 561 1497 autem
584 1461 719 1511 prout
746 1463 813 1496 est
834 1451 1138 1511 spiritualiter,
1160 1452 1276 1497 idest
1301 1453 1514 1498 invisibili
1539 1454 1696 1508 modo,
1715 1464 1759 1498 et
1779 1454 1942 1499 virtute
1959 1455 2045 1514 spi-

82 1521 215 1575 ritus;
242 1519 362 1565 unde
395 1520 589 1577 August.
622 1519 731 1563 dicit
762 1533 896 1578 super
915 1519 1046 1577 Joan.
1076 1520 1217 1575 (tract.
1251 1534 1319 1579 27.
1353 1522 1430 1565 cir.
1467 1521 1622 1579 med.).·
1659 1537 1683 1562 «
1703 1521 1750 1564 Si
1782 1521 2044 1566 intellexisti

83 1586 372 1647 spiritualiter
403 1586 540 1631 verba
574 1585 747 1631 Christi
779 1586 835 1630 de
863 1600 999 1630 carne
1027 1601 1123 1640 sua,
1149 1587 1347 1645 spiritus,
1374 1597 1418 1631 et
1448 1588 1542 1631 vita
1573 1588 1653 1631 tibi
1684 1598 1809 1631 sunt:
1851 1588 1888 1632 si
1913 1587 2043 1633 intel·

83 1654 229 1700 lexisti
256 1653 510 1708 carnaliter,
537 1653 677 1698 etiam
702 1653 767 1697 sic
794 1653 990 1711 spiritus,
1017 1663 1062 1697 et
1087 1653 1179 1697 vita
1205 1663 1324 1709 sunt,
1349 1654 1428 1698 sed
1454 1654 1533 1698 tibi
1555 1668 1650 1698 non
1676 1663 1838 1699 sunt».

800 1815 1235 1874 ARTICULUS
1277 1817 1348 1871 11.
1954 1844 2037 1888 441

91 1953 285 1994 UTRUM
312 1954 368 1993 IN
396 1953 516 1991 HOC
544 1952 913 1991 SACRAMENTO
942 1952 1237 1991 REMANEAT
1267 1952 1607 1992 SUBSTANTIA
1631 1953 1807 2003 PANIS,
1834 1953 1906 1991 ET
1933 1953 2046 1992 VINI

736 2033 875 2072 POST
917 2034 1438 2074 CONSECRATIONEM.

229 2145 357 2204 (Insr.
382 2150 463 2189 art.
489 2144 531 2189 6.
558 2151 672 2203 corp.
699 2149 738 2188 et
762 2158 801 2201 q.
825 2156 891 2202 77.
913 2148 994 2188 art.
1019 2158 1054 2187 1.
1077 2149 1116 2187 et
1131 2157 1167 2201 5.
1185 2148 1222 2187 et
1242 2156 1284 2199 4.
1311 2144 1424 2187 Dist.
1447 2159 1505 2189 H.
1523 2159 1562 2202 q.
1589 2160 1623 2189 I.
1652 2150 1733 2190 art.
1761 2161 1797 2189 ι.
1819 2160 1858 2203 q.
1876 2161 1913 2191 1.

363 2217 400 2256 ct
420 2212 534 2256 Dist.
552 2225 614 2255 12.
629 2225 667 2269 q.
687 2226 721 2255 r.
748 2215 829 2254 art.
847 2225 882 2254 ι.
899 2224 938 2268 q.
953 2224 988 2268 3.
1007 2215 1047 2254 et
1062 2209 1134 2253 lib.
1160 2223 1202 2267 4.
1224 2210 1371 2254 Contr.
1388 2225 1427 2268 g.
1445 2218 1535 2270 cap.
1556 2210 1618 2269 63.
1628 2212 1769 2270 princ.

267 2284 304 2324 et
323 2277 476 2335 Quodl.
494 2291 532 2336 7.
551 2284 634 2322 art.
653 2291 695 2336 9.
713 2283 752 2321 et
769 2276 924 2333 Quodl.
941 2291 983 2336 9.
1001 2282 1083 2320 art.
1096 2291 1132 2335 5.
1153 2276 1206 2320 ad
1217 2292 1253 2336 3.
1267 2283 1305 2322 et
1322 2292 1357 2322 ι.
1382 2278 1481 2322 Cor.
1504 2293 1562 2323 11.
1583 2278 1670 2323 lect.
1689 2291 1732 2335 4.
1750 2284 1787 2323 et
1797 2279 1871 2338 5.).

178 2389 256 2435 AD
282 2401 543 2435 SECUNDUM
566 2387 631 2432 sic
649 2386 920 2447 proceditur.
942 2385 1148 2441 Videtur,
1175 2387 1298 2447 quod
1323 2388 1370 2432 in
1392 2388 1483 2433 hoc
1511 2399 1800 2434 sacramento
1818 2400 2053 2435 remaneat

91 2456 339 2504 substantia
363 2455 508 2515 panis,
535 2465 581 2500 et
604 2454 700 2498 vini
725 2464 829 2514 post
854 2455 1274 2500 consecrationem:
1303 2456 1414 2501 dicit
1439 2457 1563 2501 enim
1588 2457 1806 2502 Damasc.
1832 2458 1880 2502 in
1905 2470 1946 2514 4.
1974 2458 2050 2504 lib.

0 2516 6 2596 ζ
52 2528 54 2532 ’
93 2523 243 2584 (Orth.
275 2522 371 2568 Fid.
397 2530 488 2582 cap.
515 2535 580 2580 14.
607 2523 684 2566 cir.
710 2521 862 2579 med.):
893 2538 917 2563 c<
938 2520 1061 2574 Quia
1095 2523 1378 2567 consuetudo
1412 2533 1479 2568 est
1510 2524 1775 2569 hominibus
1809 2525 2052 2570 comedere

0 2597 14 2646 ζ
93 2604 276 2651 panem,
303 2597 348 2633 et
371 2588 531 2632 vinum
556 2587 724 2642 bibere,
751 2588 1014 2647 conjugavit
1032 2588 1095 2632 eis
1117 2589 1244 2634 Deus
1267 2590 1566 2645 divinitatem,
1593 2602 1637 2635 et
1661 2591 1770 2636 fecit
1797 2606 1851 2636 ea
1874 2606 2054 2651 corpus,

17 2654 19 2658 ⁴
95 2668 141 2704 et
165 2655 436 2715 sanguinem
462 2669 620 2700 suum:
647 2664 693 2700 et
716 2655 779 2699 ita
800 2655 928 2714 panis
947 2656 1381 2702 communicationis
1407 2672 1502 2702 non
1520 2661 1648 2718 panis
1666 2659 1858 2718 simplex
1875 2668 1955 2712 est,
1974 2659 2052 2703 sed

18 2762 19 2765 ,
97 2725 247 2770 unitus
272 2723 561 2767 divinitatinz
595 2723 674 2768 sed
701 2724 965 2782 conjugatio
1009 2734 1076 2768 est
1106 2738 1260 2768 rerum
1294 2736 1398 2769 actu
1431 2726 1739 2780 existentium;
1773 2740 1883 2785 ergo
1910 2725 2053 2785 paniS,

99 2802 145 2839 et
167 2792 326 2837 vinum
348 2789 486 2834 simul
511 2799 615 2834 sunt
639 2789 684 2832 in
710 2790 801 2834 hoc
829 2800 1117 2835 sacramento
1146 2805 1251 2834 curn
1279 2805 1487 2851 corpore,
1515 2803 1560 2837 et
1585 2795 1806 2852 sanguine
1835 2792 2019 2837 Christi.

23 2905 25 2907 ,
188 2871 229 2904 2.
255 2858 553 2903 PRAETEREA.
585 2856 707 2900 Inter
738 2855 971 2900 Ecclesiae
1004 2867 1290 2902 sacramenta
1322 2859 1456 2903 debet
1488 2873 1585 2903 esse
1614 2859 1940 2904 conformitas:
1974 2859 2054 2903 sed

23 2918 27 2967 ζ
98 2926 146 2972 in
172 2925 271 2971 aliis
297 2921 592 2969 sacramentis
619 2922 868 2967 substantia
900 2923 1116 2967 materiae
1140 2934 1314 2979 manet3
1342 2925 1459 2970 sicut
1483 2926 1529 2970 in
1555 2926 1780 2985 baptismo
1808 2926 2056 2971 substantia

33 3000 40 3048 ἴ
100 3007 260 3055 aquae,
282 2991 388 3037 etin
406 2988 752 3035 confirmatione
774 2989 1022 3034 substantia
1053 2990 1336 3048 chrismatis;
1364 3007 1474 3052 ergo
1502 3001 1546 3038 et
1571 2992 1619 3036 in
1648 2993 1739 3037 hoc
1767 2983 2055 3038 sacramento

30 3066 35 3095 ἱ
100 3059 348 3107 substantia
373 3057 518 3117 panis,
545 3066 589 3101 et
613 3056 709 3100 vini
734 3066 904 3101 manet.

195 3141 233 3186 3.
258 3126 556 3171 Palm-enm.
578 3122 730 3178 Panis,
748 3131 791 3167 et
805 3123 965 3167 vinum
983 3135 1273 3170 assumuntur
1289 3126 1336 3170 in
1352 3126 1443 3170 hoc
1467 3136 1770 3180 sacramento,
1787 3126 2056 3186 inquantum

102 3193 360 3254 significant
385 3190 742 3237 ecclesiasticam
768 3190 1015 3247 unitatem3
1039 3203 1174 3252 prout
1203 3208 1226 3234 «
1244 3208 1360 3238 unus
1393 3194 1521 3252 panis
1551 3193 1601 3237 fit
1627 3207 1680 3237 ex
1707 3193 1862 3237 multis
1888 3195 2056 3253 granis,

28 3283 30 3286 >
104 3271 150 3308 et
174 3274 316 3306 unum
340 3260 499 3303 vinum
525 3271 580 3303 ex
606 3255 759 3302 multis
781 3257 974 3303 racemis
992 3275 1034 3312 »,
1061 3269 1110 3303 ut
1134 3258 1418 3319 Augustinus
1444 3260 1553 3304 dicit
1577 3259 1624 3303 in
1647 3260 1721 3303 lib.
1750 3261 1805 3304 de
1830 3260 2055 3319 Symbolo

105 3326 220 3386 (hab.
243 3333 364 3373 tract.
387 3326 457 3372 26.
480 3327 524 3370 in
545 3325 668 3383 Joan.
687 3325 891 3382 aliquant.
918 3331 1011 3370 ante
1022 3326 1154 3385 fin.).·
1181 3327 1260 3370 sed
1286 3327 1376 3371 hoc
1401 3326 1592 3386 pertinet
1614 3327 1669 3371 ad
1688 3327 1835 3385 ipsam
1858 3328 2059 3377 substan-

30 3390 34 3396 '
104 3394 217 3441 tiam
236 3394 379 3454 panis,
402 3402 446 3438 et
466 3392 581 3446 vini;
609 3404 720 3450 ergo
741 3391 991 3436 substantia
1013 3393 1155 3451 panis,
1175 3403 1219 3437 et
1234 3393 1327 3437 vini
1349 3402 1556 3437 remanet
1570 3393 1616 3436 in
1639 3393 1729 3436 hoc
1753 3405 2056 3439 sacramento.

31 3454 38 3461 ⁴
197 3461 293 3507 SED
319 3473 515 3506 CONTRA
548 3468 629 3513 est,
662 3458 784 3518 quod
819 3457 1034 3503 Ambros.
1071 3459 1180 3504 dicit
1214 3460 1261 3503 in
1297 3459 1372 3503 lib.
1398 3471 1440 3514 4.
1465 3459 1519 3503 de
1548 3459 1853 3505 Sacramentis
1882 3462 2058 3521 (implic.

28 3524 41 3570 4.
107 3531 199 3589 cap.
230 3541 274 3586 4.
304 3533 345 3573 et
368 3527 439 3573 lib.
473 3526 516 3572 6.
537 3526 628 3586 rap.
648 3527 731 3582 r.).·
760 3523 937 3569 «Licet
965 3524 1111 3585 figura
1141 3527 1286 3587 panis,
1319 3535 1363 3570 et
1387 3526 1480 3570 vini
1505 3526 1724 3581 videatur,
1758 3538 1914 3573 tamen
1945 3527 2060 3574 nihil

31 3640 40 3650 „y
110 3594 249 3649 aliud,
270 3607 413 3654 quam
442 3606 550 3638 caro
577 3591 765 3646 Christi,
787 3601 832 3636 et
856 3592 1040 3652 sanguis
1064 3604 1170 3653 post
1194 3593 1588 3641 consecrationem
1614 3594 1839 3641 credenda
1864 3605 1970 3643 sunt
1987 3611 2029 3640 n.

289 3695 326 3731 S.
349 3695 504 3730 Tuom
528 3694 661 3730 Summa
691 3694 893 3740 Tbeologiu.
916 3693 1000 3730 Vol.
1024 3694 1088 3731 1V.
1929 3709 1972 3743 42
