2352 3926
351 259 456 313 820
793 272 1068 319 QuAnsno
1108 270 1368 311 Lxxxvm.
1408 256 1717 312 Arta-remus
1755 271 1828 311 Ν.

439 390 478 421 2.
496 376 790 420 PRAETEREA.
819 373 1026 419 Tullius*
1015 389 1061 418 m
1077 387 1118 418 2
1141 374 1329 418 Rhetor.
1349 372 1434 430 (seu
1454 373 1501 419 de
1517 373 1677 418 Inveni.
1695 373 1900 432 aliquant.
1926 374 2096 434 antefin
2099 373 2134 433 .)
2150 374 2352 435 ponitszi‘

348 443 470 502 quod
497 443 639 502 gratia
670 451 737 486 est
766 440 973 499 specialis
997 441 1158 485 virtus:
1185 440 1264 485 sed
1293 439 1570 499 ingratitudo
1602 440 1846 499 opponitur
1877 441 2072 499 gratiae3
2096 450 2210 537 ergo
2228 442 2297 488 in-
2348 480 2349 483 ,

349 510 574 568 gratitudo
601 518 668 552 est
691 507 887 565 speciale
919 517 1172 566 peccatum.

441 591 477 634 3.
503 576 798 619 PRAETEREA.
818 574 1037 632 Specialis
1055 573 1240 619 effectus
1258 588 1284 617 a
1300 572 1487 633 speciali
1509 586 1646 617 causa
1671 572 1908 631 procedit:
1919 572 1999 618 sed
2018 544 2295 633 ingratitudo

346 642 484 687 habet
508 641 751 700 specialem
779 640 1017 695 effectum,
1032 640 1205 685 scilicet
1230 640 1352 700 quod
1377 639 1485 684 facit
1511 639 1765 698 aliqualiter
1789 627 1936 686 redire
1960 650 2150 701 peccata
2173 643 2297 702 prius

347 710 552 763 dimissa3
579 723 687 767 ergo
712 708 989 766 ingratitudo
1016 717 1083 753 est
1107 708 1304 767 speciale
1330 717 1584 767 peccatum.

436 777 530 820 SED
557 789 766 820 CONTRA.
783 775 899 819 Illud
919 776 1041 834 quod
1065 775 1356 834 consequitur
1382 774 1538 818 omnia
1559 784 1761 833 peccata,
1780 788 1875 819 non
1897 784 1965 826 est
1980 774 2177 835 speciale
2196 789 2298 836 pec-

347 853 522 888 catum.
550 843 628 886 sed
653 856 731 919 per
757 842 1078 902 quodcumque
1103 853 1343 902 peccatum
1364 841 1558 886 mortale
1576 841 1736 900 aliquis
1753 840 1944 886 efficitur
1958 842 2090 887 Deo’
2077 852 2296 901 mgraetuS,

346 921 395 955 ut
420 925 472 954 ex
497 909 754 970 praemissis
780 919 902 968 patet
926 909 1029 968 (art
1051 923 1087 956 ι.
1106 910 1190 968 huj.
1209 924 1232 968 q
1237 910 1298 968 .);
1325 923 1438 967 ergo
1464 908 1740 968 ingratitudo
1765 922 1860 953 non
1886 918 1955 954 est
1978 908 2174 1005 speciale
2195 923 2297 970 pec-

345 986 510 1021 catum.

431 1044 718 1088 RESPONDEO
745 1043 1002 1098 dicendum,
1028 1044 1151 1103 quod
1175 1043 1450 1102 ingratitudo
1477 1043 1706 1103 peccantis
1728 1043 2000 1104 quandoque
2015 1053 2085 1089 est
2098 1042 2294 1103 speciale

343 1122 597 1171 peccatum,
625 1111 896 1170 quandoque
924 1121 1077 1156 autem
1102 1126 1220 1155 non:
1254 1111 1333 1156 sed
1366 1121 1432 1155 est
1467 1111 1805 1156 circumstantia
1837 1110 2107 1170 generaliter
2138 1125 2296 1157 conse-

343 1193 484 1238 quens
511 1193 647 1222 omne
673 1188 914 1238 peccatum
940 1178 1148 1232 mortale,
1175 1178 1296 1237 quod
1324 1188 1482 1221 contra
1513 1179 1666 1222 Deum
1699 1179 2021 1234 committitur;
2053 1189 2294 1237 peccatum

343 1246 465 1290 enim
490 1246 690 1304 speciem
715 1246 874 1304 recipit
899 1260 953 1290 ex
978 1246 1229 1290 intentione
1255 1246 1508 1304 peccantis;
1525 1245 1668 1299 unde,
1695 1256 1743 1290 ut
1767 1245 1940 1290 Philos.
1962 1246 2072 1291 dicit
2091 1258 2127 1304 5.
2145 1245 2293 1291 Ethic.

342 1314 457 1373 (cap.
483 1328 523 1358 2.
545 1321 703 1372 parum
730 1327 756 1356 a
772 1314 911 1372 princ.
912 1313 953 1369 )‚
973 1328 996 1354 ι(
1018 1311 1094 1356 ille
1116 1313 1192 1371 qui
1218 1312 1502 1365 moechatur,
1529 1322 1578 1356 ut
1601 1312 1785 1366 furetur,
1804 1313 1950 1372 magis
1967 1323 2036 1358 est
2047 1312 2133 1367 fur,
2155 1327 2293 1372 quam

341 1380 564 1424 moechus
586 1396 627 1423 ».
655 1380 701 1424 Si
728 1380 864 1438 igitur
890 1379 1050 1438 aliquis
1068 1389 1282 1437 peccator
1297 1381 1342 1423 in
1360 1389 1674 1437 contemptum
1690 1379 1794 1433 Dei,
1816 1389 1861 1423 et
1876 1379 2295 1439 susceptibenefieii

342 1447 524 1506 aliquod
546 1456 785 1505 peccatum
811 1448 1082 1500 committat,
1112 1445 1224 1490 illud
1255 1456 1496 1504 peccatum
1520 1446 1713 1490 trahitur
1745 1446 1800 1489 ad
1833 1446 2035 1509 speciem
2064 1446 2295 1506 ingratitu-

341 1514 473 1569 dinis,
503 1524 547 1557 et
567 1514 657 1557 hoc
674 1513 815 1557 modo
833 1513 1108 1572 ingratitudo
1127 1513 1357 1571 peccantis
1375 1523 1443 1558 est
1457 1512 1652 1572 speciale
1669 1523 1922 1572 peccatum.
1940 1513 1991 1559 Si
2005 1527 2118 1559 vero
2133 1513 2295 1578 aliquis

339 1581 577 1625 intendens
605 1580 787 1638 aliquod
813 1590 1053 1639 peccatum
1080 1580 1381 1634 committere,
1408 1589 1515 1639 puta
1546 1580 1865 1635 homicidium,
1897 1590 1974 1625 aut
2008 1575 2293 1637 adulterium,

339 1662 432 1692 non
459 1647 710 1691 retrahatur
737 1647 789 1690 ab
817 1647 906 1690 hoc
933 1656 1116 1706 propter
1137 1647 1226 1691 hoc
1255 1648 1378 1706 quod
1404 1647 1598 1706 pertinet
1623 1648 1680 1691 ad
1696 1648 1786 1692 Dei
1803 1657 2132 1708 contemptum,
2148 1649 2296 1709 ingra-

340 1715 485 1758 titudo
512 1728 605 1758 non
632 1716 715 1758 erit
740 1714 936 1772 speciale
963 1724 1216 1773 peccatum,
1243 1714 1322 1759 sed
1347 1715 1550 1759 trahetur
1576 1715 1632 1759 ad
1658 1715 1860 1774 speciem
1886 1715 2071 1763 alterius
2099 1716 2292 1777 peccati,

339 1781 455 1826 sicut
480 1781 818 1825 circumstantia
843 1782 1092 1840 quaedam;
1120 1792 1168 1826 ut
1195 1791 1347 1827 autem
1381 1782 1574 1840 August.
1602 1782 1712 1826 dicit
1740 1782 1789 1827 in
1824 1781 1900 1827 lib.
1937 1782 1993 1828 de
2027 1783 2217 1839 Nat-ura,
2247 1795 2294 1830 et

340 1849 497 1893 Gratia
522 1848 630 1907 (cap.
661 1849 765 1908 29),
789 1862 883 1892 non
917 1862 1055 1892 omne
1080 1858 1322 1907 peccatum
1354 1858 1422 1893 est
1448 1863 1502 1893 ex
1534 1859 1822 1909 contemptu:
1845 1859 1890 1894 et
1915 1859 2076 1896 ‘tamen
2098 1850 2294 1900 inwni

340 1925 527 1973 peccato
554 1916 679 1959 Deus
703 1915 1009 1959 contemnitur
1030 1917 1076 1959 in
1103 1917 1193 1960 suis
1219 1916 1494 1974 praeceptis;
1521 1917 1640 1960 unde
1668 1916 1959 1961 manifestum
1985 1927 2066 1973 est,
2091 1917 2294 1978 quod-vin·

342 1982 568 2040 gratitudo
595 1983 824 2042 peccantis
851 1983 1123 2042 quandoque
1150 1993 1218 2027 est
1242 1983 1438 2042 speciale
1463 1993 1719 2042 peccatum,
1741 1984 1819 2028 sed
1844 1998 1939 2029 non
1961 1998 2154 2044 semper.

427 2049 484 2094 Et
500 2064 577 2108 per
598 2050 688 2093 hoc
706 2059 829 2108 patet
845 2051 1081 2109 responsio
1106 2063 1170 2094 AD
1205 2063 1436 2109 OBJECTA;
1459 2065 1569 2095 nam
1590 2053 1758 2111 primae
1782 2051 1981 2097 rationes
1999 2051 2291 2108 concludunt,

338 2117 461 2174 quod
492 2117 768 2175 ingratitudo
795 2116 1048 2161 secundum
1081 2131 1129 2161 se
1165 2117 1219 2161 sit
1256 2117 1482 2176 quaedam
1504 2118 1678 2177 species
1718 2119 1921 2178 peccati3
1953 2119 2106 2167 ultim
2137 2128 2291 2167 autem

338 2184 452 2228 ratio
471 2183 716 2238 concludit,
736 2184 858 2243 quod
875 2184 1167 2243 ingratitudo,
1194 2184 1445 2229 secundum
1472 2185 1594 2245 quod
1621 2185 1847 2230 invenitur
1868 2185 1917 2231 in
1942 2186 2293 2247 omnipotente,

338 2265 431 2294 non
463 2251 520 2296 sit
544 2251 740 2311 speciale
766 2261 1020 2311 peccatum.
2176 2278 2180 2279 ν

784 2566 1327 2643 QUAESTIO
1392 2566 1841 2628 LXXXIX.

478 2723 557 2763 DE
604 2721 916 2763 VIRTUTUM
963 2722 1459 2763 RECUPERATIONE
1505 2723 1617 2762 PER
1663 2691 2134 2774 POENITENTIAM,

908 2811 972 2851 IN
1005 2811 1113 2853 SEX
1143 2810 1470 2853 ARTICULOS
1503 2812 1722 2853 DIVISA.

423 2988 602 3033 Deinde
630 2987 1012 3034 considerandum
1039 2997 1108 3033 est
1132 2987 1188 3033 de
1213 2989 1555 3047 recuperatione
1581 2990 1799 3035 virtutum
1829 3000 1911 3051 per
1938 2989 2268 3052 poenitentiam
2347 2982 2352 3046 s

957 3101 1016 3146 Et
1039 3101 1153 3146 circa
1177 3101 1252 3146 hoc
1277 3107 1534 3159 quaeruntur
1556 3117 1640 3147 sex.

424 3189 593 3233 Primo.
621 3189 786 3234 Utrum
812 3204 890 3250 per
915 3189 1241 3250 poenitentiam
1267 3191 1554 3235 restituantur
1579 3192 1779 3238 virtutes.

425 3256 653 3301 Secundo.
681 3257 847 3301 Utrum
873 3257 1163 3302 restituantur
1187 3257 1233 3301 in
1261 3257 1438 3316 aequali
1464 3259 1726 3317 quantitate.

425 3323 597 3368 Tertio.
626 3324 791 3369 Utrum
816 3327 1075 3369 restituatur
1096 3324 1344 3384 poenitenti
1371 3325 1569 3383 aequalis
1597 3327 1806 3385 dignitas.

426 3390 618 3443 Quarto.
647 3391 810 3436 Utrum
838 3405 976 3451 opera
1002 3392 1218 3436 virtutum
1240 3405 1319 3450 per
1345 3403 1583 3449 peccatum
1610 3407 1804 3453 sequens
1825 3392 2168 3440 mortificentur.

334 3537 522 3571 viscant.
2278 3571 2282 3575 .

424 3593 577 3639 Sexto.
597 3594 761 3640 Utrum
781 3608 918 3655 opera
933 3604 1130 3648 mortua,
1148 3593 1263 3639 idest
1285 3593 1453 3654 absque
1470 3594 1688 3640 charitate
1704 3593 1838 3650 facta,
1858 3607 1941 3655 per
1953 3594 2284 3655 poenitentiam

335 3660 482 3706 vivific
490 3671 630 3707 entur.

427 3457 616 3510 Quinto.
639 3459 805 3504 Utrum
834 3473 974 3519 opera
1006 3458 1277 3503 mortificata
1312 3473 1391 3518 per
1417 3470 1671 3518 peccatum,
1703 3474 1781 3519 per
1815 3459 2143 3520 poenitentiam
2174 3460 2286 3507 tevi·
2328 3506 2331 3520 ζ
