2352 3926
293 182 398 236 392
707 196 709 199 ¹
811 181 1089 226 QUAESTIO
1130 182 1278 221 XLVI.
1319 182 1627 222 ARTICULUS
1668 184 1740 222 VI.

290 279 441 340 magis*
465 282 742 338 indebitum:
771 283 890 326 unde
928 283 1065 327 etiarn
1099 293 1143 327 et
1175 283 1252 326 alii
1284 284 1431 342 magis
1471 294 1575 328 sunt
1608 285 1999 343 reprehensibiles,
2030 287 2137 332 siei
2161 302 2257 332 non

291 350 645 407 compatiuntur,
672 350 926 392 secundum
951 349 1063 393 illud
1089 351 1176 394 Isa.
1206 364 1298 408 57..
1289 365 1298 374 ·
1320 351 1460 407 Justus
1481 358 1618 396 autem
1644 354 1771 411 perit,
1799 359 1837 397 et
1866 368 1950 398 non
1974 360 2030 398 est
2053 356 2125 412 qui
2150 370 2259 400 reco-

288 417 387 472 gitet
407 418 452 459 in
485 416 606 459 corde
631 431 718 459 suo.
2142 453 2144 455 -

379 483 454 525 AD
483 497 676 527 SEXTUM
699 484 959 538 dicendum,
987 485 1108 543 quod
1144 485 1354 530 Christus
1379 485 1524 530 voluit
1557 502 1700 545 genus
1725 488 1981 532 humanum
2008 504 2034 533 a
2060 463 2258 549 peccatis

290 549 479 592 liberare
512 564 607 592 non
635 550 733 593 sola
760 561 999 608 potestate,
1026 553 1104 596 sed
1133 553 1271 596 etiarn
1309 553 1504 612 justitia:
1533 565 1578 598 et
1602 554 1706 598 ideo
1742 569 1836 598 non
1878 556 2030 602 solum
2071 557 2260 602 attendit

291 626 508 674 quantam
534 617 749 660 virtutem
777 618 909 662 dolor
925 621 1021 677 ejus
1050 619 1237 664 haberet
1263 635 1316 663 ex
1343 621 1576 664 divinitate
1614 622 1755 674 unita,
1780 622 1860 666 sed
1873 622 2012 667 etiarn
2038 633 2259 682 quantum

291 682 423 726 dolor
449 685 547 742 ejus
573 683 801 729 sufficeret
818 686 1070 729 secundum
1087 687 1341 731 humanam
1367 699 1577 732 naturam
1605 689 1660 732 ad
1685 698 1860 733 tantam
1886 687 2257 734 satisfactionem.

994 863 1429 920 ARTICULUS
1470 865 1597 920 VII.
1981 930 1986 934 ,
2172 893 2258 938 252

391 998 584 1054 UTRUM
612 999 878 1038 cumsws
913 1000 1108 1038 PAssth
1136 1002 1334 1040 FUERIT
1364 1001 1663 1040 SECUNDUM
1697 1001 1894 1040 ToTAM
1926 1000 2158 1041 AmMAM.

412 1110 475 1169 (3.
502 1110 616 1155 Dist.
640 1125 696 1170 15.
730 1126 768 1170 q.
805 1126 845 1157 2.
869 1118 937 1156 art
962 1128 996 1157 Ι.
1020 1128 1057 1171 q.
1086 1128 1123 1172 3.
1141 1120 1179 1157 et
1203 1119 1283 1157 art.
1306 1129 1342 1172 3.
1367 1125 1408 1171 q:
1432 1129 1473 1158 2.
1500 1120 1536 1158 et
1566 1114 1673 1158 Veri.
1701 1129 1738 1172 q.
1761 1114 1831 1158 26.
1859 1120 1941 1158 art.
1963 1129 2000 1173 3.
2027 1113 2081 1158 ad
2106 1129 2141 1159 r.

588 1184 627 1222 et
651 1185 731 1222 art.
759 1180 799 1223 8.
827 1186 863 1223 et
895 1194 935 1238 9.
963 1187 1001 1224 et
1024 1180 1178 1236 Quodl.
1207 1194 1244 1239 7.
1273 1188 1354 1225 art.
1374 1196 1410 1239 5.
1439 1187 1474 1225 et
1501 1189 1634 1240 opusc.
1653 1196 1689 1240 3.
1718 1189 1806 1240 cap.
1833 1183 1958 1240 232).

381 1288 457 1332 AD
485 1302 728 1333 SEPTIMUM
761 1290 824 1334 sic
858 1291 1131 1349 proceditur.
1166 1291 1370 1345 Videtur,
1405 1292 1528 1349 quod
1567 1291 1776 1335 Christus
1808 1305 1903 1335 non
1934 1290 2069 1335 fuerit
2098 1305 2257 1350 passus

294 1356 546 1399 secundum
572 1366 717 1400 totam
757 1358 982 1403 animam:
1032 1358 1184 1401 anima
1213 1359 1336 1401 enim
1369 1360 1535 1416 patitur
1567 1358 1766 1415 patiente
1810 1371 2002 1416 corpore
2035 1371 2113 1416 per
2145 1358 2260 1402 acci-

294 1422 418 1475 dens,
444 1422 714 1480 inquantum
743 1434 811 1467 est
837 1425 1042 1482 corporis
1071 1435 1220 1468 actus:
1248 1425 1327 1468 sed
1352 1425 1505 1468 anima
1523 1439 1616 1467 non
1644 1435 1712 1468 est
1730 1434 1856 1468 actus
1875 1425 2079 1484 corporis
2105 1438 2262 1469 secun-

294 1489 403 1532 dum
430 1489 679 1547 quamlibet
705 1502 879 1548 partem
907 1493 1017 1548 ejus,
1058 1506 1168 1534 nam
1205 1491 1460 1535 intellectus
1499 1491 1668 1535 nullius
1695 1491 1902 1550 corporis
1933 1501 2060 1536 actus
2101 1501 2184 1545 est,
2216 1501 2266 1536 ut

294 1556 457 1599 dicitur
483 1557 529 1599 in
556 1571 592 1614 3.
607 1557 662 1600 de
680 1558 851 1600 Anima
874 1559 943 1615 (ex
970 1565 1049 1602 tex.
1064 1559 1106 1603 6.
1125 1565 1161 1602 et
1177 1559 1282 1616 12.),·
1303 1573 1412 1617 ergo
1440 1559 1630 1612 videtur,
1649 1558 1771 1617 quod
1790 1558 1997 1603 Christus
2018 1573 2115 1603 non
2132 1557 2265 1603 fuerit

294 1637 453 1682 passus
473 1624 724 1667 secundum
751 1634 897 1668 totam
926 1626 1142 1668 animam.

384 1703 423 1734 2.
452 1690 750 1735 PRAETEREA.
782 1691 1028 1743 Quaelibet
1053 1693 1257 1751 potentia
1279 1692 1460 1736 animae
1493 1694 1659 1751 patitur
1686 1707 1711 1735 a
1743 1706 1826 1736 suo
1855 1692 2058 1750 objecto:
2085 1691 2166 1736 sed
2197 1705 2265 1737 su·

293 1758 483 1817 perioris
510 1759 648 1817 partis
670 1759 858 1804 rationis
886 1760 1115 1818 obJectum
1143 1771 1248 1804 sunt
1272 1761 1472 1804 rationes
1499 1771 1710 1804 aeternae
1739 1759 1937 1818 «quibus
1959 1759 2264 1818 inspiciendis,

294 1835 339 1868 et
364 1825 655 1869 consulendis
696 1827 887 1870 intendit
912 1844 953 1880 n,
980 1838 1029 1870 ut
1056 1828 1248 1886 August.
1283 1827 1392 1871 dicit
1437 1840 1501 1870 12.
1530 1827 1584 1870 de
1620 1827 1746 1870 Trin.
1774 1827 1888 1886 (cap.
1915 1841 1953 1885 7.
1986 1828 2030 1871 in
2047 1826 2264 1885 fin.);,ex

293 1892 543 1936 rationibus
570 1903 725 1936 autem
752 1894 944 1937 aeternis
971 1893 1150 1937 nullum
1182 1895 1330 1953 potuit
1358 1894 1567 1938 Christus
1590 1894 1683 1952 pati
1707 1903 2055 1947 nocumentum,
2083 1907 2190 1937 cum
2214 1892 2262 1936 in

293 1959 421 2002 nullo
448 1960 491 2002 ei
517 1960 870 2014 contrarientur;
889 1975 997 2020 ergo
1024 1961 1215 2016 videtur,
1245 1962 1367 2020 quod
1384 1975 1478 2005 non
1500 1960 1634 2004 fuerit
1658 1974 1816 2018 passus
1842 1959 2096 2004 secundum
2118 1969 2265 2004 totam

295 2027 512 2070 animam.

388 2108 425 2152 3.
447 2094 746 2139 PRAETEREA.
764 2094 965 2146 Quando
993 2097 1144 2154 passio
1172 2095 1396 2140 sensibilis
1419 2109 1562 2154 usque
1591 2095 1645 2138 ad
1671 2095 1899 2139 rationem
1915 2094 2143 2154 pertingit,
2155 2102 2264 2138 tunc

295 2161 457 2204 dicitur
484 2161 712 2219 complete
744 2163 916 2219 passio:
946 2177 1062 2220 quae
1102 2163 1150 2206 in
1193 2163 1377 2207 Christo
1412 2178 1508 2207 non
1544 2162 1641 2215 fuit,
1668 2162 1748 2206 sed
1781 2161 1934 2206 solum
1952 2163 2185 2222 propassio,
2218 2171 2268 2205 ut

296 2228 566 2286 Hieronym.
589 2229 698 2271 dicit
724 2229 866 2288 (super
891 2230 996 2273 illud
1028 2231 1180 2274 Matth.
1226 2231 1319 2275 26..·
1350 2230 1496 2289 Coepit
1528 2231 1788 2287 contristari)
1798 2245 1815 2282 ;
1849 2229 1968 2273 unde
1995 2238 2040 2273 et
2070 2229 2264 2287 Dionys.

296 2294 405 2337 dicit
437 2296 481 2338 in
523 2295 650 2353 epist.
679 2295 734 2338 ad
754 2296 980 2353 Joannem
1008 2297 1349 2356 Evangelistam
1378 2298 1502 2356 (quae
1527 2304 1581 2342 est
1606 2313 1670 2343 ro.
1690 2299 1764 2342 cir.
1792 2295 1936 2355 med),
1964 2296 2087 2355 quod
2121 2313 2145 2338 «
2171 2309 2268 2354 pas·

295 2362 447 2405 siones
480 2361 565 2405 sibi
597 2361 742 2406 illatas
776 2363 1029 2421 patiebatur
1054 2365 1306 2408 secundum
1333 2365 1534 2422 judicare
1560 2364 1715 2408 solum
1741 2379 1782 2418 »;
1809 2377 1904 2407 non
1930 2377 2042 2422 ergo
2074 2362 2266 2417 videtur,

298 2428 420 2487 quod
449 2427 659 2472 Christus
692 2429 946 2473 secundum
978 2441 1123 2474 totam
1148 2432 1350 2475 animam
1370 2441 1612 2491 pateretur.

385 2507 428 2549 4.
446 2495 744 2540 PRAETEREA.
779 2497 938 2541 Passio
966 2497 1176 2542 dolorem
1211 2509 1390 2543 causat:
1425 2499 1504 2543 sed
1532 2501 1577 2542 in
1603 2497 1837 2542 intellectu
1863 2495 2147 2556 speculativo
2172 2510 2267 2541 non

299 2572 366 2607 est
391 2562 553 2607 dolor:
586 2564 691 2621 quia
714 2563 1062 2619 «delectationi,
1091 2580 1206 2624 quae
1234 2576 1302 2610 est
1329 2566 1381 2609 ab
1402 2580 1457 2610 eo
1481 2566 1604 2625 quod
1631 2575 1699 2609 est
1725 2565 2028 2618 considerare,
2048 2563 2174 2608 nulla
2195 2563 2269 2608 tri-

298 2630 418 2674 stitia
444 2631 689 2688 opponitur
715 2648 757 2683 >),
779 2641 828 2674 ut
849 2631 1020 2677 Philos.
1050 2633 1159 2677 dicit
1184 2635 1229 2676 in
1257 2647 1293 2677 1.
1315 2632 1479 2692 Topic.
1505 2634 1614 2691 (cap.
1640 2648 1693 2691 13.
1723 2633 1798 2676 loc.
1825 2632 1914 2687 2.),·
1938 2645 2048 2690 ergo
2074 2630 2266 2686 videtur,

299 2696 421 2756 quod
450 2695 660 2740 Christus
687 2711 781 2741 non
808 2709 1034 2755 pateretur
1057 2700 1309 2743 secundum
1341 2710 1487 2744 totam
1515 2700 1731 2743 animam.

390 2762 484 2807 SED
519 2776 715 2808 CONTRA
742 2774 822 2817 est,
850 2765 971 2822 quod
1005 2766 1050 2808 in
1078 2766 1150 2810 Ps.
1178 2767 1246 2822 87.
1281 2766 1443 2809 dicitur
1470 2781 1524 2810 ex
1556 2780 1749 2823 persona
1783 2764 1982 2809 Christi:
2015 2764 2187 2824 Replcta
2208 2769 2266 2809 est

299 2830 421 2874 malis
446 2832 591 2874 anima
614 2845 705 2874 mea
728 2847 740 2875 .·
771 2831 921 2875 Gloss.
949 2831 1102 2887 (interl.
1130 2834 1346 2890 August.):
1377 2832 1524 2876 «Non
1556 2832 1688 2884 vitiis,
1723 2832 1800 2875 sed
1833 2830 2081 2885 doloribus,
2107 2830 2268 2890 quibus

301 2898 452 2941 anima
481 2899 603 2941 carni
627 2898 915 2955 compatitur,
942 2899 1015 2942 vel
1043 2899 1189 2952 malis,
1223 2899 1398 2943 scilicet
1415 2899 1642 2956 pereuntis
1665 2898 1837 2957 populi,
1865 2897 2190 2957 compatiendo
2208 2914 2232 2941 ³>
2253 2911 2264 2941 ι

300 2978 395 3008 non
423 2975 574 3008 autem
607 2964 764 3008 fuisset
791 2965 942 3008 anima
962 2967 1056 3022 ejus
1085 2966 1154 3009 his
1182 2965 1314 3009 malis
1337 2966 1522 3023 repleta,
1550 2966 1587 3010 si
1612 2980 1707 3009 non
1733 2965 1982 3010 secundum
2011 2975 2158 3011 totam
2178 2963 2269 3008 ani·

301 3045 426 3075 mam
455 3046 612 3089 passus
640 3042 782 3086 esset;
811 3046 922 3090 ergo
958 3032 1167 3076 ChrIStus
1196 3043 1263 3076 est
1289 3034 1540 3076 secundum
1559 3042 1704 3076 totam
1729 3034 1930 3077 animam
1947 3046 2119 3091 passus.

390 3098 680 3143 RESPONDEO
700 3099 958 3152 dicendum,
979 3100 1100 3157 quod
1128 3110 1276 3143 totum
1296 3100 1459 3143 dicitur
1481 3110 1687 3157 respectu
1702 3099 1916 3158 partium:
1939 3109 2086 3157 partes
2114 3107 2267 3144 autem

304 3167 484 3209 animae
511 3166 722 3211 dicuntur
748 3166 977 3225 potentiae
1001 3167 1121 3223 ejus:
1150 3168 1212 3210 sic
1242 3181 1351 3223 ergo
1379 3167 1541 3211 dicitur
1568 3168 1721 3210 anima
1747 3176 1843 3211 tota
1865 3167 1972 3225 pati,
1997 3166 2268 3225 inquantum

303 3235 467 3292 patitur
500 3235 752 3278 secundum
775 3248 902 3277 suam
923 3234 1182 3287 essentiam,
1202 3234 1275 3277 vel
1302 3235 1570 3292 inquantum
1596 3234 1847 3278 secundum
1877 3247 2038 3278 omnes
2064 3246 2168 3278 suas
2192 3246 2269 3291 po-

303 3301 464 3345 tentias
493 3302 680 3358 patitur:
710 3302 788 3345 sed
817 3301 1199 3345 considerandum
1229 3311 1308 3354 est,
1337 3301 1459 3359 quod
1495 3302 1643 3359 aliqua
1673 3302 1874 3360 potentia
1907 3300 2087 3346 animae
2120 3308 2269 3359 potest

304 3369 395 3426 pati
423 3368 667 3427 dupliciter:
695 3384 775 3412 uno
802 3368 924 3412 modo
952 3368 1162 3426 passione
1182 3368 1359 3426 propria
1379 3384 1389 3421 ;
1408 3383 1523 3426 quae
1552 3369 1735 3426 quidem
1764 3378 1845 3422 est,
1867 3366 2116 3412 secundum
2145 3365 2291 3425 quod.

306 3436 470 3492 patitur
497 3449 521 3478 a
549 3449 632 3478 suo
661 3436 867 3493 objecto;
900 3435 1016 3478 sicut
1041 3434 1078 3478 si
1105 3435 1226 3478 visus
1254 3435 1448 3493 patiatur
1476 3450 1528 3478 ex
1561 3434 1944 3494 superabundanti
1969 3432 2157 3485 visibili:
2182 3433 2267 3478 alio

305 3502 424 3546 modo
458 3502 608 3561 aliqua
642 3503 845 3561 potentia
888 3504 1052 3561 patitur
1084 3501 1296 3559 passione
1329 3502 1531 3558 subjecti,
1566 3516 1700 3559 super
1733 3501 1855 3560 quod
1886 3499 2118 3545 fundatur:
2151 3500 2269 3544 sicut

305 3570 426 3612 visus
452 3570 618 3627 patitur
651 3570 849 3628 patiente
881 3582 1015 3614 sensu
1037 3579 1183 3613 tactus
1206 3568 1252 3611 in
1275 3567 1428 3622 oculo,
1447 3582 1580 3627 super
1607 3583 1744 3627 quem
1764 3567 1975 3612 fundatur
1986 3567 2133 3621 visus3
2158 3577 2267 3625 puta
