2352 3926
662 230 941 284 QUAESTIO
982 236 1112 276 an.
1153 231 1461 277 ARTICULUS
1505 231 1542 275 1³.
1996 237 2100 292 515

154 327 175 351 ²'
228 341 267 400 ς’.
297 338 596 385 PMETEREA.
623 327 741 383 Illud
767 338 896 399 quod
916 343 984 384 e'st
1007 338 1243 399 proprium
1275 338 1378 392 Dei,
1410 352 1505 382 non
1533 337 1667 382 debet¹
1693 334 1831 382 alicui
1864 342 2099 382 'creatura-e

136 407 344 452 attribui:
371 406 450 452 sed
473 421 661 452 causare
688 408 881 466 gratiam
908 417 975 452 est
1001 407 1235 467 proprium
1259 406 1362 461 Dei,
1389 405 1641 451 secundum
1668 404 1783 449 illud
1806 404 1976 450 Psalm.
2005 405 2103 464 83.:

136 473 354 531 Gratiam,
380 479 419 519 et
439 474 621 534 gloriam
648 473 763 518 dabit
787 474 1026 526 Dominu5;
1054 486 1159 518 cum
1186 484 1297 533 ergo
1324 482 1611 518 sacramenta
1644 472 1897 517 consistant
1927 471 1976 516 inv
2008 473 2100 531 qui-

134 541 328 586 Bu's'dam‘
353 541 516 595 verbis,
542 546 587 586 et'
611 541 743 586 rebus
770 541 946 595 creatis,
972 550 1067 585 non
1091 540 1269 585 videtur
1295 540 1417 599 quod
1443 540 1617 599 possint
1644 539 1837 600 gratiam
1865 550 2066 584 causare.

226 608 322 654 SED
355 621 550 654 CONTRA
591 617 670 662 est,
713 608 834 668 quod
876 608 1070 667 August.
1113 605 1221 651 d'icit'
1262 621 1397 666 super
1431 607 1562 665 Joan.
1604 608 1744 663 (tract.
1783 608 1854 652 80.
1894 619 1920 651 a
1957 605 2100 664 med),

136 675 259 736 quod
294 689 448 735 «aqua
471 674 752 735 baptismalis
779 688 944 734 corpus
969 674 1128 732 tangit,
1161 684 1205 718 et
1232 687 1314 718 cor
1341 672 1543 718 abl'uit»:
1571 674 1651 718 sed*
1683 684 1764 717 cor
1795 686 1889 717 non
1909 671 2106 717 abluitur

136 743 225 791 nisi
252 756 334 802 per
365 744 582 802 gratiam;
609 755 720 800 ergo
748 751 904 785 causat
929 742 1144 800 gratiam:
1182 750 1227 785 et
1252 741 1348 800 pari
1374 741 1550 785 ratione
1577 740 1665 784 alia
1697 739 1933 785 Ecclesiae
1959 753 2108 785 sacra-

138 812 306 854 menta.

225 876 516 922 Responnno
544 875 802 929 dicendum,
837 875 962 934 qu⁷0d
984 888 1172 919 necesse
1196 885 1263 919 est
1290 874 1456 929 dicere,
1484 884 1770 919 sacramenta
1798 888 1949 919 novae
1991 873 2106 935 legis

136 946 218 1005 per
242 943 439 1004 aliquem
477 943 670 987 modum
707 942 900 1002 gratiam
929 955 1145 986 causare:
1181 942 1473 986 manifestum
1508 952 1574 986 est
1607 943 1744 996 enim,
1775 943 1896 1001 quod
1931 957 2010 1002 per
2042 957 2109 988 sa·

139 1013 372 1057 eramenta
401 1022 550 1055 novae
590 1009 705 1069 legis
738 1009 882 1054 homo
918 1009 1103 1055 Christo
1137 1009 1477 1068 incorporatur:
1505 1010 1621 1054 sicut
1653 1010 1708 1054 de
1733 1010 1965 1067 baptismo
1998 1010 2106 1054 dicit

139 1077 388 1137 Apostolus
415 1077 566 1124 Galat.
595 1092 656 1138 3.:
686 1078 901 1136 Quotquot
925 1078 975 1121 in
1000 1077 1167 1122 Christo
1195 1078 1398 1136 baptizati
1413 1079 1516 1132 estis,
1538 1075 1755 1122 Christum
1773 1077 1965 1122 induistis
1975 1093 1991 1131 ;
2010 1091 2105 1122 non

135 1144 291 1191 ‘autem
317 1143 508 1190 efficitur
538 1145 683 1190 homo
716 1145 976 1189 membrum
1010 1144 1196 1199 Christi,
1229 1144 1318 1189 nisi
1353 1158 1432 1203 per
1469 1144 1677 1202 gratiam.
1707 1143 1913 1197 Quidam
1947 1155 2104 1189 tamen

138 1211 308 1267 dieunt,
333 1212 455 1272 quod
480 1228 575 1258 non
602 1220 705 1257 sunt
731 1221 869 1256 causa
895 1211 1066 1271 gratiae
1095 1211 1263 1271 aliquid
1291 1211 1539 1271 operando,
1563 1211 1641 1256 sed
1669 1212 1775 1271 quia
1798 1211 1939 1265 Deus,
1962 1225 2107 1256 sacra*-

126 1279 302 1324 ‹mentis
328 1279 554 1335 adhibitis,
590 1280 636 1324 in
676 1280 829 1323 anima
855 1279 1049 1338 gratiam
1082 1290 1316 1338 operatur:
1351 1289 1395 1324 et
1426 1288 1603 1338 ponunt
1629 1278 1891 1356 exemplum
1919 1279 1974 1323 de
2007 1278 2104 1333 illo,

137 1347 217 1407 qui
241 1345 434 1392 afferens
461 1347 700 1392 denarium
726 1346 1007 1407 plumbeum,
1031 1347 1195 1406 accipit
1216 1348 1399 1391 centum
1421 1345 1558 1390 libras
1577 1356 1631 1390 ex
1648 1346 1767 1405 regis
1786 1344 2107 1400 ordinatione3

140 1426 236 1459 non
262 1414 385 1473 quod
411 1414 621 1460 denarius
646 1413 724 1458 ille
753 1413 918 1473 aliquid
953 1423 1166 1472 operetur
1202 1414 1258 1458 ad
1299 1413 1556 1457 habendam
1597 1412 1857 1471 praedi-ctae
1884 1413 2107 1471 pecuniae

137 1482 461 1541 quantitatem,
488 1483 566 1526 sed
591 1482 683 1540 hoc
706 1491 919 1541 operatur
945 1481 1044 1526 sola
1070 1480 1282 1525 voluntas
1309 1481 1443 1539 regis.
1471 1480 1605 1524 Unde
1634 1489 1679 1524 et
1704 1480 1960 1524 Bernardus
1993 1479 2104 1524 dicit

138 1548 187 1593 in
209 1548 410 1608 quodam
442 1563 654 1593 sermone
687 1549 742 1592 de
770 1547 931 1592 Coena
957 1548 1149 1592 Domini
1176 1549 1269 1607 (qai
1297 1554 1352 1592 est
1380 1561 1418 1591 1.
1445 1549 1490 1591 in
1516 1547 1656 1592 Coena
1676 1548 1873 1600 Domini,
1901 1554 1940 1592 et
1964 1549 2110 1592 inscri-

133 1616 277 1662 bitur:
304 1615 595 1676 deBaptismO,
619 1622 689 1660 etc.
710 1623 799 1675 cap.
826 1630 850 1660 2
856 1615 917 1673 ..)·
949 1631 972 1656 «
991 1615 1119 1660 Sicut
1136 1615 1370 1659 investitur
1395 1613 1643 1658 canonicus
1667 1629 1745 1672 per
1762 1613 1945 1668 librum,
1969 1614 2106 1658 abbas

137 1697 217 1743 per
241 1682 471 1737 baculum,
498 1683 739 1742 episcopus
765 1697 845 1742 per
872 1682 1116 1736 annulum;
1139 1682 1203 1727 sic
1228 1682 1472 1726 divisiones
1500 1681 1748 1740 gratiarum
1769 1681 1974 1725 diversae
2001 1691 2107 1725 sunt

138 1749 329 1795 traditae
354 1749 652 1794 sacramentis
671 1764 719 1793 »z
747 1749 826 1794 sed
853 1748 890 1793 si
917 1749 1016 1808 quis
1043 1759 1164 1793 recte
1193 1748 1462 1802 consideret,
1480 1748 1563 1791 iste
1582 1747 1746 1791 modus
1764 1761 1858 1791 non
1874 1757 2105 1792 transcen-

140 1816 205 1861 dit
229 1817 454 1861 rationem
486 1816 618 1875 signi,
649 1829 758 1860 nam
797 1817 1005 1860 denarius
1041 1815 1281 1875 plumbeus
1317 1829 1411 1859 non
1452 1825 1519 1859 est
1550 1814 1637 1858 nisi
1664 1814 1895 1873 quoddam
1922 1815 2106 1873 signum

139 1883 292 1942 regiae
318 1883 618 1928 ordinationis
645 1883 700 1926 de
726 1883 832 1941 hoc,
860 1883 981 1942 quod
1024 1883 1216 1942 pecunia
1255 1882 1499 1941 recipiatur
1526 1882 1579 1925 ab
1613 1881 1718 1925 illo:
1746 1881 1954 1925 similiter
1995 1881 2108 1925 liber

140 1960 209 1996 est
233 1951 463 2010 quoddam
492 1950 689 2009 signum,
728 1965 818 2010 quo
862 1951 1126 2009 designatur
1159 1950 1341 1995 traditio
1376 1949 1686 1994 canonicatus.
1716 1949 1980 1993 Secundum
2011 1949 2103 1993 hoc

136 2017 275 2078 igitur
299 2027 586 2062 sacramenta
626 2031 773 2061 novae
800 2016 915 2077 legis
941 2018 1055 2061 nihil
1087 2017 1188 2077 plus
1221 2027 1386 2071 essent,
1420 2031 1558 2076 quam
1601 2017 1729 2075 signa
1771 2019 1965 2076 gratiae;
2000 2031 2104 2061 cum

137 2091 294 2129 tamen
318 2098 375 2129 ex
400 2083 554 2128 multis
580 2093 844 2128 sanctorum
872 2085 1214 2129 auctoritatibus
1232 2084 1466 2138 habeatur,
1489 2084 1611 2142 quod
1639 2094 1930 2128 sacramenta
1955 2097 2106 2128 novae

138 2150 254 2210 legis
278 2156 373 2195 tion
399 2150 550 2195 solum
576 2150 847 2210 significant,
875 2152 953 2196 sed
987 2161 1175 2196 causant
1211 2152 1419 2211 gratiam.
1452 2151 1509 2195 Et
1539 2151 1645 2195 ideo
1683 2151 1811 2194 aliter
1843 2150 2103 2204 dicendum,

139 2218 264 2279 quod
286 2218 438 2280 duplex
463 2228 530 2263 est
556 2232 693 2263 causa
720 2232 875 2277 agenS‚
897 2221 1166 2280 principalis,
1191 2230 1235 2264 et
1256 2219 1597 2264 instrumentalis.
1625 2218 1894 2277 Principalis
1921 2217 2105 2277 quidem

138 2291 352 2346 operatur
376 2300 456 2346 per
479 2286 694 2331 virtutem
720 2292 828 2331 suae
855 2286 1047 2341 formae,
1076 2288 1149 2331 cui
1176 2286 1450 2332 assimilatur
1476 2285 1687 2340 effectus;
1721 2286 1838 2330 sicut
1869 2286 1987 2344 ignis
2019 2299 2103 2329 suo

139 2352 293 2399 calore
319 2352 553 2408 calefacit;
580 2361 624 2398 et
655 2353 745 2398 hoc
773 2354 922 2398 mo'do‘
940 2354 1055 2398 nihil
1078 2364 1227 2414 potest
1255 2357 1440 2398 causare
1469 2353 1677 2413 gratiam,
1703 2353 1790 2397 nisi
1815 2353 1966 2397 Deus:
2001 2354 2107 2412 quia

140 2420 285 2480 gratia
308 2419 425 2465 nihil
450 2430 518 2465 est
539 2420 675 2474 aliud,
702 2422 846 2480 quam*
868 2421 1094 2481 quaedam
1120 2421 1387 2481 participata
1414 2420 1671 2465 similitudo
1690 2420 1870 2464 divinae
1897 2430 2102 2474 naturae,

140 2487 391 2532 secundum
418 2485 528 2532 illud
556 2500 596 2531 2.
624 2488 719 2532 Pet.
751 2502 812 2532 1.:
839 2489 1004 2547 Magna
1030 2490 1161 2542 nobis,
1189 2495 1228 2534 et
1240 2491 1423 2548 pretiosa
1436 2490 1646 2548 promissa
1667 2487 1859 2542 donavit,
1877 2493 1922 2532 ut
1937 2487 2108 2531 divinae

139 2555 267 2599 simas
287 2560 493 2600 consortes
515 2561 709 2600 naturae.
737 2555 889 2599 Causa
915 2558 1025 2600 vero
1052 2555 1408 2600 instrumentalis
1434 2569 1528 2600 non
1554 2555 1647 2614 agit
1663 2568 1743 2614 per
1764 2555 1980 2599 virtutem
1998 2568 2108 2598 suae

144 2618 337 2675 formae,
354 2621 445 2665 sed
467 2621 619 2666 solum
645 2628 726 2681 per
751 2626 947 2677 motum,
974 2629 1064 2683 quo
1093 2633 1303 2668 movetur
1331 2637 1356 2667 a
1382 2622 1621 2682 principali
1648 2629 1835 2680 agente:
1859 2622 1979 2666 unde
2003 2620 2110 2666 effe-

142 2686 365 2732 ctus'non
401 2687 673 2733 assimilatur
708 2689 1026 2744 instrumento,
1063 2690 1146 2734 sed³
1178 2690 1418 2750 principali
1458 2689 1632 2748 agenti3
1675 2690 1792 2734 sicut
1834 2687 1979 2733 lectus
2012 2701 2107 2732 non

145 2753 418 2798 assimilatur
447 2757 608 2811 securi,
634 2755 713 2800 sed
741 2756 838 2811 arti,
865 2771 980 2816 quae
1008 2767 1075 2802 est
1100 2759 1145 2802 in
1178 2762 1333 2802 mente
1364 2756 1560 2801 artificis.
1588 2755 1642 2799 Et
1668 2756 1758 2800 hoc
1787 2754 1929 2800 modo
1962 2769 2108 2800 sacra·

145 2830 299 2864 menta
323 2833 471 2865 novae
497 2820 610 2880 legis
637 2823 829 2881 gratiam
864 2834 1065 2868 causant.
1093 2824 1381 2869 Adhibentur
1407 2824 1527 2868 enim
1557 2838 1610 2867 ex
1638 2823 1787 2867 divina¹
1816 2823 2103 2866 ordinatione

145 2886 411 2931 hominibus
435 2887 493 2931 ad
517 2887 709 2950 gratiam
726 2889 773 2933 in
790 2890 853 2934 εἰς
873 2892 1172 2935 causandam:
1195 2892 1314 2936 un'd'e
1342 2891 1536 2951 August.
1555 2885 1664 2934 dicit
1680 2905 1745 2951 19.
1769 2892 1928 2934 contra
1951 2890 2101 2934 Faust.

149 2954 260 3014 (cap.
287 2954 353 2999 1⁵6.
381 2968 407 2997 a
438 2953 592 3013 med.):
623 2969 646 2995 «
669 2955 795 3001 Haec
822 2958 978 3001 omnia
1005 2957 1201 3015 (scilicet
1233 2957 1609 3015 sacramentalia)¹
1632 2957 1757 3011 fiunt,
1782 2966 1826 3000 et
1851 2966 2107 3000 transeunt:

144 3022 286 3065 virtus
311 3028 466 3064 tamen
493 3019 688 3078 (scilicet
702 3021 828 3080 Dei),
847 3037 962 3083 quae
981 3039 1060 3084 per
1080 3027 1163 3069 ista
1183 3036 1409 3084 operatur,
1427 3025 1590 3084 jugiter
1609 3032 1764 3068 manet
1780 3041 1820 3067 n.
1834 3024 1933 3067 Hoc
1955 3032 2108 3067 autem

145 3086 327 3147 proprie
359 3085 520 3130 dicitur
551 3087 915 3145 instrumentum,
956 3106 1036 3151 per
1076 3092 1197 3151 quod
1232 3092 1392 3151 aliquis
1425 3099 1664 3151 operatur:
1694 3091 1812 3134 unde
1852 3099 1896 3134 et
1938 3087 2029 3133 Tit.
2069 3104 2105 3148 3.

146 3153 338 3198 dicitur:
362 3153 510 3197 Salvos
536 3169 606 3198 nos
622 3155 726 3213 fecit
748 3164 824 3215 per
849 3157 1069 3202 lavacrum
1096 3161 1429 3218 regen-erationis.

237 3220 313 3265 An
344 3228 532 3265 pumma
558 3234 668 3279 ergo
701 3221 959 3278 dicendum,
992 3225 1113 3283 quod
1148 3240 1285 3269 causa
1317 3224 1577 3284 principalis
1618 3238 1712 3267 non
1745 3223 1925 3282 proprie
1957 3233 2108 3281 potest

145 3287 236 3332 dici
260 3287 442 3345 signum
468 3285 668 3341 effectus,
689 3287 796 3332 licet
821 3289 1004 3344 occulti,
1028 3292 1205 3336 etiamsi
1223 3294 1319 3351 ipsa
1338 3292 1395 3336 sit
1413 3290 1651 3343 sensibilis,
1679 3295 1722 3333 et
1748 3287 2008 3332 manifesta:
2029 3289 2109 3333 sed

147 3366 285 3398 causa
311 3353 680 3408 instrumentalis,
706 3354 743 3398 s'i
770 3355 826 3400 sit
850 3356 1104 3412 manifesta,
1131 3367 1278 3417 potest
1306 3359 1394 3402 dici
1416 3358 1597 3416 signum
1620 3355 1807 3400 effectus
1835 3355 2029 3410 occulti3
2047 3367 2104 3399 eo

147 3419 271 3480 quod
293 3432 387 3464 non
414 3419 565 3464 solum
593 3426 661 3464 eSt
686 3432 838 3475 causa,
855 3422 936 3467 sed
957 3424 1094 3468 etiam
1122 3425 1469 3484 quodammodo
1497 3422 1697 3475 effectus,
1728 3424 1993 3480 inquantum
2014 3432 2114 3466 mo·-

147 3497 278 3532 vetur
303 3500 328 3530 a
368 3486 606 3545 principali
639 3498 824 3546 agente;
852 3498 894 3532 et
920 3491 1170 3535 secundum
1197 3492 1287 3535 hoc
1321 3500 1607 3535 sacramenta
1641 3502 1788 3532 novae
1825 3488 1939 3547 legis
1975 3487 2115 3532 sim-ul

150 3557 255 3599 sum
280 3563 460 3607 causae,
477 3563 520 3597 et
537 3555 681 3613 signa,
708 3564 755 3598 et
777 3554 882 3600 inde
908 3565 990 3611 est,
1016 3558 1153 3616 qnod,
1180 3560 1297 3602 sicut
1329 3557 1636 3602 communiter
1662 3555 1839 3609 dicitur,
1869 3570 1892 3596 «
1909 3553 2112 3600 efficiunt

148 3619 272 3681 quod
296 3619 496 3680 fi’gu‘ra'nt
512 3636 552 3664 ».
579 3620 645 3665 Ex
671 3633 763 3681 quo
799 3622 935 3667 etiam
962 3629 1100 3683 patet,
1131 3626 1254 3684 quod
1286 3625 1461 3669 habent
1486 3621 1683 3682 perfecte
1716 3622 1941 3667 rationem
1967 3633 2114 3667 sacra-
