<?xml version="1.0" encoding="UTF-8"?>
<!DOCTYPE html PUBLIC "-//W3C//DTD XHTML 1.0 Transitional//EN"
    "http://www.w3.org/TR/xhtml1/DTD/xhtml1-transitional.dtd">
<html xmlns="http://www.w3.org/1999/xhtml" xml:lang="en" lang="en">
 <head>
  <title>
</title>
<meta http-equiv="Content-Type" content="text/html;charset=utf-8" />
  <meta name='ocr-system' content='tesseract 3.04.00' />
  <meta name='ocr-capabilities' content='ocr_page ocr_carea ocr_par ocr_line ocrx_word'/>
</head>
<body>
  <div class='ocr_page' id='page_1' title='image "./divithomaeaquina04thom_0139.png"; bbox 0 0 2352 3926; ppageno 0'>
   <div class='ocr_carea' id='block_1_1' title="bbox 660 224 2069 280">
    <p class='ocr_par' dir='ltr' id='par_1_1' title="bbox 660 224 2069 280">
     <span class='ocr_line' id='line_1_1' title="bbox 660 224 2069 280; baseline -0.004 -11"><span class='ocrx_word' id='word_1_1' title='bbox 660 228 935 276; x_wconf 80' lang='lat' dir='ltr'>QUAEsTto</span> <span class='ocrx_word' id='word_1_2' title='bbox 971 228 1086 268; x_wconf 84' lang='lat' dir='ltr'>xm.</span> <span class='ocrx_word' id='word_1_3' title='bbox 1128 226 1435 268; x_wconf 84' lang='lat' dir='ltr'>ARTICULUS</span> <span class='ocrx_word' id='word_1_4' title='bbox 1474 226 1509 266; x_wconf 90' lang='lat'>1.</span> <span class='ocrx_word' id='word_1_5' title='bbox 1972 224 2069 280; x_wconf 77' lang='lat'>135</span> 
     </span>
    </p>
   </div>
   <div class='ocr_carea' id='block_1_2' title="bbox 23 323 2078 1601">
    <p class='ocr_par' dir='ltr' id='par_1_2' title="bbox 23 323 2078 928">
     <span class='ocr_line' id='line_1_2' title="bbox 36 323 2073 393; baseline -0.003 -15.021"><span class='ocrx_word' id='word_1_6' title='bbox 36 323 51 361; x_wconf 56' lang='lat'>3⁷</span> <span class='ocrx_word' id='word_1_7' title='bbox 117 331 225 393; x_wconf 79' lang='lat' dir='ltr'>agit,</span> <span class='ocrx_word' id='word_1_8' title='bbox 250 332 326 393; x_wconf 86' lang='lat' dir='ltr'>qui</span> <span class='ocrx_word' id='word_1_9' title='bbox 353 332 445 391; x_wconf 89' lang='lat' dir='ltr'>agit</span> <span class='ocrx_word' id='word_1_10' title='bbox 469 331 645 376; x_wconf 85' lang='lat' dir='ltr'>infinita</span> <span class='ocrx_word' id='word_1_11' title='bbox 669 331 848 385; x_wconf 88' lang='lat' dir='ltr'>virtute,</span> <span class='ocrx_word' id='word_1_12' title='bbox 876 331 1003 389; x_wconf 90' lang='lat' dir='ltr'>cujus</span> <span class='ocrx_word' id='word_1_13' title='bbox 1030 341 1233 375; x_wconf 91' lang='lat' dir='ltr'>creatura</span> <span class='ocrx_word' id='word_1_14' title='bbox 1259 345 1353 375; x_wconf 85' lang='lat' dir='ltr'>non</span> <span class='ocrx_word' id='word_1_15' title='bbox 1380 340 1448 375; x_wconf 91' lang='lat' dir='ltr'>est</span> <span class='ocrx_word' id='word_1_16' title='bbox 1473 343 1638 388; x_wconf 85' lang='lat' dir='ltr'>capax3</span> <span class='ocrx_word' id='word_1_17' title='bbox 1663 327 1790 373; x_wconf 91' lang='lat' dir='ltr'>nulla</span> <span class='ocrx_word' id='word_1_18' title='bbox 1817 337 1970 373; x_wconf 90' lang='lat' dir='ltr'>autem</span> <span class='ocrx_word' id='word_1_19' title='bbox 2001 341 2073 372; x_wconf 88' lang='lat' dir='ltr'>res</span> 
     </span>
     <span class='ocr_line' id='line_1_3' title="bbox 116 394 2073 458; baseline -0.003 -13.298"><span class='ocrx_word' id='word_1_20' title='bbox 116 409 198 454; x_wconf 86' lang='lat' dir='ltr'>est,</span> <span class='ocrx_word' id='word_1_21' title='bbox 224 401 278 443; x_wconf 92' lang='lat' dir='ltr'>ad</span> <span class='ocrx_word' id='word_1_22' title='bbox 303 401 429 458; x_wconf 86' lang='lat' dir='ltr'>cujus</span> <span class='ocrx_word' id='word_1_23' title='bbox 447 398 759 458; x_wconf 88' lang='lat' dir='ltr'><strong>cognitionem</strong></span> <span class='ocrx_word' id='word_1_24' title='bbox 783 397 1038 456; x_wconf 85' lang='lat' dir='ltr'>aliqualiter</span> <span class='ocrx_word' id='word_1_25' title='bbox 1054 397 1310 441; x_wconf 83' lang='lat' dir='ltr'>habendam</span> <span class='ocrx_word' id='word_1_26' title='bbox 1328 397 1580 456; x_wconf 86' lang='lat' dir='ltr'>requiratur</span> <span class='ocrx_word' id='word_1_27' title='bbox 1601 397 1742 441; x_wconf 91' lang='lat' dir='ltr'>virtus</span> <span class='ocrx_word' id='word_1_28' title='bbox 1759 395 1948 449; x_wconf 85' lang='lat' dir='ltr'>infinita,</span> <span class='ocrx_word' id='word_1_29' title='bbox 1966 394 2073 439; x_wconf 90' lang='lat' dir='ltr'>licet</span> 
     </span>
     <span class='ocr_line' id='line_1_4' title="bbox 26 456 2072 526; baseline -0.001 -20"><span class='ocrx_word' id='word_1_30' title='bbox 26 456 56 511; x_wconf 52' lang='lat' dir='ltr'>s}</span> <span class='ocrx_word' id='word_1_31' title='bbox 117 465 278 526; x_wconf 77' lang='lat' dir='ltr'>aliquis</span> <span class='ocrx_word' id='word_1_32' title='bbox 304 466 468 510; x_wconf 91' lang='lat' dir='ltr'>modus</span> <span class='ocrx_word' id='word_1_33' title='bbox 496 465 807 524; x_wconf 84' lang='lat' dir='ltr'>cognoscendi</span> <span class='ocrx_word' id='word_1_34' title='bbox 832 463 889 509; x_wconf 90' lang='lat' dir='ltr'>sit</span> <span class='ocrx_word' id='word_1_35' title='bbox 913 464 1089 508; x_wconf 84' lang='lat' dir='ltr'>virtutis</span> <span class='ocrx_word' id='word_1_36' title='bbox 1115 464 1338 508; x_wconf 88' lang='lat' dir='ltr'>infinitae:</span> <span class='ocrx_word' id='word_1_37' title='bbox 1373 465 1598 523; x_wconf 88' lang='lat' dir='ltr'>quaedam</span> <span class='ocrx_word' id='word_1_38' title='bbox 1623 474 1782 508; x_wconf 87' lang='lat' dir='ltr'>tamen</span> <span class='ocrx_word' id='word_1_39' title='bbox 1807 471 1924 516; x_wconf 90' lang='lat' dir='ltr'>sunt,</span> <span class='ocrx_word' id='word_1_40' title='bbox 1957 475 2072 521; x_wconf 90' lang='lat' dir='ltr'>quae</span> 
     </span>
     <span class='ocr_line' id='line_1_5' title="bbox 33 530 2076 592; baseline -0.003 -14"><span class='ocrx_word' id='word_1_41' title='bbox 33 536 39 557; x_wconf 77' lang='lat'><strong>²</strong></span> <span class='ocrx_word' id='word_1_42' title='bbox 115 545 210 579; x_wconf 79' lang='lat' dir='ltr'>non</span> <span class='ocrx_word' id='word_1_43' title='bbox 237 543 427 592; x_wconf 89' lang='lat' dir='ltr'>possunt</span> <span class='ocrx_word' id='word_1_44' title='bbox 452 532 549 577; x_wconf 90' lang='lat' dir='ltr'>fieri</span> <span class='ocrx_word' id='word_1_45' title='bbox 574 533 661 577; x_wconf 87' lang='lat' dir='ltr'>nisi</span> <span class='ocrx_word' id='word_1_46' title='bbox 688 547 712 576; x_wconf 90' lang='lat' dir='ltr'>a</span> <span class='ocrx_word' id='word_1_47' title='bbox 738 534 900 576; x_wconf 89' lang='lat' dir='ltr'>virtute</span> <span class='ocrx_word' id='word_1_48' title='bbox 927 531 1125 587; x_wconf 82' lang='lat' dir='ltr'>infinita3</span> <span class='ocrx_word' id='word_1_49' title='bbox 1153 531 1270 575; x_wconf 89' lang='lat' dir='ltr'>sicut</span> <span class='ocrx_word' id='word_1_50' title='bbox 1302 534 1487 586; x_wconf 86' lang='lat' dir='ltr'>creatio,</span> <span class='ocrx_word' id='word_1_51' title='bbox 1520 542 1564 576; x_wconf 92' lang='lat' dir='ltr'>et</span> <span class='ocrx_word' id='word_1_52' title='bbox 1597 531 1684 576; x_wconf 87' lang='lat' dir='ltr'>alia</span> <span class='ocrx_word' id='word_1_53' title='bbox 1716 530 1995 589; x_wconf 82' lang='lat' dir='ltr'>hujusmodi,</span> <span class='ocrx_word' id='word_1_54' title='bbox 2027 539 2076 573; x_wconf 91' lang='lat' dir='ltr'>ut</span> 
     </span>
     <span class='ocr_line' id='line_1_6' title="bbox 30 598 2074 661; baseline -0.001 -19"><span class='ocrx_word' id='word_1_55' title='bbox 30 622 43 633; x_wconf 51' lang='grc' dir='ltr'><strong>ι</strong></span> <span class='ocrx_word' id='word_1_56' title='bbox 115 610 238 661; x_wconf 82' lang='lat' dir='ltr'>patet</span> <span class='ocrx_word' id='word_1_57' title='bbox 263 614 317 645; x_wconf 83' lang='lat' dir='ltr'>ex</span> <span class='ocrx_word' id='word_1_58' title='bbox 343 601 414 644; x_wconf 90' lang='lat' dir='ltr'>his</span> <span class='ocrx_word' id='word_1_59' title='bbox 439 613 556 659; x_wconf 91' lang='lat' dir='ltr'>quae</span> <span class='ocrx_word' id='word_1_60' title='bbox 583 600 628 643; x_wconf 89' lang='lat' dir='ltr'>in</span> <span class='ocrx_word' id='word_1_61' title='bbox 660 613 695 643; x_wconf 96' lang='lat'>1.</span> <span class='ocrx_word' id='word_1_62' title='bbox 719 599 840 644; x_wconf 88' lang='lat' dir='ltr'>dicta</span> <span class='ocrx_word' id='word_1_63' title='bbox 865 609 969 644; x_wconf 90' lang='lat' dir='ltr'>sunt</span> <span class='ocrx_word' id='word_1_64' title='bbox 993 601 1051 657; x_wconf 88' lang='lat' dir='ltr'>(q.</span> <span class='ocrx_word' id='word_1_65' title='bbox 1084 598 1170 657; x_wconf 89' lang='lat'>45.)</span> <span class='ocrx_word' id='word_1_66' title='bbox 1183 614 1200 651; x_wconf 92' lang='lat'>,·</span> <span class='ocrx_word' id='word_1_67' title='bbox 1230 609 1272 642; x_wconf 91' lang='lat' dir='ltr'>et</span> <span class='ocrx_word' id='word_1_68' title='bbox 1299 598 1402 642; x_wconf 91' lang='lat' dir='ltr'>ideo</span> <span class='ocrx_word' id='word_1_69' title='bbox 1432 599 1583 642; x_wconf 90' lang='lat' dir='ltr'>anima</span> <span class='ocrx_word' id='word_1_70' title='bbox 1611 598 1798 653; x_wconf 89' lang='lat' dir='ltr'>Christi,</span> <span class='ocrx_word' id='word_1_71' title='bbox 1825 611 1942 657; x_wconf 90' lang='lat' dir='ltr'>quae</span> <span class='ocrx_word' id='word_1_72' title='bbox 1969 610 2074 640; x_wconf 91' lang='lat' dir='ltr'>cum</span> 
     </span>
     <span class='ocr_line' id='line_1_7' title="bbox 23 665 2075 725; baseline -0.004 -10"><span class='ocrx_word' id='word_1_73' title='bbox 23 675 35 720; x_wconf 51' lang='grc' dir='ltr'>ξ</span> <span class='ocrx_word' id='word_1_74' title='bbox 115 667 173 712; x_wconf 75' lang='lat' dir='ltr'>sit</span> <span class='ocrx_word' id='word_1_75' title='bbox 198 677 418 722; x_wconf 88' lang='lat' dir='ltr'>creatura,</span> <span class='ocrx_word' id='word_1_76' title='bbox 445 676 511 712; x_wconf 91' lang='lat' dir='ltr'>est</span> <span class='ocrx_word' id='word_1_77' title='bbox 541 667 718 711; x_wconf 86' lang='lat' dir='ltr'>virtutis</span> <span class='ocrx_word' id='word_1_78' title='bbox 751 666 918 719; x_wconf 88' lang='lat' dir='ltr'>finitae,</span> <span class='ocrx_word' id='word_1_79' title='bbox 951 676 1102 725; x_wconf 89' lang='lat' dir='ltr'>potest</span> <span class='ocrx_word' id='word_1_80' title='bbox 1140 666 1326 724; x_wconf 91' lang='lat' dir='ltr'>quidem</span> <span class='ocrx_word' id='word_1_81' title='bbox 1364 666 1523 709; x_wconf 90' lang='lat' dir='ltr'>omnia</span> <span class='ocrx_word' id='word_1_82' title='bbox 1551 679 1848 724; x_wconf 86' lang='lat' dir='ltr'>cognoscere,</span> <span class='ocrx_word' id='word_1_83' title='bbox 1875 665 1955 710; x_wconf 87' lang='lat' dir='ltr'>sed</span> <span class='ocrx_word' id='word_1_84' title='bbox 1981 677 2075 708; x_wconf 90' lang='lat' dir='ltr'>non</span> 
     </span>
     <span class='ocr_line' id='line_1_8' title="bbox 114 731 2078 795; baseline -0.002 -16.166"><span class='ocrx_word' id='word_1_85' title='bbox 114 747 197 795; x_wconf 86' lang='lat' dir='ltr'>per</span> <span class='ocrx_word' id='word_1_86' title='bbox 222 748 411 781; x_wconf 88' lang='lat' dir='ltr'>omnem</span> <span class='ocrx_word' id='word_1_87' title='bbox 438 734 652 778; x_wconf 88' lang='lat' dir='ltr'>modum:</span> <span class='ocrx_word' id='word_1_88' title='bbox 679 747 774 778; x_wconf 89' lang='lat' dir='ltr'>non</span> <span class='ocrx_word' id='word_1_89' title='bbox 792 743 943 778; x_wconf 92' lang='lat' dir='ltr'>autem</span> <span class='ocrx_word' id='word_1_90' title='bbox 961 743 1110 792; x_wconf 91' lang='lat' dir='ltr'>potest</span> <span class='ocrx_word' id='word_1_91' title='bbox 1127 732 1284 776; x_wconf 91' lang='lat' dir='ltr'>omnia</span> <span class='ocrx_word' id='word_1_92' title='bbox 1301 732 1474 786; x_wconf 87' lang='lat' dir='ltr'>facere;</span> <span class='ocrx_word' id='word_1_93' title='bbox 1493 734 1614 791; x_wconf 91' lang='lat' dir='ltr'>quod</span> <span class='ocrx_word' id='word_1_94' title='bbox 1640 735 1833 792; x_wconf 83' lang='lat' dir='ltr'>pertinet</span> <span class='ocrx_word' id='word_1_95' title='bbox 1864 732 1919 776; x_wconf 92' lang='lat' dir='ltr'>ad</span> <span class='ocrx_word' id='word_1_96' title='bbox 1945 731 2078 776; x_wconf 88' lang='lat' dir='ltr'>ratio-</span> 
     </span>
     <span class='ocr_line' id='line_1_9' title="bbox 116 799 2075 860; baseline -0.001 -14.125"><span class='ocrx_word' id='word_1_97' title='bbox 116 814 226 846; x_wconf 87' lang='lat' dir='ltr'>nem</span> <span class='ocrx_word' id='word_1_98' title='bbox 252 801 634 860; x_wconf 82' lang='lat' dir='ltr'>omnipotentiae3</span> <span class='ocrx_word' id='word_1_99' title='bbox 662 811 707 845; x_wconf 92' lang='lat' dir='ltr'>et</span> <span class='ocrx_word' id='word_1_100' title='bbox 731 801 847 845; x_wconf 86' lang='lat' dir='ltr'>inter</span> <span class='ocrx_word' id='word_1_101' title='bbox 869 810 1048 845; x_wconf 89' lang='lat' dir='ltr'>caetera</span> <span class='ocrx_word' id='word_1_102' title='bbox 1066 799 1356 844; x_wconf 90' lang='lat' dir='ltr'>manifestum</span> <span class='ocrx_word' id='word_1_103' title='bbox 1381 809 1461 854; x_wconf 89' lang='lat' dir='ltr'>est,</span> <span class='ocrx_word' id='word_1_104' title='bbox 1486 800 1608 859; x_wconf 93' lang='lat' dir='ltr'>quod</span> <span class='ocrx_word' id='word_1_105' title='bbox 1631 814 1724 844; x_wconf 90' lang='lat' dir='ltr'>non</span> <span class='ocrx_word' id='word_1_106' title='bbox 1748 810 1898 859; x_wconf 89' lang='lat' dir='ltr'>potest</span> <span class='ocrx_word' id='word_1_107' title='bbox 1919 812 2075 844; x_wconf 89' lang='lat' dir='ltr'>creare</span> 
     </span>
     <span class='ocr_line' id='line_1_10' title="bbox 31 864 328 928; baseline -0.007 -14"><span class='ocrx_word' id='word_1_108' title='bbox 31 864 45 896; x_wconf 60' lang='lat'>⁵-</span> <span class='ocrx_word' id='word_1_109' title='bbox 114 868 328 928; x_wconf 80' lang='lat' dir='ltr'>seipsam.</span> 
     </span>
    </p>

    <p class='ocr_par' dir='ltr' id='par_1_3' title="bbox 26 933 2078 1601">
     <span class='ocr_line' id='line_1_11' title="bbox 30 933 2076 995; baseline -0.002 -14"><span class='ocrx_word' id='word_1_110' title='bbox 30 978 34 994; x_wconf 8' lang='grc' dir='ltr'>Ἴ,</span> <span class='ocrx_word' id='word_1_111' title='bbox 59 968 61 970; x_wconf 94' lang='grc'>-</span> <span class='ocrx_word' id='word_1_112' title='bbox 202 936 279 980; x_wconf 90' lang='lat' dir='ltr'>AD</span> <span class='ocrx_word' id='word_1_113' title='bbox 298 947 514 981; x_wconf 75' lang='lat' dir='ltr'>TERTIUM</span> <span class='ocrx_word' id='word_1_114' title='bbox 531 934 790 989; x_wconf 91' lang='lat' dir='ltr'>dicendum,</span> <span class='ocrx_word' id='word_1_115' title='bbox 808 935 930 994; x_wconf 92' lang='lat' dir='ltr'>quod</span> <span class='ocrx_word' id='word_1_116' title='bbox 949 934 1101 979; x_wconf 90' lang='lat' dir='ltr'>anima</span> <span class='ocrx_word' id='word_1_117' title='bbox 1119 934 1292 979; x_wconf 86' lang='lat' dir='ltr'>Christi</span> <span class='ocrx_word' id='word_1_118' title='bbox 1313 933 1471 978; x_wconf 87' lang='lat' dir='ltr'>habuit</span> <span class='ocrx_word' id='word_1_119' title='bbox 1492 943 1537 979; x_wconf 88' lang='lat' dir='ltr'>et</span> <span class='ocrx_word' id='word_1_120' title='bbox 1557 934 1795 978; x_wconf 90' lang='lat' dir='ltr'>scientiam</span> <span class='ocrx_word' id='word_1_121' title='bbox 1812 935 2076 995; x_wconf 85' lang='lat' dir='ltr'>practicam,</span> 
     </span>
     <span class='ocr_line' id='line_1_12' title="bbox 30 1000 2074 1063; baseline -0.002 -14"><span class='ocrx_word' id='word_1_122' title='bbox 30 1002 43 1063; x_wconf 74' lang='lat' dir='ltr'>j</span> <span class='ocrx_word' id='word_1_123' title='bbox 113 1011 161 1048; x_wconf 78' lang='lat' dir='ltr'>et</span> <span class='ocrx_word' id='word_1_124' title='bbox 183 1002 534 1062; x_wconf 84' lang='lat' dir='ltr'>speculativam:</span> <span class='ocrx_word' id='word_1_125' title='bbox 561 1016 654 1046; x_wconf 91' lang='lat' dir='ltr'>non</span> <span class='ocrx_word' id='word_1_126' title='bbox 680 1012 835 1046; x_wconf 89' lang='lat' dir='ltr'>tamen</span> <span class='ocrx_word' id='word_1_127' title='bbox 862 1011 1057 1061; x_wconf 86' lang='lat' dir='ltr'>oportet,</span> <span class='ocrx_word' id='word_1_128' title='bbox 1077 1002 1200 1061; x_wconf 92' lang='lat' dir='ltr'>quod</span> <span class='ocrx_word' id='word_1_129' title='bbox 1223 1001 1433 1045; x_wconf 90' lang='lat' dir='ltr'>omnium</span> <span class='ocrx_word' id='word_1_130' title='bbox 1450 1000 1636 1045; x_wconf 92' lang='lat' dir='ltr'>illorum</span> <span class='ocrx_word' id='word_1_131' title='bbox 1653 1001 1819 1045; x_wconf 89' lang='lat' dir='ltr'>habeat</span> <span class='ocrx_word' id='word_1_132' title='bbox 1836 1002 2074 1046; x_wconf 89' lang='lat' dir='ltr'>scientiam</span> 
     </span>
     <span class='ocr_line' id='line_1_13' title="bbox 34 1068 2078 1130; baseline -0.001 -16"><span class='ocrx_word' id='word_1_133' title='bbox 34 1081 37 1085; x_wconf 71' lang='grc'><strong><em>’</em></strong></span> <span class='ocrx_word' id='word_1_134' title='bbox 112 1069 377 1130; x_wconf 79' lang='lat' dir='ltr'>practicam,</span> <span class='ocrx_word' id='word_1_135' title='bbox 405 1083 601 1129; x_wconf 92' lang='lat' dir='ltr'>quorum</span> <span class='ocrx_word' id='word_1_136' title='bbox 626 1069 784 1114; x_wconf 88' lang='lat' dir='ltr'>habuit</span> <span class='ocrx_word' id='word_1_137' title='bbox 816 1069 1055 1114; x_wconf 90' lang='lat' dir='ltr'>scientiam</span> <span class='ocrx_word' id='word_1_138' title='bbox 1087 1068 1439 1128; x_wconf 74' lang='lat' dir='ltr'>speculativamz</span> <span class='ocrx_word' id='word_1_139' title='bbox 1475 1069 1528 1112; x_wconf 93' lang='lat' dir='ltr'>ad</span> <span class='ocrx_word' id='word_1_140' title='bbox 1563 1068 1803 1112; x_wconf 88' lang='lat' dir='ltr'>scientiam</span> <span class='ocrx_word' id='word_1_141' title='bbox 1831 1069 1954 1113; x_wconf 91' lang='lat' dir='ltr'>enim</span> <span class='ocrx_word' id='word_1_142' title='bbox 1981 1083 2078 1129; x_wconf 90' lang='lat' dir='ltr'>spe-</span> 
     </span>
     <span class='ocr_line' id='line_1_14' title="bbox 113 1135 2075 1190; baseline -0.001 -8"><span class='ocrx_word' id='word_1_143' title='bbox 113 1136 360 1182; x_wconf 85' lang='lat' dir='ltr'>culativam</span> <span class='ocrx_word' id='word_1_144' title='bbox 384 1137 643 1181; x_wconf 89' lang='lat' dir='ltr'>habendam</span> <span class='ocrx_word' id='word_1_145' title='bbox 670 1135 835 1181; x_wconf 90' lang='lat' dir='ltr'>sufficit</span> <span class='ocrx_word' id='word_1_146' title='bbox 860 1136 961 1181; x_wconf 88' lang='lat' dir='ltr'>sola</span> <span class='ocrx_word' id='word_1_147' title='bbox 988 1136 1300 1190; x_wconf 89' lang='lat' dir='ltr'>conformitas,</span> <span class='ocrx_word' id='word_1_148' title='bbox 1317 1136 1392 1180; x_wconf 87' lang='lat' dir='ltr'>vel</span> <span class='ocrx_word' id='word_1_149' title='bbox 1414 1135 1683 1181; x_wconf 87' lang='lat' dir='ltr'>assimilatio</span> <span class='ocrx_word' id='word_1_150' title='bbox 1702 1136 1885 1180; x_wconf 89' lang='lat' dir='ltr'>scientis</span> <span class='ocrx_word' id='word_1_151' title='bbox 1904 1136 1959 1180; x_wconf 92' lang='lat' dir='ltr'>ad</span> <span class='ocrx_word' id='word_1_152' title='bbox 1978 1151 2075 1180; x_wconf 90' lang='lat' dir='ltr'>rem</span> 
     </span>
     <span class='ocr_line' id='line_1_15' title="bbox 39 1202 2075 1264; baseline -0.001 -15.019"><span class='ocrx_word' id='word_1_153' title='bbox 39 1211 43 1219; x_wconf 76' lang='lat'><em>&#39;</em></span> <span class='ocrx_word' id='word_1_154' title='bbox 112 1204 299 1250; x_wconf 87' lang='lat' dir='ltr'>scitam:</span> <span class='ocrx_word' id='word_1_155' title='bbox 328 1204 383 1248; x_wconf 89' lang='lat' dir='ltr'>ad</span> <span class='ocrx_word' id='word_1_156' title='bbox 410 1205 647 1249; x_wconf 88' lang='lat' dir='ltr'>scientiam</span> <span class='ocrx_word' id='word_1_157' title='bbox 675 1213 828 1248; x_wconf 90' lang='lat' dir='ltr'>autem</span> <span class='ocrx_word' id='word_1_158' title='bbox 854 1205 1104 1264; x_wconf 86' lang='lat' dir='ltr'>practicam</span> <span class='ocrx_word' id='word_1_159' title='bbox 1129 1204 1384 1262; x_wconf 89' lang='lat' dir='ltr'>requiritur,</span> <span class='ocrx_word' id='word_1_160' title='bbox 1412 1203 1535 1262; x_wconf 92' lang='lat' dir='ltr'>quod</span> <span class='ocrx_word' id='word_1_161' title='bbox 1561 1202 1740 1248; x_wconf 91' lang='lat' dir='ltr'>formae</span> <span class='ocrx_word' id='word_1_162' title='bbox 1765 1217 1931 1257; x_wconf 91' lang='lat' dir='ltr'>rerum,</span> <span class='ocrx_word' id='word_1_163' title='bbox 1959 1217 2075 1262; x_wconf 89' lang='lat' dir='ltr'>quae</span> 
     </span>
     <span class='ocr_line' id='line_1_16' title="bbox 28 1269 2076 1330; baseline -0 -14"><span class='ocrx_word' id='word_1_164' title='bbox 28 1271 35 1309; x_wconf 70' lang='grc' dir='ltr'>ἲ</span> <span class='ocrx_word' id='word_1_165' title='bbox 112 1281 217 1316; x_wconf 75' lang='lat' dir='ltr'>sunt</span> <span class='ocrx_word' id='word_1_166' title='bbox 240 1271 288 1315; x_wconf 90' lang='lat' dir='ltr'>in</span> <span class='ocrx_word' id='word_1_167' title='bbox 312 1270 560 1325; x_wconf 89' lang='lat' dir='ltr'>intellectu,</span> <span class='ocrx_word' id='word_1_168' title='bbox 587 1271 677 1315; x_wconf 89' lang='lat' dir='ltr'>sint</span> <span class='ocrx_word' id='word_1_169' title='bbox 700 1270 918 1315; x_wconf 88' lang='lat' dir='ltr'>factivae:</span> <span class='ocrx_word' id='word_1_170' title='bbox 946 1269 1046 1330; x_wconf 87' lang='lat' dir='ltr'>plus</span> <span class='ocrx_word' id='word_1_171' title='bbox 1074 1281 1225 1315; x_wconf 91' lang='lat' dir='ltr'>autem</span> <span class='ocrx_word' id='word_1_172' title='bbox 1245 1280 1313 1315; x_wconf 93' lang='lat' dir='ltr'>est</span> <span class='ocrx_word' id='word_1_173' title='bbox 1328 1271 1496 1315; x_wconf 90' lang='lat' dir='ltr'>habere</span> <span class='ocrx_word' id='word_1_174' title='bbox 1518 1269 1733 1325; x_wconf 88' lang='lat' dir='ltr'>formam,</span> <span class='ocrx_word' id='word_1_175' title='bbox 1751 1280 1796 1315; x_wconf 92' lang='lat' dir='ltr'>et</span> <span class='ocrx_word' id='word_1_176' title='bbox 1815 1271 2076 1330; x_wconf 87' lang='lat' dir='ltr'>imprimere</span> 
     </span>
     <span class='ocr_line' id='line_1_17' title="bbox 42 1336 2078 1398; baseline 0 -16"><span class='ocrx_word' id='word_1_177' title='bbox 42 1346 44 1349; x_wconf 80' lang='grc'><strong>’</strong></span> <span class='ocrx_word' id='word_1_178' title='bbox 111 1336 310 1383; x_wconf 83' lang='lat' dir='ltr'>formam</span> <span class='ocrx_word' id='word_1_179' title='bbox 336 1338 541 1382; x_wconf 86' lang='lat' dir='ltr'>habitam</span> <span class='ocrx_word' id='word_1_180' title='bbox 566 1338 613 1382; x_wconf 89' lang='lat' dir='ltr'>in</span> <span class='ocrx_word' id='word_1_181' title='bbox 640 1337 848 1393; x_wconf 89' lang='lat' dir='ltr'>alterum,</span> <span class='ocrx_word' id='word_1_182' title='bbox 876 1352 1015 1397; x_wconf 91' lang='lat' dir='ltr'>quam</span> <span class='ocrx_word' id='word_1_183' title='bbox 1042 1337 1194 1382; x_wconf 91' lang='lat' dir='ltr'>solum</span> <span class='ocrx_word' id='word_1_184' title='bbox 1216 1339 1386 1382; x_wconf 90' lang='lat' dir='ltr'>habere</span> <span class='ocrx_word' id='word_1_185' title='bbox 1412 1337 1634 1383; x_wconf 89' lang='lat' dir='ltr'>formam:</span> <span class='ocrx_word' id='word_1_186' title='bbox 1663 1338 1779 1382; x_wconf 90' lang='lat' dir='ltr'>sicut</span> <span class='ocrx_word' id='word_1_187' title='bbox 1805 1337 1904 1398; x_wconf 91' lang='lat' dir='ltr'>plus</span> <span class='ocrx_word' id='word_1_188' title='bbox 1932 1347 1999 1382; x_wconf 91' lang='lat' dir='ltr'>est</span> <span class='ocrx_word' id='word_1_189' title='bbox 2014 1337 2078 1381; x_wconf 90' lang='lat' dir='ltr'>lu-</span> 
     </span>
     <span class='ocr_line' id='line_1_18' title="bbox 31 1404 2076 1465; baseline -0.001 -15"><span class='ocrx_word' id='word_1_190' title='bbox 31 1404 44 1460; x_wconf 68' lang='grc' dir='ltr'>ῘῙ</span> <span class='ocrx_word' id='word_1_191' title='bbox 113 1415 230 1459; x_wconf 83' lang='lat' dir='ltr'>cere,</span> <span class='ocrx_word' id='word_1_192' title='bbox 267 1415 312 1450; x_wconf 91' lang='lat' dir='ltr'>et</span> <span class='ocrx_word' id='word_1_193' title='bbox 343 1405 615 1460; x_wconf 90' lang='lat' dir='ltr'>illuminare,</span> <span class='ocrx_word' id='word_1_194' title='bbox 647 1420 785 1465; x_wconf 89' lang='lat' dir='ltr'>quam</span> <span class='ocrx_word' id='word_1_195' title='bbox 819 1405 971 1450; x_wconf 90' lang='lat' dir='ltr'>solum</span> <span class='ocrx_word' id='word_1_196' title='bbox 1003 1405 1182 1461; x_wconf 85' lang='lat' dir='ltr'>lucere3</span> <span class='ocrx_word' id='word_1_197' title='bbox 1218 1415 1262 1450; x_wconf 92' lang='lat' dir='ltr'>et</span> <span class='ocrx_word' id='word_1_198' title='bbox 1297 1405 1402 1450; x_wconf 90' lang='lat' dir='ltr'>inde</span> <span class='ocrx_word' id='word_1_199' title='bbox 1439 1415 1520 1459; x_wconf 89' lang='lat' dir='ltr'>est,</span> <span class='ocrx_word' id='word_1_200' title='bbox 1558 1405 1679 1464; x_wconf 90' lang='lat' dir='ltr'>quod</span> <span class='ocrx_word' id='word_1_201' title='bbox 1715 1405 1868 1450; x_wconf 90' lang='lat' dir='ltr'>anima</span> <span class='ocrx_word' id='word_1_202' title='bbox 1902 1405 2076 1450; x_wconf 90' lang='lat' dir='ltr'>Christi</span> 
     </span>
     <span class='ocr_line' id='line_1_19' title="bbox 38 1472 2075 1532; baseline 0.001 -16"><span class='ocrx_word' id='word_1_203' title='bbox 38 1524 40 1528; x_wconf 30' lang='lat'>‚</span> <span class='ocrx_word' id='word_1_204' title='bbox 110 1472 250 1517; x_wconf 80' lang='lat' dir='ltr'>habet</span> <span class='ocrx_word' id='word_1_205' title='bbox 273 1473 458 1532; x_wconf 88' lang='lat' dir='ltr'>quidem</span> <span class='ocrx_word' id='word_1_206' title='bbox 474 1472 800 1532; x_wconf 88' lang='lat' dir='ltr'>speculativam</span> <span class='ocrx_word' id='word_1_207' title='bbox 817 1474 1055 1518; x_wconf 88' lang='lat' dir='ltr'>scientiam</span> <span class='ocrx_word' id='word_1_208' title='bbox 1082 1474 1265 1518; x_wconf 89' lang='lat' dir='ltr'>creandi</span> <span class='ocrx_word' id='word_1_209' title='bbox 1290 1474 1394 1532; x_wconf 89' lang='lat' dir='ltr'>(scit</span> <span class='ocrx_word' id='word_1_210' title='bbox 1412 1473 1534 1518; x_wconf 87' lang='lat' dir='ltr'>enim</span> <span class='ocrx_word' id='word_1_211' title='bbox 1552 1473 1744 1532; x_wconf 88' lang='lat' dir='ltr'>qualiter</span> <span class='ocrx_word' id='word_1_212' title='bbox 1765 1473 1892 1518; x_wconf 88' lang='lat' dir='ltr'>Deus</span> <span class='ocrx_word' id='word_1_213' title='bbox 1915 1474 2075 1531; x_wconf 91' lang='lat' dir='ltr'>creat),</span> 
     </span>
     <span class='ocr_line' id='line_1_20' title="bbox 92 1540 2077 1601; baseline 0 -16.969"><span class='ocrx_word' id='word_1_214' title='bbox 92 1540 192 1585; x_wconf 78' lang='lat' dir='ltr'>&#39;sed</span> <span class='ocrx_word' id='word_1_215' title='bbox 213 1554 307 1585; x_wconf 89' lang='lat' dir='ltr'>non</span> <span class='ocrx_word' id='word_1_216' title='bbox 323 1540 462 1584; x_wconf 91' lang='lat' dir='ltr'>habet</span> <span class='ocrx_word' id='word_1_217' title='bbox 476 1541 611 1600; x_wconf 88' lang='lat' dir='ltr'>hujus</span> <span class='ocrx_word' id='word_1_218' title='bbox 629 1541 695 1585; x_wconf 90' lang='lat' dir='ltr'>rei</span> <span class='ocrx_word' id='word_1_219' title='bbox 719 1541 958 1585; x_wconf 89' lang='lat' dir='ltr'>scientiam</span> <span class='ocrx_word' id='word_1_220' title='bbox 976 1541 1251 1601; x_wconf 84' lang='lat' dir='ltr'>practicam3</span> <span class='ocrx_word' id='word_1_221' title='bbox 1277 1541 1384 1601; x_wconf 89' lang='lat' dir='ltr'>quia</span> <span class='ocrx_word' id='word_1_222' title='bbox 1399 1554 1494 1585; x_wconf 88' lang='lat' dir='ltr'>non</span> <span class='ocrx_word' id='word_1_223' title='bbox 1523 1540 1664 1585; x_wconf 91' lang='lat' dir='ltr'>habet</span> <span class='ocrx_word' id='word_1_224' title='bbox 1690 1540 1928 1585; x_wconf 87' lang='lat' dir='ltr'>scientiam</span> <span class='ocrx_word' id='word_1_225' title='bbox 1957 1554 2077 1585; x_wconf 90' lang='lat' dir='ltr'>crea-</span> 
     </span>
    </p>
   </div>
   <div class='ocr_carea' id='block_1_3' title="bbox 36 1607 504 1656">
    <p class='ocr_par' dir='ltr' id='par_1_4' title="bbox 28 1604 504 1656">
     <span class='ocr_line' id='line_1_21' title="bbox 36 1607 504 1656; baseline 0.002 -1.983"><span class='ocrx_word' id='word_1_226' title='bbox 36 1632 37 1635; x_wconf 61' lang='lat'><em>=</em></span> <span class='ocrx_word' id='word_1_227' title='bbox 111 1609 249 1655; x_wconf 89' lang='lat' dir='ltr'>tionis</span> <span class='ocrx_word' id='word_1_228' title='bbox 274 1607 504 1656; x_wconf 87' lang='lat' dir='ltr'>factivam.</span> 
     </span>
    </p>
   </div>
   <div class='ocr_carea' id='block_1_4' title="bbox 812 1754 2070 1832">
    <p class='ocr_par' dir='ltr' id='par_1_5' title="bbox 812 1754 2070 1832">
     <span class='ocr_line' id='line_1_22' title="bbox 812 1754 2070 1832; baseline 0.003 -19"><span class='ocrx_word' id='word_1_229' title='bbox 812 1754 1246 1816; x_wconf 86' lang='lat' dir='ltr'><strong>ARTICULUS</strong></span> <span class='ocrx_word' id='word_1_230' title='bbox 1279 1756 1352 1812; x_wconf 93' lang='lat'>11.</span> <span class='ocrx_word' id='word_1_231' title='bbox 2015 1770 2070 1832; x_wconf 84' lang='lat'>83</span> 
     </span>
    </p>
   </div>
   <div class='ocr_carea' id='block_1_5' title="bbox 281 1876 1836 1992">
    <p class='ocr_par' dir='ltr' id='par_1_6' title="bbox 281 1876 1836 1992">
     <span class='ocr_line' id='line_1_23' title="bbox 281 1876 1836 1918; baseline -0.002 -1"><span class='ocrx_word' id='word_1_232' title='bbox 281 1890 298 1909; x_wconf 64' lang='lat'>1</span> <span class='ocrx_word' id='word_1_233' title='bbox 343 1877 536 1917; x_wconf 77' lang='lat' dir='ltr'>UTRUM</span> <span class='ocrx_word' id='word_1_234' title='bbox 575 1877 749 1918; x_wconf 79' lang='lat' dir='ltr'>ANIMA</span> <span class='ocrx_word' id='word_1_235' title='bbox 790 1878 1009 1917; x_wconf 86' lang='lat' dir='ltr'>CHRISTI</span> <span class='ocrx_word' id='word_1_236' title='bbox 1049 1877 1327 1916; x_wconf 88' lang='lat' dir='ltr'>HABUERIT</span> <span class='ocrx_word' id='word_1_237' title='bbox 1369 1876 1836 1917; x_wconf 80' lang='lat' dir='ltr'>OMNIPOTENTIAM</span> 
     </span>
     <span class='ocr_line' id='line_1_24' title="bbox 494 1951 1690 1992; baseline -0.002 0"><span class='ocrx_word' id='word_1_238' title='bbox 494 1952 775 1992; x_wconf 88' lang='lat' dir='ltr'>RESPECTU</span> <span class='ocrx_word' id='word_1_239' title='bbox 814 1951 1224 1991; x_wconf 86' lang='lat' dir='ltr'>IMMUTATIONIS</span> <span class='ocrx_word' id='word_1_240' title='bbox 1267 1951 1690 1991; x_wconf 84' lang='lat' dir='ltr'>CREATURARUM.</span> 
     </span>
    </p>
   </div>
   <div class='ocr_carea' id='block_1_6' title="bbox 849 2041 1344 2103">
    <p class='ocr_par' dir='ltr' id='par_1_7' title="bbox 849 2041 1344 2103">
     <span class='ocr_line' id='line_1_25' title="bbox 849 2041 1344 2103; baseline -0.006 -15"><span class='ocrx_word' id='word_1_241' title='bbox 849 2041 903 2103; x_wconf 82' lang='lat'>(3.</span> <span class='ocrx_word' id='word_1_242' title='bbox 925 2042 1038 2087; x_wconf 84' lang='lat' dir='ltr'>Dist.</span> <span class='ocrx_word' id='word_1_243' title='bbox 1065 2053 1129 2099; x_wconf 84' lang='lat'>14.</span> <span class='ocrx_word' id='word_1_244' title='bbox 1157 2046 1238 2086; x_wconf 83' lang='lat' dir='ltr'>art.</span> <span class='ocrx_word' id='word_1_245' title='bbox 1264 2041 1344 2100; x_wconf 91' lang='lat'>4.).</span> 
     </span>
    </p>
   </div>
   <div class='ocr_carea' id='block_1_7' title="bbox 0 2136 2077 3670">
    <p class='ocr_par' dir='ltr' id='par_1_8' title="bbox 23 2136 2077 2535">
     <span class='ocr_line' id='line_1_26' title="bbox 200 2136 2077 2198; baseline -0.001 -15.159"><span class='ocrx_word' id='word_1_246' title='bbox 200 2137 278 2183; x_wconf 82' lang='lat' dir='ltr'>AD</span> <span class='ocrx_word' id='word_1_247' title='bbox 308 2150 570 2183; x_wconf 70' lang='lat' dir='ltr'>SECUNDUM</span> <span class='ocrx_word' id='word_1_248' title='bbox 595 2138 659 2182; x_wconf 92' lang='lat' dir='ltr'>sic</span> <span class='ocrx_word' id='word_1_249' title='bbox 684 2137 959 2196; x_wconf 88' lang='lat' dir='ltr'>proceditur.</span> <span class='ocrx_word' id='word_1_250' title='bbox 985 2137 1190 2193; x_wconf 88' lang='lat' dir='ltr'>Videtur,</span> <span class='ocrx_word' id='word_1_251' title='bbox 1218 2137 1340 2198; x_wconf 92' lang='lat' dir='ltr'>quod</span> <span class='ocrx_word' id='word_1_252' title='bbox 1368 2137 1521 2182; x_wconf 89' lang='lat' dir='ltr'>anima</span> <span class='ocrx_word' id='word_1_253' title='bbox 1548 2137 1720 2181; x_wconf 89' lang='lat' dir='ltr'>Christi</span> <span class='ocrx_word' id='word_1_254' title='bbox 1745 2137 1912 2182; x_wconf 91' lang='lat' dir='ltr'>habeat</span> <span class='ocrx_word' id='word_1_255' title='bbox 1932 2136 2077 2181; x_wconf 91' lang='lat' dir='ltr'>omni-</span> 
     </span>
     <span class='ocr_line' id='line_1_27' title="bbox 34 2204 2072 2265; baseline 0.001 -18"><span class='ocrx_word' id='word_1_256' title='bbox 34 2214 57 2247; x_wconf 83' lang='grc' dir='ltr'><strong><em>--ῖ·</em></strong></span> <span class='ocrx_word' id='word_1_257' title='bbox 110 2205 365 2265; x_wconf 87' lang='lat' dir='ltr'>potentiam</span> <span class='ocrx_word' id='word_1_258' title='bbox 385 2215 592 2264; x_wconf 87' lang='lat' dir='ltr'>respectu</span> <span class='ocrx_word' id='word_1_259' title='bbox 618 2205 952 2250; x_wconf 89' lang='lat' dir='ltr'>immutationis</span> <span class='ocrx_word' id='word_1_260' title='bbox 978 2216 1313 2250; x_wconf 88' lang='lat' dir='ltr'>creaturarum:</span> <span class='ocrx_word' id='word_1_261' title='bbox 1342 2205 1450 2249; x_wconf 92' lang='lat' dir='ltr'>dicit</span> <span class='ocrx_word' id='word_1_262' title='bbox 1475 2204 1597 2248; x_wconf 91' lang='lat' dir='ltr'>enim</span> <span class='ocrx_word' id='word_1_263' title='bbox 1624 2205 1720 2263; x_wconf 89' lang='lat' dir='ltr'>ipse</span> <span class='ocrx_word' id='word_1_264' title='bbox 1746 2205 1920 2263; x_wconf 81' lang='lat' dir='ltr'>(Matth.</span> <span class='ocrx_word' id='word_1_265' title='bbox 1948 2205 2019 2249; x_wconf 83' lang='lat' dir='ltr'>ult.</span> <span class='ocrx_word' id='word_1_266' title='bbox 2018 2204 2072 2262; x_wconf 85' lang='lat'>):</span> 
     </span>
     <span class='ocr_line' id='line_1_28' title="bbox 111 2271 2073 2333; baseline -0.002 -14.155"><span class='ocrx_word' id='word_1_267' title='bbox 111 2274 233 2319; x_wconf 77' lang='lat' dir='ltr'>Data</span> <span class='ocrx_word' id='word_1_268' title='bbox 256 2279 315 2318; x_wconf 77' lang='lat' dir='ltr'>est</span> <span class='ocrx_word' id='word_1_269' title='bbox 342 2273 448 2318; x_wconf 82' lang='lat' dir='ltr'>mihi</span> <span class='ocrx_word' id='word_1_270' title='bbox 479 2274 613 2317; x_wconf 84' lang='lat' dir='ltr'>omnis</span> <span class='ocrx_word' id='word_1_271' title='bbox 630 2279 808 2333; x_wconf 84' lang='lat' dir='ltr'>potestas</span> <span class='ocrx_word' id='word_1_272' title='bbox 833 2275 878 2317; x_wconf 84' lang='lat' dir='ltr'>in</span> <span class='ocrx_word' id='word_1_273' title='bbox 902 2273 1029 2329; x_wconf 77' lang='lat' dir='ltr'>coele,</span> <span class='ocrx_word' id='word_1_274' title='bbox 1061 2280 1100 2319; x_wconf 81' lang='lat' dir='ltr'>et</span> <span class='ocrx_word' id='word_1_275' title='bbox 1123 2275 1169 2317; x_wconf 88' lang='lat' dir='ltr'>in</span> <span class='ocrx_word' id='word_1_276' title='bbox 1202 2279 1343 2318; x_wconf 79' lang='lat' dir='ltr'>terra:</span> <span class='ocrx_word' id='word_1_277' title='bbox 1372 2272 1450 2317; x_wconf 91' lang='lat' dir='ltr'>sed</span> <span class='ocrx_word' id='word_1_278' title='bbox 1475 2273 1665 2316; x_wconf 89' lang='lat' dir='ltr'>nomine</span> <span class='ocrx_word' id='word_1_279' title='bbox 1692 2271 1825 2326; x_wconf 92' lang='lat' dir='ltr'>coeli,</span> <span class='ocrx_word' id='word_1_280' title='bbox 1852 2281 1895 2316; x_wconf 94' lang='lat' dir='ltr'>et</span> <span class='ocrx_word' id='word_1_281' title='bbox 1926 2281 2073 2316; x_wconf 89' lang='lat' dir='ltr'>terrae</span> 
     </span>
     <span class='ocr_line' id='line_1_29' title="bbox 34 2336 2075 2400; baseline -0.001 -15"><span class='ocrx_word' id='word_1_282' title='bbox 34 2336 54 2393; x_wconf 46' lang='lat' dir='ltr'>sp</span> <span class='ocrx_word' id='word_1_283' title='bbox 109 2339 375 2400; x_wconf 77' lang='lat' dir='ltr'>intelligitur</span> <span class='ocrx_word' id='word_1_284' title='bbox 399 2340 550 2384; x_wconf 89' lang='lat' dir='ltr'>omnis</span> <span class='ocrx_word' id='word_1_285' title='bbox 573 2350 803 2395; x_wconf 88' lang='lat' dir='ltr'>creatura;</span> <span class='ocrx_word' id='word_1_286' title='bbox 830 2349 880 2384; x_wconf 90' lang='lat' dir='ltr'>ut</span> <span class='ocrx_word' id='word_1_287' title='bbox 905 2350 1030 2398; x_wconf 90' lang='lat' dir='ltr'>patet</span> <span class='ocrx_word' id='word_1_288' title='bbox 1055 2355 1162 2384; x_wconf 89' lang='lat' dir='ltr'>cum</span> <span class='ocrx_word' id='word_1_289' title='bbox 1180 2341 1342 2384; x_wconf 89' lang='lat' dir='ltr'>dicitur</span> <span class='ocrx_word' id='word_1_290' title='bbox 1369 2340 1486 2385; x_wconf 77' lang='lat' dir='ltr'>Gen.</span> <span class='ocrx_word' id='word_1_291' title='bbox 1519 2353 1580 2384; x_wconf 87' lang='lat'>1.:</span> <span class='ocrx_word' id='word_1_292' title='bbox 1608 2340 1659 2384; x_wconf 89' lang='lat' dir='ltr'>In</span> <span class='ocrx_word' id='word_1_293' title='bbox 1679 2341 1893 2399; x_wconf 83' lang='lat' dir='ltr'>principio</span> <span class='ocrx_word' id='word_1_294' title='bbox 1916 2341 2075 2384; x_wconf 82' lang='lat' dir='ltr'>creavit</span> 
     </span>
     <span class='ocr_line' id='line_1_30' title="bbox 39 2407 2077 2468; baseline -0.001 -15.016"><span class='ocrx_word' id='word_1_295' title='bbox 39 2450 56 2468; x_wconf 31' lang='lat'>(3,</span> <span class='ocrx_word' id='word_1_296' title='bbox 113 2409 227 2453; x_wconf 80' lang='lat' dir='ltr'>Deus</span> <span class='ocrx_word' id='word_1_297' title='bbox 256 2408 428 2463; x_wconf 82' lang='lat' dir='ltr'>coelum,</span> <span class='ocrx_word' id='word_1_298' title='bbox 453 2414 494 2453; x_wconf 81' lang='lat' dir='ltr'>et</span> <span class='ocrx_word' id='word_1_299' title='bbox 513 2414 673 2453; x_wconf 84' lang='lat' dir='ltr'>terram</span> <span class='ocrx_word' id='word_1_300' title='bbox 681 2422 699 2466; x_wconf 86' lang='lat'><em>;</em></span> <span class='ocrx_word' id='word_1_301' title='bbox 727 2422 838 2466; x_wconf 88' lang='lat' dir='ltr'>ergo</span> <span class='ocrx_word' id='word_1_302' title='bbox 869 2408 1061 2463; x_wconf 89' lang='lat' dir='ltr'>videtur,</span> <span class='ocrx_word' id='word_1_303' title='bbox 1088 2408 1211 2467; x_wconf 93' lang='lat' dir='ltr'>quod</span> <span class='ocrx_word' id='word_1_304' title='bbox 1245 2409 1399 2452; x_wconf 88' lang='lat' dir='ltr'>anima</span> <span class='ocrx_word' id='word_1_305' title='bbox 1427 2407 1599 2452; x_wconf 88' lang='lat' dir='ltr'>Christi</span> <span class='ocrx_word' id='word_1_306' title='bbox 1624 2407 1764 2452; x_wconf 89' lang='lat' dir='ltr'>habet</span> <span class='ocrx_word' id='word_1_307' title='bbox 1789 2407 2077 2467; x_wconf 88' lang='lat' dir='ltr'>omnipoten-</span> 
     </span>
     <span class='ocr_line' id='line_1_31' title="bbox 38 2474 1161 2535; baseline -0.001 -15"><span class='ocrx_word' id='word_1_308' title='bbox 38 2481 67 2500; x_wconf 56' lang='lat'>³</span> <span class='ocrx_word' id='word_1_309' title='bbox 110 2474 224 2520; x_wconf 82' lang='lat' dir='ltr'>tiam</span> <span class='ocrx_word' id='word_1_310' title='bbox 245 2483 456 2535; x_wconf 86' lang='lat' dir='ltr'>respectu</span> <span class='ocrx_word' id='word_1_311' title='bbox 480 2475 812 2520; x_wconf 90' lang='lat' dir='ltr'>immutationis</span> <span class='ocrx_word' id='word_1_312' title='bbox 837 2486 1161 2520; x_wconf 89' lang='lat' dir='ltr'>creaturarum.</span> 
     </span>
    </p>

    <p class='ocr_par' dir='ltr' id='par_1_9' title="bbox 0 2542 2076 3139">
     <span class='ocr_line' id='line_1_32' title="bbox 46 2542 2076 2602; baseline 0 -17"><span class='ocrx_word' id='word_1_313' title='bbox 46 2582 61 2602; x_wconf 15' lang='grc' dir='ltr'>,Γ</span> <span class='ocrx_word' id='word_1_314' title='bbox 201 2554 242 2587; x_wconf 90' lang='lat'>2.</span> <span class='ocrx_word' id='word_1_315' title='bbox 268 2543 563 2588; x_wconf 74' lang='lat' dir='ltr'>PRAETEREA.</span> <span class='ocrx_word' id='word_1_316' title='bbox 591 2542 761 2587; x_wconf 90' lang='lat' dir='ltr'>Anima</span> <span class='ocrx_word' id='word_1_317' title='bbox 789 2542 962 2587; x_wconf 89' lang='lat' dir='ltr'>Christi</span> <span class='ocrx_word' id='word_1_318' title='bbox 988 2553 1057 2587; x_wconf 91' lang='lat' dir='ltr'>est</span> <span class='ocrx_word' id='word_1_319' title='bbox 1080 2542 1324 2602; x_wconf 87' lang='lat' dir='ltr'>perfectior</span> <span class='ocrx_word' id='word_1_320' title='bbox 1349 2542 1550 2602; x_wconf 88' lang='lat' dir='ltr'>qualibet</span> <span class='ocrx_word' id='word_1_321' title='bbox 1576 2551 1805 2587; x_wconf 88' lang='lat' dir='ltr'>creatura:</span> <span class='ocrx_word' id='word_1_322' title='bbox 1829 2542 1909 2587; x_wconf 92' lang='lat' dir='ltr'>sed</span> <span class='ocrx_word' id='word_1_323' title='bbox 1942 2555 2076 2601; x_wconf 92' lang='lat' dir='ltr'>quae-</span> 
     </span>
     <span class='ocr_line' id='line_1_33' title="bbox 46 2607 2074 2672; baseline -0 -18"><span class='ocrx_word' id='word_1_324' title='bbox 46 2636 60 2672; x_wconf 61' lang='lat'>{2</span> <span class='ocrx_word' id='word_1_325' title='bbox 87 2607 219 2655; x_wconf 66' lang='lat' dir='ltr'>‘libet</span> <span class='ocrx_word' id='word_1_326' title='bbox 245 2619 450 2654; x_wconf 88' lang='lat' dir='ltr'>creatura</span> <span class='ocrx_word' id='word_1_327' title='bbox 473 2619 624 2668; x_wconf 92' lang='lat' dir='ltr'>potest</span> <span class='ocrx_word' id='word_1_328' title='bbox 650 2612 828 2654; x_wconf 88' lang='lat' dir='ltr'>moveri</span> <span class='ocrx_word' id='word_1_329' title='bbox 855 2611 909 2654; x_wconf 91' lang='lat' dir='ltr'>ab</span> <span class='ocrx_word' id='word_1_330' title='bbox 937 2609 1086 2669; x_wconf 90' lang='lat' dir='ltr'>aliqua</span> <span class='ocrx_word' id='word_1_331' title='bbox 1115 2620 1342 2654; x_wconf 89' lang='lat' dir='ltr'>creatura:</span> <span class='ocrx_word' id='word_1_332' title='bbox 1371 2611 1480 2654; x_wconf 90' lang='lat' dir='ltr'>dicit</span> <span class='ocrx_word' id='word_1_333' title='bbox 1511 2610 1634 2654; x_wconf 90' lang='lat' dir='ltr'>enim</span> <span class='ocrx_word' id='word_1_334' title='bbox 1661 2610 1854 2669; x_wconf 89' lang='lat' dir='ltr'>August.</span> <span class='ocrx_word' id='word_1_335' title='bbox 1881 2610 1927 2653; x_wconf 92' lang='lat' dir='ltr'>in</span> <span class='ocrx_word' id='word_1_336' title='bbox 1954 2623 1991 2668; x_wconf 85' lang='lat'>3.</span> <span class='ocrx_word' id='word_1_337' title='bbox 2018 2609 2074 2653; x_wconf 89' lang='lat' dir='ltr'>de</span> 
     </span>
     <span class='ocr_line' id='line_1_34' title="bbox 77 2674 2076 2737; baseline -0 -16.013"><span class='ocrx_word' id='word_1_338' title='bbox 77 2687 83 2735; x_wconf 65' lang='lat' dir='ltr'>j</span> <span class='ocrx_word' id='word_1_339' title='bbox 113 2674 242 2721; x_wconf 76' lang='lat' dir='ltr'>Trin.</span> <span class='ocrx_word' id='word_1_340' title='bbox 269 2676 380 2737; x_wconf 83' lang='lat' dir='ltr'>(cap.</span> <span class='ocrx_word' id='word_1_341' title='bbox 398 2676 478 2734; x_wconf 88' lang='lat'>4.)‚</span> <span class='ocrx_word' id='word_1_342' title='bbox 511 2678 632 2736; x_wconf 92' lang='lat' dir='ltr'>quod</span> <span class='ocrx_word' id='word_1_343' title='bbox 662 2692 686 2718; x_wconf 74' lang='lat' dir='ltr'>c&lt;</span> <span class='ocrx_word' id='word_1_344' title='bbox 712 2677 829 2721; x_wconf 92' lang='lat' dir='ltr'>sicut</span> <span class='ocrx_word' id='word_1_345' title='bbox 855 2691 1048 2735; x_wconf 89' lang='lat' dir='ltr'>corpora</span> <span class='ocrx_word' id='word_1_346' title='bbox 1075 2678 1312 2731; x_wconf 88' lang='lat' dir='ltr'>crassiora,</span> <span class='ocrx_word' id='word_1_347' title='bbox 1339 2687 1382 2721; x_wconf 92' lang='lat' dir='ltr'>et</span> <span class='ocrx_word' id='word_1_348' title='bbox 1407 2676 1623 2722; x_wconf 88' lang='lat' dir='ltr'>inferiora</span> <span class='ocrx_word' id='word_1_349' title='bbox 1648 2692 1728 2736; x_wconf 92' lang='lat' dir='ltr'>per</span> <span class='ocrx_word' id='word_1_350' title='bbox 1753 2676 2004 2731; x_wconf 87' lang='lat' dir='ltr'>subtiliora,</span> <span class='ocrx_word' id='word_1_351' title='bbox 2031 2686 2076 2720; x_wconf 91' lang='lat' dir='ltr'>et</span> 
     </span>
     <span class='ocr_line' id='line_1_35' title="bbox 113 2743 2074 2804; baseline -0.001 -15.057"><span class='ocrx_word' id='word_1_352' title='bbox 113 2743 370 2804; x_wconf 83' lang='lat' dir='ltr'>potentiora</span> <span class='ocrx_word' id='word_1_353' title='bbox 401 2744 602 2803; x_wconf 90' lang='lat' dir='ltr'>quodam</span> <span class='ocrx_word' id='word_1_354' title='bbox 635 2744 794 2788; x_wconf 90' lang='lat' dir='ltr'>ordine</span> <span class='ocrx_word' id='word_1_355' title='bbox 826 2754 1066 2803; x_wconf 87' lang='lat' dir='ltr'>reguntur:</span> <span class='ocrx_word' id='word_1_356' title='bbox 1093 2745 1156 2789; x_wconf 91' lang='lat' dir='ltr'>ita</span> <span class='ocrx_word' id='word_1_357' title='bbox 1189 2744 1346 2788; x_wconf 87' lang='lat' dir='ltr'>omnia</span> <span class='ocrx_word' id='word_1_358' title='bbox 1378 2758 1572 2804; x_wconf 91' lang='lat' dir='ltr'>corpora</span> <span class='ocrx_word' id='word_1_359' title='bbox 1604 2759 1685 2804; x_wconf 91' lang='lat' dir='ltr'>per</span> <span class='ocrx_word' id='word_1_360' title='bbox 1716 2744 1923 2803; x_wconf 85' lang='lat' dir='ltr'>spiritum</span> <span class='ocrx_word' id='word_1_361' title='bbox 1953 2743 2074 2788; x_wconf 87' lang='lat' dir='ltr'>vitae</span> 
     </span>
     <span class='ocr_line' id='line_1_36' title="bbox 112 2810 2073 2871; baseline -0.001 -14.079"><span class='ocrx_word' id='word_1_362' title='bbox 112 2820 160 2856; x_wconf 65' lang='lat' dir='ltr'>ct</span> <span class='ocrx_word' id='word_1_363' title='bbox 176 2811 362 2871; x_wconf 75' lang='lat' dir='ltr'>¹spiritus</span> <span class='ocrx_word' id='word_1_364' title='bbox 388 2812 509 2855; x_wconf 88' lang='lat' dir='ltr'>vitae</span> <span class='ocrx_word' id='word_1_365' title='bbox 543 2810 816 2855; x_wconf 87' lang='lat' dir='ltr'>irrationalis</span> <span class='ocrx_word' id='word_1_366' title='bbox 842 2825 922 2871; x_wconf 92' lang='lat' dir='ltr'>per</span> <span class='ocrx_word' id='word_1_367' title='bbox 947 2812 1156 2871; x_wconf 89' lang='lat' dir='ltr'>spiritum</span> <span class='ocrx_word' id='word_1_368' title='bbox 1191 2812 1311 2856; x_wconf 90' lang='lat' dir='ltr'>vitae</span> <span class='ocrx_word' id='word_1_369' title='bbox 1347 2811 1635 2865; x_wconf 88' lang='lat' dir='ltr'>rationalem,</span> <span class='ocrx_word' id='word_1_370' title='bbox 1664 2822 1708 2856; x_wconf 93' lang='lat' dir='ltr'>et</span> <span class='ocrx_word' id='word_1_371' title='bbox 1733 2812 1912 2871; x_wconf 91' lang='lat' dir='ltr'>spiritus</span> <span class='ocrx_word' id='word_1_372' title='bbox 1938 2811 2073 2865; x_wconf 88' lang='lat' dir='ltr'>vitae,</span> 
     </span>
     <span class='ocr_line' id='line_1_37' title="bbox 0 2873 2073 2938; baseline -0.001 -16"><span class='ocrx_word' id='word_1_373' title='bbox 0 2913 1 2916; x_wconf 16' lang='grc' dir='ltr'>η</span> <span class='ocrx_word' id='word_1_374' title='bbox 53 2873 75 2932; x_wconf 62' lang='lat' dir='ltr'>›⁷J⁷</span> <span class='ocrx_word' id='word_1_375' title='bbox 113 2877 346 2922; x_wconf 79' lang='lat' dir='ltr'>rationalis</span> <span class='ocrx_word' id='word_1_376' title='bbox 379 2878 595 2931; x_wconf 89' lang='lat' dir='ltr'>desertor,</span> <span class='ocrx_word' id='word_1_377' title='bbox 629 2888 763 2937; x_wconf 91' lang='lat' dir='ltr'>atque</span> <span class='ocrx_word' id='word_1_378' title='bbox 797 2889 1010 2936; x_wconf 87' lang='lat' dir='ltr'>peccator</span> <span class='ocrx_word' id='word_1_379' title='bbox 1040 2893 1121 2938; x_wconf 89' lang='lat' dir='ltr'>per</span> <span class='ocrx_word' id='word_1_380' title='bbox 1156 2880 1364 2937; x_wconf 88' lang='lat' dir='ltr'>spiritum</span> <span class='ocrx_word' id='word_1_381' title='bbox 1394 2879 1513 2923; x_wconf 90' lang='lat' dir='ltr'>vitae</span> <span class='ocrx_word' id='word_1_382' title='bbox 1539 2878 1827 2933; x_wconf 90' lang='lat' dir='ltr'>rationalem,</span> <span class='ocrx_word' id='word_1_383' title='bbox 1854 2879 1996 2938; x_wconf 91' lang='lat' dir='ltr'>pium,</span> <span class='ocrx_word' id='word_1_384' title='bbox 2030 2887 2073 2921; x_wconf 91' lang='lat' dir='ltr'>et</span> 
     </span>
     <span class='ocr_line' id='line_1_38' title="bbox 47 2943 2076 3007; baseline -0.001 -18"><span class='ocrx_word' id='word_1_385' title='bbox 47 2943 72 3007; x_wconf 46' lang='lat'>⁷,</span> <span class='ocrx_word' id='word_1_386' title='bbox 113 2944 282 3003; x_wconf 72' lang='lat' dir='ltr'>justum</span> <span class='ocrx_word' id='word_1_387' title='bbox 306 2959 358 2988; x_wconf 75' lang='grc' dir='ltr'>»ι</span> <span class='ocrx_word' id='word_1_388' title='bbox 386 2945 539 2988; x_wconf 90' lang='lat' dir='ltr'>anima</span> <span class='ocrx_word' id='word_1_389' title='bbox 566 2954 719 2989; x_wconf 90' lang='lat' dir='ltr'>autem</span> <span class='ocrx_word' id='word_1_390' title='bbox 747 2945 920 2989; x_wconf 89' lang='lat' dir='ltr'>Christi</span> <span class='ocrx_word' id='word_1_391' title='bbox 946 2947 1082 2989; x_wconf 90' lang='lat' dir='ltr'>etiam</span> <span class='ocrx_word' id='word_1_392' title='bbox 1105 2946 1228 3004; x_wconf 90' lang='lat' dir='ltr'>ipsos</span> <span class='ocrx_word' id='word_1_393' title='bbox 1251 2960 1490 3004; x_wconf 86' lang='lat' dir='ltr'>supremos</span> <span class='ocrx_word' id='word_1_394' title='bbox 1516 2946 1696 3005; x_wconf 89' lang='lat' dir='ltr'>spiritus</span> <span class='ocrx_word' id='word_1_395' title='bbox 1719 2956 1890 2999; x_wconf 91' lang='lat' dir='ltr'>movet,</span> <span class='ocrx_word' id='word_1_396' title='bbox 1913 2944 2076 2988; x_wconf 90' lang='lat' dir='ltr'>illumi·</span> 
     </span>
     <span class='ocr_line' id='line_1_39' title="bbox 52 3010 2073 3072; baseline -0 -17"><span class='ocrx_word' id='word_1_397' title='bbox 52 3028 55 3029; x_wconf 58' lang='grc'>’</span> <span class='ocrx_word' id='word_1_398' title='bbox 113 3010 266 3056; x_wconf 83' lang='lat' dir='ltr'>nando</span> <span class='ocrx_word' id='word_1_399' title='bbox 292 3024 386 3066; x_wconf 83' lang='lat' dir='ltr'>eos,</span> <span class='ocrx_word' id='word_1_400' title='bbox 411 3022 461 3056; x_wconf 92' lang='lat' dir='ltr'>ut</span> <span class='ocrx_word' id='word_1_401' title='bbox 486 3012 595 3056; x_wconf 88' lang='lat' dir='ltr'>dicit</span> <span class='ocrx_word' id='word_1_402' title='bbox 609 3012 746 3056; x_wconf 88' lang='lat' dir='ltr'>Dion.</span> <span class='ocrx_word' id='word_1_403' title='bbox 761 3025 801 3070; x_wconf 91' lang='lat'>7.</span> <span class='ocrx_word' id='word_1_404' title='bbox 820 3027 916 3072; x_wconf 90' lang='lat' dir='ltr'>cap.</span> <span class='ocrx_word' id='word_1_405' title='bbox 937 3012 1070 3057; x_wconf 88' lang='lat' dir='ltr'>Coel.</span> <span class='ocrx_word' id='word_1_406' title='bbox 1086 3013 1225 3067; x_wconf 89' lang='lat' dir='ltr'>Hier.;</span> <span class='ocrx_word' id='word_1_407' title='bbox 1252 3027 1362 3072; x_wconf 85' lang='lat' dir='ltr'>ergo</span> <span class='ocrx_word' id='word_1_408' title='bbox 1379 3014 1570 3068; x_wconf 88' lang='lat' dir='ltr'>videtur,</span> <span class='ocrx_word' id='word_1_409' title='bbox 1589 3013 1710 3072; x_wconf 94' lang='lat' dir='ltr'>quod</span> <span class='ocrx_word' id='word_1_410' title='bbox 1730 3015 1883 3057; x_wconf 85' lang='lat' dir='ltr'>anima</span> <span class='ocrx_word' id='word_1_411' title='bbox 1901 3010 2073 3057; x_wconf 91' lang='lat' dir='ltr'>Christi</span> 
     </span>
     <span class='ocr_line' id='line_1_40' title="bbox 24 3076 1627 3139; baseline 0.002 -18"><span class='ocrx_word' id='word_1_412' title='bbox 24 3086 59 3134; x_wconf 56' lang='grc' dir='ltr'>ᾗ.</span> <span class='ocrx_word' id='word_1_413' title='bbox 114 3076 279 3123; x_wconf 78' lang='lat' dir='ltr'>habeat</span> <span class='ocrx_word' id='word_1_414' title='bbox 304 3079 688 3137; x_wconf 89' lang='lat' dir='ltr'>omnipotentiam</span> <span class='ocrx_word' id='word_1_415' title='bbox 715 3090 921 3139; x_wconf 89' lang='lat' dir='ltr'>respectu</span> <span class='ocrx_word' id='word_1_416' title='bbox 947 3080 1279 3123; x_wconf 89' lang='lat' dir='ltr'>immutationis</span> <span class='ocrx_word' id='word_1_417' title='bbox 1305 3090 1627 3124; x_wconf 89' lang='lat' dir='ltr'>creaturarum.</span> 
     </span>
    </p>

    <p class='ocr_par' dir='ltr' id='par_1_10' title="bbox 20 3145 2077 3539">
     <span class='ocr_line' id='line_1_41' title="bbox 48 3145 2075 3206; baseline -0.002 -14"><span class='ocrx_word' id='word_1_418' title='bbox 48 3146 59 3192; x_wconf 79' lang='lat'>.⁷</span> <span class='ocrx_word' id='word_1_419' title='bbox 207 3158 244 3204; x_wconf 83' lang='lat'>3.</span> <span class='ocrx_word' id='word_1_420' title='bbox 274 3145 572 3190; x_wconf 76' lang='lat' dir='ltr'>PRAETEREA.</span> <span class='ocrx_word' id='word_1_421' title='bbox 606 3146 776 3190; x_wconf 89' lang='lat' dir='ltr'>Anima</span> <span class='ocrx_word' id='word_1_422' title='bbox 815 3146 987 3190; x_wconf 89' lang='lat' dir='ltr'>Christi</span> <span class='ocrx_word' id='word_1_423' title='bbox 1018 3147 1176 3190; x_wconf 90' lang='lat' dir='ltr'>habuit</span> <span class='ocrx_word' id='word_1_424' title='bbox 1208 3146 1471 3206; x_wconf 91' lang='lat' dir='ltr'>plenissime</span> <span class='ocrx_word' id='word_1_425' title='bbox 1505 3147 1699 3206; x_wconf 88' lang='lat' dir='ltr'>gratiam</span> <span class='ocrx_word' id='word_1_426' title='bbox 1731 3145 2075 3198; x_wconf 89' lang='lat' dir='ltr'>miraculorum,</span> 
     </span>
     <span class='ocr_line' id='line_1_42' title="bbox 114 3211 2076 3272; baseline 0 -16.954"><span class='ocrx_word' id='word_1_427' title='bbox 114 3222 195 3255; x_wconf 76' lang='lat' dir='ltr'>seu</span> <span class='ocrx_word' id='word_1_428' title='bbox 219 3211 451 3266; x_wconf 87' lang='lat' dir='ltr'>virtutum,</span> <span class='ocrx_word' id='word_1_429' title='bbox 468 3213 583 3257; x_wconf 90' lang='lat' dir='ltr'>sicut</span> <span class='ocrx_word' id='word_1_430' title='bbox 600 3223 643 3257; x_wconf 92' lang='lat' dir='ltr'>et</span> <span class='ocrx_word' id='word_1_431' title='bbox 661 3223 861 3258; x_wconf 87' lang='lat' dir='ltr'>caeteras</span> <span class='ocrx_word' id='word_1_432' title='bbox 890 3214 1078 3272; x_wconf 87' lang='lat' dir='ltr'>gratias:</span> <span class='ocrx_word' id='word_1_433' title='bbox 1107 3215 1185 3258; x_wconf 91' lang='lat' dir='ltr'>sed</span> <span class='ocrx_word' id='word_1_434' title='bbox 1213 3215 1363 3258; x_wconf 90' lang='lat' dir='ltr'>omnis</span> <span class='ocrx_word' id='word_1_435' title='bbox 1389 3214 1648 3259; x_wconf 89' lang='lat' dir='ltr'>immutatio</span> <span class='ocrx_word' id='word_1_436' title='bbox 1672 3224 1904 3258; x_wconf 89' lang='lat' dir='ltr'>creaturae</span> <span class='ocrx_word' id='word_1_437' title='bbox 1927 3222 2076 3271; x_wconf 89' lang='lat' dir='ltr'>potest</span> 
     </span>
     <span class='ocr_line' id='line_1_43' title="bbox 115 3277 2075 3340; baseline -0 -17.045"><span class='ocrx_word' id='word_1_438' title='bbox 115 3277 173 3323; x_wconf 80' lang='lat' dir='ltr'>ad</span> <span class='ocrx_word' id='word_1_439' title='bbox 198 3278 391 3337; x_wconf 89' lang='lat' dir='ltr'>gratiam</span> <span class='ocrx_word' id='word_1_440' title='bbox 416 3279 744 3324; x_wconf 85' lang='lat' dir='ltr'>miraculorum</span> <span class='ocrx_word' id='word_1_441' title='bbox 771 3281 1020 3340; x_wconf 83' lang='lat' dir='ltr'>pertinere3</span> <span class='ocrx_word' id='word_1_442' title='bbox 1046 3295 1150 3325; x_wconf 91' lang='lat' dir='ltr'>cum</span> <span class='ocrx_word' id='word_1_443' title='bbox 1174 3281 1310 3325; x_wconf 90' lang='lat' dir='ltr'>etiam</span> <span class='ocrx_word' id='word_1_444' title='bbox 1335 3281 1611 3325; x_wconf 88' lang='lat' dir='ltr'>miraculose</span> <span class='ocrx_word' id='word_1_445' title='bbox 1639 3281 1855 3324; x_wconf 88' lang='lat' dir='ltr'>coelestia</span> <span class='ocrx_word' id='word_1_446' title='bbox 1882 3292 2075 3338; x_wconf 93' lang='lat' dir='ltr'>corpora</span> 
     </span>
     <span class='ocr_line' id='line_1_44' title="bbox 116 3345 2077 3407; baseline -0.002 -14.174"><span class='ocrx_word' id='word_1_447' title='bbox 116 3356 144 3389; x_wconf 81' lang='lat' dir='ltr'>a</span> <span class='ocrx_word' id='word_1_448' title='bbox 167 3358 250 3390; x_wconf 84' lang='lat' dir='ltr'>suo</span> <span class='ocrx_word' id='word_1_449' title='bbox 277 3345 436 3389; x_wconf 88' lang='lat' dir='ltr'>ordine</span> <span class='ocrx_word' id='word_1_450' title='bbox 460 3346 701 3391; x_wconf 89' lang='lat' dir='ltr'>immutata</span> <span class='ocrx_word' id='word_1_451' title='bbox 733 3346 913 3402; x_wconf 89' lang='lat' dir='ltr'>fuerint,</span> <span class='ocrx_word' id='word_1_452' title='bbox 939 3348 1056 3391; x_wconf 91' lang='lat' dir='ltr'>sicut</span> <span class='ocrx_word' id='word_1_453' title='bbox 1080 3348 1331 3406; x_wconf 89' lang='lat' dir='ltr'>Dionysius</span> <span class='ocrx_word' id='word_1_454' title='bbox 1357 3349 1519 3407; x_wconf 91' lang='lat' dir='ltr'>probat</span> <span class='ocrx_word' id='word_1_455' title='bbox 1543 3349 1590 3391; x_wconf 90' lang='lat' dir='ltr'>in</span> <span class='ocrx_word' id='word_1_456' title='bbox 1617 3348 1753 3406; x_wconf 89' lang='lat' dir='ltr'>Epist.</span> <span class='ocrx_word' id='word_1_457' title='bbox 1783 3347 1836 3390; x_wconf 89' lang='lat' dir='ltr'>ad</span> <span class='ocrx_word' id='word_1_458' title='bbox 1864 3345 2077 3404; x_wconf 84' lang='lat' dir='ltr'>Polycar-</span> 
     </span>
     <span class='ocr_line' id='line_1_45' title="bbox 116 3412 2076 3474; baseline 0.001 -18.914"><span class='ocrx_word' id='word_1_459' title='bbox 116 3422 225 3468; x_wconf 87' lang='lat' dir='ltr'>pum</span> <span class='ocrx_word' id='word_1_460' title='bbox 251 3412 379 3470; x_wconf 75' lang='lat' dir='ltr'>(quae</span> <span class='ocrx_word' id='word_1_461' title='bbox 408 3418 463 3457; x_wconf 76' lang='lat' dir='ltr'>est</span> <span class='ocrx_word' id='word_1_462' title='bbox 487 3415 546 3471; x_wconf 90' lang='lat'>7.)</span> <span class='ocrx_word' id='word_1_463' title='bbox 557 3429 573 3465; x_wconf 89' lang='lat'><em>;</em></span> <span class='ocrx_word' id='word_1_464' title='bbox 602 3427 712 3472; x_wconf 86' lang='lat' dir='ltr'>ergo</span> <span class='ocrx_word' id='word_1_465' title='bbox 746 3415 899 3458; x_wconf 88' lang='lat' dir='ltr'>anima</span> <span class='ocrx_word' id='word_1_466' title='bbox 940 3414 1113 3459; x_wconf 89' lang='lat' dir='ltr'>Christi</span> <span class='ocrx_word' id='word_1_467' title='bbox 1145 3415 1303 3459; x_wconf 89' lang='lat' dir='ltr'>habuit</span> <span class='ocrx_word' id='word_1_468' title='bbox 1335 3414 1719 3474; x_wconf 89' lang='lat' dir='ltr'>omnipotentiam</span> <span class='ocrx_word' id='word_1_469' title='bbox 1752 3423 1961 3472; x_wconf 89' lang='lat' dir='ltr'>respectu</span> <span class='ocrx_word' id='word_1_470' title='bbox 1992 3412 2076 3457; x_wconf 88' lang='lat' dir='ltr'>im-</span> 
     </span>
     <span class='ocr_line' id='line_1_46' title="bbox 32 3478 729 3539; baseline 0.001 -16"><span class='ocrx_word' id='word_1_471' title='bbox 32 3488 77 3539; x_wconf 43' lang='grc' dir='ltr'>,ῥ’</span> <span class='ocrx_word' id='word_1_472' title='bbox 118 3478 380 3523; x_wconf 78' lang='lat' dir='ltr'>mutationis</span> <span class='ocrx_word' id='word_1_473' title='bbox 405 3488 729 3524; x_wconf 87' lang='lat' dir='ltr'>creaturarum.</span> 
     </span>
    </p>

    <p class='ocr_par' dir='ltr' id='par_1_11' title="bbox 25 3543 2076 3670">
     <span class='ocr_line' id='line_1_47' title="bbox 208 3544 2076 3605; baseline 0 -14.911"><span class='ocrx_word' id='word_1_474' title='bbox 208 3544 523 3598; x_wconf 63' lang='lat' dir='ltr'>SEDssONTRA</span> <span class='ocrx_word' id='word_1_475' title='bbox 549 3555 629 3600; x_wconf 92' lang='lat' dir='ltr'>est,</span> <span class='ocrx_word' id='word_1_476' title='bbox 667 3547 789 3605; x_wconf 90' lang='lat' dir='ltr'>quod</span> <span class='ocrx_word' id='word_1_477' title='bbox 811 3547 1013 3605; x_wconf 83' lang='lat' dir='ltr'>ejusdem</span> <span class='ocrx_word' id='word_1_478' title='bbox 1037 3558 1105 3593; x_wconf 92' lang='lat' dir='ltr'>est</span> <span class='ocrx_word' id='word_1_479' title='bbox 1125 3558 1429 3592; x_wconf 91' lang='lat' dir='ltr'>transmutare</span> <span class='ocrx_word' id='word_1_480' title='bbox 1462 3557 1704 3601; x_wconf 87' lang='lat' dir='ltr'>creaturas,</span> <span class='ocrx_word' id='word_1_481' title='bbox 1740 3547 1867 3605; x_wconf 89' lang='lat' dir='ltr'>cujus</span> <span class='ocrx_word' id='word_1_482' title='bbox 1900 3556 1968 3591; x_wconf 92' lang='lat' dir='ltr'>est</span> <span class='ocrx_word' id='word_1_483' title='bbox 2001 3561 2076 3592; x_wconf 88' lang='lat' dir='ltr'>res</span> 
     </span>
     <span class='ocr_line' id='line_1_48' title="bbox 26 3611 2076 3670; baseline 0.002 -15"><span class='ocrx_word' id='word_1_484' title='bbox 26 3640 65 3670; x_wconf 61' lang='lat' dir='ltr'>e.</span> <span class='ocrx_word' id='word_1_485' title='bbox 117 3622 412 3656; x_wconf 74' lang='lat' dir='ltr'>conservare:</span> <span class='ocrx_word' id='word_1_486' title='bbox 439 3611 518 3656; x_wconf 90' lang='lat' dir='ltr'>sed</span> <span class='ocrx_word' id='word_1_487' title='bbox 542 3612 633 3656; x_wconf 89' lang='lat' dir='ltr'>hoc</span> <span class='ocrx_word' id='word_1_488' title='bbox 659 3623 727 3657; x_wconf 84' lang='lat' dir='ltr'>est</span> <span class='ocrx_word' id='word_1_489' title='bbox 756 3613 899 3659; x_wconf 85' lang='lat' dir='ltr'>solius</span> <span class='ocrx_word' id='word_1_490' title='bbox 924 3614 1027 3669; x_wconf 92' lang='lat' dir='ltr'>Dei,</span> <span class='ocrx_word' id='word_1_491' title='bbox 1053 3615 1307 3660; x_wconf 87' lang='lat' dir='ltr'>secundum</span> <span class='ocrx_word' id='word_1_492' title='bbox 1338 3614 1450 3658; x_wconf 88' lang='lat' dir='ltr'>illud</span> <span class='ocrx_word' id='word_1_493' title='bbox 1485 3614 1600 3658; x_wconf 89' lang='lat' dir='ltr'>Heb.</span> <span class='ocrx_word' id='word_1_494' title='bbox 1633 3627 1694 3658; x_wconf 88' lang='lat'>1.:</span> <span class='ocrx_word' id='word_1_495' title='bbox 1722 3614 1902 3660; x_wconf 78' lang='lat' dir='ltr'>Portans</span> <span class='ocrx_word' id='word_1_496' title='bbox 1931 3616 2076 3660; x_wconf 87' lang='lat' dir='ltr'>omnia</span> 
     </span>
    </p>
   </div>
   <div class='ocr_carea' id='block_1_8' title="bbox 0 0 97 3639">
    <p class='ocr_par' dir='ltr' id='par_1_12' title="bbox 0 0 97 3639">
     <span class='ocr_line' id='line_1_49' title="bbox 0 0 97 3639; baseline 0 0"><span class='ocrx_word' id='word_1_497' title='bbox 0 0 97 3639; x_wconf 95' lang='lat' dir='ltr'> </span> 
     </span>
    </p>
   </div>
  </div>
 </body>
</html>
