2352 3926
0 457 15 589 g

0 670 9 688 ἱ,

0 685 14 807 ἑ

0 822 5 854 ,ἰ

589 233 865 280 QUAESTIO
903 234 1094 274 xxxm.
1134 234 1442 274 tumemus
1482 234 1518 272 1.
1930 216 2032 287 283

80 333 208 385 nullo
233 334 561 380 interveniente
588 335 743 380 medio
770 335 826 380 ad
851 336 1051 394 primum
1083 338 1268 391 instans,
1293 337 1340 381 in
1372 350 1463 396 quo
1496 335 1578 380 fuit
1610 349 1718 380 caro
1750 334 1923 380 Christi
1953 333 2040 378 for-

81 411 228 450 mata:
255 412 301 447 et
324 402 415 447 hoc
433 403 605 447 instans
627 401 710 448 fuit
734 404 953 447 terminus
974 405 1193 463 temporis
1216 414 1368 448 motus
1390 403 1550 448 localis
1569 402 1785 447 materiae
1808 401 1864 446 ad
1882 401 2038 446 locum

80 469 400 529 generationis.
1181 476 1184 479 ·

168 535 244 581 An
271 549 508 588 QUARTUM
535 536 793 590 dicendum,
820 537 942 596 quod
970 547 1269 596 augmentum
1303 538 1352 581 fit
1382 553 1460 596 per
1492 539 1744 597 potentiam
1777 545 2040 596 augmenta·

78 602 219 649 tivum
243 603 399 663 ipsius,
426 603 550 663 quod
576 614 784 662 augetur:
819 604 896 648 sed
922 603 1138 648 formatio
1167 606 1372 663 corporis
1400 605 1446 649 fit
1470 620 1548 664 per
1575 605 1827 664 potentiam
1855 617 2040 663 genera-

77 669 235 724 tivam,
259 683 355 715 non
380 671 477 728 ejus
504 671 580 729 qui
606 680 861 729 generatur,
887 671 966 715 sed
994 672 1131 729 ipsius
1158 672 1415 729 generantis
1443 686 1496 715 ex
1524 673 1711 726 semine,
1736 673 1784 716 in
1811 685 1902 730 quo
1938 684 2042 730 ope-

77 747 200 782 ratur
224 737 292 782 vis
323 736 565 782 formativa
592 738 646 780 ab
671 738 823 781 anima
849 737 987 796 patris
1014 738 1241 791 derivata;
1269 751 1434 796 corpus
1459 749 1611 781 autem
1639 738 1810 783 Christi
1836 751 1930 782 non
1955 736 2038 781 fuit

77 803 326 849 formatum
358 818 412 848 ex
443 805 616 848 semine
649 805 748 858 viri,
781 805 897 848 sicut
929 819 1063 863 supra
1097 805 1268 848 dictum
1303 815 1370 849 est
1397 806 1457 863 (q.
1481 813 1624 864 praec.
1660 813 1739 850 art.
1767 807 1841 864 1.),
1870 805 1948 849 sed
1983 820 2035 849 ex

78 871 344 931 operatione
371 871 563 930 Spiritus
591 871 775 925 Sancti;
807 882 851 916 et
882 870 988 915 ideo
1019 871 1121 915 talis
1155 871 1309 916 debuit
1342 886 1440 916 esse
1472 872 1704 927 formatio,
1738 883 1786 917 ut
1819 873 2039 931 Spiritum

78 938 300 985 Sanctum
326 938 532 984 deceret:
558 938 636 983 sed
671 948 971 998 augmentum
1003 939 1209 997 corporis
1244 938 1414 983 Christi
1450 938 1535 982 fuit
1570 938 1743 983 factum
1786 939 2039 984 secundum

77 1005 330 1066 potentiam
366 1006 757 1064 augmentativam
794 1006 973 1050 animae
1001 1006 1199 1060 Christi;
1241 1020 1358 1065 quae
1386 1020 1491 1050 cum
1524 1006 1581 1050 sit
1605 1007 1756 1065 specie
1790 1005 2040 1051 conformis

78 1072 259 1122 animae
279 1082 477 1127 nostrae,
504 1073 671 1117 eodem
696 1074 838 1118 modo
866 1073 1020 1118 debuit
1053 1087 1217 1132 corpus
1248 1073 1360 1117 illud
1394 1074 1695 1133 augmentari,
1727 1074 1844 1118 sicut
1875 1084 1920 1118 et
1951 1073 2040 1118 alia
2074 1071 2081 1081 '

75 1134 322 1188 hominum
354 1154 547 1200 corpora
579 1150 946 1200 augmentantur,
977 1150 1026 1185 ut
1057 1155 1111 1185 ex
1142 1141 1233 1186 hoc
1267 1140 1582 1186 ostenderetur
1612 1143 1777 1186 veritas
1809 1141 2040 1186 humanae

75 1216 280 1253 naturae.

794 1370 1227 1430 ARTICULUS
1265 1370 1335 1426 II.
1958 1384 2036 1431 181

419 1506 613 1546 UTRUM
652 1507 863 1546 CORPUS
905 1508 1125 1546 CHRISTI
1165 1507 1364 1545 FUERIT
1405 1505 1702 1546 ANIMATUM

301 1587 366 1628 IN
412 1589 612 1628 PRIMO
649 1561 989 1629 'INSTANTI
1049 1589 1217 1627 SUAE
1271 1587 1815 1628 CONCEPTIONIS.

222 1698 276 1758 (3.
301 1699 415 1744 Dist.
436 1714 473 1758 3.
500 1714 539 1758 q.
566 1714 602 1758 5.
630 1706 712 1745 art.
738 1714 779 1745 2.
802 1700 856 1744 ad
871 1716 907 1760 3.
930 1706 969 1745 et
994 1701 1066 1745 lib.
1091 1714 1134 1758 4.
1165 1701 1313 1746 Contr.
1337 1714 1376 1758 g.
1404 1708 1494 1758 cap.
1519 1713 1593 1756 44.
1620 1705 1656 1743 et
1680 1712 1743 1758 45.
1771 1698 1825 1742 ad
1849 1713 1889 1743 2.

494 1772 532 1810 et
553 1774 684 1825 opusc.
704 1782 744 1812 2.
769 1775 858 1827 cap.
886 1782 974 1826 223.
1001 1774 1038 1811 et
1063 1782 1152 1826 225.
1180 1774 1216 1812 et
1236 1768 1359 1824 Joan.
1387 1782 1427 1812 2.
1455 1767 1542 1811 lect.
1568 1780 1624 1825 15.

851 1841 888 1879 et
905 1843 997 1894 cap.
1019 1850 1059 1880 2.
1078 1836 1165 1879 lect.
1179 1850 1214 1894 3.
1214 1835 1254 1892 ).
1459 1847 1462 1849 ’

169 1944 246 1991 AD
278 1957 540 2000 SECUNDUM
572 1945 635 1990 sic
669 1946 942 2004 proceditur.
976 1946 1180 2004 Videtur,
1215 1946 1338 2005 quod
1376 1960 1539 2005 corpus
1574 1945 1747 1990 Christi
1778 1958 1876 1988 non
1907 1944 2042 1988 fuerit

80 2010 333 2056 animatum
359 2012 406 2056 in
427 2014 576 2071 primo
603 2013 787 2057 instanti
813 2028 920 2057 suae
949 2014 1283 2073 conceptionis:
1313 2013 1422 2057 dicit
1448 2013 1572 2056 enim
1599 2013 1696 2056 Leo
1724 2012 1848 2070 Papa
1874 2012 1920 2055 in
1943 2010 2045 2070 Epi·

80 2077 200 2132 stola
223 2079 279 2123 ad
299 2078 531 2137 Julianum
558 2080 684 2139 (quae
710 2087 767 2125 est
796 2097 854 2126 11.
882 2090 1015 2141 prope
1046 2083 1138 2139 fin.)
1158 2094 1174 2124 .·
1205 2097 1228 2123 «
1250 2080 1358 2125 Non
1386 2080 1569 2124 alterius
1596 2089 1783 2123 naturae
1811 2090 1908 2123 erat
1933 2092 2042 2122 caro

81 2144 267 2201 Christi,
291 2160 429 2205 quam
455 2157 630 2192 nostra:
664 2161 750 2191 nec
785 2147 876 2191 alio
902 2147 982 2202 illi,
1009 2163 1149 2207 quam
1181 2148 1370 2192 caeteris
1399 2147 1679 2200 hominibus,
1707 2147 1861 2190 anima
1888 2156 1956 2190 est
1979 2146 2046 2189 in-

3 2249 18 2254 ,
79 2212 247 2272 spirata
261 2214 484 2274 principio
501 2229 550 2258 »:
578 2215 657 2260 sed
675 2214 775 2260 aliis
787 2215 1052 2260 hominibus
1064 2230 1159 2259 non
1175 2214 1426 2259 infunditur
1439 2215 1594 2258 anima
1616 2215 1662 2257 in
1684 2214 1834 2273 primo
1852 2212 2040 2257 instanti

78 2293 188 2333 suae
210 2282 547 2340 conceptionis;
574 2296 685 2341 ergo
711 2297 797 2327 nec
825 2283 1009 2341 corpori
1035 2282 1207 2327 Christi
1240 2283 1394 2326 anima
1427 2281 1582 2325 debuit
1611 2279 1787 2324 infundi
1811 2280 1858 2324 in
1891 2280 2040 2339 primo

0 2386 6 2411 3
77 2346 263 2393 instanti
288 2362 398 2393 suae
430 2350 758 2408 conceptionis.

0 3833 19 3858 'A

169 2427 212 2460 2.
236 2414 535 2471 Pasa-rrum.
561 2417 746 2472 Anima,
773 2418 890 2461 sicut
916 2416 1145 2476 quaelibet
1175 2416 1325 2461 forma
1356 2415 1591 2470 naturalis,
1618 2415 1805 2474 requirit
1835 2413 2045 2459 determi-

42 2521 46 2525 .
71 2491 235 2526 ‘natam
260 2483 559 2542 quantitatem
580 2483 628 2527 in
654 2498 737 2528 sua
762 2485 975 2528 materia:
1003 2484 1082 2528 sed
1098 2485 1146 2528 in
1168 2484 1318 2543 primo
1340 2483 1526 2527 instanti
1544 2482 1858 2541 conceptionis
1877 2494 2044 2541 corpus

81 2547 254 2594 Christi
284 2564 379 2594 non
408 2550 567 2594 habuit
596 2560 772 2595 tantam
804 2551 1120 2610 quantitatem,
1154 2561 1373 2610 quantam
1405 2550 1576 2594 habent
1613 2563 1806 2607 corpora
1845 2548 2042 2593 aliorum

79 2614 339 2670 hominurn,
356 2616 538 2676 quando
552 2618 822 2662 animantur:
834 2618 1037 2677 alioquin
1055 2618 1093 2663 si
1111 2618 1326 2662 continue
1343 2616 1502 2661 fuisset
1514 2616 1810 2676 postmodum
1829 2629 2045 2674 augmen-

80 2691 241 2737 tatum,
266 2683 332 2728 vel
357 2684 488 2728 citius
504 2683 662 2729 fuisset
677 2695 851 2739 natum,
867 2685 934 2730 vel
954 2685 1000 2729 in
1023 2699 1105 2730 sua
1122 2685 1357 2729 nativitate
1379 2683 1537 2728 fuisset
1559 2683 1747 2741 majoris
1766 2682 2042 2741 quantitatiS,

82 2762 221 2808 quam
247 2749 324 2794 alii
347 2750 564 2796 infantes:
591 2766 788 2810 quorum
807 2754 998 2812 primum
1027 2762 1095 2796 est
1117 2762 1276 2795 contra
1303 2751 1497 2809 August.
1524 2763 1565 2805 4.
1590 2750 1645 2793 de
1665 2749 1828 2793 Trinit.
1848 2750 1964 2809 (cap.
1982 2750 2041 2808 5.)

14 2868 18 2873 ‚
82 2816 160 2861 ubi
184 2817 359 2876 probat,
386 2831 492 2862 eum
519 2819 666 2878 spatio
692 2833 863 2863 novem
890 2821 1119 2864 mensium
1150 2819 1197 2862 in
1229 2829 1359 2862 utero
1393 2818 1593 2876 Virginis
1625 2817 1786 2862 fuisse:
1817 2816 2041 2861 secundum

11 2898 38 2943 ς]
83 2892 236 2927 autem
262 2894 329 2928 est
354 2895 514 2928 contra
539 2885 748 2930 Leonem
773 2886 962 2946 Papam,
990 2886 1067 2945 qui
1092 2886 1138 2929 in
1172 2899 1385 2930 sermone
1418 2884 1700 2942 Epiphaniae
1726 2884 1817 2942 (qui
1842 2889 1895 2927 est
1920 2897 1961 2939 4.
1995 2883 2039 2925 in

81 2948 167 2994 eod.
180 2950 286 3009 sesto
309 2959 401 3011 cap.
424 2967 460 3011 3.
489 2951 541 2996 ad
556 2952 656 3011 fin.)
686 2953 806 3006 dicit,
823 2953 945 3012 quod
964 2953 1088 3011 Magi
1115 2953 1384 2996 invenerunt
1411 2965 1602 3010 puerum
1623 2951 1780 3009 jesum
1805 2950 1894 2993 «in
1912 2948 2041 2992 nullo

83 3015 138 3061 ab
162 3016 394 3062 humanae
420 3017 639 3063 infantiae
651 3019 945 3078 generalitate
965 3019 1234 3064 dissimilem
1252 3035 1301 3074 »3
1328 3033 1423 3063 non
1441 3032 1552 3076 ergo
1571 3032 1736 3076 corpus
1761 3016 1933 3062 Christi
1955 3014 2038 3058 fuit

4 3100 21 3151 ]
83 3082 335 3129 animatum
361 3085 406 3128 in
433 3085 581 3144 primo
615 3086 799 3131 instanti
825 3101 935 3131 suae
970 3086 1298 3146 conceptionis.

173 3165 210 3210 3.
236 3151 534 3197 PRAETEREA.
563 3152 852 3212 Ubicumque
879 3163 947 3198 est
972 3154 1108 3212 prius,
1137 3163 1180 3197 et
1211 3153 1450 3212 posterius,
1484 3162 1665 3210 oportet
1692 3164 1789 3195 esse
1817 3149 1947 3208 plura
1977 3149 2044 3192 in-

80 3219 266 3263 stantia:
294 3218 374 3264 sed
405 3219 658 3264 secundum
686 3220 1023 3280 Philosophum
1047 3221 1094 3264 in
1121 3220 1236 3264 libro
1265 3233 1304 3264 2.
1333 3220 1389 3264 de
1419 3219 1726 3264 Generatione
1753 3216 2039 3261 Animalium

3 3292 33 3347 ξς
82 3283 194 3345 (cap.
212 3300 248 3344 3.
267 3287 343 3331 cir.
354 3287 496 3346 princ.
519 3293 556 3332 et
571 3295 660 3347 cap.
677 3301 721 3344 4.
737 3287 913 3347 adsim),
932 3288 978 3331 in
1002 3288 1295 3346 generatione
1327 3287 1530 3331 hominis
1564 3285 1803 3343 requiritur
1835 3284 1971 3342 prius,
1999 3292 2045 3327 et

82 3352 329 3410 posterius:
356 3352 480 3411 prius
511 3353 634 3397 enirn
662 3364 729 3398 est
759 3354 929 3409 vivum,
963 3363 1006 3399 et
1038 3364 1197 3413 postea
1230 3353 1415 3408 animal,
1449 3363 1492 3397 et
1532 3362 1691 3411 postea
1728 3351 1898 3404 homo;
1932 3363 2042 3408 ergo

15 3418 27 3462 ’ἶ
82 3430 177 3463 non
202 3419 350 3477 potuit
375 3419 594 3464 animatio
622 3420 794 3465 Christi
818 3420 975 3480 perfici
1000 3421 1046 3464 in
1073 3422 1222 3480 primo
1255 3420 1439 3464 instanti
1466 3433 1572 3462 suae
1596 3417 1923 3476 conceptionis.

173 3485 268 3531 SED
284 3499 480 3532 CONTRA
496 3498 578 3544 est,
605 3489 727 3547 quod
753 3489 969 3532 Damasc.
997 3488 1106 3533 dicit
1130 3489 1176 3531 in
1213 3503 1249 3546 3.
1277 3487 1351 3530 lib.
1380 3486 1528 3544 (Orth.
1551 3485 1644 3529 Fid.
1666 3492 1754 3543 cap.
1778 3499 1817 3528 2.
1841 3498 1867 3528 a
1883 3483 2042 3541 med.).·

89 3566 114 3593 α
131 3551 281 3597 Simul
304 3565 427 3609 caro,
453 3554 591 3600 sirnul
614 3555 704 3600 Dei
728 3554 868 3600 Verbi
894 3569 1018 3610 caro,
1044 3552 1180 3600 simul
1207 3568 1315 3598 caro
1339 3553 1538 3597 animata
1565 3551 1717 3596 anima
1745 3550 1971 3606 rationali,
1998 3561 2044 3596 et

86 3617 380 3664 intellectuali
395 3635 438 3664 n.
