2352 3926
293 256 401 311 770
775 252 1050 299 QUAESTIO
1089 251 1316 291 Lxxxm.
1357 250 1667 292 Anrrcuztss
1705 252 1759 292 v.

292 357 669 404 emundationem
695 357 833 400 etiam
859 368 885 398 a
910 354 1113 398 minimis
1138 354 1355 413 peccatis,
1380 354 1635 398 secundum
1660 353 1772 399 illud
1785 354 1920 413 Joan.
1941 368 2030 416 13.2
2050 357 2140 415 Qui
2156 356 2263 402 lotus

292 432 360 480 est,
389 441 471 470 non
496 424 648 482 indiget
672 423 753 466 nisi
777 428 823 465 ut
839 421 960 481 pedes
999 421 1136 466 lavet:
1178 430 1224 465 et
1261 420 1366 465 talis
1406 421 1671 465 emundatio
1701 422 1943 481 requiritur
1968 424 2029 468 ‘ab
2070 425 2262 484 euffzfqui

292 493 468 537 accedit
495 491 549 534 ad
571 491 662 534 hoc
686 498 1049 533 sacramentum:
1067 488 1191 547 quod
1208 488 1347 532 etiarn
1364 487 1646 547 significatur
1667 503 1747 547 per
1769 488 2261 551 confessionem‚‘quae

292 560 341 604 fit
367 569 470 603 ante
496 558 737 601 Introitum
760 557 948 599 missae:
974 565 1018 599 et
1039 555 1130 599 hoc
1153 554 1276 599 idem
1298 554 1584 614 significabat
1613 555 1784 600 ablutio
1805 557 2099 601 sacerdotum
2118 557 2262 602 inne-

290 627 374 670 teri
399 625 517 683 lege,
544 634 593 668 ut
617 623 787 667 ibidem
812 623 1007 682 Dionys.
1035 622 1156 666 dicit.
1183 622 1283 667 Nec
1308 632 1464 666 tamen
1491 621 1698 667 Ecclesia
1722 623 1813 667 hoc
1857 632 2007 668 servat
2044 623 2264 684 tanquam

293 690 628 736 caeremoniale
654 690 819 734 veteris
845 689 960 748 legis
986 698 1296 748 praeceptum,
1319 690 1397 733 sed
1415 689 1544 749 quasi
1562 690 1616 732 ab
1633 689 1841 735 Ecclesia
1857 690 2128 746 institutum,
2148 691 2266 736 sicut

291 759 508 818 quiddam
535 757 787 801 secundum
815 771 862 800 se
882 757 1186 801 conveniens:
1206 767 1250 801 et
1266 757 1370 801 ideo
1389 771 1483 801 non
1501 757 1665 801 eodem
1684 757 1826 801 modo
1844 758 2124 817 observatur,
2146 759 2266 804 sicut

291 838 424 880 tunc;
451 825 820 883 praetermittitur
847 826 969 868 enim
996 825 1164 884 pedum
1191 824 1378 878 ablutio,
1406 835 1450 869 et
1475 834 1679 870 servatur
1696 824 1868 870 ablutio
1886 839 2123 881 manuum,
2142 841 2264 887 quae

292 902 444 952 potest
469 892 568 936 fieri
594 891 741 950 magis
766 891 813 935 in
840 901 1068 951 promptu,
1095 902 1140 936 et
1165 906 1283 951 quae
1323 891 1489 936 sufficit
1529 892 1586 936 ad
1626 892 1975 951 significandam
2015 893 2264 953 perfectam

291 960 662 1004 mundationem:
691 973 798 1002 curn
820 959 940 1002 enim
966 973 1127 1004 manus
1150 961 1207 1004 sit
1232 975 1255 1000 «
1278 973 1504 1018 organum
1527 973 1864 1018 organorum»,
1886 970 1937 1005 ut
1954 960 2120 1006 dicitur
2146 975 2185 1020 3.
2207 961 2264 1006 de

292 1027 464 1071 Anima
492 1026 592 1083 (tex.
615 1026 722 1085 38.),
750 1026 908 1070 omnia
934 1040 1074 1085 opera
1101 1027 1404 1071 attribuuntur
1429 1027 1654 1086 manibus,
1691 1027 1885 1072 undein
1908 1026 2032 1073 Psal.
2056 1040 2127 1088 23.
2154 1027 2264 1074 dici-

289 1104 383 1139 tur:
408 1095 583 1138 Lavabo
605 1095 715 1138 inter
739 1095 974 1138 innocentes
997 1108 1147 1138 manus
1170 1108 1294 1138 meas.
2142 1117 2147 1120 Δ

381 1161 458 1206 AD
486 1174 748 1206 SECUNDUM
774 1161 1018 1204 dicendum
1045 1161 1168 1220 quod
1188 1161 1326 1205 etiam
1348 1160 1687 1206 thurificatione
1708 1175 1803 1206 non
1825 1161 1996 1206 utimur
2015 1162 2146 1222 quasi
2167 1176 2266 1207 cae-

292 1227 535 1273 remoniali
560 1237 804 1287 praecepto
829 1226 958 1286 legis,
980 1228 1059 1272 sed
1086 1228 1202 1272 sicut
1218 1227 1452 1272 Ecclesiae
1470 1238 1664 1283 statuto;
1682 1230 1801 1273 unde
1818 1242 1914 1277 non
1934 1230 2101 1274 eodem
2123 1230 2264 1274 modo

296 1296 479 1350 utimur,
505 1296 621 1340 sicut
646 1295 693 1338 in
720 1295 821 1354 lege
847 1295 989 1339 veteri
1016 1306 1110 1339 erat
1135 1305 1366 1339 statutum.
1395 1295 1596 1340 Pertinet
1623 1305 1775 1341 autem
1803 1296 1859 1340 ad
1881 1295 1990 1341 duo:
2006 1298 2152 1356 prim
2172 1297 2268 1356 qui-

297 1364 401 1408 dem
428 1364 484 1407 ad
510 1362 812 1407 reverentiam
839 1362 972 1422 huius
1001 1363 1289 1417 sacramenti,
1316 1372 1364 1406 ut
1390 1362 1566 1407 scilicet
1590 1377 1672 1421 per
1693 1363 1868 1407 bonum
1893 1363 2088 1408 odorem
2112 1363 2268 1423 depel-

294 1431 425 1486 latur,
453 1432 489 1474 si
516 1430 626 1489 quid
655 1429 953 1489 corporaliter
979 1431 1105 1489 pravi
1131 1430 1285 1474 odoris
1311 1430 1358 1473 in
1384 1429 1491 1474 loco
1517 1423 1664 1484 fuerit,
1689 1431 1810 1489 quod
1835 1440 1991 1489 posset
2014 1443 2268 1490 provocare

295 1499 560 1542 horrorem:
587 1497 762 1542 seeundo
788 1497 982 1555 pertinet
1008 1497 1063 1540 ad
1090 1497 1522 1556 repraesentandum
1549 1496 1763 1542 effectum
1797 1497 1998 1556 gratiae,
2016 1511 2120 1557 qua,
2144 1497 2269 1544 vsicut
2327 1498 2352 1522 Ψ

293 1566 418 1609 bono
446 1565 602 1617 odore,
631 1563 839 1608 Christus
866 1563 1027 1622 plenus
1053 1563 1150 1617 fuit,
1178 1563 1432 1608 secundum
1457 1563 1570 1607 illud
1599 1563 1766 1608 GeneS.
1794 1576 1890 1622 27.:
1931 1564 2040 1609 Ecce
2063 1563 2166 1609 odor
2179 1565 2268 1624 filii

294 1634 391 1687 mei,
416 1634 521 1676 sicut
547 1630 644 1675 odor
674 1632 768 1689 agri
786 1631 900 1690 pleni
910 1646 926 1683 ;
956 1641 1000 1675 et
1017 1645 1041 1674 a
1063 1632 1246 1675 Christo
1266 1631 1495 1675 derivatur
1512 1631 1568 1675 ad
1586 1630 1743 1676 fideles
1761 1629 1916 1676 officio
1935 1631 2266 1684 ministrorum,

294 1700 548 1744 secundum
573 1697 686 1742 illud
713 1711 753 1741 2.
782 1697 891 1742 Cor.
921 1711 960 1741 2.
1034 1698 1218 1743 Odorem
1254 1700 1426 1744 notitiae
1450 1714 1547 1743 suae
1572 1701 1734 1765 spargit
1752 1706 1830 1758 per
1852 1713 1927 1744 nos
1950 1700 1998 1743 in
2022 1699 2150 1756 omni
2160 1698 2267 1753 loco,

295 1777 339 1811 et
359 1767 479 1821 ideo,
502 1766 702 1824 undique
723 1713 987 1810 thurificato:
1009 1765 1152 1821 altari,
1175 1781 1255 1826 per
1277 1766 1400 1826 quod
1424 1755 1634 1811 Christus
1655 1766 1933 1826 designatur,
1952 1754 2269 1845 thurificantur

299 1848 462 1880 omnes
489 1848 570 1893 per
597 1833 820 1878 ordinem.

386 1902 462 1946 AD
496 1914 713 1946 TERTIUM
740 1901 1000 1957 dicendum,
1027 1902 1150 1961 quod
1176 1902 1391 1946 sacerdos
1416 1903 1463 1946 in
1490 1901 1797 1946 celebratione
1821 1901 1990 1947 missae
2014 1901 2153 1947 utitur
2166 1916 2271 1947 cru-

296 1970 608 2028 cesignatione
636 1969 691 2013 ad
719 1970 1064 2028 exprimendam
1091 1971 1353 2029 passionem
1382 1970 1569 2023 Christi,
1597 1984 1712 2029 quae
1739 1970 1796 2014 ad
1823 1982 2008 2014 crucem
2032 1979 2103 2014 est
2118 1969 2270 2015 termi-

297 2047 417 2081 nata.
445 2037 524 2081 Est
549 2046 704 2081 autem
729 2038 880 2095 passio
909 2037 1083 2082 Christi
1107 2038 1377 2096 quibusdam
1400 2037 1528 2096 quasi
1546 2037 1758 2095 gradibus
1775 2045 1971 2096 peracta.
1986 2036 2108 2081 Nam
2123 2038 2268 2097 primo
2343 2076 2352 2097 ᾖ

295 2104 380 2148 fuit
406 2092 577 2148 Christi
603 2103 802 2158 traditi0,
830 2118 945 2163 quae
971 2104 1090 2149 facta
1119 2115 1186 2149 est
1213 2120 1237 2148 a
1263 2106 1383 2159 Deo,
1404 2105 1534 2163 Juda,
1563 2114 1607 2149 et
1637 2104 1843 2162 Judaeis3
1884 2103 2009 2163 quod
2044 2103 2272 2164 significat

295 2172 412 2216 trina
440 2171 773 2229 crucesignatio
800 2186 936 2230 super
962 2171 1040 2216 illa
1066 2173 1228 2217 verba:
1254 2189 1277 2214 (ε
1301 2173 1427 2216 Haec
1450 2172 1586 2226 dona,
1608 2172 1724 2216 haec
1747 2185 1952 2225 munera,
1974 2171 2090 2216 haec
2112 2181 2271 2216 sancta
2343 2199 2352 2226 ,

297 2238 519 2282 sacrificia
544 2238 717 2282 illibata
742 2255 782 2283 ».
810 2239 993 2283 Secundo
1018 2238 1103 2283 fuit
1130 2228 1304 2284 Christi
1328 2239 1552 2284 venditio·
1582 2249 1650 2283 est
1685 2248 1839 2283 autem
1878 2238 2089 2284 venditus
2126 2251 2272 2283 sacer»

299 2306 494 2360 dotibus,
520 2305 692 2359 scribis,
719 2314 762 2349 et
788 2306 1062 2364 pharisaeis;
1091 2306 1146 2350 ad
1173 2307 1296 2365 quod
1323 2305 1673 2365 significandum
1705 2306 1755 2350 fit
1784 2306 1952 2350 iterum
1977 2305 2095 2350 trina
2115 2319 2272 2350 cruce·-

299 2373 498 2432 signatio
524 2387 659 2431 supra
683 2372 761 2416 illa
787 2373 947 2418 verba:
980 2390 1002 2415 «
1030 2374 1341 2428 Benedictam,
1369 2374 1659 2432 adscriptam,
1684 2383 1833 2417 ratam
1857 2387 1912 2418 »ι
1940 2372 2018 2418 vel
2042 2372 2099 2418 ad
2123 2382 2277 2418 osten-⁷
2336 2382 2337 2386 ’

297 2441 499 2485 dendum
515 2440 711 2498 pretium
727 2440 1016 2494 venditionis,
1035 2441 1210 2485 scilicet
1225 2441 1407 2499 triginta
1425 2441 1649 2484 denarios.
1664 2440 1858 2484 Additur
1875 2449 2028 2484 autem
2043 2439 2271 2500 etduplex

298 2522 405 2552 crux
431 2520 564 2566 super
589 2506 668 2550 illa
694 2507 855 2552 verba:
884 2524 908 2548 «
937 2508 1001 2552 Ut
1025 2508 1158 2552 nobis
1186 2523 1363 2567 corpus,
1391 2518 1436 2552 et
1461 2508 1661 2566 sanguis,
1689 2517 1774 2552 etc.
1801 2524 1824 2550 ³>
1856 2508 1913 2551 ad
1938 2507 2269 2567 designandam
2338 2526 2342 2534 ¹>

297 2588 542 2633 personam
561 2574 706 2633 Judae
731 2574 996 2628 venditoris,
1025 2586 1068 2619 et
1096 2575 1269 2620 Christi
1293 2575 1477 2620 venditi.
1513 2576 1654 2620 Tertio
1682 2585 1836 2620 autem
1858 2574 1942 2620 fuit
1962 2575 2273 2634 praesignatum
2340 2584 2343 2588 “

296 2642 520 2702 passionis
548 2640 721 2685 Christi
746 2639 865 2684 facta
882 2641 928 2685 in
953 2656 1121 2686 coena:
1152 2643 1206 2686 ad
1231 2642 1354 2701 quod
1386 2642 1720 2700 designandum
1743 2643 1858 2687 fiunt
1876 2643 2012 2699 tertio
2034 2643 2151 2688 duae
2174 2657 2271 2688 cru-

297 2724 388 2764 ces,
415 2723 503 2752 una
531 2708 576 2751 in
603 2708 950 2752 consecratione
978 2709 1197 2768 corporis,
1225 2709 1314 2752 alia
1335 2710 1382 2752 in
1405 2710 1751 2754 consecratione
1773 2710 2033 2769 sanguinis3
2052 2709 2132 2754 ubi
2151 2718 2271 2755 utro-

295 2777 432 2836 bique
459 2775 641 2819 dicitur:
674 2790 698 2816 ‹<
720 2775 958 2820 Benedixit
979 2793 1020 2821 ³).
1050 2777 1214 2833 Quarto
1243 2787 1395 2820 autem
1422 2776 1505 2820 fuit
1531 2777 1627 2835 ipsa
1654 2777 1807 2835 passio
1846 2777 2031 2832 Christi,
2067 2777 2188 2822 unde
2213 2777 2269 2822 ad
2335 2792 2337 2797 ’

298 2843 729 2905 repraesentandum
757 2843 955 2901 quinque
983 2843 1140 2902 plagas
1169 2844 1341 2888 Christi
1375 2844 1425 2888 fit
1450 2855 1612 2904 quarto
1640 2845 1905 2904 quintuplex
1929 2844 2270 2904 ‹crucesignatio

297 2927 432 2972 super
457 2910 535 2955 illa
561 2910 712 2954 verba:
741 2926 764 2951 «
787 2910 998 2955 Hostiam
1019 2925 1195 2970 puram,
1212 2912 1412 2956 hostiam
1440 2911 1884 2966 sanctam,‘hostiam
1908 2910 2271 2966 immaculatam,

298 2994 464 3039 panem
491 2987 701 3023 sanctum
726 2978 845 3022 vitae
869 2988 1095 3032 aeternae,
1118 2989 1161 3022 et
1185 2978 1379 3023 calicem
1402 2979 1558 3023 salutis
1580 2989 1825 3038 perpetuae
1847 2995 1889 3024 ».
1914 2980 2076 3037 Quinto
2096 2986 2272 3039 reprae-
2329 2982 2331 3038 J

298 3058 500 3093 sentatur
526 3046 730 3091 extensio
759 3047 978 3105 corporis,
1006 3056 1050 3090 et
1072 3045 1232 3091 effusio
1251 3047 1499 3105 sanguinis,
1518 3058 1563 3091 et
1580 3047 1749 3092 fructus
1766 3047 1992 3107 passionis
2008 3059 2089 3106 per
2103 3045 2272 3091 trinam

301 3114 760 3173 crucesignationem,
804 3127 919 3172 quae
957 3113 1007 3158 fit
1032 3127 1167 3172 super
1191 3113 1279 3157 illis
1307 3114 1482 3159 verbis:
1514 3130 1537 3155 «
1566 3115 1762 3173 Corpus,
1788 3124 1833 3159 et
1856 3113 2128 3173 sanguinem
2150 3126 2274 3158 sum*
2327 3114 2335 3151 i

298 3183 537 3260 pserinius,
565 3181 694 3226 omni
718 3180 1052 3247 benedictione,
1080 3191 1166 3226 etc.
1190 3198 1230 3225 ».
1249 3181 1369 3226 Sexto
1394 3191 1756 3240 repraesentatur
1769 3180 1931 3241 triplex
1948 3180 2112 3235 oratio,
2132 3192 2274 3241 qum
2315 3179 2330 3238 ,³

297 3250 439 3295 fecit
428 3264 475 3294 m
518 3263 676 3293 cruce:
704 3262 844 3292 unam
877 3262 959 3307 pro
992 3248 1372 3307 persecutoribus,
1406 3263 1512 3292 cum
1545 3249 1681 3294 dixit:
1713 3249 1854 3303 Pater,
1885 3250 2048 3307 ignosco
2076 3248 2173 3300 illis,
2206 3261 2294 3293 8022>
2316 3264 2326 3294 ,ε

296 3317 492 3362 cundam
530 3331 612 3376 pro
639 3315 908 3360 liberatione
936 3329 961 3359 a
988 3325 1151 3370 morte,
1180 3330 1286 3359 curn
1314 3316 1444 3361 dixit:
1473 3317 1589 3360 Deus
1624 3330 1749 3369 meus,
1774 3316 1905 3361 Deus
1922 3329 2052 3369 mm,
2084 3320 2135 3360 ut
2170 3312 2320 3374 quial
2314 3358 2331 3373 ,Ι

296 3385 548 3444 dereliquisti
573 3385 670 3430 me?
695 3383 829 3427 tertia
855 3383 1048 3442 pertinet
1086 3383 1141 3427 ad
1184 3383 1475 3442 adeptionem
1518 3383 1708 3442 gloriae,
1750 3397 1857 3428 cum
1899 3382 2039 3427 diuite
2057 3381 2271 3436 Paiania
2326 3376 2330 3379 ’

297 3468 445 3497 manus
472 3459 563 3497 tuas
590 3450 826 3496 commendo
851 3452 1048 3510 spiritum
1070 3465 1235 3503 meum;
1266 3460 1310 3494 et
1336 3451 1391 3494 ad
1418 3451 1508 3494 hoc
1536 3451 1886 3510 significandum
1907 3449 1958 3495 fir
1975 3450 2097 3494 trina
2118 3461 2307 3495 cruca-w
2290 3443 2352 3501 iza

296 3519 493 3579 signatio
521 3533 657 3577 super
681 3517 760 3563 illa
782 3518 944 3563 verba:
970 3534 993 3560 «
1019 3516 1302 3572 Sancfflicas,
1325 3517 1543 3573 vivificas,
1566 3518 1811 3572 benedicis,
1834 3527 1920 3562 etc.
1942 3532 1984 3561 n.
2003 3516 2195 3576 &Primo
2199 3528 2295 3561 m
2293 3527 2352 3592 a}

296 3596 641 3647 praesentantur
667 3596 757 3631 tres
783 3585 942 3640 horae,
983 3585 1145 3645 quibus
1181 3585 1430 3644 pependit
1419 3600 1466 3629 m
1493 3600 1642 3640 cruce,
1661 3585 1834 3630 scilicet
1859 3598 1885 3630 a
1910 3593 2039 3629 sexta
2052 3595 2195 3643 usque
2212 3580 2327 3629 &⁹¹

296 3656 461 3701 horam
487 3668 684 3701 nonam·
714 3664 758 3700 et
784 3653 839 3699 ad
866 3654 957 3699 hoc
993 3652 1345 3713 significandum
1371 3653 1421 3698 fit
1445 3653 1609 3698 iterum
1651 3653 1798 3713 prima
1837 3650 2178 3712 crucesignati&
2211 3644 2280 3697 ὦ
