2352 3926
283 224 393 279 734
795 220 1076 267 QUAESTIO
1114 220 1280 260 Lxxx.
1320 193 1630 262 aaz-mutus
1668 219 1723 263 x.

373 339 411 384 3.
452 323 751 368 PRAETEREA.
800 322 918 366 Huic
960 331 1266 377 sacramente,
1306 322 1354 366 in
1401 336 1494 382 quo
1539 332 1662 368 totus
1704 323 1916 371 Christus
1953 324 2244 383 cundum,

281 391 482 435 maxima
507 389 760 434 reverentia
793 389 1003 434 debetur:
1030 389 1086 433 ad
1111 389 1416 434 reverentiam
1443 399 1596 435 autem
1618 390 1829 450 pertinet,
1846 389 1969 452 quod
2001 393 2243 454 aliquisab
2304 380 2308 393 ⁸

280 458 372 502 hoc
396 467 688 502 sacramento
732 455 967 510 abstineat,
995 455 1115 500 unde
1143 465 1189 501 et
1222 454 1433 500 laudatur
1458 456 1697 512 Centurio,
1726 459 1808 518 qui
1832 459 1957 514 dixit,
1981 456 2244 513 Mambrae:

280 526 480 579 Domine,
499 539 582 568 non
597 538 688 567 sum
713 522 880 581 dignus,
898 529 946 568 ut
970 524 1097 568 intres
1111 524 1185 568 sub
1212 529 1360 569 tectum
1378 538 1544 569 meum:
1562 534 1606 570 et
1630 525 1804 580 Petrus,
1820 526 1900 586 qui
1914 526 2040 582 dixit,
2060 517 2173 574 Luxu.
2183 538 2244 588 15..

280 594 366 637 Exi
387 607 413 637 a
438 607 518 645 me,
544 593 738 643 Domine,
771 593 872 650 quia
901 591 1022 635 homo
1049 597 1246 651 peccator
1268 605 1340 650 ego
1370 606 1489 645 sum;
1509 605 1621 650 ergo
1646 606 1743 636 non
1764 602 1833 639 est
1855 591 2098 650 laudabile,
2118 594 2246 683 quod

279 659 423 703 homo
451 658 653 717 quotidie
679 658 770 702 hoc
797 667 1135 702 sacramentum
1163 658 1392 717 suscipiat

364 738 408 781 4.
435 726 734 770 PRAETEREA.
763 724 813 768 Si
839 735 959 769 esset
983 725 1212 770 laudabile
1237 724 1500 785 frequenter
1530 725 1623 769 hoc
1656 736 1997 790 sacramentum
2024 727 2248 788 accipere,

281 803 452 868 quanto
489 792 768 851 frequentius
802 803 1071 847 sumeretur,
1097 802 1224 837 tanto
1252 802 1370 837 esset
1400 792 1696 838 laudabilius:
1733 793 1812 838 sed
1848 795 1999 854 major
2016 804 2143 840 esset
2164 793 2251 840 ste«
2324 776 2340 850 f

280 860 479 919 quentia,
506 861 543 904 si
569 860 715 904 homo
742 858 910 919 pluries
945 859 993 904 in
1019 859 1093 904 die
1119 871 1321 904 sumeret
1349 860 1441 904 hoc
1463 869 1836 916 sacramentum;
1867 873 1979 921 ergo
2005 873 2128 908 esset
2150 861 2248 907 lau-

280 925 443 980 dabile,
478 927 604 985 quod
635 926 781 970 homo
814 925 984 986 pluries
1023 926 1071 970 in
1095 926 1175 970 die
1209 926 1606 971 communicaret:
1641 926 1764 986 quod
1796 936 1952 972 tamen
1981 941 2078 974 non
2106 928 2250 975 habet
2322 947 2350 984 ,ς

281 992 512 1037 Ecclesiae
546 993 856 1049 consuetudo;
873 1007 968 1037 non
993 1007 1105 1053 ergo
1130 993 1309 1038 videtur
1331 1007 1432 1038 esse
1457 993 1700 1049 laudabile,
1719 994 1842 1054 quod
1859 994 2023 1055 aliquis
2042 995 2248 1056 quotidie
2323 991 2330 1008 ³

280 1060 372 1104 hoc
399 1070 738 1105 sacramentum
765 1060 972 1120 accipiat.

374 1140 411 1186 5.
444 1127 743 1173 PRAETEREA.
770 1127 977 1173 Ecclesia
1003 1127 1197 1172 intendit
1221 1127 1313 1172 suis
1335 1127 1513 1172 statutis
1538 1127 1744 1172 fidelium
1770 1127 1956 1174 utilitati
1979 1129 2246 1190 providete:

280 1194 361 1239 sed
379 1209 434 1240 ex
460 1204 628 1240 statuto
655 1195 888 1239 Ecclesiae
914 1194 1071 1239 fideles
1094 1203 1304 1239 tenentur
1324 1194 1476 1239 solum
1494 1194 1646 1240 <semel
1667 1196 2013 1242 communicare
2036 1198 2084 1242 in
2100 1210 2246 1254 ann03
2322 1183 2325 1186 Δ

280 1262 400 1307 unde
424 1262 591 1307 dicitur
615 1272 754 1316 extra,
771 1263 842 1306 De
859 1262 1037 1306 Poenit.
1054 1272 1100 1306 et
1116 1261 1312 1306 Remiss.
1341 1261 1454 1322 (cap.
1479 1261 1596 1320 12.).·
1618 1278 1642 1303 α
1661 1262 1830 1308 Omnis
1852 1263 2247 1324 utriusque'sexus
2324 1247 2326 1249 Ι

280 1328 427 1373 fidelis
453 1329 668 1389 suscipiat
700 1339 973 1384 reverenter,
1002 1329 1057 1373 ad
1079 1329 1230 1372 minus
1251 1329 1298 1372 in
1324 1328 1518 1383 Pascha,
1541 1328 1854 1374 Eucharistiae
1881 1341 2245 1378 sacramentum:

281 1396 369 1440 nisi
393 1395 510 1441 forte
537 1396 592 1441 de
619 1397 791 1456 proprii
817 1395 1066 1440 sacerdotis
1094 1395 1288 1440 consilio
1322 1396 1380 1439 ob
1409 1395 1610 1455 aliquam
1635 1395 1957 1441 rationabilem
1977 1410 2166 1443 causam
2191 1398 2249 1443 ad
2324 1415 2331 1442 5

278 1474 460 1523 tempus
487 1464 541 1507 ab
571 1464 665 1522 ejus
692 1464 985 1523 perceptione
1018 1463 1194 1507 duxerit
1225 1463 1544 1508 abstinendum
1576 1478 1625 1518 »ς
1657 1477 1752 1508 non
1778 1477 1890 1523 ergo
1917 1472 1984 1509 est
2007 1462 2250 1522 laudabile,
2324 1492 2328 1502 ÷

283 1531 405 1591 quod
438 1531 641 1590 quotidie
662 1531 754 1575 hoc
781 1540 1121 1575 sacramentum
1144 1540 1362 1575 sumatur.
2327 1566 2329 1569 .

372 1599 468 1644 SED
501 1612 697 1645 CONTRA
724 1609 805 1654 est,
832 1600 956 1659 quod
982 1600 1176 1658 August.
1195 1599 1303 1642 dicit
1328 1600 1376 1643 in
1402 1598 1478 1643 lib.
1503 1599 1559 1643 de
1584 1599 1748 1644 Verbis
1779 1599 1975 1644 Domini
1991 1599 2144 1658 (serm.
2176 1600 2246 1647 28.
2305 1623 2307 1625 ·

282 1682 360 1712 ΜΤ·
402 1667 563 1723 med-³)
605 1683 628 1709 c<
653 1667 743 1711 Iste
788 1667 918 1726 panis
958 1667 1250 1726 quotidianus
1283 1676 1372 1712 est:
1407 1666 1564 1726 accipe
1595 1666 1813 1726 quotidie,
1851 1677 1903 1712 ut
1927 1667 2138 1727 quotidie
2168 1667 2250 1713 tibi

284 1734 428 1794 prosit
451 1751 493 1779 ».
2099 1767 2101 1769 ,

370 1803 660 1847 RESPONDEO
704 1801 964 1856 dicendum,
991 1801 1114 1861 quod
1147 1802 1269 1845 circa
1306 1815 1440 1845 usum
1481 1801 1616 1860 hujus
1643 1801 1920 1846 sacramenti
1949 1801 2031 1847 duo
2052 1811 2250 1863 possunt

250 1902 253 1905 -
282 1869 581 1914 considerari.
608 1884 738 1913 unum
765 1868 949 1928 quidem
977 1882 1031 1912 ex
1055 1878 1181 1927 parte
1207 1869 1348 1928 ipsius
1374 1868 1664 1922 sacramenti,
1697 1868 1825 1926 cujus
1848 1867 1990 1913 virttis
2009 1877 2077 1914 est
2094 1867 2248 1915 homi-
2338 1874 2340 1882 '

281 1936 412 1980 nibus
438 1936 662 1990 salutaris,
673 1945 718 1980 et
733 1935 838 1980 ideo
866 1935 975 1980 utile
998 1944 1064 1980 est
1089 1936 1292 1995 quotidie
1319 1936 1470 1995 ipsum
1482 1949 1663 1979 sumere
1690 1944 1738 1979 ut
1762 1935 1907 1980 homo
1924 1934 2247 1995 quotidieejus

278 2002 478 2048 fructum
505 2004 748 2063 percipiat3
766 2003 886 2047 unde
904 2003 1120 2048 Ambros.
1135 2004 1245 2048 dicit
1261 2004 1307 2048 in
1329 2003 1406 2048 lib.
1421 2016 1463 2058 4.
1478 2003 1534 2047 de
1546 2001 1856 2047 Sacramentis
1869 2002 1979 2062 (cap.
1996 2003 2038 2048 6.
2056 2016 2084 2048 a
2098 2002 2246 2061 meda)

284 2086 307 2112 «
336 2071 386 2115 Si
412 2071 791 2130 quotiescumque
833 2069 1077 2115 effunditur
1109 2071 1294 2130 sanguis
1322 2070 1508 2124 Christi,
1532 2072 1577 2113 in
1605 2070 1927 2114 remissionem
1952 2080 2247 2129 peccatorum

280 2137 538 2193 effunditur,
551 2138 696 2183 debeo
724 2152 906 2197 semper
933 2138 1156 2196 accipere,
1185 2140 1262 2197 qui
1287 2152 1472 2197 semper
1503 2151 1663 2196 pecc0,
1695 2136 1840 2181 debeo
1873 2149 2056 2197 semper
2077 2136 2249 2181 habere

279 2206 559 2250 medicinam
583 2222 632 2250 »z
660 2206 742 2250 alio
770 2205 890 2249 modo
917 2215 1069 2264 potest
1095 2204 1376 2250 considerari
1407 2218 1463 2248 ex
1488 2214 1615 2263 parte
1642 2204 1879 2258 sumentis,
1907 2203 1957 2248 in
1983 2217 2075 2264 quo
2101 2203 2248 2263 requi-

277 2273 402 2327 ritur,
428 2283 478 2317 ut
504 2288 610 2317 cum
636 2287 806 2332 magna
833 2273 1094 2327 devotione,
1118 2283 1162 2317 et
1187 2272 1442 2317 reverentia
1469 2271 1526 2315 ad
1551 2271 1643 2315 hoc
1671 2280 2009 2316 sacramentum
2035 2270 2248 2326 amadan

278 2350 323 2384 et
347 2340 452 2384 ideo
486 2341 523 2384 si
550 2339 710 2399 aliquis
749 2354 798 2384 se
826 2339 1028 2398 quotidie
1056 2340 1112 2383 ad
1144 2340 1235 2384 hoc
1269 2350 1478 2398 paratum
1509 2338 1726 2392 inveniat,
1756 2337 1984 2383 laudabsse
2024 2348 2100 2382 est
2122 2337 2247 2398 quod

279 2407 483 2466 quotidie
518 2417 692 2451 sumat:
720 2407 839 2450 unde
866 2406 1059 2465 August.
1088 2421 1194 2451 cum
1221 2407 1432 2451 dixisset:
1463 2422 1486 2447 c<
1520 2405 1694 2464 Accipe
1726 2404 1944 2464 quotidie,
1968 2413 2020 2449 ut
2040 2404 2248 2464 quotidie

277 2475 359 2519 tibi
385 2475 528 2534 prosit
553 2491 576 2516 »
602 2475 856 2533 subjungit:
889 2474 1007 2518 «Sic
1033 2475 1150 2532 vive,
1183 2484 1232 2518 ut
1254 2474 1455 2533 quotidie
1482 2473 1698 2517 merearis
1717 2473 1924 2532 accipere
1948 2489 1991 2517 ».
2021 2470 2116 2518 Sed
2141 2473 2247 2533 quia

281 2541 516 2586 multoties
547 2542 594 2585 in
621 2541 823 2600 pluribus
850 2541 1095 2584 hominum
1136 2541 1279 2586 multa
1306 2540 1636 2600 impedimenta
1662 2540 1796 2598 hujus
1818 2539 2074 2584 devotionis
2092 2553 2249 2584 occur-

277 2619 383 2654 runt
406 2619 591 2669 propter
613 2609 817 2668 corporis
844 2608 1257 2667 indispositionem,
1273 2607 1348 2652 vel
1370 2607 1565 2661 animae,
1591 2621 1686 2651 non
1704 2617 1772 2651 est
1796 2606 1906 2651 utile
1928 2607 2140 2652 omnibus
2166 2606 2246 2652 ho-

279 2677 478 2735 minibus
512 2675 715 2736 quotidie
758 2675 814 2719 ad
839 2676 929 2719 hoc
963 2686 1302 2719 sacramentum
1329 2675 1562 2729 accedere,
1596 2675 1675 2719 sed
1707 2674 2087 2735 quotiescumque
2112 2689 2162 2720 se
2188 2675 2244 2720 ad

278 2744 390 2789 illud
413 2744 559 2788 homo
585 2743 810 2787 invenerit
834 2752 1181 2802 praeparatum:
1210 2743 1329 2786 unde
1354 2742 1401 2786 in
1421 2741 1495 2785 lib.
1530 2742 1585 2785 de
1603 2741 1776 2786 Eccles.
1802 2741 2165 2803 Dogmat.r(cap.
2184 2756 2243 2803 53.

277 2814 387 2858 inter
419 2820 485 2871 op.
509 2811 639 2870 Aug.)
669 2810 853 2855 dicitur:
890 2826 914 2851 «
935 2809 1154 2862 Quotidie
1176 2809 1487 2854 Eucharistiae
1511 2809 1891 2854 communionem
1912 2808 2134 2869 accipere,
2157 2823 2243 2855 nec

279 2879 433 2933 laudo,
459 2893 544 2923 nec
568 2881 776 2938 vitupero
810 2894 850 2921 2).
2322 2919 2326 2923 ,

368 2949 445 2992 AD
463 2956 652 2992 PRIMUM
679 2959 789 3004 ergo
816 2943 1074 2999 dicendum,
1099 2944 1220 3003 quod
1242 2959 1323 3003 per
1340 2954 1680 2988 sacramentum
1705 2943 1919 3004 baptismi
1936 2942 2245 3004 configuratur

277 3015 422 3060 homo
450 3015 588 3058 morti
605 3013 792 3067 Christi,
804 3013 851 3056 in
877 3026 924 3057 se
951 3012 1200 3071 suscipiens
1219 3013 1314 3070 ejas
1342 3013 1680 3067 characterem3
1699 3021 1744 3057 et
1768 3010 1874 3057 ideo
1900 3011 2017 3056 sicut
2033 3010 2244 3057 Christus
2317 3014 2324 3044 ἴ

277 3081 423 3127 semel
445 3091 651 3126 mortuus
670 3090 751 3135 est,
775 3080 836 3124 ita
862 3079 1014 3124 solum
1042 3079 1186 3123 semel
1203 3079 1336 3123 debet
1356 3079 1501 3123 homo
1519 3079 1759 3139 baptizari:
1784 3079 1863 3124 sed
1887 3092 1967 3139 per
1981 3078 2075 3124 hoc
2100 3092 2246 3126 sacra-

279 3159 485 3193 mentum
512 3163 606 3192 non
633 3147 794 3206 recipit
815 3147 960 3191 homo
984 3146 1162 3191 Christi
1189 3146 1516 3200 characterem,
1549 3147 1628 3191 sed
1652 3147 1814 3207 ipsum¹
1837 3144 2090 3210 Christum,
2117 3147 2244 3206 cujus

277 3217 418 3261 virtus
446 3226 602 3260 manet
626 3216 673 3259 in
706 3225 964 3269 aeternum;
985 3214 1102 3258 unde
1127 3213 1263 3257 Hebr.
1294 3227 1359 3259 10.
1379 3214 1567 3258 dicitur:
1596 3215 1689 3259 Una
1711 3214 1916 3259 chlodione
1938 3215 2244 3260 consummavit

275 3286 318 3327 in
339 3285 631 3343 sempiternum
642 3283 941 3341 sanctificatos:
961 3291 1005 3326 et
1020 3281 1123 3325 ideo
1142 3283 1246 3340 quia
1264 3281 1466 3340 quotidie
1482 3282 1626 3326 homo
1644 3281 1818 3339 indiget
1828 3278 2058 3326 salutifera
2071 3279 2244 3327 Christi
2308 3315 2333 3340 a

276 3351 454 3405 virtute,
478 3350 680 3409 quotidie
699 3358 850 3409 potest
871 3348 1156 3393 laudabiliter
1174 3348 1263 3392 hoc
1290 3359 1630 3393 sacramentum
1649 3349 1904 3408 suscipere:
1927 3358 1973 3393 et
1992 3348 2099 3408 quia
2119 3362 2244 3408 prae·

277 3419 408 3477 cipue
435 3418 686 3494 baptismus
715 3428 783 3462 est
804 3415 1046 3476 spiritualis
1068 3416 1369 3474 regeneratio,
1396 3416 1499 3460 ideo
1526 3417 1644 3460 sicut
1661 3416 1805 3460 homo
1832 3412 1976 3460 semel
2002 3414 2244 3460 carnaliter

277 3485 490 3538 nascitur,
507 3485 568 3529 ita
595 3485 729 3529 debet
754 3483 897 3528 semel
924 3481 1215 3542 spiritualiter
1242 3483 1418 3526 renasci
1440 3497 1518 3542 per
1543 3483 1837 3541 baptismum,
1859 3491 1909 3527 ut
1922 3481 2117 3541 August.
2133 3481 2243 3528 dicit

279 3566 413 3610 super
439 3551 550 3596 illud
571 3552 703 3609 Joan.
735 3564 800 3610 3.:
837 3549 1060 3607 Quomodo
1078 3555 1210 3609 potest
1240 3549 1359 3593 homo
1392 3551 1520 3603 nasci,
1550 3565 1644 3595 cum
1669 3551 1725 3595 sit
1747 3550 1902 3595 senex?
1935 3548 2077 3606 (traci.
2112 3561 2175 3595 ιι.
2193 3564 2243 3594 m

272 3620 396 3676 Joan.
423 3619 627 3678 aliquant.
665 3624 760 3664 ante
797 3617 940 3676 med).
969 3616 1059 3662 Sed
1085 3615 1176 3662 hoc
1202 3627 1542 3662 sacramentum
1569 3626 1638 3662 est
1662 3616 1789 3662 cibus
1818 3614 2080 3677 spiritualis,
2119 3614 2240 3662 unde
