2352 3926
299 245 399 315 148
839 257 1122 303 QUAESTIO
1164 257 1254 296 XV.
1296 257 1605 296 ARTICULUS
1631 258 1702 297 011.

379 361 456 405 AD
482 373 670 405 PRIMUM
687 372 797 418 ergo
817 357 1077 413 dicendum,
1097 358 1219 418 quod
1235 358 1472 405 inferiores
1487 361 1605 404 vires
1622 361 1897 420 pertinentes
1913 361 1970 406 ad
1995 360 2258 407 sensibilem

291 428 540 487 appetitum
565 426 829 471 naturaliter
855 435 960 470 sunt
975 426 1222 471 obedibiles
1249 427 1437 472 rationi:
1461 442 1556 472 non
1574 438 1725 472 autem
1742 428 1860 473 vires
1887 428 2163 488 corporales,
2182 428 2259 475 vel

291 496 429 539 etiam
445 495 694 538 humorum
713 493 1037 551 corporalium,
1048 493 1124 538 vel
1139 494 1278 554 ipsius
1299 494 1478 539 animae
1494 495 1774 554 vegetabilis,
1784 504 1831 540 ut
1847 505 1972 554 patet
1986 496 2034 540 in
2055 509 2092 540 1.
2108 495 2258 541 Ethic.

291 562 403 621 (cap.
430 563 523 619 ult.)
538 577 553 614 ‚·
584 572 626 605 et
643 561 746 604 ideo
765 559 983 619 perfectio
1006 561 1197 616 virtutis,
1224 576 1339 621 quae
1363 571 1430 606 est
1447 562 1698 606 secundum
1715 563 1941 607 rationem
1958 573 2258 618 rectam,·non

292 628 489 673 excludit
514 627 857 688 passibilitatem
876 628 1102 687 corporis3
1130 628 1327 673 excludit
1344 639 1497 674 autern
1518 628 1751 674 formitem
1768 630 1969 689 peccati;
1991 631 2121 690 cujus
2139 632 2257 676 ratio

293 697 496 740 consistit
520 696 567 739 in
586 695 846 739 resistentia
872 695 1093 739 sensualis
1120 698 1343 755 appetitus
1371 696 1426 740 ad
1453 696 1690 740 rationem.

379 763 454 806 AD
478 775 738 807 SECUNDUM
772 762 1030 816 dicendum,
1057 762 1179 821 quod
1207 777 1314 807 caro
1341 762 1605 807 naturaliter
1633 763 1916 822 concupiscit
1945 763 2007 818 id,
2040 763 2164 823 quod
2189 773 2258 809 est

290 830 374 874 sibi
406 828 674 874 delectabile
702 830 1072 889 concupiscentia
1100 830 1323 889 appetitus
1350 830 1573 874 sensitivi:
1602 831 1680 874 sed
1707 845 1814 874 caro
1840 830 2056 884 hominis,
2089 831 2166 890 qui
2192 841 2260 894 est

292 897 459 941 animal
487 896 723 950 rationale,
745 897 835 940 hoc
864 897 1147 956 concupiscit
1171 897 1423 941 secundum
1443 898 1649 951 modum,
1677 908 1721 941 et
1743 898 1952 942 ordinem
1975 898 2187 953 rationis;
2215 908 2260 943 et

291 964 380 1008 hoc
399 965 540 1008 modo
560 978 666 1008 caro
687 964 860 1008 Christi
878 964 1249 1023 concupiscentia
1268 963 1490 1024 appetitus
1516 965 1717 1009 sensitivi
1739 964 2003 1009 naturaliter
2020 965 2260 1024 appetebat

292 1046 461 1085 escam,
489 1041 533 1075 et
559 1045 733 1090 potum,
758 1042 800 1075 et
822 1045 1053 1085 somnum,
1082 1041 1126 1075 et
1148 1031 1250 1085 alia,
1274 1046 1390 1090 quae
1413 1032 1664 1076 secundum
1691 1042 1862 1076 rectam
1880 1033 2106 1076 rationem
2129 1046 2260 1092 appe-

289 1108 458 1151 tuntur,
484 1109 533 1142 ut
558 1108 681 1157 patet
707 1113 784 1156 per
815 1099 1031 1142 Damasc.
1059 1098 1105 1142 in
1141 1113 1176 1157 3.
1211 1098 1286 1142 lib.
1317 1098 1459 1155 (Orth.
1493 1098 1588 1142 Fid.
1623 1107 1714 1158 cap.
1748 1099 1868 1157 14.),·
1896 1113 1950 1143 ex
1980 1099 2071 1144 hoc
2105 1109 2258 1144 autem

289 1179 385 1210 non
411 1166 766 1225 sequitur,.quod
782 1166 829 1209 in
848 1165 1034 1210 Christo
1052 1164 1185 1209 fuerit
1209 1165 1357 1209 fomes
1383 1166 1574 1224 peccati,
1592 1166 1668 1224 qui
1694 1166 1911 1225 importat
1936 1164 2259 1225 concupiscen-

289 1233 401 1277 tiam
428 1233 766 1277 delectabilium
791 1243 968 1292 praeter
994 1233 1202 1276 ordinem
1230 1233 1430 1276 rationis.
2292 1284 2295 1286 ,

380 1301 456 1346 AD
475 1314 691 1346 TERTmM
710 1301 968 1355 dicendum,
987 1301 1108 1359 quod
1134 1300 1351 1344 fortitudo
1379 1301 1559 1359 spiritus
1583 1300 1791 1359 aliqualis
1810 1300 2063 1348 ostenditur
2082 1314 2137 1345 ex
2151 1300 2259 1355 hoc,

292 1369 414 1428 quod
446 1368 612 1412 resistit
643 1368 1040 1428 concupiscentiae
1084 1367 1230 1412 carnis
1263 1367 1347 1411 sibi
1380 1367 1719 1411 contrariantis:
1754 1367 1833 1412 sed
1865 1368 2014 1426 major
2042 1366 2259 1413 fortitudo

291 1436 469 1496 spiritus
496 1435 759 1489 ostenditur,
787 1436 825 1479 si
850 1449 930 1494 per
952 1436 1047 1493 ejus
1072 1435 1286 1479 virtutem
1303 1433 1504 1478 totaliter
1530 1449 1637 1478 caro
1657 1435 2000 1493 comprimatur,
2025 1449 2083 1479 ne
2100 1445 2261 1480 contra

291 1503 498 1562 spiritum
526 1503 849 1561 concupiscere
875 1502 1039 1560 possit:
1069 1511 1114 1546 et
1135 1501 1240 1546 ideo
1266 1501 1357 1546 hoc
1381 1500 1671 1560 competebat
1697 1501 1900 1555 Christo,
1927 1501 2056 1560 cuius
2080 1502 2260 1562 spiritus

292 1584 525 1616 summum
543 1568 816 1613 fortitudinis
834 1568 1026 1628 gradum
1043 1569 1275 1627 attigerat:
1294 1578 1338 1612 et
1354 1567 1462 1612 licet
1476 1582 1571 1612 non
1588 1568 1849 1613 sustinuerit
1863 1568 2260 1629 impugnationem

290 1637 556 1682 interiorem
589 1650 642 1680 ex
675 1646 800 1695 parte
826 1636 1021 1680 fomitis:
1048 1635 1258 1680 sustinuit
1298 1645 1454 1680 tamen
1487 1635 1758 1679 exteriorem
1782 1635 2179 1695 impugnationem
2204 1649 2260 1682 ex

293 1714 419 1765 parte
451 1703 625 1758 mundi,
663 1713 707 1748 et
738 1703 921 1758 diaboli,
958 1717 1072 1762 quos
1105 1702 1360 1762 superando
1396 1702 1615 1747 victoriae
1647 1716 1870 1747 coronam
1896 1702 2163 1761 promeruit.

978 1850 1412 1908 ARTICULUS
1448 1851 1548 1906 ΙΙΙ.
2072 1881 2074 1883 ·
2201 1877 2258 1927 92

691 1972 884 2011 UTRUM
922 1972 979 2012 IN
1020 1972 1217 2011 CRISTO
1250 1972 1448 2011 FUERIT
1488 1972 1848 2013 IGNORANTIA.

889 2068 944 2128 (3.
971 2069 1084 2113 Dist.
1111 2081 1174 2127 17.
1201 2074 1281 2113 art.
1313 2084 1349 2113 Ι.
1376 2084 1414 2128 q.
1437 2083 1477 2113 2.
1505 2068 1559 2113 ad
1578 2068 1648 2128 5.).

385 2172 460 2217 AD
488 2184 704 2217 TERTmM
730 2172 794 2216 sic
821 2172 1093 2232 proceditur.
1126 2172 1330 2227 Videtur,
1363 2173 1486 2232 quod
1518 2173 1565 2217 in
1608 2173 1794 2218 Christo
1819 2172 1956 2218 fuerit
1979 2172 2258 2232 ignorantia:

294 2239 405 2284 illud
432 2240 552 2284 enim
578 2254 684 2284 vere
709 2239 793 2284 fuit
817 2240 863 2283 in
891 2240 1093 2294 Christo,
1121 2240 1242 2299 quod
1269 2240 1353 2284 sibi
1380 2240 1599 2299 competit
1630 2240 1883 2285 secundum
1906 2240 2160 2285 humanam
2185 2253 2262 2286 na·

294 2318 458 2361 turam,
484 2306 592 2351 licet
618 2307 660 2351 ei
685 2321 780 2351 non
804 2317 1036 2366 competat
1061 2307 1313 2351 secundum
1346 2307 1561 2363 divinam,
1588 2308 1705 2352 sicut
1734 2307 1903 2367 passiO,
1934 2317 1981 2353 et
2002 2320 2153 2354 mors:
2179 2308 2260 2352 sed

294 2375 552 2434 ignorantia
570 2375 785 2419 convenit
797 2375 983 2419 Christo
1001 2374 1254 2419 secundum
1266 2375 1519 2419 humanam
1532 2385 1763 2419 naturam:
1781 2375 1890 2420 dicit
1901 2375 2025 2423 enim
2040 2374 2258 2421 Damasc.

295 2443 343 2486 in
373 2456 409 2501 3.
442 2441 517 2486 lib.
546 2441 689 2498 (Orth.
708 2442 801 2486 Fid.
821 2450 911 2502 cap.
931 2443 1014 2499 21.)
1041 2442 1163 2501 quod
1185 2443 1530 2502 «ignorantem,
1558 2453 1603 2488 et
1627 2442 1841 2488 servilem
1867 2441 2111 2502 assumpsit
2131 2453 2261 2488 natu-

295 2524 393 2554 ram
410 2524 462 2564 »;
490 2523 600 2568 ergo
621 2509 879 2567 ignorantia
904 2524 1010 2553 vere
1035 2509 1118 2554 fuit
1143 2510 1189 2554 in
1217 2510 1418 2555 Christo.

385 2589 425 2621 2.
452 2576 749 2621 PRAETEREA.
773 2576 950 2635 Aliquis
977 2577 1139 2621 dicitur
1164 2579 1380 2636 ignorans
1403 2593 1484 2638 per
1508 2578 1697 2623 notitiae
1723 2577 1975 2623 defectum:
2001 2577 2083 2623 sed
2106 2576 2259 2637 aliqua

294 2643 455 2688 notitia
477 2642 617 2687 defuit
643 2643 849 2688 Christo:
888 2644 996 2688 dicit
1021 2645 1144 2688 enim
1171 2645 1332 2704 Apost.
1367 2658 1407 2690 2.
1442 2645 1498 2688 ad
1525 2645 1634 2689 Cor.
1667 2658 1728 2703 5.:
1761 2646 1891 2700 Eum,
1923 2647 1996 2704 qui
2025 2659 2111 2691 non
2138 2645 2260 2691 novit

285 2718 520 2772 peccatum,
541 2720 624 2771 pro
656 2712 771 2755 nobis
791 2718 1007 2770 peccatum
1024 2712 1156 2769 facin
1186 2725 1294 2770 ergo
1322 2713 1368 2755 in
1397 2712 1583 2756 Christo
1609 2712 1693 2756 fuit
1717 2712 1989 2771 ignorantia.

388 2794 424 2837 3.
452 2778 749 2823 PRAETEREA.
778 2779 862 2821 Isa.
891 2779 931 2822 8.
961 2779 1144 2822 dicitur:
1173 2780 1412 2837 Antequam
1436 2781 1540 2823 sciat
1566 2787 1674 2838 puer
1694 2793 1846 2824 vocare
1865 2782 2033 2838 patrem
2057 2793 2193 2832 suum,
2220 2784 2260 2824 et

294 2853 472 2908 matrem
496 2861 630 2899 suam,
654 2846 864 2904 auferetur
876 2846 1083 2904 fortitudo
1107 2847 1336 2891 Damasci:
1365 2861 1477 2904 puer
1504 2855 1656 2890 autem
1682 2846 1758 2890 ille
1785 2854 1854 2891 est
1879 2845 2114 2927 Christu83
2147 2859 2256 2905 ergo

292 2914 339 2959 in
368 2914 554 2958 Christo
581 2912 661 2956 fuit
689 2912 942 2971 aliquarum
970 2927 1120 2956 rerum
1147 2913 1418 2971 ignorantia.

385 2981 479 3026 SED
503 2993 711 3026 CONTRA.
738 2979 1000 3038 Ignorantia
1022 2994 1102 3038 per
1126 2980 1431 3038 ignorantiam
1454 2995 1547 3024 non
1571 2979 1765 3024 tollitur:
1791 2980 2000 3026 Christus
2022 2990 2175 3027 autem
2202 2944 2259 3026 ad

292 3049 384 3093 hoc
410 3048 547 3102 venit,
574 3057 623 3092 ut
647 3047 926 3106 ignorantias
949 3057 1126 3091 nostras
1161 3046 1376 3091 auferret:
1404 3047 1528 3091 venit
1555 3047 1692 3101 enim,
1720 3057 1768 3091 ut
1789 3047 2049 3093 illuminaret
2079 3048 2155 3103 his,
2186 3049 2260 3108 qui

292 3118 336 3160 in
369 3117 557 3169 tenebris,
585 3121 623 3160 et
653 3116 697 3158 in
729 3115 880 3158 umbra
905 3116 1050 3158 mortis
1071 3114 1228 3166 sedent5
1253 3128 1362 3173 ergo
1390 3115 1436 3158 in
1464 3114 1651 3158 Christo
1677 3114 1936 3172 ignorantia
1960 3128 2057 3160 non
2076 3114 2174 3161 fuit.

382 3183 670 3228 RESPONDEO
694 3181 951 3235 dicendum,
970 3181 1091 3240 quod
1118 3182 1234 3226 sicut
1260 3182 1305 3225 in
1334 3181 1519 3226 Christo
1542 3181 1624 3226 fuit
1650 3181 1884 3241 plenitudo
1907 3182 2094 3242 gratiae,
2109 3191 2156 3229 et
2175 3182 2260 3229 vir·

290 3252 421 3305 tutis·,
448 3251 508 3294 ita
534 3250 580 3294 in
607 3250 706 3308 ipso
733 3248 815 3293 fuit
840 3248 1074 3308 plenitudo
1102 3251 1251 3293 omnis
1278 3249 1507 3302 scientiae,
1534 3259 1583 3293 ut
1609 3263 1662 3293 ex
1688 3249 1930 3308 praedictis
1967 3259 2091 3310 patet
2120 3250 2185 3310 (q.
2211 3262 2257 3310 ÷7.

292 3325 371 3363 art.
406 3334 446 3377 9.
470 3324 505 3363 et
531 3333 568 3376 q.
597 3333 637 3377 9.
665 3323 745 3361 art.
772 3317 859 3374 1.).·
894 3317 1010 3361 sicut
1043 3326 1195 3361 autem
1227 3317 1273 3360 in
1307 3316 1493 3361 Christo
1526 3316 1758 3375 plenitudo
1786 3314 1983 3376 gratiae,
2005 3326 2051 3362 et
2082 3316 2257 3364 virtutis

291 3386 487 3430 excludit
517 3384 725 3429 fomitem
749 3384 945 3442 peccati:
974 3384 1035 3427 ita
1062 3383 1294 3442 plenitudo
1322 3384 1536 3427 scientiae
1565 3383 1762 3427 excludit
1788 3384 2109 3443 ignorantiam,
2135 3397 2253 3444 quae

290 3454 506 3497 scientiae
534 3452 803 3512 opponitur3
830 3452 948 3498 unde
980 3452 1096 3495 sicut
1127 3451 1172 3495 in
1201 3451 1386 3495 Christo
1414 3464 1507 3494 non
1539 3451 1622 3495 fuit
1653 3450 1803 3496 fomes
1834 3449 2036 3511 peccati:
2068 3451 2131 3497 ita
2155 3465 2252 3497 non
2320 3464 2334 3497 a

291 3520 372 3564 suit
403 3521 449 3564 in
477 3534 532 3565 eo
559 3519 830 3579 ignorantia.
2317 3514 2329 3567 ’ἑ

379 3588 454 3631 AD
478 3600 663 3632 PR1MUM
692 3601 801 3645 ergo
825 3585 1083 3639 dicendum,
1111 3585 1231 3644 quod
1255 3594 1414 3630 natura
1434 3599 1458 3628 a
1483 3585 1668 3629 Christo
1694 3595 1924 3645 assumpta
1951 3594 2101 3645 potest
2125 3584 2256 3646 dupla·-

290 3656 389 3698 citer
416 3654 715 3700 considerari:
749 3668 830 3699 uno
863 3653 983 3699 modo
1015 3652 1269 3698 secundum
1303 3652 1527 3697 rationem
1560 3666 1668 3696 suae
1701 3652 1892 3711 speciei:
1924 3662 1971 3697 et
2001 3652 2252 3698 secundum
