2352 3926
621 181 901 230 QUAESTIO
942 183 1054 222 XXI.
1095 182 1404 235 ARTICULUS
1444 181 1518 221 lv.
1916 179 2045 234 '203

64 285 200 333 dum
226 286 523 332 deliberatam
559 285 784 330 rationem
810 284 1047 329 volumus:
1080 285 1191 330 illud
1225 296 1378 330 autem
1405 283 1527 344 quod
1552 282 1767 327 volumus
1799 280 2048 327 secundum

60 350 270 410 ’1110131111
295 351 612 406 sensualitatis,
644 350 717 395 vel
742 351 880 395 etiam
912 352 1164 395 secundum
1196 361 1375 396 motum
1400 349 1645 395 voluntatis
1671 347 1903 408 simplicis,
1936 361 2053 406 quae

53 411 404 476 ᾒῖῑιξοοείἀεηωι·
428 429 477 463 ut
501 428 676 472 natura,
700 431 795 462 non
822 417 1086 476 simpliciter
1106 417 1334 471 volumus,
1361 418 1438 462 sed
1461 416 1712 462 secundum
1739 414 1861 476 quid,
1879 413 2052 459 scilicet

62 486 131 542 {tsi
155 482 275 530 aliud
302 499 396 530 non
423 485 626 538 obsistat,
653 483 775 544 quod
802 497 881 543 per
908 483 1280 528 deliberationem
1308 484 1495 528 rationis
1522 484 1772 528 invenitur:
1804 481 1923 526 unde
1948 479 2052 525 talis

56 546 302 609 fvoluntas
329 552 475 611 magis
501 561 572 596 est
603 550 802 610 dicenda⁴
821 548 1039 603 velleitas,
1077 564 1214 609 quam
1243 550 1450 605 absoluta
1475 550 1709 604 voluntas;
1742 548 1847 608 quia
1877 546 2053 592 scilicet

54 615 237 664 >homo
262 619 354 663 hoc
385 618 537 674 vellet,
570 618 608 663 si
641 617 762 662 aliud
793 631 887 661 non
921 617 1179 662 obsisteret:
1215 618 1464 661 secundum
1495 627 1647 661 autem
1672 616 1958 661 voluntatem
1988 629 2054 658 ra-

47 688 62 740 χῖ
89 685 227 732 tionis
254 685 464 730 Christus
485 684 600 729 nihil
626 683 747 728 aliud
768 683 926 738 voluit,
952 683 1039 727 nisi
1065 683 1186 743 quod
1214 683 1346 727 scivit
1366 684 1517 727 Deum
1541 683 1680 727 velle:
1705 694 1749 727 et
1773 683 1878 727 ideo
1902 682 2053 726 omnis

53 747 296 797 absoluta
321 751 532 796 voluntas
559 751 745 805 Christi,
771 751 909 795 etiam
931 751 1148 804 humana,
1164 749 1248 794 fuit
1271 749 1484 809 impleta3
1512 751 1618 809 quia
1643 750 1726 794 fuit
1746 751 1849 794 Deo
1873 747 2052 794 confor-

51 831 59 881 tf
90 819 191 873 mis,
219 829 263 864 et
282 833 362 879 per
379 832 661 878 consequens
681 817 831 862 omnis
849 818 944 876 ejus
962 817 1110 861 oratio
1132 816 1216 861 fuit
1235 817 1466 861 exaudita:
1495 831 1602 860 nam
1627 827 1672 860 et
1692 816 1944 861 secundum
1962 815 2052 860 hoc

46 887 52 940 i¹
71 938 73 940 ³
90 883 283 930 aliorum
309 885 538 929 orationes
564 884 824 944 implentur,
842 884 964 943 quod
986 894 1090 928 sunt
1111 898 1272 928 eorum
1289 883 1546 927 voluntates
1569 884 1671 926 Deo
1696 883 1972 936 conformes,
1989 897 2055 926 se-

43 964 59 1007 }
89 952 290 998 cundum
311 950 422 996 illud
448 951 584 996 Rom.
608 952 672 995 8.:
702 951 793 1008 Qui
812 957 950 995 autem
974 957 1185 995 scrutatur
1206 950 1350 1004 corda,
1373 952 1464 1003 scit,
1488 950 1602 993 idest
1625 950 1859 1008 approbat,
1877 949 1975 1008 quid
1991 948 2055 993 de-

40 1055 53 1066 .,
87 1018 235 1072 sideret
252 1020 436 1078 spiritus,
464 1018 580 1062 idest
605 1018 713 1077 quid
742 1017 881 1062 faciat
905 1029 1088 1061 sanctos
1115 1017 1395 1071 desiderare3
1421 1018 1623 1076 quoniam
1648 1016 1869 1060 secundum
1894 1017 2050 1070 Deum,

32 1127 40 1148 .÷
89 1086 205 1132 idest
229 1085 481 1131 secundum
505 1083 873 1130 conformitatem
901 1084 1078 1129 divinae
1105 1083 1367 1139 voluntatis,
1379 1084 1563 1144 postulat
1574 1090 1655 1143 pro
1679 1084 1846 1127 sanctis.

179 1154 256 1198 AD
278 1166 467 1199 PRIMUM
493 1166 603 1212 ergo
626 1151 884 1206 dicendum,
912 1153 1033 1211 quod
1055 1151 1133 1195 illa
1158 1152 1316 1211 petitio
1344 1152 1399 1196 de
1421 1150 1718 1195 translatione
1742 1149 1896 1195 calicis
1913 1150 2055 1193 diver-

42 1252 54 1270 0
91 1217 270 1282 simode
302 1234 329 1264 a
355 1219 522 1264 sanctis
549 1219 811 1279 exponitur:
850 1219 1049 1263 Hilarius
1077 1220 1198 1263 enim
1230 1233 1365 1278 super
1385 1218 1547 1263 Matth.
1577 1218 1687 1274 (can.
1700 1232 1770 1277 31.
1798 1231 1825 1261 a
1844 1216 1971 1274 med.)
1995 1217 2055 1259 di-

90 1286 174 1332 cit:
205 1302 230 1329 c<
249 1285 389 1339 Quod
413 1296 566 1331 autem
592 1297 641 1330 ut
663 1301 689 1330 a
715 1301 763 1330 se
787 1296 987 1330 transeat
1011 1295 1158 1344 rogat,
1185 1300 1278 1329 non
1305 1296 1354 1329 ut
1379 1287 1476 1344 ipsa
1501 1294 1808 1344 praetereatur
1834 1293 1947 1337 orat,
1974 1284 2054 1327 sed

53 1366 54 1369 ’
88 1362 142 1399 ut
162 1353 210 1398 in
237 1353 429 1399 alterum
455 1353 500 1397 id
522 1353 643 1413 quod
671 1368 696 1397 a
723 1367 771 1397 se
796 1353 969 1407 transit,
993 1352 1202 1397 accedat:
1231 1362 1365 1411 atque
1391 1352 1496 1396 ideo
1522 1366 1604 1411 pro
1630 1352 1702 1395 his
1724 1361 1839 1405 orat,
1861 1351 1938 1410 qui
1959 1364 2056 1409 pas-

33 1418 49 1456 Ϊ
90 1420 183 1466 suri
207 1430 312 1481 post
335 1434 384 1465 se
410 1429 537 1464 erant
552 1435 603 1463 »ε
631 1430 681 1463 ut
705 1420 763 1464 sit
788 1434 970 1464 sensus:
1003 1420 1280 1478 «quomodo
1308 1433 1333 1463 a
1359 1433 1435 1463 me
1460 1419 1626 1463 bibitur
1649 1417 1793 1462 calix'
1780 1428 1866 1462 iste
1887 1417 2057 1477 passio·

40 1485 45 1499 ⁷
90 1487 178 1542 nis,
212 1488 274 1532 ita
311 1487 365 1531 ab
397 1487 470 1531 his
504 1487 683 1531 bibatur
714 1489 811 1531 sine
847 1487 944 1546 spei
980 1485 1242 1542 diffidentia,
1275 1487 1372 1530 sine
1409 1500 1543 1530 sensu
1581 1485 1768 1539 doloris,
1801 1485 1898 1529 sine
1930 1495 2055 1528 metu

35 1567 40 1590 1
95 1555 255 1599 mortis
271 1570 323 1609 »3
348 1553 423 1598 vel
444 1554 695 1598 secundum
722 1554 908 1599 Hieron.
938 1554 1046 1612 (sup.
1074 1554 1181 1598 hunc
1199 1554 1274 1598 loc.
1294 1553 1447 1598 Matth.
1469 1553 1560 1612 26.)
1577 1567 1592 1596 :
1625 1569 1647 1593 «
1670 1553 1902 1611 signanter
1923 1551 2053 1595 dicit:

39 1622 51 1663 ἶ
91 1621 220 1667 Calix
250 1623 335 1674 iste,
369 1621 459 1665 hoc
488 1630 555 1664 est
580 1620 738 1680 populi
753 1620 1046 1678 Judeaorum,
1075 1620 1153 1679 qui
1188 1621 1528 1664 excusationem
1565 1620 1851 1678 ignorantiae
1886 1620 2055 1663 habere

35 1696 49 1743 ζ,
91 1701 186 1732 non
207 1697 412 1746 possunt,
438 1687 477 1731 si
502 1701 576 1731 me
604 1687 867 1740 occiderint,
894 1687 1112 1731 habentes
1134 1686 1275 1745 leges,
1304 1697 1347 1731 et
1371 1687 1630 1747 prophetas,
1649 1688 1724 1746 qui
1752 1702 1826 1730 me
1854 1686 2056 1746 quotidie

36 1761 38 1803 ᾗ
92 1754 394 1799 vaticinantur
410 1769 462 1808 »3
488 1753 562 1798 vel
582 1754 833 1797 secundum
851 1754 1126 1813 Dionysium
1146 1753 1507 1799 Alexandrinum
1524 1754 1642 1812 (hab.
1665 1756 1710 1798 in
1733 1753 1829 1798 Cat.
1852 1754 2054 1798 Graecor.

3 1850 5 1854 ι
34 1828 49 1868 3
92 1820 215 1878 PP.),
244 1820 367 1880 quod
392 1820 521 1864 dicit:
555 1836 578 1861 «
605 1821 807 1876 Transfer
832 1821 1001 1865 calicem
1033 1823 1156 1865 istum
1187 1836 1213 1864 a
1249 1838 1328 1877 me,
1355 1837 1450 1866 non
1476 1822 1567 1866 hoc
1596 1832 1682 1866 est:
1709 1822 1817 1866 Non
1846 1821 2055 1865 adveniat

28 1881 49 1942 'J‘
92 1887 228 1932 mihi:
256 1887 343 1932 nisi
364 1887 488 1931 enim
514 1887 758 1941 advenerit,
775 1887 1006 1931 transferri
1022 1903 1114 1932 non
1132 1890 1317 1948 poterit:
1342 1889 1420 1933 sed
1446 1889 1561 1933 sicut
1578 1890 1701 1948 quod
1725 1882 1951 1949 praeterit,
1968 1902 2054 1932 nec

31 1979 44 2018 ιν
90 1954 313 1999 intactum
339 1963 420 2008 est,
451 1967 536 1998 nec
563 1967 852 2012 permanens,
885 1955 948 1998 sic
984 1954 1195 1999 Salvator
1233 1955 1391 1999 leviter
1430 1956 1718 2000 invadentem
1753 1957 2055 2000 tentationem

0 2034 1 2050 ³
34 2030 53 2063 ζ.»
87 2019 262 2080 flagitat
284 2019 391 2080 pelli
407 2036 459 2075 »3
486 2021 758 2065 Ambrosius
796 2031 946 2065 autem
975 2021 1084 2065 dicit
1111 2021 1216 2082 (sup.
1244 2022 1348 2066 illud
1378 2023 1481 2067 Luc.
1503 2037 1590 2068 22..·
1626 2024 1763 2077 Pater,
1781 2025 1816 2068 si
1837 2025 1916 2074 vis,
1943 2023 2055 2080 eta),

35 2085 58 2106 a
90 2088 378 2151 etot-,genes
399 2089 545 2147 (tract,
565 2102 622 2148 35.
642 2090 688 2133 in
706 2090 855 2134 Matth.
873 2091 983 2135 inter
997 2091 1140 2149 princ.
1163 2096 1199 2134 et
1219 2090 1322 2135 med.
1321 2090 1363 2148 ),
1388 2100 1432 2134 et
1459 2091 1820 2151 Chrysostomus
1837 2092 1863 2149 (
1861 2092 1970 2135 hom.
1983 2091 2054 2147 84.

0 2210 1 2213 J
86 2154 134 2200 in
164 2154 317 2215 Μᾳιιῆ.
338 2163 498 2216 parum
530 2169 557 2200 a
585 2156 766 2215 princ),
805 2156 926 2215 quod
963 2156 1053 2200 hoc
1086 2157 1226 2215 petiit,
1254 2159 1381 2216 quasi
1418 2158 1563 2203 homo
1600 2158 1796 2202 naturali
1821 2157 2056 2202 voluntate

36 2240 58 2265 7
86 2230 287 2282 mortem
312 2235 552 2267 recusans:
581 2224 643 2266 sic
672 2237 782 2282 ergo
814 2223 853 2267 si
877 2222 1169 2283 intelligatur,
1196 2225 1318 2283 quod
1345 2225 1522 2284 petierit
1547 2239 1627 2284 per
1662 2225 1769 2280 hoc,
1795 2224 1910 2269 alios
1944 2239 2059 2268 mar-

87 2297 208 2366 tyres
230 2302 339 2333 suae
365 2290 588 2347 passionis
615 2289 867 2334 imitatores
894 2290 1005 2344 fieri,
1027 2291 1279 2334 secundum
1303 2290 1528 2335 Hilarium
1555 2292 1656 2350 (loc.
1670 2300 1758 2351 sup.
1793 2294 1898 2350 cit.),
1922 2290 1996 2336 vel
2017 2291 2056 2336 si

0 2366 1 2386 1
87 2346 227 2419 petiit,
249 2356 373 2416 quod
396 2356 536 2400 timor
564 2356 747 2401 bibendi
773 2356 927 2401 calicis
961 2372 1067 2402 eum
1093 2371 1188 2402 non
1213 2359 1508 2417 perturbaret,
1540 2358 1614 2403 vel
1640 2359 1763 2418 quod
1790 2373 1914 2403 mors
1949 2373 2055 2402 eum

86 2435 182 2467 non
205 2422 438 2477 detineret,
466 2423 658 2467 omnino
685 2423 925 2482 impletum
953 2433 1020 2468 est
1037 2424 1158 2483 quod
1181 2425 1361 2483 petivit:
1390 2426 1429 2469 si
1445 2440 1554 2470 vero
1572 2425 1839 2484 intelligitur
1856 2425 2055 2484 petiisse,

38 2501 44 2526 1
63 2489 211 2551 quod
237 2503 332 2535 non
362 2489 536 2534 biberet
562 2490 753 2535 calicem
780 2491 954 2545 mortis,
988 2501 1033 2535 et
1056 2491 1294 2549 passionis,
1321 2492 1394 2536 vel
1423 2494 1545 2551 quod
1572 2507 1665 2536 non
1697 2493 1873 2537 biberet
1902 2492 2054 2550 ipsum

57 2562 129 2619 Ja
124 2552 341 2621 Judaeis
365 2570 461 2600 non
488 2557 674 2616 quidem
700 2567 768 2602 est
797 2557 970 2602 factum
995 2558 1116 2618 quod
1147 2559 1299 2617 petiit;
1332 2560 1437 2618 quia
1469 2560 1600 2614 ratio,
1635 2574 1752 2619 quae
1785 2560 2054 2619 petitionem

58 2623 339 2686 proposuit
380 2622 567 2668 nolebat
587 2633 636 2668 ut
659 2624 749 2668 hoc
782 2623 1068 2684 impleretur:
1094 2625 1171 2669 sed
1200 2626 1255 2670 ad
1281 2626 1627 2671 instructionem
1651 2636 1855 2671 nostram
1872 2626 2056 2670 volebat

68 2677 399 2754 demonstrare
422 2690 554 2735 nobis
576 2705 708 2735 suam
726 2690 1013 2736 voluntatem
1034 2692 1305 2747 naturalem,
1322 2703 1367 2737 et
1383 2703 1563 2738 motum
1579 2693 1899 2748 sensualitatis,
1917 2707 2054 2752 quem

52 2804 71 2818 a}
79 2803 153 2822 ·····

68 2882 71 2885 ᾖ
134 2814 255 2867 AD
277 2836 537 2868 SECUNDUM
574 2792 833 2878 dicendum,
869 2826 990 2884 quod
1017 2826 1247 2870 Dominus
1272 2841 1367 2870 non
1394 2829 1542 2871 oravit
1562 2842 1645 2887 pro
1674 2827 1887 2871 omnibus
1913 2827 2057 2871 cruci-

63 2918 73 2952 ς
92 2885 323 2950 fluxibus,
349 2904 498 2949 neque
531 2891 671 2935 etiam
695 2905 778 2951 pro
806 2892 1017 2936 omnibus
1045 2893 1123 2952 qui
1156 2903 1283 2937 erant
1309 2893 1557 2938 credituri
1546 2909 1592 2938 m
1621 2908 1786 2948 eum,s
1765 2894 1844 2939 sed
1866 2907 1949 2953 pro
1981 2893 2053 2936 his

57 2994 72 2999 .
89 2938 257 3017 solum,
274 2957 352 3016 qui
367 2967 496 3001 erant
520 2958 863 3035 praedestinati,
883 2968 932 3002 ut
953 2973 1032 3018 per
1053 2960 1207 3018 ipsum
1230 2961 1370 3004 vitam
1399 2972 1786 3020 consequerentur
1805 2970 2052 3005 aeternam.

127 3017 314 3073 'Unde
339 3033 464 3083 patet
489 3024 627 3068 etiam
659 3025 897 3084 responsio
923 3038 988 3070 AD
1017 3038 1248 3071 TERTIUM.

178 3087 255 3137 AD
281 3102 519 3140 QUARTUM
544 3091 803 3146 dicendum,
831 3092 953 3151 quod
981 3106 1087 3136 cum
1114 3093 1244 3139 dicit:
1274 3093 1495 3149 Clamabo,
1518 3101 1554 3139 et
1579 3110 1662 3138 non
1689 3094 1892 3146 exaudies,
1927 3091 2054 3137 intel-

34 3147 323 3221 ligendum
360 3167 427 3200 est
462 3168 681 3216 quantum
718 3158 773 3202 ad
800 3157 1015 3203 affectum
1050 3160 1367 3215 sensualitatis,
1403 3175 1519 3220 quae
1553 3171 1751 3206 mortem
1778 3159 2052 3218 refugiebat,

89 3221 324 3268 exauditur
346 3233 502 3268 tamen
528 3234 748 3285 quantum
776 3225 831 3269 ad
858 3224 1072 3270 affectum
1098 3227 1300 3283 rationis,
1327 3237 1376 3272 ut
1401 3228 1575 3272 dictum
1599 3238 1666 3272 est
1694 3227 1757 3284 (m
1783 3227 1932 3285 corp..)
