2352 3926
650 211 929 258 QUAESTIO
969 211 1080 250 xx1.
1121 210 1429 251 ART1anus
1469 210 1505 249 1.
1957 210 2056 263 199

48 308 70 340 3*
90 313 249 375 petitio
274 313 534 359 decentium
561 326 587 356 a
612 313 715 357 Deo
747 327 800 356 »z
833 313 910 356 sed
939 327 1046 356 curn
1073 313 1282 358 Christus
1315 313 1473 357 omnia
1497 311 1649 356 facere
1681 319 1850 370 posset,
1875 323 1971 354 non
1995 310 2058 353 vi·

53 390 66 417 ’ἰ
90 379 222 429 detm'
243 381 286 425 ei
312 379 708 438 convenire,quod
725 379 894 437 aliquid
922 379 974 422 ab
1003 378 1156 438 aliquo
1176 389 1372 438 peteret3
1392 393 1502 438 ergo
1518 379 1710 433 videtur,
1727 376 1852 437 quod
1870 376 2058 422 Christo

45 447 57 498 ’ἶ
90 460 188 497 non
210 445 453 491 conveniat
478 459 623 490 orare.

57 524 66 570 ji
181 525 222 558 2.
249 513 547 558 Palea-Eum.
589 512 696 556 Non
740 521 920 571 oportet
956 511 1131 555 orando
1165 522 1317 570 petere
1350 511 1476 566 illud,
1511 512 1632 571 quod
1667 510 1828 570 aliquis
1860 509 1945 555 scit
1976 524 2058 569 pro

92 588 219 625 certo
245 593 344 624 esse
369 578 594 634 futurum;
621 579 736 623 sicut
761 593 855 622 non
874 592 1075 631 oramus,
1099 578 1221 636 quod
1239 578 1310 622 sol
1329 579 1500 622 oriatur
1518 593 1637 622 cras:
1661 591 1808 637 neque
1835 587 1903 621 est
1919 577 2057 621 etiam

45 665 69 699 ,·
91 646 388 698 conveniens,
416 646 538 705 quod
567 645 728 705 aliquis
752 644 926 689 orando
953 654 1090 703 petat,
1120 644 1242 703 quod
1269 645 1353 688 scit
1378 644 1506 688 nullo
1534 644 1676 689 modo
1700 658 1799 689 esse
1823 642 2027 687 futurum
2049 657 2058 686 z

89 713 171 759 sed
201 712 410 758 Christus
433 712 605 757 sciebat
631 714 750 756 circa
777 711 934 756 omnia
959 711 1065 770 quid
1094 720 1214 755 esset
1237 710 1464 765 futurum;
1499 725 1608 769 ergo
1635 725 1729 755 non
1758 709 2060 755 conveniebat

93 778 138 834 ei
162 778 331 839 aliquid
359 779 534 824 orando
561 788 728 838 petere.

40 844 45 905 ’7
180 859 219 904 3.
245 846 543 892 PRAETEREA.
560 846 878 890 Damascenus
901 845 1009 889 dicit
1025 845 1071 888 in
1090 857 1126 900 3.
1145 844 1220 888 lib.
1237 844 1333 900 (loc.
1349 845 1416 888 cit.
1414 845 1456 901 ),
1470 845 1593 902 quod
1614 861 1636 884 «
1652 843 1798 887 oratio
1819 853 1886 888 est
1906 855 2059 887 ascen·

42 916 46 950 ἶ
88 925 163 957 sus
181 912 437 958 intellectus
455 913 502 957 in
518 914 708 957 Deum»
729 927 739 956 t
761 913 840 957 sed
865 911 1121 956 intellectus
1148 911 1321 956 Christi
1346 925 1440 955 non
1466 911 1699 970 indigebat
1721 911 1989 955 ascensione
2011 912 2062 955 in

39 982 42 984 ’
90 980 268 1035 Deum;
291 980 396 1039 quia
422 994 604 1039 semper
628 979 883 1024 intellectus
917 981 1011 1038 ejus
1039 989 1135 1023 erat
1150 980 1254 1023 Deo
1283 980 1569 1037 conjunctus,
1595 992 1689 1021 non
1716 977 1868 1021 solum
1895 992 2058 1021 secun·

31 1069 44 1107 {2
89 1046 200 1092 dum
236 1047 456 1092 unionem
483 1046 757 1106 hypostasis,
784 1046 864 1091 sed
888 1046 1026 1090 etiam
1048 1045 1299 1090 secundum
1317 1044 1580 1088 fruitionem
1606 1045 1920 1100 beatitudinis;
1950 1058 2060 1103 ergo

26 1119 36 1164 Ξ,
91 1112 280 1159 Christo
304 1127 401 1158 non
424 1113 725 1158 conveniebat
751 1128 896 1157 orare.

43 1219 45 1221 ,
179 1180 274 1225 sm>
307 1192 503 1225 CONTRA
531 1190 610 1234 est,
648 1180 771 1239 quod
812 1180 974 1224 dicitur
1000 1180 1111 1223 Luc.
1139 1177 1205 1223 6.:
1238 1180 1416 1223 Factum
1452 1184 1521 1233 est,
1548 1179 1593 1222 in
1617 1178 1701 1222 illis
1726 1177 1865 1222 diebus
1889 1179 1990 1222 exiit
2015 1179 2060 1221 in

33 1261 52 1286 t
89 1253 270 1292 montem
297 1261 434 1301 orare,
461 1253 498 1291 et
522 1253 611 1291 erat
630 1254 885 1306 pernoctans
909 1248 954 1290 in
976 1248 1162 1291 oratione
1185 1247 1284 1290 Dei.

28 1351 45 1371 ,7
175 1313 465 1359 ΚεεΡοΝοΕο
484 1313 742 1367 dicendum,
769 1313 906 1372 quod,
933 1314 1050 1357 sicut
1076 1313 1248 1357 dictum
1271 1322 1338 1357 est
1361 1313 1407 1356 in
1426 1324 1465 1355 2.
1493 1311 1598 1367 (2-2.
1618 1326 1656 1370 q.
1675 1312 1736 1370 83.
1759 1317 1840 1356 art.
1857 1326 1893 1356 I.
1920 1317 1959 1355 et
1974 1325 2014 1356 2.
2013 1311 2054 1367 ),

11 1385 39 1412 ?
88 1381 234 1424 oratio
268 1391 335 1425 est
367 1380 592 1440 quaedam
625 1380 865 1439 explicatio
899 1380 1107 1439 propriae
1140 1379 1386 1424 voluntatis
1421 1378 1539 1438 apud
1564 1379 1733 1432 Deum,
1765 1387 1814 1421 ut
1847 1391 1951 1421 eam
1977 1378 2058 1421 im-

86 1446 229 1507 pleat:
255 1447 294 1492 si
317 1447 454 1507 igitur
485 1447 532 1491 in
550 1447 736 1491 Christo
771 1457 888 1492 esset
919 1461 1009 1490 una
1039 1456 1218 1491 tanturn
1260 1446 1486 1499 voluntas,
1523 1445 1700 1489 scilicet
1740 1444 1908 1498 divina,
1934 1443 2062 1488 nullo

23 1557 29 1563 2
88 1514 230 1559 modo
257 1525 539 1574 competeret
563 1514 647 1558 sibi
673 1528 827 1558 orare:
862 1514 967 1573 quia
998 1513 1210 1558 voluntas
1237 1513 1389 1557 divina
1422 1527 1503 1572 per
1534 1512 1734 1571 seipsam
1760 1521 1827 1556 est
1853 1511 2062 1556 effectiva

35 1583 41 1638 j
87 1595 249 1626 eorum
274 1596 391 1641 quae
416 1581 526 1635 vult,
551 1581 804 1626 secundum
834 1581 946 1625 illud
969 1580 1088 1625 Psal.
1127 1593 1245 1640 134:
1269 1582 1426 1626 Omnia
1447 1594 1725 1639 quaecumque
1750 1579 1885 1623 voluit
1909 1580 2059 1623 Domi-

39 1653 44 1685 ’ἓ
85 1663 179 1704 nus,
207 1649 341 1708 fecit:
369 1648 448 1693 sed
481 1649 585 1707 quia
612 1649 657 1691 in
691 1648 877 1692 Christo
906 1658 973 1692 est
1004 1648 1092 1691 alia
1125 1647 1335 1691 voluntas
1370 1647 1535 1701 divina,
1570 1656 1614 1690 et
1646 1646 1734 1689 alia
1770 1646 1989 1701 humana,
2017 1656 2062 1690 et

86 1714 299 1760 voluntas
333 1716 537 1759 humana
567 1730 662 1759 non
690 1726 758 1760 est
787 1731 867 1775 per
892 1716 1088 1774 seipsam
1117 1715 1276 1760 efficax
1300 1716 1354 1759 ad
1381 1714 1664 1774 implendum
1692 1729 1808 1773 quae
1833 1713 1944 1767 vult,
1970 1714 2061 1758 nisi

86 1797 167 1843 per
191 1783 406 1826 virtutem
439 1782 656 1836 divinam,
682 1783 787 1826 inde
820 1793 888 1827 est
919 1783 1041 1841 quod
1068 1783 1270 1836 Christo,
1298 1782 1550 1827 secundum
1581 1782 1704 1840 quod
1734 1791 1804 1826 est
1825 1781 1987 1834 homo,
2014 1791 2059 1825 et

85 1849 339 1895 humanam
364 1848 648 1894 voluntatem
673 1849 861 1903 habens,
890 1850 1108 1908 competit
1134 1863 1279 1894 orare.

29 1916 39 1957 J
173 1916 251 1960 AD
272 1929 461 1961 PR1MUM
486 1930 596 1975 ergo
623 1916 884 1970 dicendum,
906 1917 1028 1975 quod
1057 1916 1266 1960 Christus
1298 1925 1478 1975 poterat
1503 1915 1718 1974 perficere
1745 1915 1904 1959 omnia
1937 1929 2055 1974 quae

85 1981 283 2036 volebat,
308 1982 560 2027 secundum
588 1982 711 2042 quod
746 1983 889 2037 Deus,
920 1998 1015 2027 non
1048 1993 1202 2028 autem
1227 1983 1481 2027 secundum
1510 1982 1633 2041 quod
1659 1982 1829 2026 homo:
1858 1982 1964 2041 quia
1989 1997 2054 2026 se-

0 2052 1 2055 ’
28 2061 60 2107 ,ss
86 2049 286 2094 cundum
303 2050 426 2109 quod
452 2050 614 2104 homo,
635 2064 729 2094 non
755 2050 913 2094 habuit
939 2050 1335 2127 omnipotentiam,
1362 2062 1411 2094 ut
1438 2064 1573 2108 supra
1599 2049 1803 2093 habitum
1830 2058 1898 2093 est
1921 2049 1978 2107 (q.
1995 2064 2051 2108 13.

37 2139 63 2166 2
85 2121 169 2163 art.
190 2117 254 2176 1).·
279 2116 580 2162 nihilominus
605 2128 760 2162 tamen
785 2118 882 2177 ipse
914 2118 1040 2162 idem
1069 2119 1197 2162 Deus
1224 2118 1433 2171 existens,
1462 2127 1507 2161 et
1531 2117 1691 2170 homo,
1717 2115 1864 2160 voluit
1889 2117 1946 2160 ad
1978 2116 2060 2160 Pa·

38 2190 203 2242 ,ξπθιιι
218 2185 476 2229 orationem
500 2185 745 2244 porrigere,
771 2199 866 2229 non
888 2187 1016 2244 quasi
1031 2186 1126 2244 ipse
1145 2195 1262 2228 esset
1276 2185 1522 2243 impotens,
1548 2183 1625 2227 sed
1644 2192 1829 2242 propter
1850 2191 2060 2227 nostram

42 2249 456 2298 motionem
473 2253 615 2310 primo
642 2252 841 2311 quidem,
868 2262 917 2296 ut
949 2251 1209 2296 ostenderet
1235 2266 1282 2296 se
1310 2265 1407 2295 esse
1436 2265 1461 2294 a
1487 2251 1644 2294 Patre:
1679 2249 1832 2294 unde
1820 2264 1918 2325 ipse
1944 2249 2054 2294 dicit

25 2308 212 2379 JfJoan.
242 2331 306 2362 11.
322 2319 541 2378 :Propter
562 2319 762 2378 populum
783 2321 854 2377 qui
878 2320 1135 2372 circumstat,
1165 2319 1268 2371 dixi,
1297 2317 1472 2362 scilicet
1497 2317 1633 2361 verba
1657 2317 1892 2370 orationis,
1915 2322 1959 2362 ut
1975 2332 2058 2362 cre·

30 2382 203 2445 ’ἕ73ὀανι2,
228 2386 329 2443 quia
355 2391 400 2429 tu
430 2400 494 2429 me
518 2387 684 2430 misisti:
711 2386 831 2430 unde
864 2385 1004 2430 Hilar.
1031 2386 1079 2429 in
1110 2399 1175 2430 10.
1203 2385 1259 2429 de
1288 2384 1450 2430 Trinit.
1478 2385 1574 2442 (cir.
1597 2385 1699 2443 fin.)
1735 2384 1866 2428 dicit:
1897 2401 1922 2426 «
1948 2384 2058 2428 Non

41 2463 220 2513 prece
245 2452 383 2511 eguit,
410 2467 492 2512 pro
514 2453 646 2497 nobis
673 2453 833 2508 oravit,
859 2467 918 2497 ne
943 2453 1062 2498 filius
1088 2453 1375 2511 ignoraretur
1401 2467 1443 2496 »ε
1469 2452 1658 2507 secundo,
1686 2462 1734 2495 ut
1755 2452 1887 2496 nobis
1911 2466 2059 2496 exem-

39 2513 214 2589 ’77ρίιιιιι
238 2519 401 2563 orandi
425 2520 576 2574 daret;
602 2521 722 2564 unde
746 2520 962 2564 Ambros.
990 2520 1100 2564 dicit
1124 2535 1258 2579 super
1284 2521 1394 2564 Luc.
1412 2519 1530 2579 (cap.
1549 2520 1591 2564 6.
1617 2526 1704 2578 sup.
1721 2518 1858 2563 illud.:
1885 2519 1941 2563 Et
1968 2525 2060 2564 erat

33 2586 343 2669 ipamacctans,
377 2588 490 2644 etc.).·
512 2586 663 2631 «Noli
679 2587 979 2632 insidiatrices
1012 2588 1185 2647 aperire
1219 2601 1364 2640 aures,
1389 2597 1439 2631 ut
1460 2596 1590 2646 putes
1616 2585 1784 2630 Filium
1809 2586 1899 2630 Dei
1925 2586 2055 2645 quasi

114 2669 153 2692 n·
215 2667 314 2696 ·um
333 2667 515 2731 rogare,
534 2664 584 2698 ut
606 2654 821 2712 impetret
836 2655 958 2713 quod
975 2654 1165 2714 implere
1192 2669 1286 2698 non
1312 2655 1468 2713 possit,
1485 2653 1721 2713 potestatis
1742 2653 1865 2697 enim
1883 2663 2057 2707 auctor,

53 2714 376 2773 obedientiae
393 2721 624 2780 magister,
652 2721 707 2765 ad
734 2732 976 2781 praecepta
992 2722 1168 2766 virtutis
1186 2736 1270 2766 suo
1288 2736 1373 2766 nos
1390 2721 1609 2765 informat
1631 2720 1849 2797 exemplo·
1868 2735 1909 2764 »z
1939 2721 2059 2764 unde

50 2784 341 2846 &August
367 2787 475 2832 dicit
491 2788 767 2847 superJoan.
786 2788 926 2835 (tract.
943 2804 1038 2846 104.
1057 2790 1157 2834 circ.
1175 2789 1320 2847 med)
1342 2804 1366 2830 c<
1383 2789 1568 2833 Poterat
1585 2787 1849 2832 Dominus
1838 2802 1885 2832 m
1901 2787 2052 2832 forma

48 2853 222 2910 servi,
253 2855 289 2899 si
315 2855 407 2899 hoc
434 2869 549 2914 opus
576 2866 707 2910 esset,
735 2870 866 2900 orare
892 2856 1096 2900 silentio:
1125 2856 1204 2900 sed
1230 2856 1291 2900 ita
1319 2871 1366 2900 se
1400 2856 1523 2900 Patri
1550 2855 1762 2900 exhibere
1787 2854 1933 2899 voluit
1964 2869 2060 2914 pre-

53 2918 69 2973 ζξ-
45 2930 311 2979 nitorem,
338 2931 386 2966 ut
411 2922 695 2966 meminisset
718 2933 928 2967 nostrum
954 2938 1002 2968 se
1030 2938 1128 2968 esse
1156 2923 1397 2968 doctorem
1423 2940 1464 2967 ».

66 2992 68 2994 ’
174 2987 253 3032 An
268 3001 531 3035 SECUNDUM
552 2988 811 3043 dicendum,
830 2991 981 3049 quod
969 3001 1087 3034 mter
1108 2989 1210 3045 alia,
1229 3005 1344 3049 quae
1373 2990 1582 3035 Christus
1599 2990 1731 3034 scivit
1746 2989 1910 3043 futura,
1927 2990 2059 3033 scivit

19 3037 316 3151 &quaedam
352 3068 451 3099 esse
486 3054 637 3099 fienda
672 3067 856 3115 propter
890 3071 1021 3101 suam
1057 3057 1338 3122 orationem.
1365 3068 1410 3101 et
1434 3056 1699 3116 hujusmodi
1724 3071 1819 3100 non
1845 3056 2058 3099 inconve-

52 3119 269 3168 ιιὶθιιιει
289 3135 316 3164 a
339 3121 444 3166 Deo
469 3122 633 3180 petiit..

175 3185 253 3231 An
283 3190 500 3232 TERTl'UM
523 3188 782 3243 dicendum,
811 3189 935 3248 quod
962 3190 1171 3234 ascensio
1193 3190 1308 3234 nihil
1335 3201 1404 3235 est
1431 3190 1568 3244 aliud,
1595 3204 1732 3249 quam
1760 3198 1912 3232 motus
1938 3188 1984 3232 in
2010 3187 2055 3232 id

24 3242 213 3312 quod
229 3261 297 3297 est
311 3267 515 3299 sursum·
533 3266 686 3300 motus
705 3267 873 3310 autem,
886 3267 935 3300 ut
951 3257 1169 3301 habetur
1159 3272 1205 3301 m
1223 3272 1260 3315 3.
1279 3258 1334 3301 de
1345 3257 1514 3301 Anima
1526 3257 1627 3315 (tex.
1643 3258 1711 3301 28.
1713 3258 1749 3308 )‚
1764 3256 1983 3314 dupliciter
2001 3254 2061 3298 di·

51 3316 228 3375 ’ῑζξοὶιυῐι
243 3334 327 3364 uno
343 3320 464 3364 modo
481 3322 679 3380 proprie,
696 3323 962 3377 secundum,
976 3323 1126 3383 quod
1114 3334 1332 3382 importat
1344 3324 1514 3368 exitum
1532 3324 1587 3367 de
1605 3321 1867 3381 potentiain
1886 3330 2054 3374 actum,

15 3389 17 3391 ’
89 3392 225 3444 prout
239 3396 306 3430 est
322 3397 448 3431 actus
464 3387 746 3446 imperfecti;
773 3400 816 3434 et
842 3389 907 3434 sic
934 3391 1179 3435 ascendere
1198 3392 1418 3450 competit
1444 3390 1485 3434 ei
1513 3389 1636 3448 quod
1655 3398 1722 3433 est
1738 3388 1943 3447 potentia
1963 3401 2056 3431 sur-

89 3461 208 3505 sum,
228 3460 381 3497 etnon
398 3463 525 3498 actu:
552 3464 598 3498 et
621 3454 712 3498 hoc
730 3455 888 3510 modo,
905 3467 955 3500 ut
974 3457 1292 3502 Damascenus
1310 3457 1445 3501 dicit
1435 3472 1480 3500 ιη
1511 3471 1548 3514 3.
1567 3455 1642 3500 lib.
1661 3456 1762 3513 (loc.
1781 3457 1850 3500 cit.
1868 3456 1914 3499 in
1925 3454 2056 3514 arg),

78 3530 121 3578 ῥα
142 3515 398 3564 intellectus
422 3519 651 3565 humanus
668 3521 842 3566 Christi
865 3536 960 3566 non
982 3533 1087 3582 eget
1112 3524 1381 3568 ascensione
1407 3524 1454 3566 in
1479 3523 1647 3575 Deum,
1671 3536 1777 3566 cum
1799 3522 1856 3566 sit
1877 3535 2058 3580 semper

75 3578 194 3628 :Deo
215 3584 368 3630 unitus
392 3595 438 3630 et
461 3586 715 3631 secundum
741 3601 841 3632 esse
866 3589 1121 3648 personale,
1148 3599 1193 3634 et
1218 3590 1469 3634 secundum
1488 3588 1928 3648 contemplationem
1952 3588 2057 3633 bea-
