2352 3926
0 455 15 596 i

0 638 18 702 »ψῃ
3 604 11 628 ν)

605 218 892 268 Quanam-ro
927 217 1159 260 cxxx-nn
1195 214 1515 260 Aartcuws
1548 214 1622 256 1v.
1975 202 2085 272 767

208 323 294 370 An·
317 335 536 371 rsa-rma
561 323 823 379 dicendum,
849 323 975 384 quod
998 322 1283 368 Eucharistia
1315 330 1384 367 est
1413 327 1753 367 sacramentum
1779 317 1920 365 totius
1946 319 2089 364 ecc1e÷

118 390 328 437 siasticae
352 393 551 447 unitatis,
576 401 623 440 et
645 390 750 436 ideo
767 390 1024 451 specialiter
1042 391 1090 435 in
1111 390 1203 435 hoc
1233 398 1539 443 sacramento,
1561 387 1719 447 magis:
1735 398 1875 448 quam
1900 386 1947 431 in
1970 385 2086 441 aliis,

119 458 253 504 debet
276 456 375 504 fieri
399 459 575 505 mentio
602 459 658 503 de
684 459 912 513 omnibus,
938 472 1055 517 quae
1081 457 1308 517 pertinent
1333 456 1389 500 ad
1415 455 1609 501 salutem
1634 454 1784 500 totius
1799 453 2052 500 Ecclesiae.

208 526 285 571 An
318 540 555 577 QUARTUM
589 526 849 580 dicendum,
875 525 999 585 quod
1025 525 1263 570 instructio
1290 523 1396 568 fidei
1433 533 1501 568 est
1536 523 1712 582 duplex.-
1750 536 1848 575 una,
1891 534 2008 581 quae
2039 518 2090 565 fit

59 619 66 624 -
117 594 297 639 noviter
311 594 582 648 imbuendis,
599 593 772 639 scilicet
789 593 1146 646 catechumenis,
1163 602 1208 636 et
1223 591 1325 636 talis
1341 591 1579 635 instructio
1597 589 1646 635 fit
1658 590 1783 635 circa·
1795 589 2088 650 baptismum;

119 662 207 707 alia
233 670 386 706 autem
413 671 482 706 est
498 661 749 715 instructio,
771 673 860 720 qua
881 659 1115 704 instruitur
1135 658 1282 703 fidelis
1303 657 1514 718 populus,
1540 658 1618 717 qui
1643 657 1959 702 communicat
1980 656 2089 700 huic

119 729 356 789 mysterio,
392 739 437 774 et
461 728 564 774 talis
595 729 833 773 instructio
865 727 915 772 fit
945 727 992 771 in
1024 727 1115 770 hoc
1143 736 1452 770 sacramento:
1482 736 1526 770 et
1551 735 1705 769 tamen
1733 725 1786 768 ab
1813 724 1900 768 hac
1927 725 2088 769 instru-

119 797 271 842 ctione
304 810 398 842 non
431 796 710 856 repelluntur
741 795 880 840 etiam
920 794 1253 847 catechumeni,
1295 803 1341 837 et
1374 792 1606 847 infideles3
1648 791 1768 837 unde
1809 792 1974 837 dicitur
2014 791 2086 836 De

120 862 340 909 Consecr.
375 864 496 921 (Dist
525 880 561 910 r.
598 871 690 923 cap.
725 863 843 922 77.).·
884 877 908 903 «
934 861 1187 920 Episcopus
1236 860 1414 904 nullum
1459 860 1701 919 prohibeat
1735 859 1912 918 ingredi
1946 857 2090 903 eccle·

117 931 250 986 siam,
274 941 322 976 et
352 931 506 976 audire
530 931 721 975 verbum
751 928 855 983 Dei,
886 929 982 973 sive
1010 927 1257 982 Gentilem,
1284 928 1379 972 sive
1406 927 1704 981 haereticum,
1732 927 1827 972 sive
1847 926 2088 985 Judaeum,

118 1012 264 1059 usque
281 998 337 1043 ad
354 1000 543 1043 missam
560 998 1054 1050 catechumenorum»,
1072 996 1118 1039 in
1136 1009 1226 1055 qua
1246 995 1421 1039 scilicet
1438 995 1696 1040 continetur
1711 995 1950 1039 instructio
1968 994 2087 1039 fidei.

209 1066 287 1111 AD
311 1077 540 1116 QUINTUM
566 1064 827 1118 dicendum,
853 1063 976 1122 quod
1002 1063 1050 1106 in
1075 1063 1166 1107 hoc
1193 1072 1495 1118 sacramento,
1536 1072 1580 1106 et
1612 1064 1763 1121 maior
1797 1062 1983 1106 devotio
2015 1076 2084 1107 re·

120 1132 324 1195 quiritur,
350 1146 489 1192 quam
525 1132 573 1176 in
613 1131 713 1176 aliis
751 1132 1064 1184 sacramentis,
1102 1141 1287 1190 propter
1316 1129 1408 1174 hoc
1442 1130 1564 1189 quod
1597 1130 1644 1173 in
1675 1129 1767 1173 hoc
1800 1139 2090 1174 sacramento

120 1209 245 1246 totus
270 1199 481 1245 Christus
507 1198 779 1254 continetur,
805 1207 850 1242 et
874 1197 1015 1242 etiam
1041 1198 1349 1251 communior,
1386 1197 1498 1256 quia
1517 1196 1564 1240 in
1590 1196 1682 1241 hoc
1710 1206 2000 1241 sacramento
2026 1210 2094 1241 re-

121 1267 312 1329 quiritur
334 1266 518 1313 devotio
542 1266 684 1311 totius
708 1265 868 1326 populi
894 1264 1144 1319 christiani,
1175 1278 1258 1324 pro
1281 1277 1372 1323 quo
1395 1263 1672 1309 sacrificium
1705 1262 1908 1319 offertur,
1931 1274 1976 1309 et
1995 1277 2091 1308 non

119 1334 275 1381 solum
298 1334 649 1395 percipientium
674 1342 1030 1387 sacramentum,
1055 1334 1172 1377 sicut
1191 1332 1239 1376 in
1262 1330 1361 1376 aliis
1383 1331 1702 1386 sacramentis3
1726 1340 1771 1375 et
1791 1331 1911 1386 ideo,
1934 1341 1983 1376 ut
2005 1329 2094 1391 Cy-

123 1403 309 1462 prianus
340 1401 450 1447 dicit
481 1402 550 1461 (in
581 1402 653 1447 lib.
688 1402 736 1446 de
769 1401 896 1447 Orat.
931 1402 1062 1446 Dom.
1095 1401 1299 1459 aliquant.
1332 1407 1425 1447 ante
1457 1399 1577 1460 fin),
1626 1417 1650 1443 «
1675 1400 1890 1445 sacerdos
1922 1400 2095 1460 praefa-

119 1470 246 1515 tione
271 1471 521 1530 praemissa
546 1479 675 1529 parat
698 1468 890 1514 fratrum
923 1478 1118 1523 mentes,
1155 1468 1374 1514 dicendo:
1415 1468 1590 1514 Sursum
1623 1468 1767 1523 corda,
1803 1477 1854 1512 ut
1887 1467 1999 1512 dum
2029 1481 2096 1512 re-

120 1537 316 1598 spondet
338 1537 486 1598 plebs:
512 1537 731 1582 Habemus
744 1536 798 1581 ad
813 1537 1066 1592 Dominum,
1095 1537 1398 1581 admoneatur
1412 1535 1528 1580 nihil
1546 1534 1668 1580 aliud
1688 1549 1753 1591 se,
1778 1549 1917 1595 quam
1938 1536 2092 1581 Deum

121 1605 325 1663 cogitare
351 1603 515 1649 debere
540 1621 582 1648 n.

210 1672 289 1718 ΑΒ
314 1684 508 1718 sx-:X'rtm
533 1671 793 1726 dicendum,
819 1672 942 1731 quod
963 1672 1012 1716 in
1036 1671 1128 1716 hoc
1156 1681 1461 1726 sacramento,
1484 1670 1601 1716 sicut
1622 1671 1795 1716 dictum
1813 1680 1881 1715 est
1899 1670 1964 1728 (in
1985 1678 2089 1730 resp.

124 1739 180 1785 ad
204 1740 281 1800 3.)‚
307 1749 555 1799 tanguntur
580 1752 634 1783 ea
661 1753 776 1798 quae
802 1739 1028 1798 pertinent
1054 1740 1110 1784 ad
1145 1750 1292 1784 totam
1324 1738 1607 1794 Ecclesiam3
1646 1748 1691 1783 et
1725 1738 1830 1782 ideo
1867 1738 2092 1798 quaedam

124 1806 336 1852 dicuntur
361 1818 388 1851 a
412 1807 573 1862 choro,
599 1820 718 1866 quae
748 1806 975 1866 pertinent
1000 1807 1055 1851 ad
1082 1807 1320 1867 populum,
1357 1820 1554 1866 quorum
1582 1807 1808 1866 quaedam
1836 1806 2003 1851 chorus
2027 1815 2096 1850 to-

124 1873 274 1919 taliter
298 1874 598 1934 prosequitur,
624 1888 740 1933 quae
762 1874 936 1919 scilicet
961 1875 1046 1919 toti
1071 1874 1244 1934 populo
1278 1875 1574 1934 inspirantur:
1612 1875 1838 1933 quaedam
1873 1888 1985 1918 vero
2018 1887 2096 1933 po·

123 1940 255 2001 pulus
280 1942 582 2002 prosequitur,
608 1941 846 1986 sacerdote
878 1943 1140 1997 inchoante,
1174 1943 1252 2002 qui
1282 1953 1529 2001 personam
1554 1943 1644 1986 Dei
1670 1942 1809 2002 gerit3
1835 1943 1882 1986 in
1909 1943 2092 2001 signum

123 2009 248 2070 qnod
281 2009 391 2054 talia
425 2020 727 2069 pervenerunt
767 2010 824 2054 ad
866 2009 1090 2070 populum
1122 2024 1178 2055 ex
1207 2010 1488 2055 revelatione
1522 2010 1694 2064 divina;
1736 2010 1853 2054 sicut
1890 2009 2017 2064 fides,
2051 2019 2095 2054 et

123 2075 273 2136 gloria
298 2076 533 2122 coelestis:
559 2087 605 2121 et
627 2077 732 2121 ideo
759 2077 973 2122 sacerdos
999 2077 1188 2122 inchoat
1214 2077 1491 2137 Symbolum
1516 2077 1636 2131 fidei,
1660 2087 1703 2122 et
1730 2077 1933 2122 «Gloria
1955 2077 2001 2121 in
2024 2091 2096 2121 ex-

124 2142 261 2190 celsis
280 2143 385 2189 Deo
411 2160 454 2188 ιο.
483 2142 728 2197 Quaedam
751 2158 861 2189 vero
893 2144 1106 2190 dicuntur
1137 2159 1217 2204 per
1249 2145 1497 2198 ministros,
1535 2144 1651 2189 sicut
1676 2144 1884 2189 doctrina
1914 2145 2095 2199 veteris,

123 2220 170 2256 et
193 2211 304 2256 novi
329 2209 630 2265 Testamenti,
666 2211 712 2255 in
734 2211 918 2271 signum
934 2212 1059 2271 quod
1080 2226 1159 2272 per
1185 2212 1417 2257 ministros
1441 2226 1466 2257 a
1484 2213 1587 2256 Deo
1611 2211 1776 2256 missos
1799 2222 1867 2256 est
1887 2211 2096 2256 doctrina

122 2277 239 2324 haec
265 2277 446 2338 populis
483 2279 763 2323 annuntiata.
793 2278 1038 2331 Quaedam
1073 2293 1184 2324 vero
1222 2280 1437 2324 sacerdos
1474 2279 1598 2324 solus
1635 2279 1936 2338 prosequitur,
1977 2293 2094 2338 quae

123 2344 298 2391 scilicet
322 2345 379 2390 ad
404 2346 640 2406 proprium
667 2344 872 2390 officium
898 2346 1148 2391 sacerdotis
1179 2347 1421 2405 pertinent,
1447 2355 1497 2391 ut
1521 2344 1697 2391 scilicet
1733 2346 1858 2400 dona,
1891 2352 1929 2391 et
1953 2354 2096 2406 preces

122 2413 269 2472 offerat
284 2421 367 2473 pro
381 2413 556 2473 populo,
584 2413 702 2458 sicut
732 2413 897 2458 dicitur
922 2413 1060 2458 Hebr.
1093 2426 1128 2472 5.
1156 2414 1208 2458 In
1234 2413 1304 2458 his
1330 2424 1486 2458 tamen
1513 2412 1740 2473 quaedam
1767 2413 1876 2458 dicit
1897 2413 2094 2473 publice,

122 2478 297 2526 scilicet
309 2493 426 2540 quae
443 2480 670 2540 pertinent
693 2490 739 2526 et
757 2481 813 2525 ad
837 2482 1140 2536 sacerdotem,
1168 2491 1213 2527 et
1238 2482 1294 2526 ad
1320 2481 1558 2541 populum,
1596 2481 1713 2526 sicut
1738 2490 1843 2525 sunt
1865 2482 2094 2526 orationes

124 2559 418 2593 communes:
445 2547 672 2607 quaedam
702 2561 816 2592 vero
840 2548 1070 2607 pertinent
1099 2549 1163 2594 adt
1187 2548 1340 2594 solum
1363 2549 1666 2603 sacerdotem,
1703 2549 1819 2593 sicut
1842 2548 2027 2602 oblatio,
2051 2557 2096 2593 et

125 2614 435 2670 consecrati03
461 2625 507 2660 et
531 2615 636 2660 ideo
663 2629 780 2675 quae
807 2616 927 2660 circa
953 2616 1068 2661 haec
1095 2627 1201 2661 sunt
1236 2616 1442 2671 dicenda,
1482 2616 1663 2661 occulte
1700 2629 1727 2659 a
1758 2616 1997 2661 sacerdote
2029 2615 2095 2659 di-

125 2690 309 2726 cuntur:
340 2682 388 2726 in
417 2682 618 2742 utrisque
647 2692 804 2728 tamen
836 2683 1002 2728 excitat
1027 2685 1328 2729 attentionem
1365 2683 1538 2744 populi,
1565 2683 1785 2728 dicendo:
1817 2683 2094 2727 «Dominus

123 2748 364 2794 vobiscum
381 2764 423 2803 a,
449 2759 495 2794 et
519 2759 727 2809 expectat
751 2763 988 2795 assensum
1013 2751 1288 2797 dicentium:
1318 2767 1341 2793 «
1358 2750 1578 2806 Amen'»;
1612 2760 1656 2795 et
1673 2750 1776 2794 ideo
1800 2750 1937 2794 etiam
1959 2752 2005 2794 in
2022 2750 2095 2794 his

125 2829 243 2876 quae
267 2825 440 2860 secrete
466 2815 689 2871 dicuntur,
714 2817 895 2876 publice
919 2819 1188 2877 praemittit:
1219 2835 1242 2861 «
1258 2819 1491 2863 Dominus
1515 2818 1815 2871 vobiscum»,
1839 2826 1885 2861 et
1916 2817 2096 2876 subjun-

126 2883 211 2942 git:
241 2898 267 2925 α
293 2883 381 2927 Per
404 2883 567 2927 omnia.
587 2883 770 2928 saecula
795 2884 1091 2930 saeculorum.
1110 2902 1158 2942 »3
1184 2885 1260 2931 vel
1286 2891 1459 2931 secrete
1486 2885 1637 2944 aliqua
1659 2884 1872 2928 sacerdos
1898 2884 2022 2939 dicit,
2047 2884 2094 2928 in

125 2950 309 3008 signum
335 2950 459 3009 quod
480 2950 602 2994 circa
625 2950 796 2996 Christi
817 2952 1079 3010 passionem
1101 2953 1312 3014 discipuli
1332 2967 1427 2999 non
1448 2953 1536 2998 nisi
1559 2951 1739 2997 occulte
1763 2948 2096 2997 confitebantur

127 3016 379 3062 Christum.

215 3085 294 3129 An
325 3095 568 3129 SEPTIMUM
599 3084 859 3140 dicendum,
892 3086 1014 3146 quod
1048 3086 1251 3132 efficacia
1289 3088 1536 3132 verborum
1571 3085 1972 3131 sacramentalium
2009 3086 2096 3131 im-

126 3151 271 3211 pediri
295 3161 450 3211 potest
470 3165 550 3211 per
575 3151 877 3197 intentionem
903 3155 1177 3209 sacerdotis;
1203 3169 1288 3199 nec
1314 3164 1471 3199 tamen
1498 3164 1566 3199 est
1596 3154 1939 3207 inconveniens,
1972 3154 2095 3213 quod

127 3218 280 3264 a‘Deo
306 3228 516 3278 petamus
548 3218 607 3272 id,
640 3219 764 3278 quod
796 3221 1050 3266 certissime
1075 3223 1246 3267 scimus
1279 3222 1429 3281 ipsum
1461 3221 1713 3275 facturum3
1741 3221 1857 3265 sicut
1884 3220 2095 3266 Christus

119 3284 251 3344 Joan.
282 3299 348 3344 17.
381 3286 509 3345 petiit
533 3299 664 3330 suam
692 3285 1083 3333 clarificationem.
1109 3288 1217 3334 Non
1243 3298 1399 3333 tamen
1424 3288 1604 3332 videtur
1624 3288 1686 3332 ibi
1713 3288 1926 3332 sacerdos
1949 3301 2096 3343 orare,

126 3355 481 3398 utconsecratio
506 3353 764 3412 impleatur,
790 3354 870 3398 sed
895 3364 946 3399 ut
968 3355 1100 3400 nobis
1131 3356 1211 3400 fiat
1240 3355 1499 3410 fructuosa;
1535 3354 1656 3399 unde
1693 3355 1926 3414 signanter
1960 3355 2091 3400 dicit:

131 3419 246 3465 «Ut
266 3420 403 3464 nobis
427 3434 606 3479 corpus,
633 3430 679 3465 et
703 3421 888 3479 sanguis
912 3421 994 3466 fiat
1016 3439 1058 3466 υ,
1085 3422 1141 3467 Et
1166 3423 1257 3466 hoc
1285 3422 1542 3481 significant
1565 3422 1720 3476 verba,
1747 3436 1864 3481 quae
1886 3423 2098 3481 praemit-

127 3486 195 3540 tit,
219 3486 394 3532 dicens:
425 3502 449 3529 α
475 3487 606 3531 Hanc
633 3486 918 3532 oblationem
941 3487 1091 3534 facere
1117 3490 1316 3549 digneris
1342 3490 1628 3534 benedictam
1657 3505 1699 3544 »,
1726 3490 1982 3534 secundum
2005 3490 2098 3534 Au-

128 3552 364 3612 gustinum·
385 3553 502 3611 (hab.
522 3552 573 3599 e'x
593 3554 664 3600 lib.
690 3554 738 3599 dc
766 3553 896 3615 Corp.
922 3561 960 3600 et
989 3556 1115 3616 Sang.
1149 3558 1277 3602 Dom.
1301 3557 1515 3602 Paschasii
1534 3558 1629 3603 abb.
1645 3564 1735 3617 cap.
1761 3570 1824 3602 12.
1858 3558 1934 3602 cir.
1952 3557 2096 3616 med),

129 3619 246 3665 idest
272 3635 298 3662 α
321 3633 402 3680 per
436 3635 575 3680 quam
607 3621 989 3678 benedicamur»,
1016 3622 1190 3669 scilicet
1220 3637 1301 3684 per
1336 3623 1530 3682 gratiam
1571 3638 1595 3666 «
1618 3623 1893 3684 adscriptam
1919 3639 1963 3680 n,
1979 3623 2098 3669 idest
