<?xml version="1.0" encoding="UTF-8"?>
<!DOCTYPE html PUBLIC "-//W3C//DTD XHTML 1.0 Transitional//EN"
    "http://www.w3.org/TR/xhtml1/DTD/xhtml1-transitional.dtd">
<html xmlns="http://www.w3.org/1999/xhtml" xml:lang="en" lang="en">
 <head>
  <title>
</title>
<meta http-equiv="Content-Type" content="text/html;charset=utf-8" />
  <meta name='ocr-system' content='tesseract 3.04.00' />
  <meta name='ocr-capabilities' content='ocr_page ocr_carea ocr_par ocr_line ocrx_word'/>
</head>
<body>
  <div class='ocr_page' id='page_1' title='image "./divithomaeaquina04thom_0351.png"; bbox 0 0 2352 3926; ppageno 0'>
   <div class='ocr_carea' id='block_1_1' title="bbox 0 260 113 3042">
    <p class='ocr_par' dir='ltr' id='par_1_1' title="bbox 0 260 113 3042">
     <span class='ocr_line' id='line_1_1' title="bbox 0 260 113 520; baseline 0 -70"><span class='ocrx_word' id='word_1_1' title='bbox 0 260 113 520; x_wconf 95' lang='lat' dir='ltr'>    </span> 
     </span>
     <span class='ocr_line' id='line_1_2' title="bbox 0 520 43 586; baseline 0 3340"><span class='ocrx_word' id='word_1_2' title='bbox 0 520 43 586; x_wconf 95' lang='lat' dir='ltr'> </span> 
     </span>
     <span class='ocr_line' id='line_1_3' title="bbox 0 586 40 855; baseline 0 0"><span class='ocrx_word' id='word_1_3' title='bbox 0 586 40 855; x_wconf 95' lang='lat' dir='ltr'>    </span> 
     </span>
     <span class='ocr_line' id='line_1_4' title="bbox 0 855 32 1058; baseline 0 -67"><span class='ocrx_word' id='word_1_4' title='bbox 0 855 32 1058; x_wconf 95' lang='lat' dir='ltr'>   </span> 
     </span>
     <span class='ocr_line' id='line_1_5' title="bbox 0 1058 32 1125; baseline 0 2801"><span class='ocrx_word' id='word_1_5' title='bbox 0 1058 32 1125; x_wconf 95' lang='lat' dir='ltr'> </span> 
     </span>
     <span class='ocr_line' id='line_1_6' title="bbox 0 1125 35 1192; baseline 0 2734"><span class='ocrx_word' id='word_1_6' title='bbox 0 1125 35 1192; x_wconf 95' lang='lat' dir='ltr'> </span> 
     </span>
     <span class='ocr_line' id='line_1_7' title="bbox 0 1192 35 1463; baseline 0 -137"><span class='ocrx_word' id='word_1_7' title='bbox 0 1192 35 1463; x_wconf 95' lang='lat' dir='ltr'>    </span> 
     </span>
     <span class='ocr_line' id='line_1_8' title="bbox 0 1463 31 1665; baseline 0 -68"><span class='ocrx_word' id='word_1_8' title='bbox 0 1463 31 1665; x_wconf 95' lang='lat' dir='ltr'>   </span> 
     </span>
     <span class='ocr_line' id='line_1_9' title="bbox 0 1665 35 1730; baseline 0 2196"><span class='ocrx_word' id='word_1_9' title='bbox 0 1665 35 1730; x_wconf 95' lang='lat' dir='ltr'> </span> 
     </span>
     <span class='ocr_line' id='line_1_10' title="bbox 0 1730 41 1799; baseline 0 2127"><span class='ocrx_word' id='word_1_10' title='bbox 0 1730 41 1799; x_wconf 95' lang='lat' dir='ltr'> </span> 
     </span>
     <span class='ocr_line' id='line_1_11' title="bbox 0 1799 43 1867; baseline 0 2059"><span class='ocrx_word' id='word_1_11' title='bbox 0 1799 43 1867; x_wconf 95' lang='lat' dir='ltr'> </span> 
     </span>
     <span class='ocr_line' id='line_1_12' title="bbox 0 1867 43 1933; baseline 0 1993"><span class='ocrx_word' id='word_1_12' title='bbox 0 1867 43 1933; x_wconf 95' lang='lat' dir='ltr'> </span> 
     </span>
     <span class='ocr_line' id='line_1_13' title="bbox 0 1933 43 2000; baseline 0 1926"><span class='ocrx_word' id='word_1_13' title='bbox 0 1933 43 2000; x_wconf 95' lang='lat' dir='ltr'> </span> 
     </span>
     <span class='ocr_line' id='line_1_14' title="bbox 0 2000 44 2066; baseline 0 1860"><span class='ocrx_word' id='word_1_14' title='bbox 0 2000 44 2066; x_wconf 95' lang='lat' dir='ltr'> </span> 
     </span>
     <span class='ocr_line' id='line_1_15' title="bbox 0 2066 42 2134; baseline 0 1792"><span class='ocrx_word' id='word_1_15' title='bbox 0 2066 42 2134; x_wconf 95' lang='lat' dir='ltr'> </span> 
     </span>
     <span class='ocr_line' id='line_1_16' title="bbox 0 2134 42 2204; baseline 0 1722"><span class='ocrx_word' id='word_1_16' title='bbox 0 2134 42 2204; x_wconf 95' lang='lat' dir='ltr'> </span> 
     </span>
     <span class='ocr_line' id='line_1_17' title="bbox 0 2204 39 2346; baseline 0 -10"><span class='ocrx_word' id='word_1_17' title='bbox 0 2204 39 2346; x_wconf 95' lang='lat' dir='ltr'>   </span> 
     </span>
     <span class='ocr_line' id='line_1_18' title="bbox 0 2346 41 2614; baseline 0 -74"><span class='ocrx_word' id='word_1_18' title='bbox 0 2346 41 2614; x_wconf 95' lang='lat' dir='ltr'>    </span> 
     </span>
     <span class='ocr_line' id='line_1_19' title="bbox 0 2614 102 2749; baseline 0 -50"><span class='ocrx_word' id='word_1_19' title='bbox 0 2614 102 2749; x_wconf 95' lang='lat' dir='ltr'>   </span> 
     </span>
     <span class='ocr_line' id='line_1_20' title="bbox 0 2749 80 2857; baseline 0 0"><span class='ocrx_word' id='word_1_20' title='bbox 0 2749 80 2857; x_wconf 95' lang='lat' dir='ltr'>    </span> 
     </span>
     <span class='ocr_line' id='line_1_21' title="bbox 0 2857 42 3042; baseline 0 0"><span class='ocrx_word' id='word_1_21' title='bbox 0 2857 42 3042; x_wconf 95' lang='lat' dir='ltr'>  </span> 
     </span>
    </p>
   </div>
   <div class='ocr_carea' id='block_1_2' title="bbox 654 190 2073 247">
    <p class='ocr_par' dir='ltr' id='par_1_2' title="bbox 654 190 2073 247">
     <span class='ocr_line' id='line_1_22' title="bbox 654 190 2073 247; baseline -0.004 -12"><span class='ocrx_word' id='word_1_22' title='bbox 654 193 934 241; x_wconf 76' lang='lat' dir='ltr'><strong>QUAESTIO</strong></span> <span class='ocrx_word' id='word_1_23' title='bbox 975 194 1083 233; x_wconf 83' lang='lat' dir='ltr'>XLI.</span> <span class='ocrx_word' id='word_1_24' title='bbox 1124 192 1433 234; x_wconf 78' lang='lat' dir='ltr'>ARTICULUS</span> <span class='ocrx_word' id='word_1_25' title='bbox 1472 193 1507 232; x_wconf 89' lang='lat'>1.</span> <span class='ocrx_word' id='word_1_26' title='bbox 1967 190 2073 247; x_wconf 79' lang='lat'>347</span> 
     </span>
    </p>
   </div>
   <div class='ocr_carea' id='block_1_3' title="bbox 3 292 2077 3650">
    <p class='ocr_par' dir='ltr' id='par_1_3' title="bbox 13 292 2077 1296">
     <span class='ocr_line' id='line_1_23' title="bbox 27 292 2073 356; baseline -0.002 -15"><span class='ocrx_word' id='word_1_27' title='bbox 27 296 30 351; x_wconf 66' lang='lat'><em>3</em></span> <span class='ocrx_word' id='word_1_28' title='bbox 113 293 211 351; x_wconf 63' lang='lat' dir='ltr'>luit,</span> <span class='ocrx_word' id='word_1_29' title='bbox 235 294 315 356; x_wconf 90' lang='lat' dir='ltr'>qui</span> <span class='ocrx_word' id='word_1_30' title='bbox 335 304 523 341; x_wconf 85' lang='lat' dir='ltr'>venerat</span> <span class='ocrx_word' id='word_1_31' title='bbox 562 296 724 351; x_wconf 87' lang='lat' dir='ltr'>occidi,</span> <span class='ocrx_word' id='word_1_32' title='bbox 754 298 925 356; x_wconf 85' lang='lat' dir='ltr'>justum</span> <span class='ocrx_word' id='word_1_33' title='bbox 952 297 1117 356; x_wconf 89' lang='lat' dir='ltr'>quippe</span> <span class='ocrx_word' id='word_1_34' title='bbox 1147 306 1256 350; x_wconf 89' lang='lat' dir='ltr'>erat,</span> <span class='ocrx_word' id='word_1_35' title='bbox 1298 306 1347 341; x_wconf 89' lang='lat' dir='ltr'>ut</span> <span class='ocrx_word' id='word_1_36' title='bbox 1378 296 1442 340; x_wconf 90' lang='lat' dir='ltr'>sic</span> <span class='ocrx_word' id='word_1_37' title='bbox 1474 294 1954 340; x_wconf 76' lang='lat' dir='ltr'>tentationesnostras</span> <span class='ocrx_word' id='word_1_38' title='bbox 1981 292 2073 337; x_wconf 90' lang='lat' dir='ltr'>suis</span> 
     </span>
     <span class='ocr_line' id='line_1_24' title="bbox 111 362 2074 421; baseline -0.003 -13.257"><span class='ocrx_word' id='word_1_39' title='bbox 111 362 436 408; x_wconf 84' lang='lat' dir='ltr'>tentationibus</span> <span class='ocrx_word' id='word_1_40' title='bbox 467 363 683 419; x_wconf 88' lang='lat' dir='ltr'>vinceret,</span> <span class='ocrx_word' id='word_1_41' title='bbox 705 363 822 408; x_wconf 88' lang='lat' dir='ltr'>sicut</span> <span class='ocrx_word' id='word_1_42' title='bbox 847 374 1045 409; x_wconf 87' lang='lat' dir='ltr'>mortem</span> <span class='ocrx_word' id='word_1_43' title='bbox 1071 373 1275 408; x_wconf 88' lang='lat' dir='ltr'>nostram</span> <span class='ocrx_word' id='word_1_44' title='bbox 1301 372 1487 408; x_wconf 89' lang='lat' dir='ltr'>venerat</span> <span class='ocrx_word' id='word_1_45' title='bbox 1508 377 1590 407; x_wconf 92' lang='lat' dir='ltr'>sua</span> <span class='ocrx_word' id='word_1_46' title='bbox 1608 371 1756 407; x_wconf 87' lang='lat' dir='ltr'>morte</span> <span class='ocrx_word' id='word_1_47' title='bbox 1781 375 1995 421; x_wconf 88' lang='lat' dir='ltr'>superare</span> <span class='ocrx_word' id='word_1_48' title='bbox 2021 375 2074 414; x_wconf 82' lang='lat'>»3</span> 
     </span>
     <span class='ocr_line' id='line_1_25' title="bbox 110 427 2076 489; baseline -0.002 -14.162"><span class='ocrx_word' id='word_1_49' title='bbox 110 428 283 475; x_wconf 80' lang='lat' dir='ltr'>secundo</span> <span class='ocrx_word' id='word_1_50' title='bbox 304 439 489 489; x_wconf 90' lang='lat' dir='ltr'>propter</span> <span class='ocrx_word' id='word_1_51' title='bbox 509 441 714 475; x_wconf 90' lang='lat' dir='ltr'>nostram</span> <span class='ocrx_word' id='word_1_52' title='bbox 738 430 980 484; x_wconf 88' lang='lat' dir='ltr'>cautelam,</span> <span class='ocrx_word' id='word_1_53' title='bbox 998 441 1047 475; x_wconf 91' lang='lat' dir='ltr'>ut</span> <span class='ocrx_word' id='word_1_54' title='bbox 1062 430 1213 474; x_wconf 88' lang='lat' dir='ltr'>nullus</span> <span class='ocrx_word' id='word_1_55' title='bbox 1230 441 1651 489; x_wconf 88' lang='lat' dir='ltr'>quantumcumque</span> <span class='ocrx_word' id='word_1_56' title='bbox 1674 438 1871 482; x_wconf 87' lang='lat' dir='ltr'>sanctus,</span> <span class='ocrx_word' id='word_1_57' title='bbox 1885 442 1934 473; x_wconf 88' lang='lat' dir='ltr'>se</span> <span class='ocrx_word' id='word_1_58' title='bbox 1948 427 2076 472; x_wconf 87' lang='lat' dir='ltr'>aesti-</span> 
     </span>
     <span class='ocr_line' id='line_1_26' title="bbox 112 495 2077 556; baseline -0 -16.046"><span class='ocrx_word' id='word_1_59' title='bbox 112 506 206 542; x_wconf 87' lang='lat' dir='ltr'>met</span> <span class='ocrx_word' id='word_1_60' title='bbox 231 510 458 552; x_wconf 89' lang='lat' dir='ltr'>securum,</span> <span class='ocrx_word' id='word_1_61' title='bbox 485 507 529 542; x_wconf 91' lang='lat' dir='ltr'>et</span> <span class='ocrx_word' id='word_1_62' title='bbox 555 500 809 542; x_wconf 89' lang='lat' dir='ltr'>immunem</span> <span class='ocrx_word' id='word_1_63' title='bbox 837 512 862 542; x_wconf 91' lang='lat' dir='ltr'>a</span> <span class='ocrx_word' id='word_1_64' title='bbox 888 499 1159 551; x_wconf 82' lang='lat' dir='ltr'>tentatione3</span> <span class='ocrx_word' id='word_1_65' title='bbox 1178 498 1296 541; x_wconf 90' lang='lat' dir='ltr'>unde</span> <span class='ocrx_word' id='word_1_66' title='bbox 1315 509 1359 541; x_wconf 86' lang='lat' dir='ltr'>et</span> <span class='ocrx_word' id='word_1_67' title='bbox 1384 507 1487 556; x_wconf 88' lang='lat' dir='ltr'>post</span> <span class='ocrx_word' id='word_1_68' title='bbox 1512 497 1786 556; x_wconf 84' lang='lat' dir='ltr'>baptismum</span> <span class='ocrx_word' id='word_1_69' title='bbox 1814 495 1977 540; x_wconf 88' lang='lat' dir='ltr'>tentari</span> <span class='ocrx_word' id='word_1_70' title='bbox 1999 509 2077 539; x_wconf 88' lang='lat' dir='ltr'>vo-</span> 
     </span>
     <span class='ocr_line' id='line_1_27' title="bbox 111 559 2075 623; baseline -0 -16.041"><span class='ocrx_word' id='word_1_71' title='bbox 111 559 219 608; x_wconf 79' lang='lat' dir='ltr'>luit:</span> <span class='ocrx_word' id='word_1_72' title='bbox 246 564 366 623; x_wconf 89' lang='lat' dir='ltr'>quia,</span> <span class='ocrx_word' id='word_1_73' title='bbox 392 564 509 608; x_wconf 88' lang='lat' dir='ltr'>sicut</span> <span class='ocrx_word' id='word_1_74' title='bbox 531 564 732 610; x_wconf 89' lang='lat' dir='ltr'>Hilarius</span> <span class='ocrx_word' id='word_1_75' title='bbox 750 565 861 608; x_wconf 90' lang='lat' dir='ltr'>dicit</span> <span class='ocrx_word' id='word_1_76' title='bbox 886 568 1020 623; x_wconf 75' lang='lat' dir='ltr'>super</span> <span class='ocrx_word' id='word_1_77' title='bbox 1044 564 1206 608; x_wconf 90' lang='lat' dir='ltr'>Matth.</span> <span class='ocrx_word' id='word_1_78' title='bbox 1227 567 1337 621; x_wconf 81' lang='lat' dir='ltr'>(can.</span> <span class='ocrx_word' id='word_1_79' title='bbox 1357 580 1391 622; x_wconf 80' lang='lat'>3.</span> <span class='ocrx_word' id='word_1_80' title='bbox 1420 578 1446 608; x_wconf 91' lang='lat' dir='ltr'>a</span> <span class='ocrx_word' id='word_1_81' title='bbox 1466 566 1645 623; x_wconf 68' lang='lat' dir='ltr'>princ),</span> <span class='ocrx_word' id='word_1_82' title='bbox 1677 564 1763 607; x_wconf 90' lang='lat' dir='ltr'>«in</span> <span class='ocrx_word' id='word_1_83' title='bbox 1783 562 2075 607; x_wconf 88' lang='lat' dir='ltr'>sanctificatis</span> 
     </span>
     <span class='ocr_line' id='line_1_28' title="bbox 21 629 2073 692; baseline 0 -18"><span class='ocrx_word' id='word_1_84' title='bbox 21 687 39 692; x_wconf 64' lang='lat'><em>,</em></span> <span class='ocrx_word' id='word_1_85' title='bbox 109 630 241 675; x_wconf 86' lang='lat' dir='ltr'>nobis</span> <span class='ocrx_word' id='word_1_86' title='bbox 283 631 483 676; x_wconf 82' lang='lat' dir='ltr'>maxime</span> <span class='ocrx_word' id='word_1_87' title='bbox 523 632 692 677; x_wconf 86' lang='lat' dir='ltr'>diaboli</span> <span class='ocrx_word' id='word_1_88' title='bbox 731 641 1013 676; x_wconf 85' lang='lat' dir='ltr'>tentamenta</span> <span class='ocrx_word' id='word_1_89' title='bbox 1047 642 1329 690; x_wconf 88' lang='lat' dir='ltr'>grassantur:</span> <span class='ocrx_word' id='word_1_90' title='bbox 1369 631 1474 690; x_wconf 92' lang='lat' dir='ltr'>quia</span> <span class='ocrx_word' id='word_1_91' title='bbox 1514 631 1707 675; x_wconf 86' lang='lat' dir='ltr'>victoria</span> <span class='ocrx_word' id='word_1_92' title='bbox 1741 631 1888 690; x_wconf 89' lang='lat' dir='ltr'>magis</span> <span class='ocrx_word' id='word_1_93' title='bbox 1930 639 1998 674; x_wconf 91' lang='lat' dir='ltr'>est</span> <span class='ocrx_word' id='word_1_94' title='bbox 2030 629 2073 674; x_wconf 87' lang='lat' dir='ltr'>ei</span> 
     </span>
     <span class='ocr_line' id='line_1_29' title="bbox 23 696 2072 757; baseline -0 -15"><span class='ocrx_word' id='word_1_95' title='bbox 23 696 33 741; x_wconf 56' lang='grc' dir='ltr'>’ἶ</span> <span class='ocrx_word' id='word_1_96' title='bbox 110 708 322 757; x_wconf 83' lang='lat' dir='ltr'>exoptata</span> <span class='ocrx_word' id='word_1_97' title='bbox 347 698 403 743; x_wconf 91' lang='lat' dir='ltr'>de</span> <span class='ocrx_word' id='word_1_98' title='bbox 429 699 650 753; x_wconf 80' lang='lat' dir='ltr'>sanctis»;</span> <span class='ocrx_word' id='word_1_99' title='bbox 678 699 795 742; x_wconf 88' lang='lat' dir='ltr'>unde</span> <span class='ocrx_word' id='word_1_100' title='bbox 823 708 867 744; x_wconf 91' lang='lat' dir='ltr'>et</span> <span class='ocrx_word' id='word_1_101' title='bbox 884 697 1022 742; x_wconf 86' lang='lat' dir='ltr'>Eccli.</span> <span class='ocrx_word' id='word_1_102' title='bbox 1040 711 1078 741; x_wconf 90' lang='lat'>2.</span> <span class='ocrx_word' id='word_1_103' title='bbox 1094 698 1397 749; x_wconf 77' lang='lat' dir='ltr'>diciturzFili,</span> <span class='ocrx_word' id='word_1_104' title='bbox 1417 697 1607 742; x_wconf 77' lang='lat' dir='ltr'>accedens</span> <span class='ocrx_word' id='word_1_105' title='bbox 1636 697 1689 742; x_wconf 87' lang='lat' dir='ltr'>ad</span> <span class='ocrx_word' id='word_1_106' title='bbox 1714 699 1956 742; x_wconf 76' lang='lat' dir='ltr'>servitutem</span> <span class='ocrx_word' id='word_1_107' title='bbox 1973 697 2072 750; x_wconf 88' lang='lat' dir='ltr'>Dei,</span> 
     </span>
     <span class='ocr_line' id='line_1_30' title="bbox 109 764 2076 825; baseline -0.002 -15"><span class='ocrx_word' id='word_1_108' title='bbox 109 770 175 810; x_wconf 77' lang='lat' dir='ltr'>sta</span> <span class='ocrx_word' id='word_1_109' title='bbox 203 766 249 809; x_wconf 83' lang='lat' dir='ltr'>in</span> <span class='ocrx_word' id='word_1_110' title='bbox 272 767 434 821; x_wconf 79' lang='lat' dir='ltr'>iustitia</span> <span class='ocrx_word' id='word_1_111' title='bbox 457 772 496 811; x_wconf 87' lang='lat' dir='ltr'>et</span> <span class='ocrx_word' id='word_1_112' title='bbox 511 767 674 820; x_wconf 81' lang='lat' dir='ltr'>timore,</span> <span class='ocrx_word' id='word_1_113' title='bbox 697 771 734 810; x_wconf 87' lang='lat' dir='ltr'>et</span> <span class='ocrx_word' id='word_1_114' title='bbox 752 773 971 825; x_wconf 87' lang='lat' dir='ltr'>praepara</span> <span class='ocrx_word' id='word_1_115' title='bbox 997 767 1185 810; x_wconf 86' lang='lat' dir='ltr'>animam</span> <span class='ocrx_word' id='word_1_116' title='bbox 1203 771 1318 809; x_wconf 87' lang='lat' dir='ltr'>tuam</span> <span class='ocrx_word' id='word_1_117' title='bbox 1344 764 1397 808; x_wconf 87' lang='lat' dir='ltr'>ad</span> <span class='ocrx_word' id='word_1_118' title='bbox 1424 766 1720 809; x_wconf 76' lang='lat' dir='ltr'>tentationem:</span> <span class='ocrx_word' id='word_1_119' title='bbox 1749 767 1868 809; x_wconf 88' lang='lat' dir='ltr'>tertio</span> <span class='ocrx_word' id='word_1_120' title='bbox 1891 774 2076 824; x_wconf 89' lang='lat' dir='ltr'>propter</span> 
     </span>
     <span class='ocr_line' id='line_1_31' title="bbox 110 831 2074 892; baseline -0.001 -15"><span class='ocrx_word' id='word_1_121' title='bbox 110 832 388 892; x_wconf 84' lang='lat' dir='ltr'>exemplum,</span> <span class='ocrx_word' id='word_1_122' title='bbox 413 842 463 876; x_wconf 91' lang='lat' dir='ltr'>ut</span> <span class='ocrx_word' id='word_1_123' title='bbox 487 832 662 877; x_wconf 89' lang='lat' dir='ltr'>scilicet</span> <span class='ocrx_word' id='word_1_124' title='bbox 691 833 1055 890; x_wconf 89' lang='lat' dir='ltr'>nosinstrueret,</span> <span class='ocrx_word' id='word_1_125' title='bbox 1088 832 1281 891; x_wconf 87' lang='lat' dir='ltr'>qualiter</span> <span class='ocrx_word' id='word_1_126' title='bbox 1313 831 1483 875; x_wconf 90' lang='lat' dir='ltr'>diaboli</span> <span class='ocrx_word' id='word_1_127' title='bbox 1507 832 1782 876; x_wconf 87' lang='lat' dir='ltr'>tentationes</span> <span class='ocrx_word' id='word_1_128' title='bbox 1809 833 2074 887; x_wconf 84' lang='lat' dir='ltr'>vincamus3</span> 
     </span>
     <span class='ocr_line' id='line_1_32' title="bbox 110 898 2075 960; baseline -0.001 -14"><span class='ocrx_word' id='word_1_129' title='bbox 110 899 230 946; x_wconf 83' lang='lat' dir='ltr'>unde</span> <span class='ocrx_word' id='word_1_130' title='bbox 254 898 449 959; x_wconf 78' lang='lat' dir='ltr'>August.</span> <span class='ocrx_word' id='word_1_131' title='bbox 477 899 586 944; x_wconf 92' lang='lat' dir='ltr'>dicit</span> <span class='ocrx_word' id='word_1_132' title='bbox 608 899 655 944; x_wconf 90' lang='lat' dir='ltr'>in</span> <span class='ocrx_word' id='word_1_133' title='bbox 681 911 723 955; x_wconf 91' lang='lat'>4.</span> <span class='ocrx_word' id='word_1_134' title='bbox 758 900 813 944; x_wconf 91' lang='lat' dir='ltr'>de</span> <span class='ocrx_word' id='word_1_135' title='bbox 841 899 1004 944; x_wconf 90' lang='lat' dir='ltr'>Trinit.</span> <span class='ocrx_word' id='word_1_136' title='bbox 1033 900 1146 960; x_wconf 86' lang='lat' dir='ltr'>(cap.</span> <span class='ocrx_word' id='word_1_137' title='bbox 1172 916 1227 960; x_wconf 84' lang='lat'>13.</span> <span class='ocrx_word' id='word_1_138' title='bbox 1258 900 1459 958; x_wconf 86' lang='lat' dir='ltr'>aliquant.</span> <span class='ocrx_word' id='word_1_139' title='bbox 1481 913 1508 943; x_wconf 90' lang='lat' dir='ltr'>a</span> <span class='ocrx_word' id='word_1_140' title='bbox 1533 899 1715 958; x_wconf 66' lang='lat' dir='ltr'>priua),</span> <span class='ocrx_word' id='word_1_141' title='bbox 1740 899 1862 958; x_wconf 93' lang='lat' dir='ltr'>quod</span> <span class='ocrx_word' id='word_1_142' title='bbox 1899 915 1922 940; x_wconf 89' lang='lat'>«</span> <span class='ocrx_word' id='word_1_143' title='bbox 1945 898 2075 944; x_wconf 86' lang='lat' dir='ltr'>Chri·</span> 
     </span>
     <span class='ocr_line' id='line_1_33' title="bbox 110 965 2075 1027; baseline 0 -16"><span class='ocrx_word' id='word_1_144' title='bbox 110 973 205 1011; x_wconf 85' lang='lat' dir='ltr'>stus</span> <span class='ocrx_word' id='word_1_145' title='bbox 215 965 401 1010; x_wconf 88' lang='lat' dir='ltr'>diabolo</span> <span class='ocrx_word' id='word_1_146' title='bbox 423 980 471 1011; x_wconf 90' lang='lat' dir='ltr'>se</span> <span class='ocrx_word' id='word_1_147' title='bbox 493 967 761 1012; x_wconf 88' lang='lat' dir='ltr'>tentandum</span> <span class='ocrx_word' id='word_1_148' title='bbox 779 967 998 1027; x_wconf 88' lang='lat' dir='ltr'>praebuit,</span> <span class='ocrx_word' id='word_1_149' title='bbox 1012 977 1061 1011; x_wconf 90' lang='lat' dir='ltr'>ut</span> <span class='ocrx_word' id='word_1_150' title='bbox 1079 968 1134 1011; x_wconf 89' lang='lat' dir='ltr'>ad</span> <span class='ocrx_word' id='word_1_151' title='bbox 1151 967 1428 1025; x_wconf 89' lang='lat' dir='ltr'>superandas</span> <span class='ocrx_word' id='word_1_152' title='bbox 1444 966 1718 1011; x_wconf 84' lang='lat' dir='ltr'>tentationes</span> <span class='ocrx_word' id='word_1_153' title='bbox 1737 968 1833 1024; x_wconf 91' lang='lat' dir='ltr'>ejus</span> <span class='ocrx_word' id='word_1_154' title='bbox 1850 966 2075 1011; x_wconf 89' lang='lat' dir='ltr'>mediator</span> 
     </span>
     <span class='ocr_line' id='line_1_34' title="bbox 15 1032 2074 1094; baseline -0.002 -12"><span class='ocrx_word' id='word_1_155' title='bbox 15 1071 21 1082; x_wconf 53' lang='lat'><em>2</em></span> <span class='ocrx_word' id='word_1_156' title='bbox 108 1042 241 1091; x_wconf 81' lang='lat' dir='ltr'>esset,</span> <span class='ocrx_word' id='word_1_157' title='bbox 264 1047 361 1078; x_wconf 91' lang='lat' dir='ltr'>non</span> <span class='ocrx_word' id='word_1_158' title='bbox 386 1033 538 1079; x_wconf 90' lang='lat' dir='ltr'>solum</span> <span class='ocrx_word' id='word_1_159' title='bbox 564 1048 644 1094; x_wconf 90' lang='lat' dir='ltr'>per</span> <span class='ocrx_word' id='word_1_160' title='bbox 670 1035 961 1093; x_wconf 86' lang='lat' dir='ltr'>adjutorium,</span> <span class='ocrx_word' id='word_1_161' title='bbox 993 1049 1155 1079; x_wconf 89' lang='lat' dir='ltr'>verum</span> <span class='ocrx_word' id='word_1_162' title='bbox 1182 1035 1320 1079; x_wconf 89' lang='lat' dir='ltr'>etiam</span> <span class='ocrx_word' id='word_1_163' title='bbox 1361 1048 1443 1093; x_wconf 90' lang='lat' dir='ltr'>per</span> <span class='ocrx_word' id='word_1_164' title='bbox 1468 1032 1731 1092; x_wconf 81' lang='lat' dir='ltr'>exemplum</span> <span class='ocrx_word' id='word_1_165' title='bbox 1757 1048 1806 1077; x_wconf 75' lang='lat' dir='ltr'>»z</span> <span class='ocrx_word' id='word_1_166' title='bbox 1833 1040 2001 1092; x_wconf 84' lang='lat' dir='ltr'>quarto,</span> <span class='ocrx_word' id='word_1_167' title='bbox 2025 1043 2074 1078; x_wconf 92' lang='lat' dir='ltr'>ut</span> 
     </span>
     <span class='ocr_line' id='line_1_35' title="bbox 28 1098 2072 1161; baseline -0.001 -13.022"><span class='ocrx_word' id='word_1_168' title='bbox 28 1116 31 1119; x_wconf 69' lang='grc'><strong><em>’</em></strong></span> <span class='ocrx_word' id='word_1_169' title='bbox 108 1099 242 1144; x_wconf 87' lang='lat' dir='ltr'>nobis</span> <span class='ocrx_word' id='word_1_170' title='bbox 265 1098 483 1146; x_wconf 88' lang='lat' dir='ltr'>fiduciam</span> <span class='ocrx_word' id='word_1_171' title='bbox 507 1100 563 1146; x_wconf 91' lang='lat' dir='ltr'>de</span> <span class='ocrx_word' id='word_1_172' title='bbox 586 1115 668 1146; x_wconf 91' lang='lat' dir='ltr'>sua</span> <span class='ocrx_word' id='word_1_173' title='bbox 694 1102 1007 1147; x_wconf 85' lang='lat' dir='ltr'>misericordia</span> <span class='ocrx_word' id='word_1_174' title='bbox 1033 1102 1294 1161; x_wconf 89' lang='lat' dir='ltr'>largiretur;</span> <span class='ocrx_word' id='word_1_175' title='bbox 1320 1101 1440 1146; x_wconf 91' lang='lat' dir='ltr'>unde</span> <span class='ocrx_word' id='word_1_176' title='bbox 1467 1101 1631 1145; x_wconf 91' lang='lat' dir='ltr'>dicitur</span> <span class='ocrx_word' id='word_1_177' title='bbox 1653 1100 1767 1146; x_wconf 88' lang='lat' dir='ltr'>Heb.</span> <span class='ocrx_word' id='word_1_178' title='bbox 1783 1113 1850 1156; x_wconf 90' lang='lat'>4.:</span> <span class='ocrx_word' id='word_1_179' title='bbox 1883 1102 1982 1147; x_wconf 86' lang='lat' dir='ltr'>Non</span> <span class='ocrx_word' id='word_1_180' title='bbox 1999 1101 2072 1146; x_wconf 86' lang='lat' dir='ltr'>ha-</span> 
     </span>
     <span class='ocr_line' id='line_1_36' title="bbox 28 1166 2075 1230; baseline 0 -17.997"><span class='ocrx_word' id='word_1_181' title='bbox 28 1167 33 1170; x_wconf 68' lang='grc'><strong>“</strong></span> <span class='ocrx_word' id='word_1_182' title='bbox 109 1166 247 1212; x_wconf 79' lang='lat' dir='ltr'>bemus</span> <span class='ocrx_word' id='word_1_183' title='bbox 277 1168 536 1227; x_wconf 85' lang='lat' dir='ltr'>Pontificem,</span> <span class='ocrx_word' id='word_1_184' title='bbox 578 1171 651 1228; x_wconf 87' lang='lat' dir='ltr'>qui</span> <span class='ocrx_word' id='word_1_185' title='bbox 679 1184 763 1214; x_wconf 85' lang='lat' dir='ltr'>non</span> <span class='ocrx_word' id='word_1_186' title='bbox 786 1171 919 1230; x_wconf 84' lang='lat' dir='ltr'>possit</span> <span class='ocrx_word' id='word_1_187' title='bbox 949 1171 1131 1230; x_wconf 82' lang='lat' dir='ltr'>compati</span> <span class='ocrx_word' id='word_1_188' title='bbox 1154 1170 1468 1229; x_wconf 82' lang='lat' dir='ltr'>infirmitatibus</span> <span class='ocrx_word' id='word_1_189' title='bbox 1498 1170 1671 1222; x_wconf 83' lang='lat' dir='ltr'>nostris;</span> <span class='ocrx_word' id='word_1_190' title='bbox 1705 1174 1904 1213; x_wconf 87' lang='lat' dir='ltr'>tentatum</span> <span class='ocrx_word' id='word_1_191' title='bbox 1935 1174 2075 1214; x_wconf 87' lang='lat' dir='ltr'>autem</span> 
     </span>
     <span class='ocr_line' id='line_1_37' title="bbox 29 1236 1131 1296; baseline 0.001 -15.991"><span class='ocrx_word' id='word_1_192' title='bbox 29 1271 31 1273; x_wconf 85' lang='lat'>.</span> <span class='ocrx_word' id='word_1_193' title='bbox 100 1240 182 1294; x_wconf 75' lang='lat' dir='ltr'>per</span> <span class='ocrx_word' id='word_1_194' title='bbox 204 1236 348 1280; x_wconf 84' lang='lat' dir='ltr'>omnia</span> <span class='ocrx_word' id='word_1_195' title='bbox 372 1243 456 1296; x_wconf 81' lang='lat' dir='ltr'>pro</span> <span class='ocrx_word' id='word_1_196' title='bbox 481 1236 749 1282; x_wconf 76' lang='lat' dir='ltr'>similitudine</span> <span class='ocrx_word' id='word_1_197' title='bbox 781 1238 930 1296; x_wconf 80' lang='lat' dir='ltr'>absque</span> <span class='ocrx_word' id='word_1_198' title='bbox 947 1243 1131 1296; x_wconf 81' lang='lat' dir='ltr'>peccato.</span> 
     </span>
    </p>

    <p class='ocr_par' dir='ltr' id='par_1_4' title="bbox 2 1302 2075 2172">
     <span class='ocr_line' id='line_1_38' title="bbox 14 1302 2075 1364; baseline -0 -16"><span class='ocrx_word' id='word_1_199' title='bbox 14 1302 33 1355; x_wconf 70' lang='lat' dir='ltr'><em>J</em></span> <span class='ocrx_word' id='word_1_200' title='bbox 197 1302 274 1348; x_wconf 86' lang='lat' dir='ltr'>AD</span> <span class='ocrx_word' id='word_1_201' title='bbox 297 1315 486 1349; x_wconf 75' lang='lat' dir='ltr'>PRIMUM</span> <span class='ocrx_word' id='word_1_202' title='bbox 518 1316 629 1363; x_wconf 89' lang='lat' dir='ltr'>ergo</span> <span class='ocrx_word' id='word_1_203' title='bbox 666 1304 925 1358; x_wconf 91' lang='lat' dir='ltr'>dicendum,</span> <span class='ocrx_word' id='word_1_204' title='bbox 953 1304 1092 1363; x_wconf 90' lang='lat' dir='ltr'>quod,</span> <span class='ocrx_word' id='word_1_205' title='bbox 1133 1304 1250 1349; x_wconf 87' lang='lat' dir='ltr'>sicut</span> <span class='ocrx_word' id='word_1_206' title='bbox 1275 1304 1470 1363; x_wconf 86' lang='lat' dir='ltr'>August.</span> <span class='ocrx_word' id='word_1_207' title='bbox 1498 1303 1608 1348; x_wconf 89' lang='lat' dir='ltr'>dicit</span> <span class='ocrx_word' id='word_1_208' title='bbox 1632 1303 1680 1347; x_wconf 83' lang='lat' dir='ltr'>iri</span> <span class='ocrx_word' id='word_1_209' title='bbox 1704 1317 1746 1364; x_wconf 89' lang='lat'>9.</span> <span class='ocrx_word' id='word_1_210' title='bbox 1773 1302 1830 1347; x_wconf 91' lang='lat' dir='ltr'>de</span> <span class='ocrx_word' id='word_1_211' title='bbox 1857 1302 1958 1348; x_wconf 89' lang='lat' dir='ltr'>Civ.</span> <span class='ocrx_word' id='word_1_212' title='bbox 1985 1303 2075 1348; x_wconf 92' lang='lat' dir='ltr'>Dei</span> 
     </span>
     <span class='ocr_line' id='line_1_39' title="bbox 14 1369 2074 1432; baseline -0.001 -15"><span class='ocrx_word' id='word_1_213' title='bbox 14 1375 35 1411; x_wconf 63' lang='grc' dir='ltr'><em>Ἄ</em></span> <span class='ocrx_word' id='word_1_214' title='bbox 108 1369 228 1429; x_wconf 68' lang='lat' dir='ltr'>(cap.</span> <span class='ocrx_word' id='word_1_215' title='bbox 259 1386 325 1418; x_wconf 80' lang='lat'>21.</span> <span class='ocrx_word' id='word_1_216' title='bbox 346 1386 373 1417; x_wconf 92' lang='lat' dir='ltr'>a</span> <span class='ocrx_word' id='word_1_217' title='bbox 390 1372 574 1432; x_wconf 87' lang='lat' dir='ltr'>princ.):</span> <span class='ocrx_word' id='word_1_218' title='bbox 602 1387 626 1415; x_wconf 75' lang='grc' dir='ltr'>ε(</span> <span class='ocrx_word' id='word_1_219' title='bbox 649 1371 859 1418; x_wconf 87' lang='lat' dir='ltr'>Christus</span> <span class='ocrx_word' id='word_1_220' title='bbox 885 1383 1063 1417; x_wconf 90' lang='lat' dir='ltr'>tantum</span> <span class='ocrx_word' id='word_1_221' title='bbox 1089 1373 1289 1417; x_wconf 86' lang='lat' dir='ltr'>innotuit</span> <span class='ocrx_word' id='word_1_222' title='bbox 1321 1372 1635 1426; x_wconf 72' lang='lat' dir='ltr'>daemonibus,</span> <span class='ocrx_word' id='word_1_223' title='bbox 1663 1381 1884 1430; x_wconf 88' lang='lat' dir='ltr'>quantum</span> <span class='ocrx_word' id='word_1_224' title='bbox 1914 1369 2074 1425; x_wconf 90' lang='lat' dir='ltr'>voluit,</span> 
     </span>
     <span class='ocr_line' id='line_1_40' title="bbox 107 1438 2075 1499; baseline 0.001 -19"><span class='ocrx_word' id='word_1_225' title='bbox 107 1451 202 1481; x_wconf 89' lang='lat' dir='ltr'>non</span> <span class='ocrx_word' id='word_1_226' title='bbox 227 1453 309 1497; x_wconf 90' lang='lat' dir='ltr'>per</span> <span class='ocrx_word' id='word_1_227' title='bbox 332 1438 378 1483; x_wconf 90' lang='lat' dir='ltr'>id</span> <span class='ocrx_word' id='word_1_228' title='bbox 404 1439 528 1498; x_wconf 93' lang='lat' dir='ltr'>quod</span> <span class='ocrx_word' id='word_1_229' title='bbox 555 1450 622 1483; x_wconf 88' lang='lat' dir='ltr'>est</span> <span class='ocrx_word' id='word_1_230' title='bbox 648 1440 738 1484; x_wconf 89' lang='lat' dir='ltr'>vita</span> <span class='ocrx_word' id='word_1_231' title='bbox 761 1450 960 1494; x_wconf 87' lang='lat' dir='ltr'>aeterna,</span> <span class='ocrx_word' id='word_1_232' title='bbox 986 1440 1067 1484; x_wconf 90' lang='lat' dir='ltr'>sed</span> <span class='ocrx_word' id='word_1_233' title='bbox 1099 1454 1180 1499; x_wconf 87' lang='lat' dir='ltr'>per</span> <span class='ocrx_word' id='word_1_234' title='bbox 1212 1440 1439 1499; x_wconf 87' lang='lat' dir='ltr'>quaedam</span> <span class='ocrx_word' id='word_1_235' title='bbox 1464 1438 1736 1498; x_wconf 87' lang='lat' dir='ltr'>temporalia</span> <span class='ocrx_word' id='word_1_236' title='bbox 1763 1453 1871 1483; x_wconf 91' lang='lat' dir='ltr'>suae</span> <span class='ocrx_word' id='word_1_237' title='bbox 1897 1438 2075 1483; x_wconf 88' lang='lat' dir='ltr'>virtutis</span> 
     </span>
     <span class='ocr_line' id='line_1_41' title="bbox 109 1503 2074 1566; baseline 0 -17"><span class='ocrx_word' id='word_1_238' title='bbox 109 1503 271 1550; x_wconf 80' lang='lat' dir='ltr'>effecta</span> <span class='ocrx_word' id='word_1_239' title='bbox 300 1522 344 1560; x_wconf 68' lang='lat' dir='ltr'>n,</span> <span class='ocrx_word' id='word_1_240' title='bbox 377 1520 430 1551; x_wconf 88' lang='lat' dir='ltr'>ex</span> <span class='ocrx_word' id='word_1_241' title='bbox 456 1506 617 1565; x_wconf 89' lang='lat' dir='ltr'>quibus</span> <span class='ocrx_word' id='word_1_242' title='bbox 639 1507 887 1566; x_wconf 86' lang='lat' dir='ltr'>quamdam</span> <span class='ocrx_word' id='word_1_243' title='bbox 921 1509 1234 1566; x_wconf 85' lang='lat' dir='ltr'>conjecturam</span> <span class='ocrx_word' id='word_1_244' title='bbox 1267 1507 1510 1560; x_wconf 89' lang='lat' dir='ltr'>habebant,</span> <span class='ocrx_word' id='word_1_245' title='bbox 1538 1506 1776 1551; x_wconf 89' lang='lat' dir='ltr'>Christum</span> <span class='ocrx_word' id='word_1_246' title='bbox 1805 1519 1903 1550; x_wconf 90' lang='lat' dir='ltr'>esse</span> <span class='ocrx_word' id='word_1_247' title='bbox 1929 1505 2074 1550; x_wconf 89' lang='lat' dir='ltr'>filium</span> 
     </span>
     <span class='ocr_line' id='line_1_42' title="bbox 107 1571 2074 1634; baseline 0 -17"><span class='ocrx_word' id='word_1_248' title='bbox 107 1571 220 1618; x_wconf 85' lang='lat' dir='ltr'>Dei:</span> <span class='ocrx_word' id='word_1_249' title='bbox 246 1573 326 1618; x_wconf 88' lang='lat' dir='ltr'>sed</span> <span class='ocrx_word' id='word_1_250' title='bbox 342 1573 448 1633; x_wconf 89' lang='lat' dir='ltr'>quia</span> <span class='ocrx_word' id='word_1_251' title='bbox 473 1588 624 1619; x_wconf 90' lang='lat' dir='ltr'>rursus</span> <span class='ocrx_word' id='word_1_252' title='bbox 636 1575 681 1618; x_wconf 92' lang='lat' dir='ltr'>in</span> <span class='ocrx_word' id='word_1_253' title='bbox 696 1589 752 1619; x_wconf 92' lang='lat' dir='ltr'>eo</span> <span class='ocrx_word' id='word_1_254' title='bbox 771 1575 999 1634; x_wconf 92' lang='lat' dir='ltr'>quaedam</span> <span class='ocrx_word' id='word_1_255' title='bbox 1025 1575 1156 1634; x_wconf 90' lang='lat' dir='ltr'>signa</span> <span class='ocrx_word' id='word_1_256' title='bbox 1181 1575 1412 1619; x_wconf 91' lang='lat' dir='ltr'>humanae</span> <span class='ocrx_word' id='word_1_257' title='bbox 1433 1573 1706 1618; x_wconf 82' lang='lat' dir='ltr'>infirmitatis</span> <span class='ocrx_word' id='word_1_258' title='bbox 1731 1574 1961 1627; x_wconf 87' lang='lat' dir='ltr'>videbant,</span> <span class='ocrx_word' id='word_1_259' title='bbox 1977 1587 2074 1617; x_wconf 90' lang='lat' dir='ltr'>non</span> 
     </span>
     <span class='ocr_line' id='line_1_43' title="bbox 106 1640 2072 1700; baseline 0.001 -16"><span class='ocrx_word' id='word_1_260' title='bbox 106 1652 190 1699; x_wconf 91' lang='lat' dir='ltr'>pro</span> <span class='ocrx_word' id='word_1_261' title='bbox 216 1651 341 1686; x_wconf 88' lang='lat' dir='ltr'>certo</span> <span class='ocrx_word' id='word_1_262' title='bbox 369 1642 723 1700; x_wconf 89' lang='lat' dir='ltr'>cognoscebant,</span> <span class='ocrx_word' id='word_1_263' title='bbox 751 1657 856 1687; x_wconf 90' lang='lat' dir='ltr'>eum</span> <span class='ocrx_word' id='word_1_264' title='bbox 883 1657 980 1687; x_wconf 91' lang='lat' dir='ltr'>esse</span> <span class='ocrx_word' id='word_1_265' title='bbox 1006 1642 1152 1686; x_wconf 90' lang='lat' dir='ltr'>filium</span> <span class='ocrx_word' id='word_1_266' title='bbox 1170 1643 1340 1687; x_wconf 78' lang='lat' dir='ltr'>Deitet</span> <span class='ocrx_word' id='word_1_267' title='bbox 1360 1642 1464 1686; x_wconf 92' lang='lat' dir='ltr'>ideo</span> <span class='ocrx_word' id='word_1_268' title='bbox 1488 1655 1594 1685; x_wconf 90' lang='lat' dir='ltr'>eum</span> <span class='ocrx_word' id='word_1_269' title='bbox 1615 1651 1789 1685; x_wconf 88' lang='lat' dir='ltr'>tentare</span> <span class='ocrx_word' id='word_1_270' title='bbox 1806 1640 2072 1686; x_wconf 86' lang='lat' dir='ltr'>voluerunt:</span> 
     </span>
     <span class='ocr_line' id='line_1_44' title="bbox 9 1708 2074 1769; baseline 0.001 -19"><span class='ocrx_word' id='word_1_271' title='bbox 9 1750 12 1756; x_wconf 74' lang='grc'><em>,</em></span> <span class='ocrx_word' id='word_1_272' title='bbox 108 1716 152 1750; x_wconf 89' lang='lat' dir='ltr'>et</span> <span class='ocrx_word' id='word_1_273' title='bbox 178 1708 266 1751; x_wconf 90' lang='lat' dir='ltr'>hoc</span> <span class='ocrx_word' id='word_1_274' title='bbox 293 1708 572 1767; x_wconf 87' lang='lat' dir='ltr'>significatur</span> <span class='ocrx_word' id='word_1_275' title='bbox 597 1709 758 1753; x_wconf 90' lang='lat' dir='ltr'>Matth.</span> <span class='ocrx_word' id='word_1_276' title='bbox 785 1722 826 1764; x_wconf 84' lang='lat'>4.</span> <span class='ocrx_word' id='word_1_277' title='bbox 841 1710 917 1753; x_wconf 90' lang='lat' dir='ltr'>ubi</span> <span class='ocrx_word' id='word_1_278' title='bbox 944 1710 1120 1763; x_wconf 84' lang='lat' dir='ltr'>dicitur,</span> <span class='ocrx_word' id='word_1_279' title='bbox 1147 1710 1269 1769; x_wconf 93' lang='lat' dir='ltr'>quod</span> <span class='ocrx_word' id='word_1_280' title='bbox 1282 1715 1504 1768; x_wconf 78' lang='lat' dir='ltr'>postquam</span> <span class='ocrx_word' id='word_1_281' title='bbox 1520 1711 1677 1763; x_wconf 80' lang='lat' dir='ltr'>esuriit,</span> <span class='ocrx_word' id='word_1_282' title='bbox 1700 1710 1867 1753; x_wconf 79' lang='lat' dir='ltr'>accessit</span> <span class='ocrx_word' id='word_1_283' title='bbox 1892 1714 2074 1753; x_wconf 86' lang='lat' dir='ltr'>tentator</span> 
     </span>
     <span class='ocr_line' id='line_1_45' title="bbox 35 1773 2068 1836; baseline 0 -17.988"><span class='ocrx_word' id='word_1_284' title='bbox 35 1817 36 1820; x_wconf 73' lang='grc'>,</span> <span class='ocrx_word' id='word_1_285' title='bbox 105 1773 162 1819; x_wconf 84' lang='lat' dir='ltr'>ad</span> <span class='ocrx_word' id='word_1_286' title='bbox 184 1789 303 1819; x_wconf 86' lang='lat' dir='ltr'>eum:</span> <span class='ocrx_word' id='word_1_287' title='bbox 331 1776 451 1834; x_wconf 89' lang='lat' dir='ltr'>quia,</span> <span class='ocrx_word' id='word_1_288' title='bbox 476 1786 525 1820; x_wconf 92' lang='lat' dir='ltr'>ut</span> <span class='ocrx_word' id='word_1_289' title='bbox 566 1776 765 1820; x_wconf 84' lang='lat' dir='ltr'>Hilarius</span> <span class='ocrx_word' id='word_1_290' title='bbox 799 1777 907 1820; x_wconf 88' lang='lat' dir='ltr'>dicit</span> <span class='ocrx_word' id='word_1_291' title='bbox 941 1777 1039 1833; x_wconf 84' lang='lat' dir='ltr'>(loc.</span> <span class='ocrx_word' id='word_1_292' title='bbox 1071 1785 1159 1836; x_wconf 85' lang='lat' dir='ltr'>sup.</span> <span class='ocrx_word' id='word_1_293' title='bbox 1195 1777 1303 1834; x_wconf 68' lang='lat' dir='ltr'>cit),</span> <span class='ocrx_word' id='word_1_294' title='bbox 1342 1792 1365 1818; x_wconf 87' lang='lat'>‹&lt;</span> <span class='ocrx_word' id='word_1_295' title='bbox 1397 1786 1571 1821; x_wconf 87' lang='lat' dir='ltr'>tentare</span> <span class='ocrx_word' id='word_1_296' title='bbox 1596 1775 1832 1820; x_wconf 82' lang='lat' dir='ltr'>Christum</span> <span class='ocrx_word' id='word_1_297' title='bbox 1861 1775 2068 1819; x_wconf 87' lang='lat' dir='ltr'>diabolus</span> 
     </span>
     <span class='ocr_line' id='line_1_46' title="bbox 106 1840 2072 1902; baseline 0.001 -17.9"><span class='ocrx_word' id='word_1_298' title='bbox 106 1854 200 1885; x_wconf 90' lang='lat' dir='ltr'>non</span> <span class='ocrx_word' id='word_1_299' title='bbox 226 1840 383 1886; x_wconf 90' lang='lat' dir='ltr'>fuisset</span> <span class='ocrx_word' id='word_1_300' title='bbox 409 1857 558 1896; x_wconf 88' lang='lat' dir='ltr'>ausus,</span> <span class='ocrx_word' id='word_1_301' title='bbox 584 1843 672 1887; x_wconf 87' lang='lat' dir='ltr'>nisi</span> <span class='ocrx_word' id='word_1_302' title='bbox 695 1844 741 1887; x_wconf 90' lang='lat' dir='ltr'>in</span> <span class='ocrx_word' id='word_1_303' title='bbox 775 1858 830 1887; x_wconf 93' lang='lat' dir='ltr'>eo</span> <span class='ocrx_word' id='word_1_304' title='bbox 864 1857 944 1902; x_wconf 89' lang='lat' dir='ltr'>per</span> <span class='ocrx_word' id='word_1_305' title='bbox 970 1844 1227 1888; x_wconf 88' lang='lat' dir='ltr'>esuritionis</span> <span class='ocrx_word' id='word_1_306' title='bbox 1252 1843 1579 1897; x_wconf 88' lang='lat' dir='ltr'>infirmitatem,</span> <span class='ocrx_word' id='word_1_307' title='bbox 1607 1857 1723 1902; x_wconf 91' lang='lat' dir='ltr'>quae</span> <span class='ocrx_word' id='word_1_308' title='bbox 1745 1853 1849 1887; x_wconf 90' lang='lat' dir='ltr'>sunt</span> <span class='ocrx_word' id='word_1_309' title='bbox 1867 1843 2072 1887; x_wconf 82' lang='lat' dir='ltr'>hominis</span> 
     </span>
     <span class='ocr_line' id='line_1_47' title="bbox 34 1910 2073 1970; baseline 0.001 -16.988"><span class='ocrx_word' id='word_1_310' title='bbox 34 1936 41 1966; x_wconf 52' lang='lat'>4</span> <span class='ocrx_word' id='word_1_311' title='bbox 105 1920 458 1968; x_wconf 86' lang='lat' dir='ltr'>recognosceret</span> <span class='ocrx_word' id='word_1_312' title='bbox 482 1926 524 1965; x_wconf 82' lang='lat'>›&gt;;</span> <span class='ocrx_word' id='word_1_313' title='bbox 552 1920 597 1954; x_wconf 91' lang='lat' dir='ltr'>et</span> <span class='ocrx_word' id='word_1_314' title='bbox 620 1910 712 1955; x_wconf 93' lang='lat' dir='ltr'>hoc</span> <span class='ocrx_word' id='word_1_315' title='bbox 740 1911 877 1955; x_wconf 89' lang='lat' dir='ltr'>etiam</span> <span class='ocrx_word' id='word_1_316' title='bbox 905 1921 1028 1970; x_wconf 87' lang='lat' dir='ltr'>patet</span> <span class='ocrx_word' id='word_1_317' title='bbox 1060 1926 1114 1955; x_wconf 86' lang='lat' dir='ltr'>ex</span> <span class='ocrx_word' id='word_1_318' title='bbox 1153 1911 1254 1969; x_wconf 89' lang='lat' dir='ltr'>ipso</span> <span class='ocrx_word' id='word_1_319' title='bbox 1292 1911 1434 1954; x_wconf 91' lang='lat' dir='ltr'>modo</span> <span class='ocrx_word' id='word_1_320' title='bbox 1460 1910 1678 1964; x_wconf 88' lang='lat' dir='ltr'>tentandi,</span> <span class='ocrx_word' id='word_1_321' title='bbox 1721 1924 1827 1954; x_wconf 89' lang='lat' dir='ltr'>cum</span> <span class='ocrx_word' id='word_1_322' title='bbox 1854 1910 2000 1955; x_wconf 85' lang='lat' dir='ltr'>dixit:</span> <span class='ocrx_word' id='word_1_323' title='bbox 2027 1910 2073 1955; x_wconf 79' lang='lat' dir='ltr'>Si</span> 
     </span>
     <span class='ocr_line' id='line_1_48' title="bbox 20 1975 2071 2036; baseline -0 -13"><span class='ocrx_word' id='word_1_324' title='bbox 20 1981 45 2036; x_wconf 70' lang='grc'>’;;</span> <span class='ocrx_word' id='word_1_325' title='bbox 102 1975 214 2033; x_wconf 79' lang='lat' dir='ltr'>filius</span> <span class='ocrx_word' id='word_1_326' title='bbox 232 1976 319 2021; x_wconf 87' lang='lat' dir='ltr'>Dei</span> <span class='ocrx_word' id='word_1_327' title='bbox 341 1992 407 2022; x_wconf 84' lang='lat' dir='ltr'>es:</span> <span class='ocrx_word' id='word_1_328' title='bbox 433 1977 558 2036; x_wconf 91' lang='lat' dir='ltr'>quod</span> <span class='ocrx_word' id='word_1_329' title='bbox 585 1991 815 2036; x_wconf 86' lang='lat' dir='ltr'>exponens</span> <span class='ocrx_word' id='word_1_330' title='bbox 841 1978 1114 2022; x_wconf 90' lang='lat' dir='ltr'>Ambrosius</span> <span class='ocrx_word' id='word_1_331' title='bbox 1137 1979 1246 2022; x_wconf 89' lang='lat' dir='ltr'>dicit</span> <span class='ocrx_word' id='word_1_332' title='bbox 1269 1978 1390 2034; x_wconf 88' lang='lat' dir='ltr'>(Luc.</span> <span class='ocrx_word' id='word_1_333' title='bbox 1417 1991 1457 2035; x_wconf 91' lang='lat'>4.</span> <span class='ocrx_word' id='word_1_334' title='bbox 1457 1978 1510 2035; x_wconf 90' lang='grc'>).·</span> <span class='ocrx_word' id='word_1_335' title='bbox 1538 1994 1561 2019; x_wconf 85' lang='lat'>«</span> <span class='ocrx_word' id='word_1_336' title='bbox 1591 1977 1716 2030; x_wconf 87' lang='lat' dir='ltr'>Quid</span> <span class='ocrx_word' id='word_1_337' title='bbox 1742 1978 1827 2022; x_wconf 91' lang='lat' dir='ltr'>sibi</span> <span class='ocrx_word' id='word_1_338' title='bbox 1850 1977 1947 2022; x_wconf 90' lang='lat' dir='ltr'>vult</span> <span class='ocrx_word' id='word_1_339' title='bbox 1966 1976 2071 2022; x_wconf 90' lang='lat' dir='ltr'>talis</span> 
     </span>
     <span class='ocr_line' id='line_1_49' title="bbox 24 2040 2071 2105; baseline 0 -17"><span class='ocrx_word' id='word_1_340' title='bbox 24 2040 46 2105; x_wconf 53' lang='lat' dir='ltr'>ss</span> <span class='ocrx_word' id='word_1_341' title='bbox 105 2043 329 2089; x_wconf 69' lang='lat' dir='ltr'>set-‘monis</span> <span class='ocrx_word' id='word_1_342' title='bbox 360 2057 563 2099; x_wconf 84' lang='lat' dir='ltr'>exorsus,</span> <span class='ocrx_word' id='word_1_343' title='bbox 593 2045 681 2089; x_wconf 88' lang='lat' dir='ltr'>nisi</span> <span class='ocrx_word' id='word_1_344' title='bbox 708 2045 814 2103; x_wconf 88' lang='lat' dir='ltr'>quia</span> <span class='ocrx_word' id='word_1_345' title='bbox 850 2045 1244 2104; x_wconf 87' lang='lat' dir='ltr'>cognoverat·Dei</span> <span class='ocrx_word' id='word_1_346' title='bbox 1269 2045 1435 2089; x_wconf 89' lang='lat' dir='ltr'>Filium</span> <span class='ocrx_word' id='word_1_347' title='bbox 1464 2059 1562 2089; x_wconf 89' lang='lat' dir='ltr'>esse</span> <span class='ocrx_word' id='word_1_348' title='bbox 1599 2055 1857 2100; x_wconf 87' lang='lat' dir='ltr'>venturum,</span> <span class='ocrx_word' id='word_1_349' title='bbox 1889 2045 1968 2089; x_wconf 91' lang='lat' dir='ltr'>sed</span> <span class='ocrx_word' id='word_1_350' title='bbox 1993 2059 2071 2089; x_wconf 90' lang='lat' dir='ltr'>ve-</span> 
     </span>
     <span class='ocr_line' id='line_1_50' title="bbox 18 2108 1461 2172; baseline -0.001 -15"><span class='ocrx_word' id='word_1_351' title='bbox 18 2111 33 2166; x_wconf 61' lang='lat' dir='ltr'><em>J</em></span> <span class='ocrx_word' id='word_1_352' title='bbox 102 2108 225 2157; x_wconf 58' lang='lat' dir='ltr'>nibse</span> <span class='ocrx_word' id='word_1_353' title='bbox 254 2125 335 2170; x_wconf 89' lang='lat' dir='ltr'>per</span> <span class='ocrx_word' id='word_1_354' title='bbox 358 2111 478 2155; x_wconf 88' lang='lat' dir='ltr'>hanc</span> <span class='ocrx_word' id='word_1_355' title='bbox 503 2111 815 2157; x_wconf 88' lang='lat' dir='ltr'>infirmitatem</span> <span class='ocrx_word' id='word_1_356' title='bbox 843 2113 1047 2172; x_wconf 89' lang='lat' dir='ltr'>corporis</span> <span class='ocrx_word' id='word_1_357' title='bbox 1074 2127 1168 2157; x_wconf 90' lang='lat' dir='ltr'>non</span> <span class='ocrx_word' id='word_1_358' title='bbox 1190 2113 1410 2172; x_wconf 78' lang='lat' dir='ltr'>putabat?</span> <span class='ocrx_word' id='word_1_359' title='bbox 1438 2130 1461 2155; x_wconf 86' lang='lat'>»</span> 
     </span>
    </p>

    <p class='ocr_par' dir='ltr' id='par_1_5' title="bbox 0 2177 2070 3246">
     <span class='ocr_line' id='line_1_51' title="bbox 20 2177 2068 2239; baseline 0 -17"><span class='ocrx_word' id='word_1_360' title='bbox 20 2182 42 2234; x_wconf 63' lang='lat' dir='ltr'>j,</span> <span class='ocrx_word' id='word_1_361' title='bbox 144 2181 150 2186; x_wconf 82' lang='grc'><strong><em>’</em></strong></span> <span class='ocrx_word' id='word_1_362' title='bbox 175 2177 270 2225; x_wconf 72' lang='grc' dir='ltr'>ἈΒ</span> <span class='ocrx_word' id='word_1_363' title='bbox 285 2191 545 2223; x_wconf 77' lang='lat' dir='ltr'><strong>SECUNDUM</strong></span> <span class='ocrx_word' id='word_1_364' title='bbox 572 2179 831 2234; x_wconf 89' lang='lat' dir='ltr'>dicendum,</span> <span class='ocrx_word' id='word_1_365' title='bbox 855 2181 977 2239; x_wconf 91' lang='lat' dir='ltr'>quod</span> <span class='ocrx_word' id='word_1_366' title='bbox 997 2180 1207 2225; x_wconf 90' lang='lat' dir='ltr'>Christus</span> <span class='ocrx_word' id='word_1_367' title='bbox 1228 2190 1416 2224; x_wconf 89' lang='lat' dir='ltr'>venerat</span> <span class='ocrx_word' id='word_1_368' title='bbox 1441 2179 1690 2224; x_wconf 89' lang='lat' dir='ltr'>dissolvere</span> <span class='ocrx_word' id='word_1_369' title='bbox 1717 2193 1857 2239; x_wconf 83' lang='lat' dir='ltr'>opera</span> <span class='ocrx_word' id='word_1_370' title='bbox 1884 2178 2068 2234; x_wconf 88' lang='lat' dir='ltr'>diaboli,</span> 
     </span>
     <span class='ocr_line' id='line_1_52' title="bbox 89 2245 2064 2306; baseline 0.001 -16.925"><span class='ocrx_word' id='word_1_371' title='bbox 89 2256 198 2291; x_wconf 23' lang='lat' dir='ltr'>&#39;non</span> <span class='ocrx_word' id='word_1_372' title='bbox 222 2245 491 2305; x_wconf 83' lang='lat' dir='ltr'>potestative</span> <span class='ocrx_word' id='word_1_373' title='bbox 519 2246 714 2306; x_wconf 89' lang='lat' dir='ltr'>agendo,</span> <span class='ocrx_word' id='word_1_374' title='bbox 740 2247 819 2291; x_wconf 93' lang='lat' dir='ltr'>sed</span> <span class='ocrx_word' id='word_1_375' title='bbox 846 2248 993 2306; x_wconf 88' lang='lat' dir='ltr'>magis</span> <span class='ocrx_word' id='word_1_376' title='bbox 1021 2248 1074 2292; x_wconf 88' lang='lat' dir='ltr'>ab</span> <span class='ocrx_word' id='word_1_377' title='bbox 1103 2261 1175 2302; x_wconf 91' lang='lat' dir='ltr'>eo,</span> <span class='ocrx_word' id='word_1_378' title='bbox 1203 2257 1247 2291; x_wconf 91' lang='lat' dir='ltr'>et</span> <span class='ocrx_word' id='word_1_379' title='bbox 1278 2249 1373 2306; x_wconf 87' lang='lat' dir='ltr'>ejus</span> <span class='ocrx_word' id='word_1_380' title='bbox 1406 2247 1623 2291; x_wconf 89' lang='lat' dir='ltr'>membris</span> <span class='ocrx_word' id='word_1_381' title='bbox 1656 2247 1889 2306; x_wconf 84' lang='lat' dir='ltr'>patiend0;</span> <span class='ocrx_word' id='word_1_382' title='bbox 1920 2257 1969 2291; x_wconf 92' lang='lat' dir='ltr'>ut</span> <span class='ocrx_word' id='word_1_383' title='bbox 2000 2247 2064 2291; x_wconf 89' lang='lat' dir='ltr'>sic</span> 
     </span>
     <span class='ocr_line' id='line_1_53' title="bbox 27 2307 2062 2374; baseline 0.001 -17.98"><span class='ocrx_word' id='word_1_384' title='bbox 27 2307 43 2356; x_wconf 66' lang='lat'>11]</span> <span class='ocrx_word' id='word_1_385' title='bbox 103 2310 335 2358; x_wconf 86' lang='lat' dir='ltr'>diabolum</span> <span class='ocrx_word' id='word_1_386' title='bbox 360 2312 562 2358; x_wconf 87' lang='lat' dir='ltr'>vinceret</span> <span class='ocrx_word' id='word_1_387' title='bbox 590 2314 774 2372; x_wconf 87' lang='lat' dir='ltr'>justitia,</span> <span class='ocrx_word' id='word_1_388' title='bbox 806 2328 900 2359; x_wconf 91' lang='lat' dir='ltr'>non</span> <span class='ocrx_word' id='word_1_389' title='bbox 932 2324 1178 2374; x_wconf 88' lang='lat' dir='ltr'>potestate:</span> <span class='ocrx_word' id='word_1_390' title='bbox 1213 2315 1328 2359; x_wconf 88' lang='lat' dir='ltr'>sicut</span> <span class='ocrx_word' id='word_1_391' title='bbox 1353 2314 1547 2374; x_wconf 86' lang='lat' dir='ltr'>August.</span> <span class='ocrx_word' id='word_1_392' title='bbox 1581 2314 1690 2358; x_wconf 88' lang='lat' dir='ltr'>dicit</span> <span class='ocrx_word' id='word_1_393' title='bbox 1721 2328 1786 2373; x_wconf 82' lang='lat'>13.</span> <span class='ocrx_word' id='word_1_394' title='bbox 1815 2314 1871 2358; x_wconf 93' lang='lat' dir='ltr'>de</span> <span class='ocrx_word' id='word_1_395' title='bbox 1899 2312 2062 2359; x_wconf 91' lang='lat' dir='ltr'>Trinit.</span> 
     </span>
     <span class='ocr_line' id='line_1_54' title="bbox 102 2378 2068 2442; baseline 0 -17.959"><span class='ocrx_word' id='word_1_396' title='bbox 102 2378 215 2440; x_wconf 69' lang='lat' dir='ltr'>(cap.</span> <span class='ocrx_word' id='word_1_397' title='bbox 239 2394 297 2439; x_wconf 85' lang='lat'>13.</span> <span class='ocrx_word' id='word_1_398' title='bbox 321 2381 369 2424; x_wconf 82' lang='lat' dir='ltr'>in</span> <span class='ocrx_word' id='word_1_399' title='bbox 385 2380 566 2439; x_wconf 67' lang='lat' dir='ltr'>princ),</span> <span class='ocrx_word' id='word_1_400' title='bbox 594 2381 718 2440; x_wconf 90' lang='lat' dir='ltr'>quod</span> <span class='ocrx_word' id='word_1_401' title='bbox 739 2397 762 2422; x_wconf 86' lang='lat'>«</span> <span class='ocrx_word' id='word_1_402' title='bbox 783 2381 992 2427; x_wconf 90' lang='lat' dir='ltr'>diabolus</span> <span class='ocrx_word' id='word_1_403' title='bbox 1018 2396 1114 2426; x_wconf 89' lang='lat' dir='ltr'>non</span> <span class='ocrx_word' id='word_1_404' title='bbox 1139 2382 1344 2442; x_wconf 87' lang='lat' dir='ltr'>potentia</span> <span class='ocrx_word' id='word_1_405' title='bbox 1368 2382 1473 2436; x_wconf 91' lang='lat' dir='ltr'>Dei,</span> <span class='ocrx_word' id='word_1_406' title='bbox 1495 2382 1573 2426; x_wconf 92' lang='lat' dir='ltr'>sed</span> <span class='ocrx_word' id='word_1_407' title='bbox 1596 2382 1765 2440; x_wconf 88' lang='lat' dir='ltr'>justitia</span> <span class='ocrx_word' id='word_1_408' title='bbox 1787 2381 2068 2441; x_wconf 89' lang='lat' dir='ltr'>superandus</span> 
     </span>
     <span class='ocr_line' id='line_1_55' title="bbox 3 2444 2070 2508; baseline 0.002 -20"><span class='ocrx_word' id='word_1_409' title='bbox 3 2465 51 2502; x_wconf 56' lang='lat'>24</span> <span class='ocrx_word' id='word_1_410' title='bbox 82 2444 186 2492; x_wconf 46' lang='lat' dir='ltr'>*fixit</span> <span class='ocrx_word' id='word_1_411' title='bbox 206 2455 328 2501; x_wconf 76' lang='lat' dir='ltr'>»;·et</span> <span class='ocrx_word' id='word_1_412' title='bbox 351 2446 456 2492; x_wconf 90' lang='lat' dir='ltr'>ideo</span> <span class='ocrx_word' id='word_1_413' title='bbox 484 2447 604 2492; x_wconf 89' lang='lat' dir='ltr'>circa</span> <span class='ocrx_word' id='word_1_414' title='bbox 628 2449 931 2493; x_wconf 90' lang='lat' dir='ltr'>tentationem</span> <span class='ocrx_word' id='word_1_415' title='bbox 948 2449 1124 2494; x_wconf 87' lang='lat' dir='ltr'>Christi</span> <span class='ocrx_word' id='word_1_416' title='bbox 1150 2449 1535 2493; x_wconf 89' lang='lat' dir='ltr'>considerandum</span> <span class='ocrx_word' id='word_1_417' title='bbox 1563 2459 1644 2503; x_wconf 89' lang='lat' dir='ltr'>est,</span> <span class='ocrx_word' id='word_1_418' title='bbox 1663 2449 1770 2507; x_wconf 91' lang='lat' dir='ltr'>quid</span> <span class='ocrx_word' id='word_1_419' title='bbox 1793 2449 1976 2508; x_wconf 91' lang='lat' dir='ltr'>propria</span> <span class='ocrx_word' id='word_1_420' title='bbox 1994 2463 2070 2493; x_wconf 85' lang='lat' dir='ltr'>vo-</span> 
     </span>
     <span class='ocr_line' id='line_1_56' title="bbox 82 2509 2069 2576; baseline 0.001 -18.881"><span class='ocrx_word' id='word_1_421' title='bbox 82 2509 274 2561; x_wconf 56' lang='lat' dir='ltr'>³²³lunta&gt;te</span> <span class='ocrx_word' id='word_1_422' title='bbox 297 2512 420 2567; x_wconf 80' lang='lat' dir='ltr'>fecit,</span> <span class='ocrx_word' id='word_1_423' title='bbox 446 2524 491 2558; x_wconf 90' lang='lat' dir='ltr'>et</span> <span class='ocrx_word' id='word_1_424' title='bbox 516 2515 623 2574; x_wconf 90' lang='lat' dir='ltr'>quid</span> <span class='ocrx_word' id='word_1_425' title='bbox 650 2530 675 2559; x_wconf 92' lang='lat' dir='ltr'>a</span> <span class='ocrx_word' id='word_1_426' title='bbox 701 2515 886 2560; x_wconf 84' lang='lat' dir='ltr'>diabolo</span> <span class='ocrx_word' id='word_1_427' title='bbox 912 2530 1070 2575; x_wconf 86' lang='lat' dir='ltr'>passus</span> <span class='ocrx_word' id='word_1_428' title='bbox 1095 2516 1202 2572; x_wconf 91' lang='lat' dir='ltr'>fuit;</span> <span class='ocrx_word' id='word_1_429' title='bbox 1230 2516 1353 2576; x_wconf 91' lang='lat' dir='ltr'>quod</span> <span class='ocrx_word' id='word_1_430' title='bbox 1387 2516 1509 2560; x_wconf 89' lang='lat' dir='ltr'>enim</span> <span class='ocrx_word' id='word_1_431' title='bbox 1541 2517 1756 2560; x_wconf 89' lang='lat' dir='ltr'>tentatori</span> <span class='ocrx_word' id='word_1_432' title='bbox 1790 2530 1838 2560; x_wconf 90' lang='lat' dir='ltr'>se</span> <span class='ocrx_word' id='word_1_433' title='bbox 1871 2515 2069 2570; x_wconf 90' lang='lat' dir='ltr'>offerret,</span> 
     </span>
     <span class='ocr_line' id='line_1_57' title="bbox 13 2578 2067 2641; baseline -0 -12"><span class='ocrx_word' id='word_1_434' title='bbox 13 2578 187 2638; x_wconf 65' lang='lat' dir='ltr'>fult</span> <span class='ocrx_word' id='word_1_435' title='bbox 207 2580 418 2641; x_wconf 82' lang='lat' dir='ltr'>propriae</span> <span class='ocrx_word' id='word_1_436' title='bbox 443 2581 716 2636; x_wconf 90' lang='lat' dir='ltr'>voluntatis;</span> <span class='ocrx_word' id='word_1_437' title='bbox 744 2582 863 2627; x_wconf 91' lang='lat' dir='ltr'>unde</span> <span class='ocrx_word' id='word_1_438' title='bbox 890 2583 1052 2627; x_wconf 87' lang='lat' dir='ltr'>dicitur</span> <span class='ocrx_word' id='word_1_439' title='bbox 1077 2583 1239 2628; x_wconf 89' lang='lat' dir='ltr'>Matth.</span> <span class='ocrx_word' id='word_1_440' title='bbox 1265 2595 1330 2638; x_wconf 78' lang='lat'>4:</span> <span class='ocrx_word' id='word_1_441' title='bbox 1357 2585 1520 2628; x_wconf 84' lang='lat' dir='ltr'>Ductus</span> <span class='ocrx_word' id='word_1_442' title='bbox 1542 2589 1595 2628; x_wconf 83' lang='lat' dir='ltr'>est</span> <span class='ocrx_word' id='word_1_443' title='bbox 1612 2584 1727 2639; x_wconf 83' lang='lat' dir='ltr'>Iesus</span> <span class='ocrx_word' id='word_1_444' title='bbox 1744 2585 1790 2627; x_wconf 85' lang='lat' dir='ltr'>in</span> <span class='ocrx_word' id='word_1_445' title='bbox 1816 2583 2019 2628; x_wconf 76' lang='lat' dir='ltr'>desertum</span> <span class='ocrx_word' id='word_1_446' title='bbox 2040 2598 2067 2628; x_wconf 88' lang='grc' dir='ltr'><em>α</em></span> 
     </span>
     <span class='ocr_line' id='line_1_58' title="bbox 49 2642 2069 2711; baseline 0.002 -21"><span class='ocrx_word' id='word_1_447' title='bbox 49 2642 267 2709; x_wconf 37' lang='grc' dir='ltr'>Ψὲεμππῖιι,</span> <span class='ocrx_word' id='word_1_448' title='bbox 295 2655 345 2695; x_wconf 86' lang='lat' dir='ltr'>ut</span> <span class='ocrx_word' id='word_1_449' title='bbox 370 2654 596 2694; x_wconf 86' lang='lat' dir='ltr'>tentaretur</span> <span class='ocrx_word' id='word_1_450' title='bbox 622 2665 648 2694; x_wconf 89' lang='lat' dir='ltr'>a</span> <span class='ocrx_word' id='word_1_451' title='bbox 669 2649 863 2695; x_wconf 87' lang='lat' dir='ltr'>diabolo:</span> <span class='ocrx_word' id='word_1_452' title='bbox 891 2650 1014 2710; x_wconf 92' lang='lat' dir='ltr'>quod</span> <span class='ocrx_word' id='word_1_453' title='bbox 1042 2650 1233 2709; x_wconf 88' lang='lat' dir='ltr'>Gregor.</span> <span class='ocrx_word' id='word_1_454' title='bbox 1265 2652 1394 2708; x_wconf 88' lang='lat' dir='ltr'>(hom.</span> <span class='ocrx_word' id='word_1_455' title='bbox 1421 2651 1487 2696; x_wconf 82' lang='lat'>16.</span> <span class='ocrx_word' id='word_1_456' title='bbox 1515 2653 1561 2695; x_wconf 88' lang='lat' dir='ltr'>in</span> <span class='ocrx_word' id='word_1_457' title='bbox 1583 2652 1750 2709; x_wconf 83' lang='lat' dir='ltr'>Evang.</span> <span class='ocrx_word' id='word_1_458' title='bbox 1777 2665 1803 2694; x_wconf 90' lang='lat' dir='ltr'>a</span> <span class='ocrx_word' id='word_1_459' title='bbox 1817 2652 1981 2711; x_wconf 83' lang='lat' dir='ltr'>princ.)</span> <span class='ocrx_word' id='word_1_460' title='bbox 2006 2650 2069 2695; x_wconf 87' lang='lat' dir='ltr'>in·</span> 
     </span>
     <span class='ocr_line' id='line_1_59' title="bbox 83 2711 2070 2780; baseline 0.002 -20"><span class='ocrx_word' id='word_1_461' title='bbox 83 2711 398 2780; x_wconf 58' lang='lat' dir='ltr'>ssffligendum</span> <span class='ocrx_word' id='word_1_462' title='bbox 426 2716 535 2761; x_wconf 90' lang='lat' dir='ltr'>dicit</span> <span class='ocrx_word' id='word_1_463' title='bbox 555 2717 610 2762; x_wconf 90' lang='lat' dir='ltr'>de</span> <span class='ocrx_word' id='word_1_464' title='bbox 635 2717 803 2777; x_wconf 88' lang='lat' dir='ltr'>Spiritu</span> <span class='ocrx_word' id='word_1_465' title='bbox 828 2718 1014 2772; x_wconf 88' lang='lat' dir='ltr'>Sanct0,</span> <span class='ocrx_word' id='word_1_466' title='bbox 1037 2728 1086 2763; x_wconf 93' lang='lat' dir='ltr'>ut</span> <span class='ocrx_word' id='word_1_467' title='bbox 1111 2719 1299 2773; x_wconf 90' lang='lat' dir='ltr'>scilicet,</span> <span class='ocrx_word' id='word_1_468' title='bbox 1324 2736 1348 2761; x_wconf 79' lang='grc' dir='ltr'><strong>κ</strong></span> <span class='ocrx_word' id='word_1_469' title='bbox 1371 2718 1479 2763; x_wconf 86' lang='lat' dir='ltr'>illuc</span> <span class='ocrx_word' id='word_1_470' title='bbox 1507 2733 1614 2763; x_wconf 89' lang='lat' dir='ltr'>eum</span> <span class='ocrx_word' id='word_1_471' title='bbox 1645 2719 1827 2778; x_wconf 85' lang='lat' dir='ltr'>spiritus</span> <span class='ocrx_word' id='word_1_472' title='bbox 1853 2733 1960 2763; x_wconf 89' lang='lat' dir='ltr'>suus</span> <span class='ocrx_word' id='word_1_473' title='bbox 1993 2719 2070 2763; x_wconf 93' lang='lat' dir='ltr'>du-</span> 
     </span>
     <span class='ocr_line' id='line_1_60' title="bbox 106 2783 2066 2845; baseline 0.001 -17.892"><span class='ocrx_word' id='word_1_474' title='bbox 106 2790 241 2837; x_wconf 65' lang='lat' dir='ltr'>cerat,</span> <span class='ocrx_word' id='word_1_475' title='bbox 265 2783 341 2828; x_wconf 83' lang='lat' dir='ltr'>ubi</span> <span class='ocrx_word' id='word_1_476' title='bbox 372 2797 479 2828; x_wconf 87' lang='lat' dir='ltr'>eum</span> <span class='ocrx_word' id='word_1_477' title='bbox 513 2783 569 2828; x_wconf 90' lang='lat' dir='ltr'>ad</span> <span class='ocrx_word' id='word_1_478' title='bbox 599 2785 868 2829; x_wconf 86' lang='lat' dir='ltr'>tentandum</span> <span class='ocrx_word' id='word_1_479' title='bbox 901 2786 1081 2845; x_wconf 89' lang='lat' dir='ltr'>spiritus</span> <span class='ocrx_word' id='word_1_480' title='bbox 1113 2786 1342 2845; x_wconf 89' lang='lat' dir='ltr'>malignus</span> <span class='ocrx_word' id='word_1_481' title='bbox 1376 2786 1599 2830; x_wconf 86' lang='lat' dir='ltr'>inveniret</span> <span class='ocrx_word' id='word_1_482' title='bbox 1638 2803 1691 2831; x_wconf 74' lang='grc' dir='ltr'>»ι</span> <span class='ocrx_word' id='word_1_483' title='bbox 1724 2786 1803 2830; x_wconf 89' lang='lat' dir='ltr'>sed</span> <span class='ocrx_word' id='word_1_484' title='bbox 1830 2800 1856 2829; x_wconf 89' lang='lat' dir='ltr'>a</span> <span class='ocrx_word' id='word_1_485' title='bbox 1882 2785 2066 2830; x_wconf 89' lang='lat' dir='ltr'>diabolo</span> 
     </span>
     <span class='ocr_line' id='line_1_61' title="bbox 101 2851 2068 2912; baseline -0 -15.041"><span class='ocrx_word' id='word_1_486' title='bbox 101 2858 261 2908; x_wconf 57' lang='lat' dir='ltr'>passus</span> <span class='ocrx_word' id='word_1_487' title='bbox 285 2859 366 2905; x_wconf 87' lang='lat' dir='ltr'>est,</span> <span class='ocrx_word' id='word_1_488' title='bbox 391 2860 442 2895; x_wconf 86' lang='lat' dir='ltr'>ut</span> <span class='ocrx_word' id='word_1_489' title='bbox 467 2862 773 2896; x_wconf 87' lang='lat' dir='ltr'>assumeretur</span> <span class='ocrx_word' id='word_1_490' title='bbox 797 2851 872 2896; x_wconf 92' lang='lat' dir='ltr'>vel</span> <span class='ocrx_word' id='word_1_491' title='bbox 897 2867 1033 2912; x_wconf 88' lang='lat' dir='ltr'>supra</span> <span class='ocrx_word' id='word_1_492' title='bbox 1058 2853 1357 2912; x_wconf 88' lang='lat' dir='ltr'>pinnaculum</span> <span class='ocrx_word' id='word_1_493' title='bbox 1381 2853 1557 2912; x_wconf 89' lang='lat' dir='ltr'>templi,</span> <span class='ocrx_word' id='word_1_494' title='bbox 1588 2852 1663 2897; x_wconf 91' lang='lat' dir='ltr'>vel</span> <span class='ocrx_word' id='word_1_495' title='bbox 1689 2854 1826 2897; x_wconf 89' lang='lat' dir='ltr'>etiam</span> <span class='ocrx_word' id='word_1_496' title='bbox 1859 2853 1906 2896; x_wconf 92' lang='lat' dir='ltr'>in</span> <span class='ocrx_word' id='word_1_497' title='bbox 1939 2866 2068 2897; x_wconf 90' lang='lat' dir='ltr'>mon·</span> 
     </span>
     <span class='ocr_line' id='line_1_62' title="bbox 101 2912 2064 2979; baseline 0.003 -21.776"><span class='ocrx_word' id='word_1_498' title='bbox 101 2922 195 2962; x_wconf 79' lang='lat' dir='ltr'>tem</span> <span class='ocrx_word' id='word_1_499' title='bbox 220 2916 453 2962; x_wconf 82' lang='lat' dir='ltr'>excelsum</span> <span class='ocrx_word' id='word_1_500' title='bbox 483 2917 637 2972; x_wconf 88' lang='lat' dir='ltr'>valde;</span> <span class='ocrx_word' id='word_1_501' title='bbox 664 2933 749 2963; x_wconf 91' lang='lat' dir='ltr'>nec</span> <span class='ocrx_word' id='word_1_502' title='bbox 777 2929 844 2963; x_wconf 90' lang='lat' dir='ltr'>est</span> <span class='ocrx_word' id='word_1_503' title='bbox 869 2922 1052 2974; x_wconf 84' lang='lat' dir='ltr'>mirum,</span> <span class='ocrx_word' id='word_1_504' title='bbox 1079 2930 1127 2964; x_wconf 91' lang='lat' dir='ltr'>ut</span> <span class='ocrx_word' id='word_1_505' title='bbox 1155 2919 1350 2979; x_wconf 90' lang='lat' dir='ltr'>Gregor.</span> <span class='ocrx_word' id='word_1_506' title='bbox 1378 2919 1488 2964; x_wconf 89' lang='lat' dir='ltr'>dicit</span> <span class='ocrx_word' id='word_1_507' title='bbox 1513 2912 1675 2979; x_wconf 56' lang='lat' dir='ltr'>(ibid),</span> <span class='ocrx_word' id='word_1_508' title='bbox 1708 2936 1731 2961; x_wconf 85' lang='lat'>«</span> <span class='ocrx_word' id='word_1_509' title='bbox 1757 2920 1795 2964; x_wconf 92' lang='lat' dir='ltr'>si</span> <span class='ocrx_word' id='word_1_510' title='bbox 1821 2933 1868 2964; x_wconf 92' lang='lat' dir='ltr'>se</span> <span class='ocrx_word' id='word_1_511' title='bbox 1897 2919 1950 2963; x_wconf 83' lang='lat' dir='ltr'>ab</span> <span class='ocrx_word' id='word_1_512' title='bbox 1983 2918 2064 2963; x_wconf 89' lang='lat' dir='ltr'>illo</span> 
     </span>
     <span class='ocr_line' id='line_1_63' title="bbox 23 2982 2066 3046; baseline 0.002 -20"><span class='ocrx_word' id='word_1_513' title='bbox 23 2992 51 3027; x_wconf 49' lang='grc' dir='ltr'>ἑὲ</span> <span class='ocrx_word' id='word_1_514' title='bbox 101 2982 307 3041; x_wconf 73' lang='lat' dir='ltr'>permisit</span> <span class='ocrx_word' id='word_1_515' title='bbox 327 2985 375 3029; x_wconf 81' lang='lat' dir='ltr'>in</span> <span class='ocrx_word' id='word_1_516' title='bbox 400 2995 606 3030; x_wconf 87' lang='lat' dir='ltr'>montem</span> <span class='ocrx_word' id='word_1_517' title='bbox 635 2986 754 3040; x_wconf 88' lang='lat' dir='ltr'>duci,</span> <span class='ocrx_word' id='word_1_518' title='bbox 780 2987 858 3046; x_wconf 92' lang='lat' dir='ltr'>qui</span> <span class='ocrx_word' id='word_1_519' title='bbox 883 3001 930 3031; x_wconf 89' lang='lat' dir='ltr'>se</span> <span class='ocrx_word' id='word_1_520' title='bbox 957 2988 1163 3046; x_wconf 87' lang='lat' dir='ltr'>permisit</span> <span class='ocrx_word' id='word_1_521' title='bbox 1188 3002 1213 3032; x_wconf 91' lang='lat' dir='ltr'>a</span> <span class='ocrx_word' id='word_1_522' title='bbox 1241 2988 1456 3032; x_wconf 89' lang='lat' dir='ltr'>membris</span> <span class='ocrx_word' id='word_1_523' title='bbox 1480 2988 1618 3046; x_wconf 89' lang='lat' dir='ltr'>ipsius</span> <span class='ocrx_word' id='word_1_524' title='bbox 1643 2987 1847 3045; x_wconf 87' lang='lat' dir='ltr'>crucifigi</span> <span class='ocrx_word' id='word_1_525' title='bbox 1869 3005 1910 3031; x_wconf 86' lang='lat'>».</span> <span class='ocrx_word' id='word_1_526' title='bbox 1933 2986 2066 3031; x_wconf 90' lang='lat' dir='ltr'>Intel-</span> 
     </span>
     <span class='ocr_line' id='line_1_64' title="bbox 102 3045 2066 3114; baseline 0.003 -22"><span class='ocrx_word' id='word_1_527' title='bbox 102 3045 261 3107; x_wconf 79' lang='lat' dir='ltr'>ligitur</span> <span class='ocrx_word' id='word_1_528' title='bbox 278 3059 432 3095; x_wconf 80' lang='lat' dir='ltr'>autem</span> <span class='ocrx_word' id='word_1_529' title='bbox 463 3065 490 3095; x_wconf 92' lang='lat' dir='ltr'>a</span> <span class='ocrx_word' id='word_1_530' title='bbox 520 3051 704 3097; x_wconf 90' lang='lat' dir='ltr'>diabolo</span> <span class='ocrx_word' id='word_1_531' title='bbox 737 3064 1009 3113; x_wconf 88' lang='lat' dir='ltr'>assumptus,</span> <span class='ocrx_word' id='word_1_532' title='bbox 1042 3069 1136 3099; x_wconf 90' lang='lat' dir='ltr'>non</span> <span class='ocrx_word' id='word_1_533' title='bbox 1177 3055 1306 3114; x_wconf 89' lang='lat' dir='ltr'>quasi</span> <span class='ocrx_word' id='word_1_534' title='bbox 1347 3069 1403 3099; x_wconf 84' lang='lat' dir='ltr'>ex</span> <span class='ocrx_word' id='word_1_535' title='bbox 1433 3055 1730 3109; x_wconf 81' lang='lat' dir='ltr'>necessitate3</span> <span class='ocrx_word' id='word_1_536' title='bbox 1758 3055 1837 3099; x_wconf 90' lang='lat' dir='ltr'>sed</span> <span class='ocrx_word' id='word_1_537' title='bbox 1870 3054 1990 3112; x_wconf 88' lang='lat' dir='ltr'>quia,</span> <span class='ocrx_word' id='word_1_538' title='bbox 2016 3063 2066 3098; x_wconf 92' lang='lat' dir='ltr'>ut</span> 
     </span>
     <span class='ocr_line' id='line_1_65' title="bbox 105 3112 2062 3181; baseline 0.003 -21.7"><span class='ocrx_word' id='word_1_539' title='bbox 105 3112 296 3173; x_wconf 83' lang='lat' dir='ltr'>Origen.</span> <span class='ocrx_word' id='word_1_540' title='bbox 313 3116 421 3161; x_wconf 86' lang='lat' dir='ltr'>dicit</span> <span class='ocrx_word' id='word_1_541' title='bbox 434 3131 569 3177; x_wconf 83' lang='lat' dir='ltr'>super</span> <span class='ocrx_word' id='word_1_542' title='bbox 586 3119 696 3164; x_wconf 91' lang='lat' dir='ltr'>Luc.</span> <span class='ocrx_word' id='word_1_543' title='bbox 715 3121 847 3177; x_wconf 87' lang='lat' dir='ltr'>(hom.</span> <span class='ocrx_word' id='word_1_544' title='bbox 866 3136 926 3180; x_wconf 83' lang='lat'>31.</span> <span class='ocrx_word' id='word_1_545' title='bbox 944 3123 988 3165; x_wconf 85' lang='lat' dir='ltr'>in</span> <span class='ocrx_word' id='word_1_546' title='bbox 1007 3123 1185 3181; x_wconf 65' lang='lat' dir='ltr'>princ),</span> <span class='ocrx_word' id='word_1_547' title='bbox 1207 3122 1520 3181; x_wconf 80' lang='lat' dir='ltr'>«sequebatur</span> <span class='ocrx_word' id='word_1_548' title='bbox 1546 3137 1652 3167; x_wconf 92' lang='lat' dir='ltr'>eum</span> <span class='ocrx_word' id='word_1_549' title='bbox 1672 3122 1726 3165; x_wconf 92' lang='lat' dir='ltr'>ad</span> <span class='ocrx_word' id='word_1_550' title='bbox 1744 3122 2062 3176; x_wconf 88' lang='lat' dir='ltr'>tentationem,</span> 
     </span>
     <span class='ocr_line' id='line_1_66' title="bbox 4 3180 955 3245; baseline 0.007 -19.985"><span class='ocrx_word' id='word_1_551' title='bbox 4 3207 33 3234; x_wconf 57' lang='lat'><em>³</em></span> <span class='ocrx_word' id='word_1_552' title='bbox 102 3180 231 3240; x_wconf 88' lang='lat' dir='ltr'>quasi</span> <span class='ocrx_word' id='word_1_553' title='bbox 257 3181 424 3228; x_wconf 89' lang='lat' dir='ltr'>athleta</span> <span class='ocrx_word' id='word_1_554' title='bbox 450 3194 611 3243; x_wconf 85' lang='lat' dir='ltr'>sponte</span> <span class='ocrx_word' id='word_1_555' title='bbox 636 3188 891 3245; x_wconf 91' lang='lat' dir='ltr'>procedens</span> <span class='ocrx_word' id='word_1_556' title='bbox 914 3205 955 3232; x_wconf 87' lang='lat'>&gt;›.</span> 
     </span>
    </p>

    <p class='ocr_par' dir='ltr' id='par_1_6' title="bbox 3 3247 2064 3650">
     <span class='ocr_line' id='line_1_67' title="bbox 3 3247 2063 3328; baseline 0.003 -35"><span class='ocrx_word' id='word_1_557' title='bbox 3 3257 27 3328; x_wconf 60' lang='grc' dir='ltr'><strong><em>ἕ</em></strong></span> <span class='ocrx_word' id='word_1_558' title='bbox 55 3291 79 3313; x_wconf 58' lang='grc'>,</span> <span class='ocrx_word' id='word_1_559' title='bbox 191 3247 269 3293; x_wconf 84' lang='lat' dir='ltr'>An</span> <span class='ocrx_word' id='word_1_560' title='bbox 301 3260 515 3295; x_wconf 76' lang='lat' dir='ltr'>TERTmM</span> <span class='ocrx_word' id='word_1_561' title='bbox 541 3251 798 3308; x_wconf 87' lang='lat' dir='ltr'>dicendum,</span> <span class='ocrx_word' id='word_1_562' title='bbox 825 3256 962 3314; x_wconf 88' lang='lat' dir='ltr'>quod,</span> <span class='ocrx_word' id='word_1_563' title='bbox 988 3256 1105 3300; x_wconf 90' lang='lat' dir='ltr'>sicut</span> <span class='ocrx_word' id='word_1_564' title='bbox 1130 3255 1382 3314; x_wconf 89' lang='lat' dir='ltr'>Apostolus</span> <span class='ocrx_word' id='word_1_565' title='bbox 1410 3256 1518 3301; x_wconf 87' lang='lat' dir='ltr'>dicit</span> <span class='ocrx_word' id='word_1_566' title='bbox 1542 3256 1672 3314; x_wconf 84' lang='lat' dir='ltr'>(Heb.</span> <span class='ocrx_word' id='word_1_567' title='bbox 1700 3255 1780 3312; x_wconf 86' lang='lat'>4.)‚</span> <span class='ocrx_word' id='word_1_568' title='bbox 1803 3254 1992 3300; x_wconf 83' lang='lat' dir='ltr'>Christus</span> <span class='ocrx_word' id='word_1_569' title='bbox 2017 3257 2063 3299; x_wconf 86' lang='lat' dir='ltr'>in</span> 
     </span>
     <span class='ocr_line' id='line_1_68' title="bbox 8 3315 2064 3382; baseline 0.004 -22.983"><span class='ocrx_word' id='word_1_570' title='bbox 8 3348 37 3381; x_wconf 40' lang='grc' dir='ltr'>ἓ</span> <span class='ocrx_word' id='word_1_571' title='bbox 103 3315 291 3360; x_wconf 75' lang='lat' dir='ltr'>omuibus</span> <span class='ocrx_word' id='word_1_572' title='bbox 322 3318 476 3360; x_wconf 86' lang='lat' dir='ltr'>tentari</span> <span class='ocrx_word' id='word_1_573' title='bbox 498 3317 631 3362; x_wconf 85' lang='lat' dir='ltr'>voluit</span> <span class='ocrx_word' id='word_1_574' title='bbox 655 3316 803 3378; x_wconf 76' lang='lat' dir='ltr'>absque</span> <span class='ocrx_word' id='word_1_575' title='bbox 812 3329 998 3380; x_wconf 74' lang='lat' dir='ltr'>peccato.-</span> <span class='ocrx_word' id='word_1_576' title='bbox 1024 3324 1215 3367; x_wconf 90' lang='lat' dir='ltr'>tentatio</span> <span class='ocrx_word' id='word_1_577' title='bbox 1244 3334 1410 3380; x_wconf 86' lang='lat' dir='ltr'>autem,</span> <span class='ocrx_word' id='word_1_578' title='bbox 1438 3337 1554 3382; x_wconf 91' lang='lat' dir='ltr'>quae</span> <span class='ocrx_word' id='word_1_579' title='bbox 1581 3332 1646 3367; x_wconf 89' lang='lat' dir='ltr'>est</span> <span class='ocrx_word' id='word_1_580' title='bbox 1664 3322 1716 3365; x_wconf 88' lang='lat' dir='ltr'>ab</span> <span class='ocrx_word' id='word_1_581' title='bbox 1745 3323 1892 3376; x_wconf 88' lang='lat' dir='ltr'>hoste,</span> <span class='ocrx_word' id='word_1_582' title='bbox 1913 3332 2064 3381; x_wconf 89' lang='lat' dir='ltr'>potest</span> 
     </span>
     <span class='ocr_line' id='line_1_69' title="bbox 5 3384 2059 3477; baseline 0.004 -50.996"><span class='ocrx_word' id='word_1_583' title='bbox 5 3400 33 3477; x_wconf 51' lang='grc' dir='ltr'>ξ</span> <span class='ocrx_word' id='word_1_584' title='bbox 104 3394 203 3427; x_wconf 80' lang='lat' dir='ltr'>esse</span> <span class='ocrx_word' id='word_1_585' title='bbox 227 3384 324 3427; x_wconf 87' lang='lat' dir='ltr'>sine</span> <span class='ocrx_word' id='word_1_586' title='bbox 349 3393 564 3442; x_wconf 84' lang='lat' dir='ltr'>peccat03</span> <span class='ocrx_word' id='word_1_587' title='bbox 590 3385 695 3444; x_wconf 86' lang='lat' dir='ltr'>quia</span> <span class='ocrx_word' id='word_1_588' title='bbox 726 3386 775 3430; x_wconf 89' lang='lat' dir='ltr'>fit</span> <span class='ocrx_word' id='word_1_589' title='bbox 801 3402 880 3446; x_wconf 91' lang='lat' dir='ltr'>per</span> <span class='ocrx_word' id='word_1_590' title='bbox 905 3388 1054 3434; x_wconf 88' lang='lat' dir='ltr'>solam</span> <span class='ocrx_word' id='word_1_591' title='bbox 1078 3391 1349 3435; x_wconf 84' lang='lat' dir='ltr'>exteriorem</span> <span class='ocrx_word' id='word_1_592' title='bbox 1373 3390 1739 3449; x_wconf 85' lang='lat' dir='ltr'>suggestionem:</span> <span class='ocrx_word' id='word_1_593' title='bbox 1767 3390 1957 3434; x_wconf 79' lang='lat' dir='ltr'>tentatio</span> <span class='ocrx_word' id='word_1_594' title='bbox 1985 3404 2059 3434; x_wconf 87' lang='lat' dir='ltr'>au·</span> 
     </span>
     <span class='ocr_line' id='line_1_70' title="bbox 4 3457 2060 3518; baseline 0.005 -27"><span class='ocrx_word' id='word_1_595' title='bbox 4 3469 49 3518; x_wconf 39' lang='grc' dir='ltr'>ἓξ</span> <span class='ocrx_word' id='word_1_596' title='bbox 103 3457 212 3502; x_wconf 88' lang='lat' dir='ltr'>tem,</span> <span class='ocrx_word' id='word_1_597' title='bbox 238 3462 354 3508; x_wconf 85' lang='lat' dir='ltr'>quae</span> <span class='ocrx_word' id='word_1_598' title='bbox 380 3459 448 3494; x_wconf 76' lang='lat' dir='ltr'>est</span> <span class='ocrx_word' id='word_1_599' title='bbox 473 3463 498 3493; x_wconf 87' lang='lat' dir='ltr'>a</span> <span class='ocrx_word' id='word_1_600' title='bbox 524 3463 674 3506; x_wconf 88' lang='lat' dir='ltr'>carne,</span> <span class='ocrx_word' id='word_1_601' title='bbox 695 3466 790 3497; x_wconf 89' lang='lat' dir='ltr'>non</span> <span class='ocrx_word' id='word_1_602' title='bbox 811 3464 961 3512; x_wconf 88' lang='lat' dir='ltr'>potest</span> <span class='ocrx_word' id='word_1_603' title='bbox 977 3469 1076 3501; x_wconf 86' lang='lat' dir='ltr'>esse</span> <span class='ocrx_word' id='word_1_604' title='bbox 1092 3457 1189 3501; x_wconf 85' lang='lat' dir='ltr'>sine</span> <span class='ocrx_word' id='word_1_605' title='bbox 1212 3467 1428 3516; x_wconf 88' lang='lat' dir='ltr'>peccato;</span> <span class='ocrx_word' id='word_1_606' title='bbox 1455 3457 1561 3515; x_wconf 90' lang='lat' dir='ltr'>quia</span> <span class='ocrx_word' id='word_1_607' title='bbox 1583 3457 1845 3514; x_wconf 88' lang='lat' dir='ltr'>hujusmodi</span> <span class='ocrx_word' id='word_1_608' title='bbox 1869 3457 2060 3502; x_wconf 88' lang='lat' dir='ltr'>tentatio</span> 
     </span>
     <span class='ocr_line' id='line_1_71' title="bbox 5 3507 2060 3585; baseline 0.004 -23"><span class='ocrx_word' id='word_1_609' title='bbox 5 3507 55 3581; x_wconf 95' lang='grc' dir='ltr'><em>ἑὲ</em></span> <span class='ocrx_word' id='word_1_610' title='bbox 103 3512 154 3560; x_wconf 85' lang='lat' dir='ltr'>fit</span> <span class='ocrx_word' id='word_1_611' title='bbox 183 3528 263 3574; x_wconf 83' lang='lat' dir='ltr'>per</span> <span class='ocrx_word' id='word_1_612' title='bbox 286 3514 653 3572; x_wconf 84' lang='lat' dir='ltr'>delectationem,</span> <span class='ocrx_word' id='word_1_613' title='bbox 686 3527 731 3563; x_wconf 92' lang='lat' dir='ltr'>et</span> <span class='ocrx_word' id='word_1_614' title='bbox 761 3522 1204 3581; x_wconf 74' lang='lat' dir='ltr'>concupiscentiam:</span> <span class='ocrx_word' id='word_1_615' title='bbox 1233 3512 1418 3568; x_wconf 63' lang='lat' dir='ltr'>et*sicut</span> <span class='ocrx_word' id='word_1_616' title='bbox 1444 3524 1636 3582; x_wconf 88' lang='lat' dir='ltr'>August.</span> <span class='ocrx_word' id='word_1_617' title='bbox 1666 3524 1774 3568; x_wconf 86' lang='lat' dir='ltr'>dicit</span> <span class='ocrx_word' id='word_1_618' title='bbox 1792 3524 1888 3582; x_wconf 85' lang='lat' dir='ltr'>(lib.</span> <span class='ocrx_word' id='word_1_619' title='bbox 1915 3539 1981 3585; x_wconf 85' lang='grc'>19.</span> <span class='ocrx_word' id='word_1_620' title='bbox 2013 3525 2060 3570; x_wconf 85' lang='lat' dir='ltr'>de</span> 
     </span>
     <span class='ocr_line' id='line_1_72' title="bbox 6 3578 2060 3650; baseline 0.005 -25"><span class='ocrx_word' id='word_1_621' title='bbox 6 3584 45 3646; x_wconf 50' lang='lat'>{3495</span> <span class='ocrx_word' id='word_1_622' title='bbox 105 3578 203 3627; x_wconf 74' lang='lat' dir='ltr'>civ.</span> <span class='ocrx_word' id='word_1_623' title='bbox 227 3581 330 3638; x_wconf 80' lang='lat' dir='ltr'>Dei,</span> <span class='ocrx_word' id='word_1_624' title='bbox 367 3590 461 3644; x_wconf 79' lang='lat' dir='ltr'>cap.</span> <span class='ocrx_word' id='word_1_625' title='bbox 478 3596 522 3641; x_wconf 87' lang='lat'>4.</span> <span class='ocrx_word' id='word_1_626' title='bbox 553 3589 647 3630; x_wconf 85' lang='lat' dir='ltr'>ante</span> <span class='ocrx_word' id='word_1_627' title='bbox 676 3584 819 3645; x_wconf 68' lang='lat' dir='ltr'>med),</span> <span class='ocrx_word' id='word_1_628' title='bbox 855 3602 880 3629; x_wconf 76' lang='grc' dir='ltr'>ιι</span> <span class='ocrx_word' id='word_1_629' title='bbox 909 3588 1185 3634; x_wconf 87' lang='lat' dir='ltr'>nonnullum</span> <span class='ocrx_word' id='word_1_630' title='bbox 1215 3600 1458 3650; x_wconf 87' lang='lat' dir='ltr'>peccatum</span> <span class='ocrx_word' id='word_1_631' title='bbox 1490 3599 1571 3644; x_wconf 90' lang='lat' dir='ltr'>est,</span> <span class='ocrx_word' id='word_1_632' title='bbox 1604 3590 1786 3649; x_wconf 87' lang='lat' dir='ltr'>quando</span> <span class='ocrx_word' id='word_1_633' title='bbox 1815 3604 1922 3636; x_wconf 88' lang='lat' dir='ltr'>caro</span> <span class='ocrx_word' id='word_1_634' title='bbox 1954 3605 2060 3637; x_wconf 87' lang='lat' dir='ltr'>con·</span> 
     </span>
    </p>
   </div>
  </div>
 </body>
</html>
