2352 3926
700 212 982 262 QUAE-tuo
1021 215 1140 256 vm.
1180 214 1488 257 ARTICULUS
1525 214 1605 255 111.
2035 213 2131 254 101

869 428 1303 486 ARTICULUS
1336 430 1435 486 ιιι.
2083 441 2134 500 58

468 562 663 606 UTRUM
689 563 956 607 CHRISTUS
984 565 1069 612 SIT
1096 565 1278 609 CAPUT
1305 565 1526 605 OMNIUM
1555 562 1835 604 HOMINUM.

280 672 413 743 (Infr.
432 688 473 734 ρ.
499 687 558 735 ι3.
575 681 657 720 art.
671 690 707 735 3.
726 681 764 720 et
779 690 818 735 q.
841 689 907 735 19.
926 681 1009 721 art.
1027 689 1071 733 4.
1089 681 1127 720 et
1141 692 1176 721 1.
1194 682 1233 721 et
1250 691 1287 736 3.
1308 677 1418 720 Dist.
1437 691 1492 735 13.
1512 690 1550 735 q.
1569 690 1608 720 2.
1627 648 1709 721 art.
1727 690 1766 731 2,
1785 690 1822 735 q.
1841 688 1881 719 2.
1900 679 1939 719 et
1953 671 2028 733 3.).

260 786 338 831 AD
355 785 652 832 TERTmM‘sic
672 787 943 846 proceditur.
967 787 1171 842 Videtur,
1198 787 1320 847 quod
1347 787 1557 832 Christus
1582 801 1676 831 non
1700 789 1755 834 sit
1773 794 1909 846 caput
1925 784 2136 830 omnium

167 853 437 900 hominum:
466 864 602 914 caput
626 855 748 899 enim
773 868 868 899 non
894 855 1032 900 habet
1057 854 1343 909 relationem,
1368 854 1462 899 nisi'
1489 854 1544 898 ad
1578 854 1784 898 membra
1810 855 1878 898 sui
1905 850 2135 911 corporis:

165 919 374 969 infideles
400 931 552 965 autem
578 921 706 969 nullo
733 922 874 966 modo
894 931 999 966 sunt
1015 921 1222 966 membra
1245 921 1492 975 Ecclesiae,
1516 935 1632 980 quae
1661 930 1728 965 est
1754 934 1919 978 corpus
1946 918 2134 973 Christi,

167 996 221 1033 ut
242 988 406 1032 dicitur
430 988 595 1048 Ephes.
628 1002 688 1044 ι.;
715 1003 826 1048 ergo
854 989 1065 1035 Christus
1089 1003 1185 1033 non
1212 999 1279 1033 est
1305 998 1440 1049 caput
1466 988 1676 1033 omnium
1698 988 1955 1031 hominum.

260 1066 301 1100 a.
326 1053 622 1100 PRAETEREA.
650 1057 811 1115 Apost.
838 1056 949 1100 dicit
965 1057 1021 1103 ad
1044 1056 1209 1115 Ephes.
1237 1069 1289 1113 5.,
1315 1056 1438 1115 quod
1463 1056 1652 1101 Christus
1673 1054 1847 1099 tradidit
1875 1054 2134 1112 semetipsum

161 1129 249 1183 pro
273 1122 471 1176 Ecclesia,
498 1129 547 1167 ut
563 1125 648 1182 ipse
666 1124 871 1167 exhiberet
885 1125 965 1167 sibi
978 1124 1205 1182 gloriosam
1223 1124 1461 1175 Ecclesiam,
1484 1138 1568 1169 non
1586 1123 1796 1166 habentem
1813 1120 2041 1174 maculam,
2062 1126 2137 1165 aut

168 1203 335 1248 rugam,
361 1197 435 1235 aut
459 1189 619 1248 aliquid
644 1190 896 1249 hujusmodi:
923 1191 1002 1234 sed
1028 1190 1161 1234 multi
1178 1200 1282 1233 sunt
1298 1190 1437 1233 etiam
1459 1188 1629 1243 fideles,
1656 1189 1701 1232 in
1730 1188 1890 1246 quibus
1908 1186 2134 1230 invenitur

167 1256 365 1311 macula,
383 1266 460 1302 aut
476 1271 588 1315 ruga
609 1258 808 1316 peccati;
831 1270 942 1316 ergo
964 1271 1049 1301 nec
1073 1258 1210 1302 etiam
1228 1258 1437 1301 omnium
1455 1256 1658 1300 fidelium
1677 1256 1885 1300 Christus
1903 1264 1970 1298 est
1987 1263 2134 1312 caput.

262 1337 299 1382 3.
326 1322 624 1369 PRAETEREA.
652 1323 950 1368 Sacramenta
975 1325 1139 1368 veteris
1166 1324 1280 1383 legis
1303 1333 1625 1383 comparantur
1653 1323 1708 1366 ad
1737 1322 1988 1374 Christum,
2015 1321 2132 1364 sicut

169 1390 331 1434 umbra
354 1390 410 1434 ad
428 1402 608 1450 corpus,
630 1400 679 1434 ut
705 1391 868 1435 dicitur
890 1390 1157 1436 Colossens.
1185 1404 1249 1436 2.:
1278 1392 1356 1436 sed
1384 1391 1541 1435 Patres
1567 1390 1732 1434 veteris
1760 1387 2048 1433 Testamenti
2069 1400 2135 1431 sa-

168 1458 412 1501 cramentis
443 1457 532 1501 illis
563 1469 647 1502 suo
671 1467 881 1517 tempore
913 1458 1182 1513 serviebant,
1209 1458 1462 1504 secundum
1488 1456 1599 1501 illud
1628 1457 1765 1501 Hebr.
1793 1456 1859 1501 8.:
1889 1456 1978 1512 Qui
2003 1469 2134 1499 exem-

161 1523 298 1584 plari,
325 1530 365 1569 at
386 1527 559 1569 umbrae
584 1524 817 1570 deserviunt
839 1525 1086 1578 coelestiam,-
1105 1539 1199 1570 non
1226 1539 1335 1584 ergo
1358 1525 1643 1584 pertinebant
1665 1523 1720 1567 ad
1747 1534 1912 1582 corpus
1937 1520 2132 1575 Christi;

168 1600 215 1635 et
235 1590 300 1635 ita
322 1590 531 1641 Christus
555 1602 650 1635 non
676 1602 742 1636 est
769 1602 904 1651 caput
926 1592 1134 1636 omnium
1161 1593 1418 1636 hominum.

261 1657 357 1702 SED
385 1671 581 1703 CONTRA
608 1668 688 1712 est,
716 1659 837 1717 quod
871 1659 1034 1703 dicitur
1072 1673 1107 1704 1.
1143 1657 1350 1703 Timoth.
1383 1671 1454 1714 4.:
1482 1660 1556 1703 Est
1579 1658 1768 1703 salvator
1793 1658 1980 1702 omnium
2008 1656 2138 1700 homi-

166 1739 290 1778 num,
315 1730 351 1770 et
375 1726 558 1769 maxime
573 1725 790 1783 fidelium;
826 1735 870 1769 et
901 1739 936 1769 1.
959 1726 1089 1784 Joan.
1118 1739 1186 1770 2.:
1214 1727 1302 1786 Ipse
1327 1733 1384 1771 est
1398 1727 1653 1786 propitiatio
1672 1733 1754 1784 pro
1771 1725 1951 1784 peccatis
1970 1725 2133 1777 nostris,

168 1805 253 1835 non
277 1799 361 1851 pro
385 1793 536 1836 nostris
569 1797 742 1845 tantum,
778 1791 845 1836 sed
877 1794 1003 1840 etiam
1028 1801 1110 1852 pro
1144 1795 1265 1843 totius
1290 1793 1463 1838 mundi:
1501 1792 1677 1836 salvare
1715 1803 1868 1835 autem
1903 1790 2135 1845 homines,

167 1867 212 1902 et
227 1857 599 1917 propitiationem
626 1872 724 1902 esse
746 1873 828 1916 pro
846 1859 1046 1918 peccatis
1073 1873 1248 1912 eorum,
1269 1860 1489 1918 competit
1507 1859 1709 1912 Christo,
1735 1858 1988 1902 secundum
2011 1858 2133 1917 quod

166 1933 235 1970 est
260 1934 414 1984 caput3
442 1939 552 1984 ergo
581 1925 790 1970 Christus
818 1935 886 1975 est
910 1937 1046 1986 caput
1067 1927 1281 1971 omnium
1308 1927 1565 1972 hominum.

255 1992 544 2038 Responnno
571 1992 830 2047 dicendum,
848 1994 970 2052 quod
988 1994 1102 2039 haec
1130 2005 1197 2039 est
1222 1993 1473 2038 differentia
1498 1994 1615 2037 inter
1641 2006 1806 2051 corpus
1829 1991 2030 2035 hominis
2056 2005 2133 2035 na-

29 2068 44 2085 ⁷³
70 2071 87 2089 ⁶
163 2059 325 2118 turrile,
350 2069 396 2105 et
421 2073 587 2120 corpus
612 2059 846 2114 Ecclesiae
878 2061 1124 2120 mysticum
1158 2061 1270 2118 (vide
1306 2061 1441 2106 Colos.
1467 2077 1502 2115 ι.
1534 2062 1618 2115 ι8.,
1653 2060 1798 2119 Ephes.
1819 2074 1856 2119 3.
1882 2059 1978 2118 13.),
2008 2059 2131 2117 quod

164 2124 374 2181 membra
400 2127 606 2186 corporis
630 2126 849 2181 naturalis
875 2132 980 2183 su'nt
1004 2129 1162 2184 omnia
1188 2128 1348 2173 simul:
1373 2128 1577 2173 membra
1613 2138 1765 2174 autem
1799 2125 2005 2185 corporis
2037 2140 2133 2184 my-

164 2194 265 2239 stici
288 2208 384 2239 non
409 2204 513 2239 sunt
538 2194 696 2238 omnia
721 2194 885 2240 simul:
912 2211 1039 2255 neque
1062 2206 1282 2255 quantum
1302 2196 1356 2239 ad
1376 2210 1474 2240 esse
1492 2205 1709 2240 naturae:
1734 2194 1839 2252 quia
1864 2207 2028 2252 corpus
2051 2193 2132 2236 Ec-

162 2259 330 2306 elenae
361 2261 650 2306 constituitur
681 2275 737 2306 ex
766 2261 1044 2316 hominibus,
1081 2263 1158 2322 qui
1189 2262 1370 2307 fuerunt
1403 2277 1428 2306 a
1454 2262 1676 2321 principio
1709 2260 1870 2304 mundi
1901 2274 2043 2319 usque
2076 2259 2133 2303 ad

160 2327 340 2373 finem
327 2329 488 2388 ipsius.
515 2342 642 2387 neque
672 2329 810 2373 etiam
847 2338 1067 2390 quantum
1104 2330 1160 2374 ad
1197 2343 1296 2374 esse
1333 2330 1530 2388 gratiae3
1559 2331 1663 2388 quia
1697 2341 1857 2376 eorum
1889 2328 2030 2372 etiam
2057 2329 2134 2386 qui

158 2391 268 2441 ερατ
292 2395 339 2439 in
365 2408 457 2439 uno
484 2405 706 2454 tempore,
732 2395 918 2457 quidam
945 2397 1091 2455 gratia
1123 2406 1292 2451 carent,
1325 2398 1622 2457 postmodum
1655 2395 1867 2449 habituri,
1894 2394 1994 2439 aliis
2028 2409 2132 2439 eam

160 2463 258 2522 jam
282 2462 574 2508 habentibus:
600 2462 667 2507 sic
691 2462 829 2522 igitur
849 2464 1062 2508 membra
1088 2465 1292 2524 corporis
1320 2464 1503 2524 mystici
1537 2464 1834 2522 accipiuntur,
1860 2476 1954 2506 non
1980 2461 2133 2506 solum

159 2529 416 2574 *secundum
452 2528 575 2588 quod
611 2539 719 2574 sunt
742 2530 789 2574 in
816 2539 934 2585 actu,
960 2531 1039 2575 sed
1072 2531 1211 2576 etiam
1239 2532 1494 2578 secundum
1531 2531 1653 2590 quod
1686 2540 1791 2575 sunt
1820 2530 1868 2574 in
1904 2530 2132 2589 potentia:

163 2596 389 2656 quaedam
404 2606 561 2640 tamen
586 2606 690 2641 sunt
710 2595 758 2640 in
774 2599 991 2655 potentia,
1021 2612 1137 2657 quae
1170 2613 1407 2658 nunquam
1429 2598 1706 2643 reducuntur
1723 2598 1778 2642 ad
1797 2606 1974 2642 actum.
2002 2610 2135 2656 quae-

162 2664 271 2708 dam
295 2676 405 2707 vero
432 2673 549 2717 sunt,
570 2669 691 2722 ”quae
717 2664 992 2724 quandoque
1016 2665 1294 2709 reducuntur
1321 2665 1375 2709 ad
1404 2675 1584 2719 actum;
1607 2676 1651 2710 et
1667 2666 1757 2709 hoc
1786 2665 2036 2709 secundum
2061 2666 2134 2709 tri-

156 2720 312 2790 plicam
329 2730 545 2789 gradum3
562 2741 759 2790 quorum
770 2733 939 2792 primus
957 2742 1024 2776 est
1039 2747 1118 2792 per
1130 2732 1294 2787 fidem3
1316 2733 1513 2778 secundus
1525 2747 1606 2792 per
1633 2733 1902 2777 charitatem
1915 2732 2039 2786 viae3
2058 2738 2133 2780 ter-

160 2798 244 2843 tius
263 2811 349 2856 per
372 2796 650 2841 fruitionem
668 2798 852 2857 patriae.
881 2799 958 2844 Sic
986 2813 1097 2864 ergo
1125 2799 1384 2854 dicendum,
1407 2801 1539 2859 quod
1564 2799 1830 2876 accipiendo
1852 2767 2130 2858 generaliter

166 2865 419 2909 secundum
436 2874 584 2908 totum
602 2874 781 2924 tempus
798 2866 972 2920 mundi,
990 2860 1201 2911 Christus
1220 2877 1286 2911 est
1305 2877 1441 2925 caput
1457 2867 1666 2911 omnium
1683 2866 1951 2921 hominum3
1970 2866 2047 2910 sed
2065 2880 2131 2910 se-

162 2931 366 2977 cundum
397 2931 600 2975 diversos
633 2933 822 2991 gradus:
848 2935 991 2993 primo
1018 2934 1156 2987 enim,
1184 2944 1228 2979 et
1253 2933 1560 2993 principaliter
1587 2944 1653 2979 est
1686 2944 1821 2993 caput
1847 2932 2023 2987 eorum,
2049 2933 2126 2991 qui

163 3008 266 3043 actu
284 2999 498 3042 uniuntur
523 2998 566 3043 ei
590 3012 672 3058 per
696 2999 914 3058 gloriam:
941 3001 1114 3045 secundo
1143 3015 1318 3055 eorum,
1345 3004 1429 3060 “qui
1465 3010 1568 3045 actu
1600 3001 1817 3045 uniuntur
1845 3001 1886 3044 ei
1918 3014 1998 3059 per
2025 3000 2128 3044 cha-

157 3065 365 3110 ritatem:
403 3067 520 3110 tertio
552 3078 727 3120 eorum,
761 3067 838 3126 qui
870 3077 972 3112 actu
1006 3068 1221 3116 uniuntur
1253 3069 1295 3113 ei
1321 3083 1400 3128 per
1433 3069 1592 3113 fidem:
1626 3076 1774 3128 quarto
1807 3082 1916 3112 vero
1950 3081 2126 3121 eorum,

161 3132 239 3191 qui
256 3133 298 3177 ei
313 3132 529 3176 uniuntur
549 3131 700 3177 solum
725 3134 771 3177 in
797 3135 1000 3193 potentia
1022 3136 1228 3179 nondum
1256 3137 1441 3180 reducta
1464 3136 1520 3180 ad
1547 3146 1716 3190 actum,
1744 3150 1858 3194 quae
1878 3145 2030 3179 tamen
2059 3144 2127 3179 est

163 3199 219 3244 ad
251 3209 405 3244 actum
442 3198 698 3244 reducenda
723 3201 975 3245 secundum
1003 3202 1204 3246 divinam
1231 3203 1878 3261 praedestinationem:quinto
1910 3214 2020 3245 vero
2053 3214 2127 3245 eo-

142 3278 279 3328 tum,
295 3266 373 3324 qui
397 3266 445 3309 in
462 3267 663 3324 potentia
689 3277 794 3312 sunt
818 3268 860 3312 ei
886 3269 1012 3323 uniti,
1045 3283 1160 3327 quae
1186 3284 1422 3328 nunquam
1450 3270 1688 3315 reducetur
1716 3270 1771 3312 ad
1795 3278 1972 3313 actum:
2009 3268 2127 3312 sicut

63 3370 98 3384 ,,
166 3332 380 3377 homines
406 3332 452 3375 in
479 3332 569 3376 hoc
595 3335 768 3378 mundo
793 3335 1013 3389 viventes,
1041 3336 1117 3395 qui
1149 3351 1243 3380 non
1276 3347 1379 3381 sunt
1405 3337 1749 3396 praedestinati:
1778 3335 1853 3394 qui
1889 3345 2044 3379 tamen
2073 3348 2128 3379 ex

76 3403 106 3415 ²
161 3399 253 3444 hoc
288 3398 474 3443 saeculo
511 3400 788 3456 recedentes,
823 3402 1023 3447 totaliter
1056 3404 1267 3447 desinunt
1299 3418 1396 3448 esse
1434 3404 1640 3447 membra
1675 3403 1867 3456 Christi3
1895 3402 2000 3461 quia
2025 3404 2121 3462 jam

59 3472 65 3480 ‘
161 3478 247 3511 net
284 3475 389 3510 sunt
419 3466 465 3509 in
502 3467 720 3524 potentia,
745 3478 795 3513 ut
821 3468 1008 3513 Christo
1036 3470 1260 3514 uniantur.

252 3532 328 3577 An
351 3543 542 3580 munim
564 3546 674 3593 ergo
702 3534 961 3591 dicendum,
979 3537 1102 3595 quod
1129 3536 1194 3580 illi
1211 3537 1288 3595 qui
1305 3546 1410 3581 sunt
1434 3534 1653 3590 infideles,
1681 3536 1764 3579 etsi
1791 3546 1894 3580 actu
1916 3548 2011 3580 non
2037 3536 2127 3580 sint

58 3584 66 3622 4
95 3594 97 3597 ⁴
163 3598 221 3644 de
245 3598 465 3655 Ecclesia,
497 3611 601 3644 sunt
630 3611 785 3647 tamen
818 3603 873 3647 de
907 3602 1112 3647 Ecclesia
1145 3603 1192 3647 in
1224 3604 1450 3662 potentia3
1483 3616 1600 3662 quae
1633 3603 1817 3662 quidem
1850 3604 2053 3662 potentia
2079 3604 2126 3647 in
