2352 3926
635 197 915 245 quasa-ro
955 197 1119 237 Lxxv.
1158 193 1467 237 Axi-mutus
1507 194 1543 233 1.
1966 179 2068 247 655

205 300 383 347 Tertio.
409 299 576 345 Utrum
602 299 852 345 substantia
876 299 1022 359 panis,
1055 298 1130 344 vel
1154 298 1250 343 vini
1273 307 1378 375 post
1403 294 1801 344 consecrationem
1837 293 1973 354 hujus
2006 307 2076 340 sa·

122 367 346 413 eramenti
371 366 662 421 annihiletur,
690 377 767 412 aut
792 367 837 411 in
864 367 1100 426 pristinam
1127 366 1367 411 materiam
1394 363 1660 409 resolvatur.

189 433 402 486 wQuarto
431 434 596 478 Utrum
624 434 753 510 panis
780 435 922 493 possit
949 434 1154 477 converti
1179 434 1224 476 in
1249 446 1414 491 corpus
1442 430 1629 476 Christi.

205 501 398 553 Quinto.
426 501 592 545 Utrum
627 501 674 545 in
701 501 791 545 hoc
819 511 1105 545 sacramento
1133 510 1236 559 post
1278 498 1630 544 conversionem
1656 481 1923 542 remaneant
1958 495 2076 540 acci-

113 566 266 613 dentia
291 568 435 627 panis,
462 578 506 613 et
529 568 636 612 vini.

204 635 359 680 Sexto.
383 635 565 711 Utrum,
599 633 720 679 facta
758 633 1117 687 consecratione,
1144 643 1379 679 remaneat
1415 632 1462 677 in
1487 632 1578 676 hoc
1605 640 1895 676 sacramento
1927 629 2078 675 forma

114 701 423 748 substantialis
448 701 592 761 panis.

205 769 429 829 Septimo.
457 769 623 814 Utrum
645 767 730 812 ista
756 767 998 812 conversio
1024 766 1140 811 fiat
1127 780 1175 810 m
1200 766 1367 811 istanti.

205 836 405 884 Octavo.
433 835 599 881 Utrum
624 835 741 880 haec
766 834 825 880 sit
848 833 986 879 falsa:
1017 849 1041 875 «
1067 833 1132 877 Ex
1158 847 1275 892 pane
1297 832 1347 878 fit
1372 846 1537 892 corpus
1565 832 1739 878 Christi
1761 849 1801 876 ».

816 996 1270 1055 'ARTICULUS
1303 997 1347 1053 Ι.
1987 995 2077 1065 440

345 1133 539 1173 UTRUM
578 1133 635 1174 IN
674 1133 793 1172 HOC
834 1133 1204 1173 SACRAMENTO
1246 1133 1332 1172 SIT
1374 1133 1585 1172 CORPUS
1627 1132 1846 1172 CHRISTI

758 1215 1060 1256 SECUNDUM
1098 1216 1434 1256 VERITATEM.

159 1324 306 1388 (Supr.
333 1339 372 1384 q.
399 1324 462 1385 65.
489 1330 570 1369 art.
592 1339 629 1384 3.
657 1332 768 1385 corp.
788 1327 930 1385 princ.
957 1332 997 1371 et
1016 1326 1120 1385 infr.
1146 1340 1184 1384 q.
1213 1326 1282 1385 76.
1299 1292 1381 1385 por
1406 1331 1535 1371 totam
1563 1330 1600 1370 et
1619 1338 1661 1382 4.
1688 1325 1800 1369 Dist.
1826 1340 1860 1370 ι.
1883 1324 2025 1384 princ.

530 1398 568 1437 et
592 1392 664 1437 lib.
690 1406 732 1449 4.
764 1393 909 1438 Contr.
935 1408 978 1452 g.
1006 1401 1098 1452 cap.
1127 1394 1192 1438 61.
1220 1400 1259 1438 et
1282 1409 1318 1438 I.
1346 1392 1537 1437 Corinth.
1561 1392 1658 1450 IL).

204 1503 280 1548 AD
306 1515 496 1548 PR1MUM
521 1503 586 1548 sic
613 1503 887 1562 proceditur.
913 1502 1119 1558 Videtur,
1146 1503 1268 1563 quod
1294 1505 1341 1549 in
1366 1504 1457 1547 hoc
1481 1513 1771 1553 sacramento
1785 1516 1880 1547 non
1907 1501 1965 1547 sit
1987 1516 2083 1547 cor-

114 1583 199 1630 pus
225 1569 398 1615 Christi
433 1570 686 1614 secundum
714 1571 967 1625 veritatem,
993 1571 1074 1616 sed
1100 1571 1252 1615 solum
1278 1571 1531 1616 secundum
1555 1570 1764 1628 figuram,
1790 1569 1865 1613 vel
1894 1571 2012 1613 sicut
2034 1569 2078 1613 in

114 1637 274 1696 signo:
301 1636 466 1682 dicitur
483 1637 606 1682 enim
625 1637 756 1695 Joan.
785 1637 825 1683 6.
852 1638 974 1697 quod
1000 1652 1105 1682 cum
1122 1638 1352 1686 Dominus
1379 1637 1587 1682 dixisset:
1610 1638 1707 1682 Nisi
1730 1636 2081 1681 manducaveritis

115 1718 284 1749 carnem
316 1704 421 1749 Filii
451 1704 644 1758 hominis,
678 1711 716 1750 et
748 1706 932 1750 biberitis
963 1707 1049 1763 ejus
1078 1707 1338 1764 sanguinem,
1366 1715 1450 1750 etc.
1484 1703 1617 1749 multi
1648 1718 1702 1748 ex
1728 1702 1959 1763 discipulis
1986 1704 2083 1761 ejus

116 1771 350 1815 audientes
377 1770 608 1816 dixerunt:
635 1773 784 1816 Durus
809 1778 865 1817 est
890 1773 955 1817 hic
975 1787 1135 1817 sermo:
1163 1772 1325 1831 quibus
1350 1772 1448 1831 ipse
1475 1772 1605 1816 dixit:
1635 1772 1819 1831 Spiritus
1839 1777 1908 1824 est,
1933 1771 2005 1829 qui
2020 1772 2083 1814 vi-

113 1838 286 1896 vificat,-
325 1852 424 1883 caro
450 1853 534 1882 non
565 1838 736 1898 prodest
775 1838 1031 1897 quidquam:
1071 1840 1199 1898 quasi
1241 1839 1424 1892 diceret,
1465 1838 1717 1883 secundum
1749 1838 2083 1897 expositionem

116 1905 311 1965 August.
337 1920 474 1965 super
498 1905 620 1952 Psal.
643 1907 713 1966 98.
733 1907 908 1966 (parum
931 1922 956 1952 a
982 1907 1111 1965 med.)
1127 1923 1141 1952 :
1173 1923 1195 1948 ι(
1223 1906 1527 1966 Spiritualiter
1543 1905 1797 1964 intelligite,
1819 1919 1935 1964 quae
1960 1904 2086 1949 locu-

115 1982 187 2019 tus
213 1986 338 2018 sum:
366 1986 461 2019 non
486 1972 578 2017 hoc
606 1987 787 2031 corpus,
816 1974 939 2032 quod
970 1974 1147 2028 videtis,
1174 1974 1491 2018 manducaturi
1523 1974 1645 2028 estis,
1672 1983 1716 2018 et
1740 1973 1922 2018 bibituri
1950 1972 2084 2017 illum

116 2039 404 2098 sanguinem,
431 2053 569 2098 quem
593 2039 734 2084 fusuri
760 2050 878 2094 sunt,
901 2042 975 2100 qui
1001 2055 1076 2085 me
1095 2041 1386 2100 crucifigent:
1414 2051 1755 2086 sacramentum
1776 2051 1943 2095 autem,
1961 2039 2085 2099 quod

115 2105 246 2153 vobis
268 2106 607 2160 commendavi,
633 2107 923 2165 spiritualiter
948 2107 1233 2152 intellectum
1254 2107 1501 2151 vivificabit
1531 2122 1637 2161 vos;
1670 2122 1778 2152 caro
1805 2118 1959 2152 autem
1990 2120 2085 2151 non

117 2171 304 2232 prodest
327 2172 576 2232 quidquam
596 2190 638 2218 ».

207 2251 248 2285 2.
281 2239 579 2286 PRAETEREA.
606 2240 837 2285 Dominus
863 2240 972 2285 dicit
991 2240 1152 2285 Matth.
1186 2240 1290 2286 ult.:
1317 2242 1422 2287 Ecce
1444 2255 1514 2299 ego
1540 2242 1756 2286 vobiscum
1780 2255 1872 2284 sum
1898 2241 2088 2285 omnibus

119 2305 260 2352 dicbus
281 2321 409 2366 usque
434 2306 489 2351 ad
509 2309 907 2352 consummationem
931 2308 1085 2353 saeculi
1096 2323 1113 2360 ;
1142 2308 1264 2367 quod
1292 2321 1526 2367 exponens
1544 2307 1739 2366 August.
1769 2307 1912 2364 (tract.
1934 2322 2002 2367 30.
2040 2308 2086 2351 in

115 2373 242 2431 Joan.
273 2387 301 2418 a
326 2375 491 2434 princ.)
519 2373 657 2419 dicit:
688 2390 711 2415 κ
744 2375 907 2419 Donec
934 2374 1171 2419 saeculum
1198 2374 1394 2429 finiatur,
1420 2389 1602 2419 sursum
1635 2384 1703 2419 est
1726 2374 1980 2429 Dominus;
2007 2373 2087 2418 sed

118 2449 276 2487 tamen
307 2450 354 2485 et
377 2440 454 2486 hic
486 2440 728 2485 nobiscum
755 2451 822 2486 est
846 2442 1012 2486 veritas
1037 2442 1244 2495 Domini,
1273 2456 1440 2501 corpus
1468 2443 1606 2496 enim,
1631 2442 1679 2486 in
1712 2456 1803 2501 quo
1831 2441 2088 2494 resurrexit,

118 2506 167 2551 in
190 2520 287 2557 uno
307 2506 414 2553 loco
447 2517 626 2567 oportet
653 2521 774 2554 esse:
797 2508 964 2553 veritas
998 2518 1151 2553 autem
1179 2509 1276 2568 ejus
1302 2509 1468 2568 ubique
1496 2508 1658 2554 diffusa
1683 2519 1752 2553 est
1779 2524 1830 2563 »3
1856 2523 1951 2553 non
1978 2522 2087 2567 ergo

122 2573 374 2622 secundum
398 2575 655 2635 veritatem,
665 2585 734 2620 est
759 2589 924 2635 corpus
953 2575 1127 2621 Christi
1157 2576 1205 2620 in
1236 2576 1328 2621 hoc
1354 2586 1660 2631 sacramento,
1686 2576 1765 2624 sed
1792 2575 1944 2622 solum
1972 2576 2090 2620 sicut

122 2640 170 2685 in
190 2640 340 2700 signo.

216 2721 254 2767 3.
286 2707 584 2755 PRAETEREA.
623 2709 816 2755 Nullum
843 2725 1008 2770 corpus
1040 2720 1190 2770 potest
1218 2724 1318 2756 esse
1344 2710 1482 2756 simul
1507 2711 1554 2755 in
1580 2709 1781 2770 pluribus
1814 2710 1944 2763 locis,
1978 2723 2084 2754 cum

121 2788 208 2820 nec
245 2774 410 2834 angelo
446 2775 537 2820 hoc
575 2777 842 2832 conveniat3
879 2778 1041 2822 eadem
1078 2778 1201 2822 enim
1233 2778 1411 2823 ratione
1448 2788 1602 2836 posset
1643 2791 1740 2822 esse
1779 2777 1971 2836 ubique:
2007 2776 2087 2821 sed

124 2855 291 2902 corpus
311 2841 468 2887 Chrsti
493 2852 562 2887 est
583 2851 746 2887 verum
773 2858 952 2903 corpus,
979 2855 1024 2889 et
1049 2854 1117 2889 est
1138 2845 1184 2889 in
1212 2845 1345 2890 coelo
1365 2859 1515 2904 ,ergo
1537 2844 1729 2898 videtur,
1757 2844 1879 2903 quod
1911 2857 2007 2888 non
2031 2843 2090 2888 sit

123 2908 378 2956 secundum
403 2909 642 2954 veritatem
666 2910 714 2954 in
739 2922 1029 2957 sacramento
1057 2912 1226 2966 altaris,
1249 2912 1327 2957 sed
1354 2912 1508 2956 solum
1535 2913 1653 2956 sicut
1673 2911 1720 2955 in
1743 2911 1890 2969 signo.

212 2989 256 3032 4.
288 2976 586 3022 PRAETEREA.
614 2977 915 3023 Sacramenta
945 2978 1180 3025 Ecclesiae
1214 2981 1269 3024 ad
1296 2980 1538 3025 utilitatem
1570 2978 1774 3023 fidelium
1802 2978 2088 3023 ordinantur:

125 3044 205 3090 sed
226 3044 480 3089 secundum
505 3043 781 3102 Gregorium
808 3045 856 3089 in
876 3046 1072 3104 quadam
1099 3047 1294 3091 homilia
1322 3047 1491 3103 (scilicet
1512 3047 1580 3092 28.
1604 3047 1649 3089 in
1671 3046 1834 3103 Evang.
1863 3059 1889 3089 a
1907 3046 2087 3104 princ),

125 3110 331 3170 Regulus
370 3110 726 3169 reprehenditur,
758 3112 881 3170 quod
922 3113 1168 3172 quaerebat
1210 3113 1499 3173 corporalem
1546 3112 1719 3156 Christi
1758 3112 2088 3170 praesentiam:

128 3177 327 3238 apostoli
348 3178 486 3223 etiam
510 3177 873 3236 impediebantur
894 3179 1093 3239 recipere
1121 3181 1342 3240 Spiritum
1365 3181 1600 3233 Sanctum,
1640 3189 1822 3238 propter
1848 3179 1939 3224 hoc
1966 3180 2089 3239 quod

127 3244 279 3292 affecti
305 3255 433 3290 erant
469 3244 523 3289 ad
551 3245 647 3303 ejus
673 3247 974 3303 praesentiam
1006 3247 1311 3307 corporalem,
1343 3256 1392 3292 ut
1423 3247 1616 3306 August.
1651 3246 1759 3290 dicit
1799 3260 1935 3305 super
1973 3245 2086 3291 illud

122 3313 254 3372 Joan.
286 3313 351 3358 16.
367 3329 377 3358 z
394 3313 442 3358 Si
458 3327 539 3357 non
557 3313 716 3367 abiero,
735 3313 975 3363 Paracletus
989 3329 1072 3359 non
1087 3317 1223 3360 veniet
1240 3315 1294 3360 ad
1309 3330 1382 3359 vos
1405 3315 1548 3372 (tract.
1571 3327 1643 3372 94.
1669 3315 1714 3357 in
1725 3314 1849 3369 Joan.
1876 3328 1904 3358 a
1927 3313 2087 3371 med.):

129 3393 224 3427 non
258 3393 370 3439 ergo
406 3379 615 3425 Christus
657 3380 909 3425 secundum
943 3382 1246 3440 praesentiam
1287 3380 1574 3441 corporalem
1612 3390 1679 3425 est
1714 3382 1759 3424 in
1797 3391 2087 3426 sacramento

131 3446 301 3493 altaris.

221 3513 544 3561 SchoNTRA
571 3525 653 3568 est,
675 3512 799 3573 quod
824 3513 1023 3560 Hilarius
1049 3515 1158 3561 dicit
1179 3517 1223 3560 in
1251 3517 1290 3560 8.
1319 3515 1374 3559 de
1403 3513 1531 3559 Trin.
1556 3514 1685 3571 (inter
1701 3515 1843 3574 princ.
1870 3521 1910 3560 et
1934 3515 2089 3573 med.).·

135 3598 160 3624 α
182 3581 255 3628 De
276 3581 464 3630 veritate
497 3582 658 3636 carnis,
685 3591 730 3627 et
754 3581 987 3640 sanguinis
1015 3582 1187 3631 Christi
1213 3597 1307 3628 non
1334 3593 1401 3627 est
1432 3581 1615 3627 relictus
1641 3581 1901 3640 ambigendi
1932 3581 2089 3628 locus:
