2352 3926
327 216 437 270 444
881 214 1159 259 QUAEsno
1201 215 1292 252 L11.
1334 204 1642 253 ARTICULUS
1682 215 1733 253 v.

327 315 447 368 ralis,
475 325 518 359 et
545 314 748 359 exclusio
776 329 800 358 a
823 315 914 358 vita
937 315 1124 373 gloriae,
1151 326 1201 359 ut
1226 325 1349 375 patet
1375 330 1429 360 ex
1453 316 1524 360 his
1550 330 1666 375 quae
1698 315 1907 361 dicuntur
1941 317 2056 362 Gen.
2090 329 2131 361 2.
2158 326 2203 362 et
2231 331 2285 377 3.;

326 397 433 425 nam
461 383 586 425 Deus
624 382 862 425 hominem
891 382 946 425 de
974 383 1183 441 paradiso
1225 394 1327 441 post
1353 394 1593 442 peccatum
1626 385 1772 440 ejecit,
1806 385 1879 427 cui
1917 394 2019 428 ante
2039 394 2285 443 peccatum

327 459 523 492 mortem
551 447 697 492 fuerat
723 449 1045 503 comminatus,
1073 449 1111 492 si
1135 461 1369 508 peccaret3
1404 460 1447 493 et
1469 450 1573 493 ideo
1601 450 1811 494 Christus
1838 451 2116 496 descendens
2141 451 2198 497 ad
2224 451 2288 495 in·

326 515 446 559 feros
474 515 636 558 virtute
663 529 771 558 suae
799 516 1021 574 passionis
1059 517 1112 559 ab
1140 516 1231 560 hoc
1257 527 1385 560 reatu
1414 516 1608 560 Sanctos
1635 516 1844 571 absolvit,
1871 531 1963 576 quo
1989 527 2118 562 erant
2143 531 2168 561 a
2194 518 2287 562 vita

327 583 499 641 gloriae
543 582 726 639 exclusi,
769 593 817 626 ut
858 594 1046 642 possent
1086 584 1238 627 Deum
1273 599 1351 643 per
1384 584 1628 628 essentiam
1669 584 1837 638 videre,
1879 585 1926 627 in
1958 598 2050 643 quo
2082 584 2288 629 consistit

325 649 522 708 perfecta
548 650 750 693 hominis
786 650 1033 704 beatitudo,
1061 661 1110 695 ut
1134 651 1180 694 in
1208 664 1248 694 2.
1276 651 1449 695 dictum
1483 661 1550 694 est
1584 651 1680 707 (I·2.
1717 665 1754 709 q.
1784 665 1819 709 3.
1848 657 1929 695 art.
1965 651 2045 708 8.).
2077 650 2166 695 Per
2195 650 2286 695 hoc

327 727 481 760 autem
527 717 673 760 sancti
713 716 870 761 Patres
912 717 1227 762 detinebantur
1262 718 1310 761 in
1348 718 1539 771 inferno,
1579 717 1702 776 quod
1742 718 1806 761 eis
1844 717 1899 761 ad
1935 718 2079 762 vitam
2115 716 2287 777 gloriae

325 794 510 843 propter
535 794 777 842 peccatum
803 784 939 843 primi
964 785 1163 843 parentis
1191 785 1336 829 aditus
1358 799 1453 828 non
1471 785 1665 843 patebat.
1693 784 1750 828 Et
1775 783 1841 828 sic
1874 783 2085 829 Christus
2106 784 2289 828 descen-

326 851 437 895 dens
465 852 520 895 ad
545 850 716 895 inferos
744 862 928 896 sanctos
955 853 1110 896 Patres
1138 853 1191 896 ab
1224 851 1378 896 inferis
1405 852 1635 896 liberavit:
1670 862 1715 896 et
1745 852 1836 896 hoc
1869 861 1938 896 est
1966 851 2091 911 quod
2125 851 2288 896 dicitur

327 918 514 962 Zachar.
542 933 608 978 9.:
653 919 717 963 Tu
742 933 843 963 vero
884 920 929 963 in
951 921 1151 978 sanguine
1178 921 1406 964 testamenti
1431 921 1492 964 tui
1527 919 1705 964 eduxisti
1729 921 1890 964 vinctos
1913 919 1962 965 de
1993 919 2105 975 lacu,
2135 921 2182 964 in
2206 934 2286 978 quo

325 1000 407 1030 non
438 992 528 1031 erat
554 1000 693 1044 aqua.-
720 996 765 1030 et
797 985 980 1032 Coloss
1009 999 1049 1030 2.
1087 987 1262 1042 dicitur,
1290 986 1413 1046 quod
1442 988 1652 1046 expolians
1682 988 1961 1046 principatus,
1995 993 2035 1032 et
2057 993 2285 1046 potestates,

325 1052 502 1097 scilicet
525 1052 784 1107 infernales,
818 1052 1064 1098 auferendo
1091 1054 1342 1107 Abraham,
1374 1054 1518 1108 Isaac,
1551 1064 1595 1098 et
1620 1054 1777 1111 Jacob,
1811 1063 1855 1098 et
1887 1063 2098 1099 caetoros
2129 1054 2287 1112 justos,

326 1120 514 1164 traduxit
539 1135 603 1164 eos
613 1136 630 1173 ;
663 1120 780 1164 idest
811 1137 834 1162 «
860 1121 998 1179 longe
1027 1122 1080 1164 ab
1107 1122 1198 1165 hoc
1225 1136 1367 1180 regno
1399 1122 1690 1165 tenebrarum
1720 1121 1776 1165 ad
1804 1121 1989 1166 coelum
2021 1121 2147 1166 duxit
2170 1138 2214 1176 »,
2240 1132 2289 1165 ut

328 1186 478 1232 Gloss.
504 1187 686 1245 (ordin.)
713 1188 883 1231 ibidem
910 1188 1032 1232 dicit.

414 1254 489 1298 An
512 1268 700 1299 PRIMUM
720 1269 830 1313 ergo
849 1255 1108 1308 dicendum,
1129 1255 1251 1314 quod
1269 1255 1554 1312 Augustinus
1571 1255 1633 1298 ibi
1650 1254 1850 1313 loquitur
1867 1265 2026 1300 contra
2049 1255 2287 1314 quosdam,

325 1322 402 1381 qui
426 1323 724 1367 aestimabant
747 1323 957 1381 antiquos
982 1324 1126 1380 justos
1154 1333 1257 1366 ante
1286 1323 1532 1366 adventum
1565 1322 1739 1366 Christi
1765 1324 1811 1365 in
1843 1321 2021 1366 inferno
2053 1321 2286 1367 doloribus

325 1404 577 1448 poenarum
595 1389 732 1433 fuisse
752 1390 1001 1448 subJectos3
1021 1390 1141 1433 unde
1164 1404 1326 1447 parum
1347 1399 1450 1432 ante
1472 1389 1609 1432 verba
1635 1389 1818 1433 inducta
1841 1389 2101 1448 praemittit,
2118 1389 2286 1434 dicens:

328 1473 351 1498 <c
383 1457 571 1501 Addunt
593 1457 793 1515 quidam,
821 1457 911 1500 hoc
938 1456 1213 1500 beneficium
1242 1456 1435 1514 antiquis
1465 1457 1603 1500 etiam
1631 1456 1810 1500 Sanctis
1837 1455 1975 1500 fuisse
2001 1470 2288 1510 concessum,

325 1534 374 1568 ut
399 1539 505 1568 cum
530 1524 760 1568 Dominus
787 1524 834 1567 in
860 1522 1087 1567 infernum
1104 1523 1316 1578 venisset,
1335 1537 1360 1566 a
1387 1522 1619 1567 doloribus
1648 1522 1953 1567 solverentur:
1980 1523 2059 1567 sed
2086 1537 2289 1582 quonam
2311 1524 2314 1528 '

325 1592 467 1635 modo
493 1590 773 1650 intelligatur
797 1591 1050 1644 Abraham,
1077 1591 1123 1634 in
1147 1592 1273 1649 cujus
1295 1591 1446 1634 sinum
1473 1590 1612 1634 etiam
1637 1604 1808 1650 pauper
1838 1590 1915 1635 ille
1941 1601 2175 1650 susceptus
2208 1600 2289 1644 est,

324 1659 370 1702 in
397 1658 485 1702 illis
511 1658 649 1702 fuisse
677 1658 926 1712 doloribus,
954 1673 1041 1717 ego
1060 1658 1244 1718 quidem
1266 1672 1361 1701 non
1386 1657 1521 1701 video
1549 1674 1599 1702 »ε
1628 1667 1673 1701 et
1697 1657 1801 1701 ideo
1829 1672 1935 1701 cum
1956 1667 2117 1716 postea
2141 1657 2291 1702 subdit

329 1742 351 1766 «
377 1740 426 1769 se
453 1725 660 1769 nondum
687 1726 928 1780 invenisse,
953 1726 1059 1784 quid
1078 1726 1322 1769 descensus
1347 1725 1521 1770 Christi
1548 1724 1602 1768 ad
1629 1723 1799 1769 inferos
1819 1724 2013 1784 antiquis
2034 1725 2163 1784 justis
2185 1739 2292 1768 con-

323 1792 476 1837 tulerit
500 1811 542 1847 »,
569 1793 918 1853 intelligendum
946 1805 1013 1837 est
1040 1804 1260 1852 quantum
1278 1793 1334 1836 ad
1357 1792 1694 1837 absolutionem
1717 1807 1743 1836 a
1761 1791 1995 1837 doloribus
2019 1806 2288 1851 poenarum.

326 1860 535 1905 Contulit
560 1871 716 1905 tamen
743 1861 807 1905 eis
830 1871 1051 1919 quantum
1079 1861 1134 1904 ad
1158 1861 1447 1918 adeptionem
1465 1859 1662 1918 gloriae:
1684 1869 1728 1903 et
1744 1873 1823 1918 per
1845 1873 2132 1919 consequens
2153 1859 2290 1904 solvit

325 1941 485 1971 eorum
512 1927 737 1982 dolorem,
764 1943 903 1987 quem
929 1928 1214 1986 patiebantur
1236 1942 1290 1970 ex
1317 1926 1533 1971 dilatione
1561 1925 1754 1985 gloriae:
1783 1940 1837 1970 ex
1873 1928 2002 1986 cujus
2027 1936 2183 1970 tamen
2208 1941 2287 1986 spe

324 2009 545 2053 magnum
573 1995 790 2053 gaudium
822 1995 1064 2048 habebant,
1092 1994 1345 2039 secundum
1376 1993 1486 2037 illud
1514 1993 1644 2051 Joan.
1674 1994 1730 2038 8.:
1763 1994 1986 2038 Abraham
2009 2000 2133 2054 pater
2155 2000 2290 2039 vester

322 2063 540 2116 exultavit,
568 2069 613 2106 ut
636 2062 794 2106 videret
818 2062 926 2106 diem
952 2077 1116 2106 meum:
1154 2072 1198 2106 et
1228 2062 1332 2105 ideo
1367 2061 1543 2105 subdit:
1581 2077 1604 2102 «
1631 2061 1673 2105 A
1701 2061 1862 2120 quibus
1895 2075 2002 2105 eum
2035 2060 2286 2106 secundum

322 2129 580 2173 beatificam
603 2130 909 2188 praesentiam
931 2143 1040 2173 suae
1063 2129 1309 2173 divinitatis
1335 2142 1571 2186 nunquam
1596 2128 1730 2171 video
1758 2128 2001 2173 recessisse
2027 2144 2069 2182 ι),
2101 2128 2289 2188 inquan-

322 2207 420 2241 tum
447 2197 622 2240 scilicet
654 2206 757 2240 ante
781 2197 1028 2241 adventum
1061 2196 1235 2240 Christi
1267 2205 1395 2239 erant
1426 2195 1548 2239 beati
1578 2195 1626 2239 in
1652 2209 1746 2254 spe,
1772 2194 1880 2240 licet
1903 2195 2112 2240 nondum
2136 2205 2289 2240 essent

323 2263 520 2323 perfecte
547 2264 668 2307 beati
693 2264 739 2306 in
767 2279 815 2308 re

411 2331 488 2375 AD
511 2344 772 2375 SECUNDUM
792 2331 1049 2384 dicendum,
1069 2330 1191 2389 quod
1214 2330 1358 2374 sancti
1377 2330 1548 2383 Patres,
1576 2329 1686 2372 dum
1704 2329 1852 2373 adhuc
1869 2329 2091 2384 viverent,
2108 2328 2286 2374 liberati

324 2397 506 2442 fuerunt
530 2412 610 2456 per
626 2397 764 2441 fidem
789 2398 962 2442 Christi
981 2399 1033 2441 ab
1064 2398 1192 2442 omni
1214 2407 1405 2456 peccato
1432 2407 1526 2440 tam
1560 2396 1785 2455 originali,
1813 2411 1953 2456 quam
1979 2396 2162 2450 actuali,
2193 2405 2238 2440 et
2261 2411 2287 2439 a

325 2475 451 2509 reatu
477 2479 653 2523 poenae
687 2465 934 2508 actualium
968 2475 1278 2523 peccatorum,
1311 2479 1405 2508 non
1437 2474 1594 2508 tamen
1627 2477 1653 2507 a
1684 2474 1812 2508 reatu
1844 2477 2021 2523 poenae
2052 2463 2288 2523 originalis

325 2532 514 2590 peccati,
534 2546 614 2591 per
631 2547 768 2591 quem
788 2532 1140 2576 excludebantur
1158 2547 1181 2575 a
1201 2531 1362 2591 gloria,
1389 2533 1596 2576 nondum
1619 2530 1770 2575 soluto
1790 2531 1935 2590 pretio
1958 2530 2285 2591 redemptionis

325 2600 574 2643 humanae:
602 2600 716 2644 sicut
743 2599 882 2643 etiam
908 2614 1028 2644 nunc
1057 2599 1211 2643 fideles
1245 2598 1418 2643 Christi
1443 2599 1692 2643 liberantur
1716 2613 1795 2658 per
1812 2598 2091 2658 baptismum
2116 2613 2143 2643 a
2159 2601 2287 2644 reat'n
2349 2652 2352 2655 Α

326 2667 574 2711 actualium
601 2677 911 2726 peccatorum,
939 2677 983 2710 et
1010 2681 1034 2709 a
1061 2677 1187 2710 reatu
1210 2666 1443 2724 originalis
1467 2676 1687 2725 quantum
1706 2666 1761 2709 ad
1795 2665 2107 2712 exclusionem
2132 2679 2160 2711 a
2192 2664 2288 2725 glo-

325 2735 413 2789 ria;
445 2744 684 2778 remanent
723 2743 876 2777 tamen
922 2734 1069 2776 adhuc
1103 2734 1292 2791 obligati
1331 2744 1459 2777 reatu
1494 2733 1727 2791 originalis
1756 2733 1948 2792 peccati,
1974 2742 2195 2793 quantum
2229 2732 2284 2777 ad
2350 2736 2352 2793 s

325 2802 646 2846 necessitatem
674 2800 971 2858 corporaliter
994 2801 1219 2844 moriendi
1237 2817 1247 2854 3
1275 2801 1381 2860 quia
1399 2812 1675 2845 renovantur
1697 2801 1949 2845 secundum
1967 2801 2192 2861 spiritum,
2208 2802 2286 2846 sed

326 2870 532 2913 nondum
559 2868 812 2913 sec'undum
836 2882 1036 2921 carnem,
1069 2868 1321 2912 secundum
1348 2868 1458 2912 illud
1491 2869 1687 2912 Roman.
1707 2868 1776 2913 8.:
1807 2868 1968 2927 Corpus
1983 2868 2147 2928 quidem
2169 2883 2283 2915 mor·
2345 2864 2352 2912 ἐ

327 2943 443 2981 tuum
475 2943 532 2981 est
555 2942 730 2996 propter
756 2942 1008 2995 peccauerim
1040 2937 1211 2994 spiritus
1241 2951 1340 2979 vero
1373 2938 1486 2980 vIvit
1505 2943 1675 2994 propter
1685 2936 2036 2995 Justzficattonem
2346 2970 2352 2983 ἒ

415 3005 491 3047 AD
530 3015 747 3048 TERTHJM
779 3003 1038 3056 dicendum,
1076 3002 1197 3060 quod
1241 3003 1393 3046 statim
1428 3003 1613 3047 Christo
1655 3013 1854 3047 mortem
1885 3003 2099 3062 patiente,
2133 3002 2285 3047 anima
2346 3006 2352 3065 ξ

328 3073 424 3130 ejus
452 3071 507 3115 ad
535 3070 761 3114 infernum
790 3070 1035 3122 descendit,
1064 3080 1107 3112 et
1133 3084 1240 3112 suae
1267 3070 1489 3128 passionis
1508 3069 1704 3114 fructum
1728 3070 1928 3114 exhibuit
1951 3070 2164 3115 Sanctis'
2151 3083 2200 3117 m
2224 3070 2287 3115 in-
2342 3063 2352 3120 ἑ

326 3137 455 3182 ferno
489 3138 709 3191 detentis3
737 3137 944 3195 quamvis
971 3150 1024 3179 ex
1043 3135 1149 3179 loco
1176 3135 1256 3179 illo
1274 3151 1367 3180 non
1386 3137 1588 3190 exierint,
1613 3137 1801 3181 Christo
1824 3136 1943 3196 apud
1967 3135 2138 3183 inferos
2163 3149 2284 3183 com·

326 3215 560 3261 morante3
587 3207 691 3264 quia
717 3204 815 3263 ipsa
842 3203 1015 3248 Christi
1040 3205 1297 3262 praesentia
1324 3203 1575 3262 pertinebat
1601 3204 1657 3248 ad
1690 3202 1927 3249 cumulum
1954 3202 2142 3262 gloriae.
