2352 3926
281 178 386 249 328
745 191 1023 238 QUAESTIO
1065 192 1293 231 xxxvm.
1334 192 1642 232 ARTICULUS
1682 194 1754 232 vr.

277 295 441 339 veteris
467 293 581 352 legis
604 292 785 337 fuerunt
809 293 939 351 signa
965 294 1136 352 gratiae
1162 293 1362 348 futurae;
1395 294 1515 340 unde
1549 310 1601 339 ex
1632 295 1723 339 hoc
1748 295 1847 354 ipso
1880 295 2003 354 quod
2028 295 2229 354 Joannes

276 361 519 418 baptizavit
551 360 598 403 in
629 360 817 403 nomine
848 361 1042 415 venturi,
1081 361 1212 404 datur
1251 361 1458 420 intelligi,
1497 362 1620 421 quod
1661 375 1756 405 non
1793 362 1929 406 dabat
1956 362 2238 422 ‘baptismum

280 428 465 480 Christi,
493 427 569 485 qui
597 436 665 470 est
690 438 1032 471 sacramentum
1054 441 1202 471 novae
1228 427 1356 487 legis.

852 709 1298 786 QUAESTIO
1363 710 1673 771 XXXIX.

388 863 470 902 DE
502 862 934 904 BAPTIZATIONE
967 863 1220 915 CHRISTI,
1257 865 1322 904 IN
1357 865 1511 906 OCTO
1544 864 1875 907 ARTICULOS
1908 864 2129 906 DIVISA.

358 1024 554 1068 Deinde
580 1025 966 1070 considerandum
994 1037 1061 1071 est
1087 1027 1142 1072 de
1167 1027 1472 1086 baptizatione
1501 1027 1686 1073 Christi.

917 1138 972 1182 Et
997 1139 1111 1182 circa
1136 1138 1210 1182 hoc
1236 1146 1496 1197 quaeruntur
1520 1145 1622 1184 octo.

375 1225 547 1268 Primo.
575 1224 743 1268 Utrum
770 1225 980 1269 Christus
1007 1226 1210 1271 debuerit
1235 1228 1463 1287 baptizari.

378 1291 607 1335 Secundo.
634 1292 801 1335 Utrum
828 1292 1033 1336 debuerit
1057 1294 1275 1352 baptizari
1298 1295 1526 1353 baptismo
1545 1294 1750 1352 Joannis.

378 1357 555 1403 Tertio.
577 1359 648 1402 De
675 1368 882 1417 tempore
907 1359 1136 1418 baptismi.

379 1425 574 1477 Quarto.
600 1425 672 1469 De
698 1425 820 1469 loco.

380 1491 572 1544 Quinto.
599 1492 670 1535 De
692 1491 783 1535 hoc
812 1492 934 1551 quod
962 1493 1003 1536 ei
1028 1503 1133 1537 sunt
1158 1493 1278 1537 coeli
1304 1494 1460 1553 aperti.

379 1559 533 1604 Sexto.
558 1559 630 1602 De
658 1559 827 1617 Spiritu
856 1558 1027 1603 Sancto
1056 1571 1300 1619 apparente
1326 1561 1373 1604 in
1395 1561 1550 1621 specie
1576 1561 1834 1607 columbae.

379 1626 603 1684 Septimo.
631 1625 798 1669 Utrum
824 1625 903 1669 illa
930 1626 1145 1671 columba
1171 1626 1306 1672 fuerit
1329 1641 1491 1673 verum
1518 1628 1701 1674 animal.

380 1692 578 1738 Octavo.
604 1692 677 1737 De
701 1706 818 1738 voce
844 1694 1022 1752 paterni
1047 1694 1314 1739 testimonii.

1023 1871 1456 1930 ARTICULUS
1499 1873 1541 1929 Ι.
1768 1930 1773 1934 ,
2166 1897 2252 1942 214

513 2006 708 2045 UTRUM
747 2007 946 2046 FUERIT
989 2007 1355 2060 CONVENIENS‚
1399 2009 1679 2048 CHRISTUM
1720 2006 2021 2047 BAPTIZARI·

697 2116 757 2174 (4.
780 2118 890 2162 Dist.
914 2132 952 2163 2.
973 2132 1010 2176 q.
1038 2133 1078 2163 2.
1102 2125 1183 2163 art.
1206 2134 1243 2179 3.
1271 2134 1309 2177 q.
1335 2135 1370 2164 1.
1398 2126 1437 2164 et
1458 2135 1496 2178 q.
1518 2135 1555 2178 3.
1583 2125 1665 2164 art.
1688 2134 1728 2164 2.
1751 2133 1790 2178 q.
1807 2135 1843 2164 1.

870 2191 906 2229 et
931 2185 1082 2230 Matth.
1101 2201 1137 2244 3.
1161 2191 1197 2230 et
1223 2190 1358 2245 opusc.
1387 2186 1458 2231 60.
1486 2194 1578 2246 cap.
1606 2186 1686 2246 9.).

384 2293 460 2337 AD
486 2306 676 2338 PRIMUM
702 2294 765 2338 sic
783 2296 1055 2354 proceditur.
1083 2296 1288 2351 Videtur,
1307 2297 1430 2356 quod
1446 2312 1540 2341 non
1557 2296 1692 2341 fuerit
1724 2295 2003 2341 conveniens
2020 2294 2258 2340 Christum

293 2361 530 2418 baptizari:
558 2361 774 2419 baptizari
802 2365 923 2407 enim
951 2374 1018 2407 est
1041 2364 1189 2409 ablui:
1217 2365 1295 2409 sed
1325 2365 1511 2409 Christo
1544 2379 1638 2408 non
1673 2364 1886 2408 convenit
1918 2362 2054 2417 ablui,
2086 2362 2134 2407 in
2165 2376 2266 2422 quo-

294 2426 421 2471 nulla
445 2426 530 2471 fuit
555 2428 813 2486 impuritas;
841 2444 951 2489 ergo
978 2431 1168 2486 videtur,
1196 2432 1318 2490 quod
1346 2432 1582 2476 Christum
1609 2446 1704 2476 non
1732 2431 1933 2476 decuerit
1954 2430 2185 2490 baptizari.

386 2507 426 2538 2,
452 2494 750 2540 PRAETEREA.
780 2496 988 2542 Christus
1016 2498 1414 2543 circumcisionem
1442 2499 1653 2558 suscepit,
1680 2509 1729 2543 ut
1755 2498 1964 2558 impleret
1984 2497 2157 2558 legem:
2176 2496 2259 2542 >sed

295 2561 548 2620 baptismus
572 2577 668 2606 non
694 2564 944 2621 pertinebat
966 2566 1021 2608 ad
1047 2564 1223 2623 legem;
1251 2580 1361 2625 ergo
1385 2581 1479 2610 non
1506 2567 1698 2610 debebat
1721 2565 1951 2625 baptizari.
2283 2562 2287 2566 ’

392 2642 428 2686 3.
457 2628 753 2674 PRAETEREA.
781 2631 986 2674 Primum
1014 2646 1206 2676 movens
1234 2633 1281 2676 in
1308 2633 1513 2692 quolibet
1539 2647 1704 2692 genere
1738 2643 1805 2677 est
1840 2630 2079 2676 immobile
2104 2644 2262 2676 secun-

300 2695 410 2739 dum
432 2694 563 2738 illum
590 2706 794 2751 motum3
822 2698 939 2741 sicut
961 2699 1159 2753 coelum,
1187 2699 1310 2758 quod
1338 2710 1405 2743 est
1431 2700 1629 2759 primum
1657 2699 1867 2754 alterans,
1893 2694 1987 2743 non
2013 2708 2081 2743 est
2106 2697 2262 2743 altera—

298 2761 413 2810 bile:
441 2763 518 2806 sed
539 2762 747 2808 Christus
777 2775 844 2808 est
870 2765 1070 2823 primum
1087 2766 1335 2825 baptizans,
1359 2766 1612 2810 secundum
1631 2766 1740 2810 illud
1755 2766 1885 2824 Joan.
1917 2779 1969 2810 1.:
1993 2766 2128 2825 Super
2143 2779 2262 2824 quem

299 2828 455 2939 “ciideris
482 2830 685 2888 Spiritum
703 2831 1017 2887 descendentem,
1035 2840 1073 2877 et
1101 2839 1347 2886 manentem,
1377 2834 1441 2878 hic
1464 2839 1517 2878 est
1543 2836 1613 2892 qui
1637 2835 1846 2893 baptizat5
1866 2847 1976 2893 ergo
2002 2834 2151 2893 ipsum
2166 2846 2262 2878 non

334 2896 454 2940 ecuit
485 2896 715 2955 baptizari.

393 2963 487 3008 SED
516 2977 711 3009 CONTRA
747 2974 826 3020 est,
861 2966 982 3024 quod
1011 2966 1173 3010 dicitur
1205 2967 1366 3010 Matth.
1399 2982 1450 3025 3„
1484 2967 1606 3026 quod
1643 2970 1760 3012 venit
1783 2969 1900 3025 Jesus
1929 2981 1956 3012 a
1991 2966 2186 3013 Galilaea
2217 2966 2263 3011 in
2343 2967 2352 3026 ’ζ

297 3031 526 3087 Iordanem
546 3031 613 3076 ad
633 3032 852 3088 Ioannem,
887 3040 933 3077 ut
966 3035 1247 3092 baptizaretur
1273 3035 1324 3077 ab
1358 3049 1416 3077 eo.
2346 3065 2352 3073 2

393 3098 683 3143 RESPONDEO
717 3099 976 3153 dicendum,
1004 3100 1126 3158 quod
1170 3100 1448 3144 conveniens
1475 3100 1557 3145 fuit
1584 3101 1821 3146 Christum
1852 3100 2093 3160 baptizari;
2120 3101 2264 3160 primo
2348 3143 2349 3146 ,

306 3165 505 3224 quidem,
533 3166 652 3224 quia,
679 3175 726 3209 ut
753 3166 966 3210 Ambros.
995 3167 1104 3211 dicit
1130 3181 1264 3225 super
1291 3167 1401 3211 Luc.
1429 3170 1535 3226 (sup.
1562 3169 1666 3212 -illud
1692 3178 1785 3228 cap.
1813 3180 1869 3227 3..·
1901 3169 2077 3212 Factum
2109 3173 2164 3212 est
2193 3179 2267 3211 nu·

306 3238 399 3286 tem,
419 3234 527 3287 etc),
549 3234 838 3293 «baptizatus
861 3244 927 3278 est
944 3234 1188 3287 Dominus,
1214 3248 1307 3278 non
1336 3234 1544 3278 mundari
1570 3234 1744 3288 volens,
1771 3234 1848 3279 sed
1871 3234 2091 3279 mundare
2109 3245 2265 3293 aquas,

308 3311 355 3343 ut
381 3299 559 3343 ablutae
587 3314 668 3359 per
694 3314 878 3344 carnem
907 3300 1093 3354 Christi,
1121 3302 1195 3359 qui
1225 3311 1464 3359 peccatum
1492 3316 1585 3346 non
1615 3302 1847 3359 cognovit,
1868 3300 2150 3360 baptismatis
2169 3300 2265 3343 vim

306 3365 540 3420 haberent,
568 3377 611 3411 et
638 3378 686 3412 ut
702 3367 1005 3412 sanctificatas
1033 3381 1172 3426 aquas
1190 3368 1465 3426 relinqueret
1482 3370 1779 3428 postmodum
1795 3367 2074 3428 baptizandis
2090 3384 2132 3421 »,
2148 3367 2266 3411 sicut
2341 3366 2349 3386 ²·

309 3433 670 3492 Chrysostomus
698 3432 806 3479 dicit
831 3449 964 3494 super
989 3434 1150 3478 Matth.
1181 3434 1344 3490 (homil.
1378 3450 1418 3492 4.
1452 3438 1495 3479 in
1523 3444 1586 3495 op.
1620 3437 1788 3496 imperf.
1814 3451 1841 3480 a
1860 3435 2041 3495 princ.),·
2070 3433 2264 3489 secundo,

309 3501 428 3559 quia,
455 3501 571 3545 sicut
598 3501 837 3561 Chrysost.
865 3502 973 3546 dicit
998 3515 1132 3560 super
1158 3501 1319 3545 Matth.
1338 3503 1500 3560 (ibid),
1532 3519 1555 3545 «
1574 3503 1782 3562 quamvis
1808 3503 1904 3563 ipse
1920 3507 2015 3547 non
2030 3510 2151 3558 esset
2165 3514 2267 3560 pec·

308 3578 451 3622 cator‚
473 3579 626 3613 tamen
653 3579 863 3613 naturam
889 3568 1087 3628 suscepit
1107 3568 1426 3627 peccatricem,
1453 3579 1498 3614 et
1522 3569 1865 3614 similitudinem
1894 3568 2040 3614 carnis
2065 3566 2263 3627 peccati:
