2352 3926
624 237 899 285 Quasno
938 235 1398 277 xv1.AR·r1cu1.us
1437 217 2030 273 11.161

52 382 54 384 ,
124 341 249 387 An
273 353 460 387 ramum
487 353 597 399 ergo
620 337 879 392 dicendum,
906 338 1028 398 quod
1054 337 1325 382 idololatrae
1343 336 1643 382 attribuebant
1663 348 1836 380 nomen
1859 333 2036 379 deitatis

36 396 102 463 5223...
96 407 318 470 ›pidibus,
345 417 388 452 et
413 407 561 466 lignis,
587 406 837 450 secundum
866 405 1019 464 quod
1009 419 1055 448 m
1081 419 1163 449 sua
1188 415 1348 449 natura
1381 404 1748 457 considerantur;
1781 402 1886 462 quia
1917 412 2041 461 puta·

34 467 225 521 bant'
213 489 260 518 m
286 474 375 518 illis
400 473 571 533 aliquid
597 472 797 516 numinis
825 486 923 516 esse
948 471 1061 528 (vide
1086 472 1221 516 Exod.
1244 486 1312 516 20.
1337 472 1471 516 Lavit.
1500 486 1565 530 19.
1592 470 1673 515 Isa
1700 483 1757 527 44
1761 470 1824 528 .).·
1855 482 1941 513 nos
1968 482 2041 511 au-

36 536 176 595 ἕψω
200 555 295 585 non
322 541 605 585 attribuimus
631 553 805 583 nomen
831 538 1025 582 Deitatis
1059 538 1246 582 Christo
1272 538 1452 581 homini
1483 537 1762 581 saecundum
1786 536 2038 580 humanam

37 605 306 666 &flatui-am,
333 608 412 653 sed
439 606 690 652 secundum
713 605 1000 664 suppositum
1035 615 1285 659 aeternum,
1309 605 1431 663 quod
1459 615 1525 649 est
1552 605 1691 648 etiam
1717 617 1797 663 per
1821 603 2041 648 unionem

81 675 368 735 suppositum
393 675 623 718 humanae
650 683 852 728 naturae,
880 682 928 716 ut
954 673 1127 716 dictum
1160 681 1227 716 est
1252 672 1321 729 (in
1347 680 1459 731 corp.
1486 674 1607 730 art).

34 743 53 775 ἶ
112 776 115 778 -
160 742 250 794 ,ΑΒ
275 755 536 787 SECUNDUM
563 741 822 794 dicendum,
849 740 971 798 quod
997 740 1087 783 hoc
1114 753 1285 783 nomen
1312 739 1437 783 Pater
1461 739 1746 797 praedicatur
1772 740 1826 783 de
1851 738 1943 783 hoc
1965 751 2040 782 no·

29 842 49 868 .-·
83 809 207 856 mine
234 810 362 863 Deus,
390 808 643 853 secundum
676 808 797 866 quod
820 807 910 851 hoc
942 820 1116 850 nomen
1150 807 1264 851 Deus
1295 806 1509 865 supponit
1540 820 1623 865 pro
1656 820 1850 865 persona
1876 805 2042 850 Patris:

82 877 150 923 sic
171 886 324 920 autem
348 889 443 919 non
469 875 755 934 praedicatur
781 874 836 918 de
863 887 1058 933 persona
1084 872 1208 917 Filii:
1236 872 1342 931 quia
1375 886 1569 932 persona
1602 872 1703 916 Filii
1728 887 1823 916 non
1850 883 1917 917 est
1947 886 2044 932 per·

43 966 57 997 5
84 957 198 989 sona
223 942 393 997 Patris;
416 952 462 986 et
482 956 563 1000 per
590 955 875 1000 consequens
901 954 995 984 non
1029 949 1223 999 oportet,
1251 941 1374 998 quod
1398 939 1490 983 hoc
1522 953 1694 983 nomen
1727 940 1853 984 Pater
1876 940 2047 999 praedi-

85 1019 214 1056 cetur
236 1010 292 1053 de
319 1009 408 1055 hoc
435 1011 624 1052 nomine
650 1009 786 1062 homo,
816 1007 872 1051 de
894 1021 985 1066 quo
1008 1007 1294 1066 praedicatur
1319 1006 1410 1050 hoc
1426 1020 1597 1050 nomen
1618 1007 1748 1060 Deus,
1775 1007 2045 1066 inquantum

83 1075 132 1138 ly
155 1077 276 1122 homo
302 1075 516 1136 supponit
532 1090 614 1135 pro
641 1089 836 1133 persona
856 1074 971 1119 Filii.

31 1147 49 1198 χ’
173 1143 251 1188 AD
279 1155 494 1188 TERTnJM
511 1143 770 1196 dicendum,
798 1142 918 1200 quod
946 1141 1053 1185 licet
1077 1141 1279 1184 humana
1298 1149 1458 1184 natura
1479 1141 1525 1184 in
1544 1139 1730 1184 Christo
1753 1140 1810 1184 sit
1830 1139 2046 1199 quiddam

34 1221 42 1247 2
85 1225 271 1265 recens3
295 1221 451 1254 tamen
476 1211 762 1268 suppositum
788 1210 1018 1253 humanae
1044 1218 1232 1253 naturae
1259 1222 1353 1252 non
1386 1218 1454 1252 est
1478 1222 1652 1262 recens,
1679 1207 1758 1252 sed
1786 1218 2046 1262 aeternum3

50 1317 54 1321 .
85 1287 147 1323 et
146 1277 262 1337 quia
287 1277 377 1321 hoc
403 1290 575 1320 nomen
601 1277 715 1321 Deus
739 1290 834 1320 non
860 1276 1143 1335 praedicatur
1170 1276 1225 1319 de
1250 1275 1440 1319 homine
1466 1276 1642 1319 ratione
1668 1275 1898 1318 humanae
1923 1285 2049 1318 natu-

38 1361 59 1390 -;
85 1358 180 1399 rae,
205 1345 285 1389 sed
310 1344 487 1388 ratione
514 1344 746 1403 suppositi,
773 1357 868 1387 non
894 1343 1096 1402 sequitur
1121 1342 1243 1402 quod
1270 1356 1495 1401 ponamus
1521 1342 1674 1385 Deum
1706 1352 1957 1386 recentem:
1986 1356 2051 1386 se-

32 1406 298 1473 ssfqueretur
324 1421 492 1465 autem,
519 1411 556 1455 si
582 1425 856 1470 poneremus
880 1411 1002 1469 quod
1025 1410 1170 1454 homo
1194 1410 1409 1468 supponit
1430 1410 1716 1468 suppositum
1741 1419 1959 1463 creatum,
1986 1423 2051 1453 se·

86 1478 286 1533 cundum
314 1478 437 1538 quod
464 1488 646 1537 oportet
671 1478 821 1522 dicere
849 1491 943 1531 eos,
970 1478 1046 1537 qui
1071 1477 1118 1520 in
1147 1477 1332 1521 Christo
1359 1487 1536 1536 ponunt
1562 1477 1653 1520 duo
1680 1476 1929 1536 supposita.

786 1656 1221 1714 ARTICULUS
1257 1657 1359 1712 III.
1968 1663 2048 1717 ‘102

359 1793 552 1832 UTRUM
584 1793 850 1831 cnmsrus
883 1793 1074 1831 possm
1109 1794 1225 1831 mex
1259 1793 1418 1832 HOMO
1453 1793 1781 1834 DOMINICUS.

770 1903 824 1962 (3.
852 1903 963 1949 Dist.
991 1916 1029 1963 7.
1057 1918 1094 1962 q.
1122 1919 1156 1948 1.
1186 1909 1266 1948 art.
1293 1903 1371 1961 2.)-

51 2047 56 2052 ι
178 2015 256 2060 AD
282 2026 498 2060 TERTIUM
530 2015 593 2059 sic
620 2015 893 2074 proceditur.
920 2014 1125 2068 Videtur,
1148 2015 1271 2074 quod
1300 2014 1510 2060 Christus
1536 2016 1676 2074 possit
1703 2016 1793 2060 dici
1829 2017 1949 2061 homo
1982 2016 2054 2060 do-

48 2104 62 2143 2„
89 2084 293 2128 minicus:
320 2082 428 2126 dicit
453 2081 576 2126 enim
602 2083 796 2141 August.
822 2082 869 2125 in
894 2082 970 2126 lib.
998 2081 1068 2141 83.
1098 2082 1208 2135 QQ.
1245 2082 1302 2141 (q.
1335 2083 1401 2142 36.
1429 2085 1505 2127 cir.
1532 2083 1688 2140 med.):
1720 2099 1743 2124 «
1769 2083 2052 2127 Monendum

57 2205 63 2212 „
89 2160 174 2204 est,
188 2160 238 2194 ut
254 2147 333 2193 illa
353 2149 475 2193 bona
492 2159 796 2207 expectentur,
819 2163 934 2208 quae
955 2148 1136 2193 fuerunt
1157 2150 1203 2192 in
1226 2148 1306 2193 illo
1323 2150 1513 2194 homine
1531 2150 1765 2194 dominico
1783 2165 1831 2194 »z
1855 2150 2055 2210 loquitur

53 2226 244 2279 {dautem
276 2217 332 2261 de
358 2216 569 2278 Christ03
596 2230 706 2275 ergo
732 2217 924 2270 videtur,
950 2217 1072 2276 quod
1100 2216 1311 2261 Christus
1338 2218 1393 2262 sit
1417 2217 1563 2261 homo
1592 2218 1862 2262 dominicus.

46 2276 60 2307 3
181 2295 231 2329 2:
248 2283 546 2329 PRAETEREA.
572 2283 699 2328 Sicut
721 2283 977 2327 dominium
1001 2284 1214 2328 convenit
1237 2283 1424 2333 Christo
1447 2285 1623 2329 ratione
1647 2285 1827 2329 divinae
1843 2295 2055 2340 naturae3

49 2348 155 2397 sita
185 2351 323 2396 etiam
348 2351 609 2395 humanitas
631 2351 823 2410 pertinet
850 2351 906 2394 ad
932 2351 1185 2394 humanam
1212 2362 1442 2397 naturam:
1471 2352 1549 2396 sed
1574 2353 1701 2396 Deus
1728 2352 1890 2396 dicitur
1914 2353 2041 2396 huma

50 2466 66 2481 ,Δ
90 2424 228 2472 natus,
255 2427 304 2462 ut
334 2427 456 2477 patet
480 2431 560 2477 per
589 2418 806 2462 Damasc.
840 2419 886 2462 in
922 2432 959 2476 3.
993 2417 1068 2461 lib.
1102 2418 1252 2476 (Orth.
1285 2419 1382 2463 Fid.
1410 2428 1500 2478 cap.
1533 2421 1629 2478 IL),
1665 2420 1741 2463 ubi
1781 2419 1901 2477 dicit,
1934 2419 2056 2478 quod

64 2500 121 2550 3«
145 2484 414 2530 humanatio
441 2498 559 2539 eam,
587 2499 703 2544 quae
725 2485 781 2529 ad
804 2485 1059 2540 hominem,
1083 2485 1424 2544 copulationem
1448 2487 1730 2531 demonstrat
1748 2503 1799 2542 >›;
1827 2501 1937 2546 ergo
1960 2487 2058 2546 pari

55 2550 268 2615 ”statione
293 2552 558 2612 potest·dici
583 2551 937 2606 denominative,
964 2552 1087 2611 quod
1113 2552 1258 2597 homo
1285 2553 1362 2597 ille
1389 2554 1446 2598 sit
1471 2554 1743 2598 dominicus.

187 2633 224 2679 3.
250 2618 548 2664 PRAETEREA.
572 2618 699 2663 Sicut
721 2618 953 2663 dominicus
974 2619 1314 2664 denominative
1337 2621 1500 2665 dicitur
1523 2635 1548 2665 a
1570 2621 1782 2676 domino;
1803 2615 1866 2666 ita
1891 2621 2059 2666 divinus

89 2703 90 2706 ¹
104 2685 434 2732 enominative
459 2686 621 2730 dicitur
647 2699 673 2730 a
698 2686 825 2730 Deo:
849 2685 928 2730 sed
950 2685 1088 2730 Dion.
1109 2687 1222 2746 (cap.
1239 2701 1281 2744 4.
1300 2688 1412 2733 Eccl.
1437 2688 1578 2746 Hier.)
1598 2688 1833 2733 Christum
1850 2690 2059 2733 nominat

66 2747 401 2805 ,divinissimum
420 2753 587 2810 Jesum,·
621 2766 731 2812 ergo
758 2754 854 2812 pari
879 2753 1055 2798 ratione
1082 2763 1231 2813 potest
1264 2755 1366 2809 dici,
1409 2755 1532 2814 quod
1575 2755 1784 2801 Christus
1817 2756 1875 2800 sit
1912 2756 2057 2800 homo

71 2843 97 2861 ψ
97 2819 366 2866 ominicus.

83 2893 91 2898 ’
112 2891 115 2893 ’
185 2887 281 2932 SED
313 2899 509 2932 CONTRA
535 2897 616 2940 est,
643 2887 765 2946 quod
791 2887 985 2946 August.
1013 2887 1158 2932 dicit
1147 2903 1192 2932 1n
1219 2888 1295 2932 lib.
1329 2902 1363 2933 1.
1390 2889 1588 2934 Retract.
1617 2889 1729 2951 (cap.
1756 2906 1806 2951 19
1811 2891 1871 2950 .).·
1900 2906 1926 2932 «
1951 2891 2059 2935 Non

22 3006 24 3008 μ
82 2953 161 2998 4²·
151 2967 246 3010 σεο,
271 2965 422 2999 utrum
448 2963 570 2998 recte
596 2954 771 2999 dicatur
794 2954 940 2999 homo
982 2955 1240 3000 dominicus
1267 2957 1381 3013 Iesus
1407 2956 1630 3011 Christus,
1672 2972 1779 3001 cum
1812 2957 1869 3002 sit
1904 2957 2059 3016 utique

12 3019 22 3044 ³
72 3019 311 3079 {dominus
335 3037 378 3067 n.

90 3091 92 3094 ’
164 3087 476 3134 Rrsronnzo
502 3088 761 3142 dicendum,
788 3089 925 3147 quod,
944 3090 1059 3134 sicut
1074 3103 1209 3149 supra
1227 3090 1399 3135 dictum
1418 3100 1484 3135 est
1501 3091 1606 3149 (art
1625 3099 1768 3151 praec.
1796 3091 1851 3136 ad
1869 3091 1930 3151 3.)
1953 3105 2058 3134 cum

111 3154 264 3200 'citur
297 3156 442 3200 homo
469 3155 678 3200 Christus
699 3157 826 3212 Jesus,
855 3156 1116 3216 designatur
1141 3158 1428 3217 suppositum
1455 3168 1707 3213 aeternum,
1731 3159 1852 3218 quod
1877 3169 1942 3202 est
1966 3171 2061 3217 per-

125 3236 214 3267 na
237 3222 339 3268 Filii
362 3223 466 3278 Dei,
490 3233 675 3282 propter
698 3223 789 3267 hoc
812 3224 935 3282 quod
958 3234 1024 3269 est
1044 3239 1187 3268 unum
1211 3226 1496 3284 suppositum
1519 3225 1751 3284 utriusque
1773 3235 1980 3269 naturae.
2003 3221 2070 3272 du.

190 3304 295 3335 ona
320 3300 472 3335 autern
498 3290 600 3334 Filii
623 3290 714 3335 Dei
738 3291 1024 3349 praedicatur
1050 3293 1178 3346 Deus,
1221 3302 1265 3336 et
1294 3293 1503 3337 Dominus
1536 3292 1853 3345 essentialiter3
1881 3300 1923 3335 et
1956 3290 2059 3335 ideo

12 3375 15 3409 ς
144 3369 197 3401 n
221 3356 355 3403 debet
378 3357 629 3416 praedicari
655 3358 1015 3412 denominative;
1042 3359 1146 3418 quia
1173 3359 1262 3403 hoc
1289 3359 1479 3418 derogat
1504 3359 1682 3403 veritati
1703 3358 1908 3412 unionis;
1941 3358 2060 3402 unde

87 3420 89 3422 ’
191 3423 486 3470 Dominicus
510 3424 686 3468 dicatur
711 3424 1048 3470 denominative
1076 3439 1101 3470 a
1127 3425 1348 3479 Domino,
1374 3440 1468 3469 non
1492 3436 1643 3503 potest
1666 3439 1772 3469 vere
1806 3435 1849 3469 et
1880 3425 2060 3484 proprie

88 3446 209 3545 affici,
235 3490 357 3549 quod
381 3490 527 3535 homo
553 3490 629 3535 ille
655 3491 711 3535 sit
737 3491 1008 3547 dominicus,
1035 3492 1113 3536 sed
1141 3495 1286 3551 magis
1313 3493 1435 3551 quod
1468 3493 1523 3536 sit
1556 3492 1785 3536 dominus:
1829 3491 1867 3535 si
1908 3502 2060 3537 autem

72 3587 108 3622 ,ὲ
119 3567 188 3601 er
210 3555 302 3601 hoc
328 3556 450 3616 quod
477 3557 640 3601 dicitur
676 3557 822 3602 homo
849 3557 1060 3602 Christus
1078 3559 1207 3615 Jesus,
1235 3560 1547 3618 designaretur
1568 3558 1852 3635 suppositum
1877 3558 2062 3618 aliquod

86 3630 325 3697 τζεειῑυπι,
350 3623 604 3668 secundum
628 3622 731 3668 illos
759 3624 835 3682 qui
861 3635 1038 3682 ponunt
1072 3625 1119 3669 in
1156 3625 1340 3670 Christo
1378 3626 1468 3671 duo
1505 3625 1753 3691 supposita,
1780 3635 1934 3689 posset
1973 3626 2063 3672 dici
2083 3634 2094 3646 ¹

287 3722 326 3760 S.
349 3723 503 3759 Tuoxu
529 3723 660 3758 Summa
691 3725 894 3770 Tbcologt'ca.
919 3726 1000 3760 Vol.
1028 3726 1092 3763 lv.
1843 3740 1879 3769 11
