2352 3926
651 222 929 268 QUAESTIO
972 222 1063 262 1.11.
1103 222 1411 262 ART1cuLus
1445 221 1516 260 tv.
1953 222 2056 276 443

194 323 271 369 AD
287 337 476 369 PRIMUM
497 337 609 382 ergo
627 324 885 379 dicendum,
903 325 1025 384 quod
1047 324 1258 370 Christus
1275 325 1430 369 statim
1452 323 1507 367 ad
1531 322 1758 366 infernum
1783 321 2063 366 descendens

7 387 47 454 ‘ss
105 389 300 436 sanctos
313 391 387 434 {bi
412 391 652 435 existentes
679 390 898 445 liberavit,
915 406 1008 435 non
1031 392 1215 450 quidem
1237 393 1389 436 statim
1417 390 1652 434 educendo
1681 403 1759 434 eos
1786 389 1842 433 de
1868 388 1975 432 loco
2002 389 2065 432 in-

13 470 53 488 ·-
102 455 232 511 ferni,
258 458 337 502 sed
363 459 407 501 in
434 458 533 517 ipso
560 457 738 502 inferno
765 471 845 503 eos
877 458 979 502 luce
1011 458 1185 518 gloriae
1212 458 1502 502 illustrando:
1526 467 1571 500 et
1595 467 1749 500 tamen
1783 457 2063 499 conveniens

16 519 31 560 ἵ
102 522 199 579 fuit,
225 533 274 568 ut
297 525 472 572 tamdiu
499 525 651 569 anima
678 527 775 585 ejus
800 536 1057 570 remaneret
1078 528 1124 570 in
1144 524 1338 579 inferno,
1354 525 1571 584 quamdiu
1595 536 1758 582 corpus
1782 523 1998 567 manebat
2017 522 2064 565 in

8 590 35 630 5'·
98 590 361 651 sepulchro.

21 651 26 661 '⁷
191 659 268 704 AD
294 670 555 705 SECUNDUM
582 659 838 715 dicendum,
857 660 981 719 quod
1005 669 1158 703 vectes
1184 658 1348 703 inferni
1374 658 1584 702 dicuntur
1610 657 1952 716 impedimenta,
1971 655 2064 715 qui·

100 725 186 771 bus
211 727 356 770 sancti
374 726 530 771 Patres
547 727 602 770 de
619 724 797 770 inferno
825 727 946 770 exire
971 726 1340 784 prohibebantur,
1358 735 1484 769 reatu
1510 725 1670 783 culpae
1694 724 1829 782 primi
1851 723 2064 783 parentis,

101 802 218 852 quos
244 793 453 838 Christus
477 793 631 838 statim
657 792 935 837 descendens
962 794 1018 836 ad
1044 792 1214 836 inferos
1238 792 1403 836 virtute
1430 805 1538 835 suae
1562 791 1800 850 passionis,
1828 800 1874 834 et
1898 790 2060 834 mortis

102 858 349 919 confregit:
376 870 420 905 et
444 869 599 904 tamen
622 859 768 904 voluit
792 859 838 903 in
863 858 1040 904 inferno
1063 858 1324 918 aliquandiu
1349 872 1601 912 remanere,
1624 868 1809 917 propter
1833 858 2060 902 rationem

102 927 382 987 praedictam
409 927 472 984 Gn
493 935 605 986 corp.
633 926 752 984 art).

191 994 268 1038 An
295 1003 511 1039 ’manum
536 994 793 1047 dicendum,
812 993 934 1052 quod
960 991 1072 1037 illud
1089 993 1279 1037 verbum
1297 992 1490 1036 Domini
1512 1000 1579 1036 est
1603 991 1950 1050 intelligendum
1967 1005 2063 1036 non

5 1103 37 1122 ,ἵ
90 1058 160 1104 de
175 1060 385 1119 paradiso
402 1061 601 1104 terrestri
624 1074 864 1119 corporeo,
880 1060 960 1103 sed
984 1060 1040 1103 de
1066 1060 1275 1119 paradiso
1294 1059 1528 1118 spirituali,
1550 1059 1598 1102 in
1615 1073 1707 1117 quo
1730 1072 1828 1102 esse
1852 1059 2063 1102 dicuntur

21 1126 25 1139 ἶ
102 1126 378 1186 quicumque
404 1127 556 1171 divina
582 1126 728 1186 gloria
754 1125 1065 1186 perfruuntur:
1094 1127 1212 1170 unde
1239 1126 1356 1170 latro
1382 1125 1490 1170 loco
1516 1126 1702 1184 quidem
1744 1139 1849 1168 cum
1878 1125 2063 1169 Christo

22 1213 26 1216 ·
103 1193 160 1239 ad
185 1193 414 1239 infernum
440 1194 686 1247 descendit,
714 1204 760 1237 ut
778 1208 883 1238 cum
904 1194 1089 1238 Christo
1118 1204 1259 1247 esset;
1288 1194 1393 1252 quia
1420 1193 1591 1237 dictum
1618 1202 1686 1236 est
1711 1192 1780 1236 ei:
1804 1193 1970 1236 Mecum
1987 1193 2066 1236 eris

14 1272 21 1281 ²
100 1261 148 1305 in
174 1261 403 1321 paradi505
430 1261 508 1305 sed
535 1261 740 1320 praemio
766 1261 812 1304 in
838 1261 1048 1320 paradiso
1073 1259 1181 1315 fuit3
1209 1260 1314 1319 quia
1339 1260 1402 1304 ibi
1433 1260 1667 1304 divinitate
1691 1258 1865 1303 Christi
1890 1257 2064 1303 frueba-

101 1328 332 1388 tur,sicut
357 1338 402 1373 et
423 1328 500 1373 alii
522 1329 694 1373 Sancti.

816 1483 1254 1549 ARTICULUS
1296 1491 1367 1547 v.
1980 1514 2068 1563 290

235 1624 480 1668 UTRUM
534 1627 898 1667 CHRISTUS
951 1622 1430 1667 DESCENDENS
1486 1621 1571 1663 AD
1629 1618 1935 1664 INFEROS

549 1710 799 1750 SANCTOS
834 1710 1036 1749 PATRES
1071 1710 1204 1748 INDE
1236 1707 1613 1747 LIBERAVERIT.

450 1816 504 1880 (3.
531 1818 642 1865 Dist.
669 1832 738 1865 22.
765 1833 804 1879 q.
831 1834 871 1865 2.
898 1826 981 1865 art.
1007 1835 1048 1865 2.
1075 1833 1114 1880 q.
1140 1835 1175 1865 ι.
1203 1826 1242 1865 et
1263 1828 1398 1880 opusc.
1425 1834 1464 1865 2.
1493 1827 1584 1879 cap.
1607 1819 1728 1879 235).

193 1932 272 1978 AD
295 1941 523 1982 Qum'rtm
540 1931 604 1975 sic
622 1931 896 1991 proceditur.
914 1931 1120 1986 Videtur,
1138 1932 1261 1991 quod
1279 1931 1490 1976 Christus
1508 1930 1789 1974 descendens
1816 1928 1872 1973 ad
1893 1927 2063 1972 inferos

36 2024 44 2037 ·‹
99 2009 287 2045 *sanctos
317 1999 473 2044 Patres
499 1998 604 2042 inde
635 2012 730 2042 non
756 1997 1033 2044 liberaverit:
1057 1999 1166 2043 dicit
1192 1999 1316 2043 enirn
1342 1999 1537 2058 August.
1564 1999 1610 2041 in
1644 1996 1837 2056 epistola
1870 1997 1925 2040 ad
1952 1995 2067 2039 Evo-

103 2066 231 2111 dium
252 2069 379 2126 (quae
402 2072 460 2111 est
484 2080 555 2125 99.
582 2072 678 2111 ante
708 2066 864 2124 med.).·
895 2082 918 2107 α
944 2065 1039 2110 Illis
1064 2066 1207 2124 justis,
1234 2066 1311 2125 qui
1332 2066 1379 2109 in
1411 2066 1512 2109 sinu
1546 2074 1674 2108 erant
1698 2064 1927 2116 Abrahae,
1959 2077 2066 2106 cum

32 2138 66 2191 j}
103 2133 313 2179 Christus
337 2133 384 2177 in
419 2131 596 2177 inferna
628 2133 936 2187 descenderet,
962 2134 1167 2177 nondum
1205 2133 1312 2192 quid
1341 2131 1610 2176 contulisset
1640 2131 1810 2184 inveni,
1844 2144 1869 2174 a
1903 2130 2065 2188 quibus
2123 2142 2129 2145 “

32 2209 49 2256 ξ
91 2204 217 2247 feum‘
235 2199 488 2246 secundum
513 2199 771 2244 beatificam
789 2200 1094 2259 praesentiam
1115 2214 1225 2244 suae
1252 2199 1497 2244 divinitatis
1515 2213 1751 2257 nunquam
1773 2198 1908 2242 video
1926 2210 2070 2241 reces-

102 2269 215 2315 sisse
240 2283 292 2313 »:
319 2267 516 2312 multum
544 2277 698 2311 autem
720 2267 784 2312 eis
812 2266 1092 2322 contulisset,
1120 2268 1155 2311 si
1183 2281 1262 2311 eos
1290 2267 1343 2311 ab
1371 2266 1525 2311 inferis
1551 2266 1809 2320 liberasset3
1834 2279 1930 2309 non
1956 2277 2066 2323 ergo

92 2335 294 2390 ridetur,
317 2334 441 2395 quod
469 2334 679 2379 Christus
701 2344 887 2378 sanctos
912 2334 1071 2379 Patres
1098 2334 1152 2377 ab
1185 2333 1339 2378 inferis
1366 2333 1638 2379 liberaverit.

41 2404 59 2445 f
94 2411 99 2415 ”
192 2415 235 2448 2.
268 2402 566 2447 PRAETEREA.
593 2401 757 2446 Nullus
788 2402 836 2446 in
869 2400 1048 2446 inferno
1082 2402 1320 2455 detinetur,
1354 2402 1442 2445 nisi
1473 2411 1658 2461 propter
1690 2410 1956 2460 peccatum:
1988 2398 2067 2444 sed

37 2479 59 2528 g
90 2470 249 2516 meti
267 2469 439 2522 Patres,
467 2468 575 2513 dum
602 2468 752 2511 adhuc
770 2468 987 2522 viverent,
1011 2482 1089 2527 per
1115 2468 1254 2513 fidem
1282 2469 1455 2513 Christi
1479 2468 1709 2527 justificati
1730 2467 1908 2511 fuerant
1925 2481 1950 2510 a
1967 2481 2070 2525 pec-

64 2544 233 2592 ἤϊείιῖο;
254 2548 367 2596 ergo
390 2548 486 2580 non
507 2535 772 2594 indigebant
795 2534 976 2580 liberari
994 2537 1047 2579 ab
1065 2535 1258 2591 inferno,
1277 2536 1462 2580 Christo
1483 2536 1538 2580 ad
1557 2535 1726 2580 inferos
1749 2535 2065 2580 descendente.

47 2607 55 2648 ἶ
196 2614 232 2664 3.
251 2604 547 2649 PRAETEREA.
574 2602 773 2647 Remota
799 2615 950 2657 causa,
976 2613 1238 2647 removetur
1265 2603 1477 2648 effectus:
1501 2604 1578 2648 sed
1599 2618 1735 2648 causa
1761 2601 2067 2647 descendendi

44 2672 65 2717 f
93 2669 162 2717 ‘ad
186 2664 358 2717 inferos
383 2680 452 2715 est
477 2679 732 2730 peccatum,
750 2670 872 2728 quod
894 2669 978 2714 fuit
1003 2681 1234 2714 remotum
1257 2685 1335 2729 per
1361 2671 1622 2731 passionem
1651 2670 1837 2724 Christi,
1864 2678 1913 2713 ut
1930 2683 2064 2728 supra

88 2738 281 2794 dictum
302 2747 372 2783 est
397 2738 455 2797 (q.
478 2751 545 2797 50.
572 2743 655 2781 art.
679 2737 741 2794 6.)
760 2751 776 2789 ;
799 2751 893 2781 non
913 2750 1023 2796 ergo
1045 2752 1126 2796 per
1152 2738 1423 2782 descensum
1451 2738 1624 2783 Christi
1652 2738 1707 2781 ad
1730 2736 1900 2781 inferos
1921 2735 2067 2780 sancti

49 2802 58 2850 jj
103 2804 261 2851 Patres
285 2815 391 2849 sunt·
415 2804 472 2848 de
496 2802 672 2848 inferno
701 2803 865 2847 educti.

39 2877 46 2902 ῑ
194 2871 290 2916 SED
323 2883 518 2916 CONTRA
552 2880 632 2924 est,
670 2870 791 2928 quod
829 2870 1111 2930 Augustinus
1145 2871 1253 2916 dicit
1290 2872 1334 2915 in
1372 2886 1584 2916 sermone
1622 2871 1677 2915 de
1713 2869 2065 2915 Resurrectione

106 2938 202 2998 (qui
227 2943 283 2982 est
308 2950 391 2997 137.
414 2937 462 2981 de
495 2938 696 2997 Tempore
722 2950 749 2980 a
765 2939 942 2996 princ),
972 2938 1094 2996 quod
1118 2938 1342 2993 Christus,
1363 2939 1544 2997 quando
1565 2938 1620 2981 ad
1644 2937 1812 2981 inferos
1836 2935 2068 2980 descendit

19 2997 44 3050 '²‘ss
109 3020 134 3047 α
158 3015 338 3065 portam
365 3002 543 3057 inferni,
576 3013 622 3047 et
644 3013 799 3048 vectes
823 3003 993 3049 ferreos
1021 3005 1268 3063 confregit;
1302 3016 1344 3050 et
1371 3020 1532 3050 omnes
1558 3006 1717 3064 justos,
1751 3004 1827 3062 qui
1854 3000 2068 3060 originali

104 3081 297 3132 peccato
325 3070 526 3115 adstricti
550 3071 832 3125 tenebantur,
860 3070 1054 3115 absolvit
1080 3087 1120 3115 ».

195 3138 485 3183 Responnzo
517 3137 777 3191 dicendum,
811 3139 948 3196 quod,
985 3139 1102 3183 sicut
1127 3153 1263 3198 supra
1297 3139 1469 3183 dictum
1503 3149 1570 3183 est
1605 3144 1703 3194 (art.
1739 3145 1880 3196 praec.
1908 3134 1961 3179 ad
1985 3134 2066 3192 2.),

94 3203 316 3253 „Christus
343 3203 623 3248 descendens
661 3204 716 3247 ad
753 3203 922 3249 inferos
948 3217 1161 3263 operatus
1193 3216 1260 3250 est
1291 3207 1337 3249 in
1364 3207 1527 3250 virtute
1565 3219 1672 3249 suae
1706 3203 1942 3263 passionis.
1980 3202 2068 3246 Per

30 3266 72 3318 ‘5³‘
97 3272 368 3333 ‚passionem
398 3281 548 3315 autem
577 3270 749 3315 Christi
781 3270 1019 3315 liberatum
1054 3283 1121 3316 est
1147 3287 1289 3331 genus
1316 3273 1572 3316 humanum
1605 3285 1698 3314 non
1732 3269 1882 3314 solum
1919 3283 1943 3312 a
1968 3283 2069 3328 pec-

45 3362 64 3394 „2
106 3349 226 3392 cat0,
252 3339 331 3383 sed
357 3338 494 3398 etiam
522 3351 547 3380 a
573 3347 698 3381 reatu
736 3351 926 3396 poenae,
954 3349 1002 3382 ut
1027 3352 1161 3396 supra
1188 3340 1358 3382 dictum
1389 3350 1455 3382 est
1484 3340 1539 3396 (q.
1578 3353 1648 3396 49.
1687 3344 1768 3381 art.
1793 3352 1826 3394 3.
1864 3344 1901 3380 et
1928 3351 1965 3394 q.
1998 3351 2065 3394 50.

57 3433 61 3435 -
106 3412 186 3452 art.
214 3405 307 3464 6),
335 3405 554 3464 dupliciter
572 3414 722 3448 autem
750 3404 962 3448 homines
988 3415 1113 3449 reatu
1137 3420 1312 3464 poenae
1341 3417 1467 3449 erant
1494 3404 1713 3448 adstricti:
1732 3419 1813 3447 uno
1841 3403 1961 3447 modo
1984 3417 2065 3462 pro

48 3465 70 3480 ⁹
100 3482 297 3533 peccato
325 3471 506 3525 actuali,
533 3471 654 3530 quod
674 3471 897 3530 quilibet
886 3485 933 3515 m
959 3486 1041 3516 sua
1066 3487 1261 3531 persona
1280 3473 1598 3516 commiserat:
1623 3471 1707 3514 alio
1730 3470 1850 3514 modo
1869 3484 1950 3529 pro
1968 3484 2069 3529 pec-

55 3538 64 3578 ’.
107 3549 212 3584 cato
237 3539 377 3584 totius
402 3539 630 3583 humanae
657 3547 860 3591 naturae,
886 3538 1009 3596 quod
1051 3553 1076 3581 a
1103 3539 1250 3597 primo
1290 3549 1475 3598 parente
1511 3538 1557 3580 in
1596 3551 1756 3580 omnes
1785 3536 2066 3595 originaliter

44 3605 79 3648 ξ’
107 3605 303 3662 devenit,
335 3615 384 3651 ut
416 3605 580 3650 dicitur
614 3604 750 3649 Rom.
780 3617 848 3662 5.:
877 3605 1004 3663 cujus
1039 3605 1221 3665 quidem
1251 3606 1429 3665 peccati
1462 3618 1612 3663 poena
1652 3613 1719 3648 est
1756 3617 1880 3648 mors
1907 3617 2064 3663 corpo-
