2352 3926
309 222 408 277 142
841 219 1120 265 QUAESTIO
1158 218 1271 257 XIV.
1311 218 1619 260 ARTICULUS
1657 221 1715 260 11.

299 337 500 376 servare3
529 336 639 380 ergo
658 320 924 379 huJ'usmodi
945 319 1160 374 defectus,
1187 333 1268 364 seu
1293 319 1575 366 infirmitates
1597 336 1693 367 non
1719 321 1901 369 fuerunt
1925 326 1971 369 in
1994 323 2181 370 Chfisto
2204 339 2262 372 ex

299 390 582 434 necessitate.
2135 411 2137 417 v
2158 424 2159 427 η
2236 431 2241 434 ,

391 457 484 500 SED
514 468 708 500 CONTRA
732 465 812 508 est,
846 455 968 513 quod
1001 454 1163 512 Apost.
1188 454 1297 498 dicit
1321 454 1457 499 Rom.
1481 455 1551 500 8.:
1584 456 1705 502 Misit
1735 458 1851 503 Deus
1875 457 2042 503 Filium
2066 473 2187 504 suum
2214 461 2263 507 in

299 524 613 568 similitudinem
641 524 779 566 carnis
798 523 986 581 peccati:
1020 521 1099 565 sed
1127 521 1330 565 conditio
1359 523 1506 567 carnis
1530 525 1707 582 peccati
1733 534 1814 580 est,
1841 525 1964 584 quod
1989 525 2262 572 habeatne-

299 592 554 634 cessitatem
573 589 813 643 moriendi,
833 599 876 633 et
893 589 1143 633 sustinendi
1161 588 1271 632 alias
1298 589 1562 647 hujusmodi
1582 591 1968 651 passiones3ergo
1983 591 2087 638 talis
2107 596 2261 639 nec-es·

299 659 405 701 sitas
435 657 684 701 sustinendi
705 656 796 700 hoc
824 656 1026 701 defectus
1052 655 1135 700 fuit
1159 657 1206 699 in
1233 670 1368 700 carne
1397 656 1580 701 Christi.
2074 696 2076 698 .

391 725 679 768 REsPONDEo
703 724 962 777 dicendum,
985 723 1108 782 quod
1134 723 1283 782 duplex
1302 719 1370 767 e'st
1390 725 1635 769 necessitas
1654 740 1765 771 :una
1782 726 1964 785 quidem
1993 727 2261 783 coactionis,

297 806 412 851 quae
435 792 484 835 fit
510 791 563 835 ab
589 801 751 850 agente
778 792 1054 844 extrinsec03
1083 801 1126 834 et
1156 791 1271 834 haec
1295 791 1480 849 quidem
1505 793 1753 837 necessitas
1787 795 2088 838 contrariatur
2118 804 2164 839 et
2185 810 2262 840 na-

296 870 438 912 turae,
466 869 511 902 et
535 858 782 912 voluntati;
801 873 997 916 quorum
1024 867 1266 916 utrumque
1285 867 1352 901 est
1367 858 1640 918 principium
1660 860 1981 906 intrinsecum:
2002 862 2091 906 alia
2107 871 2259 907 autem

297 937 365 970 est
389 926 635 970 necessitas
663 925 895 979 naturalis,
928 940 1043 983 quae
1077 925 1368 983 consequitur
1390 926 1611 985 principia
1636 927 1874 982 naturalia,
1899 937 2008 986 puta
2032 928 2256 986 formam3

295 996 412 1038 sicut
435 993 746 1037 necessarium
765 1004 832 1037 est
847 994 1003 1051 ignem
1022 991 1290 1036 calefacere:
1318 992 1392 1036 vel
1423 995 1684 1048 materiam;
1710 995 1826 1039 sicut
1850 996 2160 1040 necessarium
2187 1007 2256 1042 est

296 1075 460 1119 corpus
488 1075 541 1104 ex
575 1061 811 1104 contrariis
840 1059 1149 1118 compositum
1177 1059 1384 1103 dissolvi:
1419 1061 1669 1104 secundum
1702 1061 1838 1119 igitur
1869 1062 1989 1107 hanc
2015 1064 2260 1108 necessita-

294 1138 403 1182 tem,
414 1143 529 1186 quae
550 1128 840 1186 consequitur
857 1128 1113 1181 materiam,
1127 1140 1291 1185 corpus
1306 1127 1478 1171 Christi
1494 1128 1747 1185 subjectum
1763 1128 1847 1172 fuit
1861 1129 2120 1174 necessitati
2136 1134 2256 1175 mor-

297 1196 369 1249 tis,
390 1207 439 1240 et.
455 1195 650 1239 aliorum
677 1195 941 1252 hujusmodi
958 1193 1240 1247 defectuum3
1267 1194 1387 1253 quia,
1405 1195 1522 1238 sicut
1547 1195 1719 1239 dictum
1739 1206 1806 1239 est
1827 1196 1929 1253 (art.
1940 1203 2083 1255 praee.
2105 1196 2159 1241 ad
2173 1199 2252 1256 2.),

292 1262 578 1321 beneplacito
606 1262 784 1305 divinae
810 1261 1056 1305 voluntatis
1081 1261 1205 1305 carni
1223 1261 1396 1306 Christi
1422 1262 1764 1319 permittebatur
1790 1276 1941 1320 agere,
1959 1272 2003 1306 et
2018 1263 2112 1322 pati
2137 1278 2254 1323 quae

292 1330 498 1388 propria:
521 1330 635 1372 haec
665 1339 817 1372 autem
840 1330 1084 1372 necessitas
1113 1339 1322 1372 causatur
1349 1343 1402 1373 ex
1428 1329 1658 1387 principiis
1686 1330 1833 1373 carnis
1859 1329 2103 1384 humanae,
2122 1341 2172 1376 ut
2195 1332 2257 1376 di·

293 1407 417 1441 ctum
444 1407 512 1440 est
539 1397 624 1453 (hic
644 1398 807 1455 supr.):
835 1396 873 1439 si
899 1405 1052 1439 autem
1079 1395 1322 1454 loquamur
1340 1396 1395 1440 de
1420 1397 1690 1440 necessitate
1710 1396 1977 1450 coactionis,
2003 1398 2255 1444 secundum

292 1464 475 1522 quidem
503 1464 623 1522 quod
652 1473 872 1522 repugnat
887 1473 1075 1507 naturae
1093 1462 1334 1521 corporali,
1353 1465 1416 1507 sic
1443 1463 1610 1507 iterum
1638 1477 1801 1521 corpus
1829 1463 1979 1508 Chriti
2002 1465 2255 1510 secundum

292 1531 604 1575 conditionem
644 1531 852 1590 propriae
893 1539 1080 1574 naturae
1121 1530 1381 1574 necessitati
1419 1530 1643 1589 subjacuit
1683 1540 1728 1574 et
1760 1529 1876 1574 clavi
1901 1530 2257 1590 perforantis,=et

292 1598 460 1656 flagelli
487 1598 797 1656 percutientis:
823 1597 1074 1641 secundum
1099 1611 1210 1641 vero
1235 1597 1357 1656 quod
1380 1598 1626 1642 necessitas
1652 1597 1754 1641 talis
1779 1608 2003 1657 repugnat
2017 1598 2255 1655 voluntati,

291 1665 583 1709 manifestum
606 1675 674 1708 est
701 1665 822 1723 quod
855 1665 899 1707 in
921 1664 1108 1708 Christo
1135 1679 1229 1708 non
1255 1663 1340 1708 fuit
1355 1665 1603 1709 necessitas
1629 1665 1797 1708 horum
1820 1664 2253 1726 defectuum,neque

290 1747 368 1792 per
390 1743 647 1791 respectum
675 1733 728 1775 ad
757 1732 960 1775 divinam
981 1731 1282 1785 voluntatem,
1309 1746 1457 1790 neque
1489 1745 1568 1790 per
1599 1743 1856 1790 respectum
1884 1733 1940 1776 ad
1965 1731 2250 1778 voluntatem

290 1801 541 1843 humanam
566 1800 738 1843 Christi
766 1799 985 1853 absolute,
1003 1809 1137 1858 prout
1155 1799 1355 1858 sequitur
1379 1799 1606 1842 rationem
1633 1798 1974 1853 deliberantem,
1999 1799 2079 1844 sed
2098 1799 2252 1845 solum

290 1868 540 1919 secundum
580 1866 836 1911 naturalem
877 1877 1056 1910 motum
1095 1866 1365 1920 voluntatis;
1407 1876 1542 1924 prout
1582 1865 1757 1910 scilicet
1785 1866 2050 1911 naturaliter
2087 1866 2253 1927 refugit

290 1945 500 1989 mortem,
520 1944 563 1977 et
590 1934 727 1977 etiam
754 1934 958 1993 corporis
984 1943 1277 1978 nocumenta.

378 2002 454 2045 AD
480 2015 667 2046 PRIMUM
690 2015 800 2060 ergo
830 2001 1088 2054 dicendum,
1122 2001 1244 2060 quod
1269 2001 1479 2045 Christus
1505 2000 1668 2044 dicitur
1694 2000 1869 2055 oblatus,
1892 2002 1994 2059 quia
2016 2001 2170 2058 voluit,
2203 2011 2249 2047 et

289 2068 524 2112 voluntate
551 2069 716 2122 divina,
744 2078 788 2112 et
813 2068 1047 2112 voluntate
1073 2069 1276 2112 humana
1303 2067 1573 2112 deliberata:
1597 2067 1706 2112 licet
1721 2082 1847 2112 mors
1865 2077 1986 2112 esset
2000 2078 2161 2113 contra
2175 2083 2251 2116 na-

287 2135 481 2179 turalem
499 2146 678 2179 motum
694 2135 941 2180 voluntatis
958 2136 1203 2189 humanae,
1221 2145 1270 2179 ut
1293 2135 1510 2179 Damasc.
1529 2135 1638 2179 dicit
1655 2133 1748 2191 (zib.
1762 2149 1798 2194 3.
1829 2135 1950 2180 Orth.
1967 2134 2062 2180 Fid.
2078 2143 2170 2196 cap.
2185 2151 2248 2197 23.

288 2210 327 2249 et
351 2205 457 2262 24).

377 2272 453 2315 ΑΙ)
485 2284 746 2315 SECUNDUM
778 2280 899 2330 patet
925 2271 1164 2330 responsio
1192 2285 1245 2314 ex
1273 2270 1403 2314 dictis
1436 2270 1503 2328 (in
1529 2271 1682 2329 corp).

377 2339 452 2382 AD
495 2350 710 2382 TERTIUM
743 2338 1001 2392 dicendum,
1038 2339 1160 2397 quod
1186 2337 1301 2381 nihil
1332 2337 1415 2381 fuit
1446 2339 1689 2397 potentius,
1723 2351 1862 2397 quam
1895 2337 2050 2382 anima
2075 2337 2261 2384 Christi.

290 2405 515 2450 absolute:
542 2405 657 2448 nihil
683 2415 837 2448 tamen
864 2406 1086 2464 prohibet,
1115 2405 1283 2464 aliquid
1309 2404 1447 2449 fuisse
1474 2407 1703 2464 potentius
1731 2414 1951 2464 quantum
1969 2405 2025 2449 ad
2042 2405 2164 2449 hunc
2191 2405 2250 2450 ef-

286 2473 478 2527 fectum3
505 2473 622 2516 sicut
648 2472 802 2516 clavus
837 2473 891 2516 ad
924 2472 1272 2531 perforandum3
1306 2482 1350 2516 et
1380 2472 1471 2515 hoc
1506 2473 1624 2526 dico,
1657 2472 1909 2517 secundum
1940 2472 2063 2532 quod
2095 2472 2249 2518 anima

289 2540 462 2585 Christi
487 2539 799 2583 consideratur
825 2540 1076 2583 secundum
1103 2541 1335 2598 propriam
1360 2549 1585 2595 naturam,
1616 2549 1660 2584 et
1685 2540 1910 2586 virtutem.

996 2708 1430 2766 ARTICULUS
1467 2709 1567 2764 III.
1951 2770 1954 2773 Δ
2189 2725 2245 2771 88

438 2847 629 2886 UTRUM
671 2846 936 2885 cHR1sTUS
978 2846 1262 2884 DEFECTUS
1298 2845 1650 2884 CORPORALES
1686 2844 2094 2886 conrssaxssnrr.

600 2956 651 3017 (3.
675 2958 788 3003 Dist.
820 2970 878 3017 15.
906 2972 944 3017 q.
970 2973 1005 3003 1.
1038 2963 1119 3001 art.
1138 2972 1172 3017 3.
1207 2963 1245 3002 et
1265 2958 1379 3002 Dist.
1405 2972 1468 3002 21.
1501 2972 1539 3016 q.
1572 2972 1612 3002 2.
1634 2962 1715 3001 art.
1748 2971 1788 3002 2.
1821 2964 1934 3018 corp.

1001 3030 1037 3069 et
1061 3032 1199 3084 opusc.
1218 3039 1258 3070 2.
1282 3032 1372 3084 cap.
1394 3023 1533 3082 226).

374 3146 451 3190 An
485 3156 698 3190 TERTIUM
732 3144 795 3188 sic
829 3143 1101 3204 proceditur.
1135 3143 1338 3197 Videtur,
1366 3143 1487 3202 quod
1513 3142 1723 3187 Christus
1749 3142 1951 3189 defectus
1978 3143 2240 3206 corporales

286 3213 582 3258 contraxerit:
611 3212 720 3256 illud
749 3212 871 3256 enim
906 3212 1177 3255 contrahere
1205 3211 1411 3265 dicimur,
1439 3211 1562 3270 quod
1589 3210 1725 3254 simul
1751 3225 1857 3255 cum
1888 3222 2050 3257 natura
2071 3225 2129 3258 ex
2148 3212 2245 3261 -οτὶ-

286 3281 391 3339 gine
417 3280 665 3324 trahimus:
694 3279 770 3323 sed
801 3276 1019 3323 Christus'
1037 3277 1173 3322 simul
1201 3293 1306 3322 cum
1338 3288 1498 3322 natura
1524 3279 1726 3322 humana
1752 3277 1969 3335 defectus,
1990 3289 2040 3326 et
2057 3279 2242 3325 infirmi-

284 3358 398 3392 tates
428 3346 686 3407 corporales
722 3361 801 3406 per
834 3360 963 3390 suam
1002 3346 1226 3403 originem
1267 3345 1399 3389 traxit
1433 3360 1457 3389 a
1491 3356 1648 3399 matre,
1683 3347 1810 3403 cujus
1843 3359 1951 3391 caro
1976 3344 2250 3407 hujusmodi⁴

286 3414 532 3459 defectibus
560 3414 838 3472 subjacebat3
866 3427 976 3472 ergo
1000 3412 1190 3467 videtur,
1217 3414 1338 3471 quod
1371 3414 1456 3456 hos
1491 3413 1690 3457 defectus
1717 3414 2004 3461 contraxerit.

376 3495 416 3526 2.
445 3483 741 3526 PRAETEREA.
777 3482 824 3524 Id
852 3481 973 3539 quod
1002 3494 1054 3524 ex
1081 3480 1309 3539 principiis
1336 3489 1522 3524 naturae
1550 3490 1773 3534 causatur,
1790 3480 1925 3526 simul
1953 3494 2062 3526 cum
2079 3491 2241 3526 natura

285 3549 500 3603 trahitur;
529 3559 573 3593 et
603 3549 665 3592 ita
694 3548 1000 3592 contrahitur:
1028 3547 1105 3591 sed
1142 3547 1404 3605 hujusmodi
1435 3546 1734 3605 poenalitates
1768 3558 2011 3594 causantur
2038 3561 2094 3594 ex
2124 3548 2241 3609 prin-

287 3616 414 3676 cipiis
436 3626 623 3661 naturae
650 3617 906 3671 humanae;
932 3628 1042 3675 ergo
1070 3628 1146 3659 eas
1173 3614 1383 3659 Christus
1409 3615 1645 3659 contraxit.
