2352 3926
251 227 356 282 552
774 228 1054 274 QUAESTIO
1094 228 1240 268 va1.
1280 205 1588 270 ARTIcuLus
1626 231 1663 270 1.

927 396 931 398 ⁵
970 441 1406 499 ARTICULUS
1450 442 1493 497 1.
2124 458 2208 521 ³64

466 575 719 614 UTRUM
781 576 1189 615 BAPTISMUS
1250 578 1364 616 SIT
1422 577 1579 615 IPSA
1636 577 1983 618 ABLUTIO.

654 685 718 742 (4.
750 686 858 730 Dist.
881 699 924 743 4.
947 693 1030 732 art.
1051 703 1087 733 I.
1113 694 1152 732 et
1177 687 1248 733 lib.
1276 701 1319 745 4.
1344 688 1490 733 Contr.
1515 702 1553 746 g.
1581 695 1674 748 cap.
1701 687 1811 746 60).

338 796 414 841 An
432 809 621 842 PRIMUM
638 797 702 841 sic
731 798 1007 857 proceditur.
1030 799 1236 854 Videtur,
1263 800 1384 859 quod
1411 801 1662 859 baptismus
1687 814 1782 844 non
1807 799 1865 845 sit
1887 799 1987 860 ipsa
2011 798 2210 845 ablutio:

251 862 419 908 ablutio
448 864 568 908 enim
598 865 849 924 corporalis
870 868 1044 922 transit,
1075 867 1327 927 baptismus
1356 878 1507 912 autem
1536 878 1796 927 permanet;
1823 882 1933 928 ergo
1959 867 2209 927 baptismus

250 945 344 974 non
371 941 439 976 est
463 932 559 990 ipsa
591 931 778 987 ablutio,
810 934 888 978 sed
922 935 1072 993 potius
1109 951 1133 976 «
1165 935 1468 994 regeneratio,
1502 949 1547 980 et
1578 935 1794 995 sigillum,
1833 945 1879 980 et
1914 935 2135 990 custodia,
2167 944 2212 980 et

249 997 525 1043 illuminatio
552 1016 595 1054 ›>,
621 1009 671 1043 ut
695 1000 912 1046 Damasc.
931 1001 1041 1046 dicit
1065 1002 1111 1045 in
1136 1014 1177 1058 4.
1202 1002 1278 1046 lib.
1306 1003 1330 1061 (
1332 1003 1453 1048 Orth.
1480 1003 1576 1048 Fid.
1605 1012 1695 1063 cap.
1722 1018 1788 1049 10.
1811 1004 1856 1047 in
1881 1002 2023 1062 med).

339 1079 380 1111 2.
412 1066 711 1112 PRAETEREA.
734 1067 872 1128 Hugo
899 1069 955 1116 de
982 1068 1028 1113 S.
1054 1069 1174 1113 Vict.
1202 1069 1312 1114 dicit
1337 1070 1430 1128 (lib.
1457 1086 1497 1116 2.
1524 1071 1570 1115 de
1595 1071 1785 1116 Sacram.
1805 1076 1921 1130 part.
1955 1070 1997 1116 6.
2016 1077 2107 1130 cap.
2129 1068 2212 1129 2.),

250 1133 373 1192 quod
393 1134 682 1194 «baptismus
701 1145 767 1179 est
791 1150 908 1195 aqua
925 1135 1148 1181 diluendis
1166 1137 1430 1182 criminibus
1453 1137 1733 1182 sanctificata
1750 1153 1829 1198 per
1844 1137 2034 1183 verbum
2055 1137 2185 1182 Dei»
2201 1151 2212 1181 :

252 1214 368 1260 aqua
395 1211 549 1245 autem
565 1216 661 1246 non
684 1212 751 1247 est
765 1202 863 1262 ipsa
876 1202 1063 1257 ablutio,
1086 1203 1164 1247 sed
1187 1203 1358 1248 ablutio
1377 1215 1444 1249 est
1461 1205 1646 1264 quidam
1665 1219 1772 1250 usus
1791 1219 1960 1264 aquae;
1978 1218 2105 1263 ergo,
2122 1215 2209 1250 etc.

344 1282 383 1328 3.
409 1268 707 1314 PRAETEREA.
734 1269 929 1329 August.
972 1270 1082 1315 dicit
1107 1285 1242 1330 super
1272 1271 1403 1329 Joan.
1438 1273 1583 1331 (tract.
1611 1274 1682 1318 8ο.
1715 1287 1741 1317 a
1772 1272 1927 1331 med.).·
1963 1289 1988 1314 «
2019 1271 2216 1316 Accedit

250 1335 442 1380 verbum
468 1336 524 1380 ad
551 1335 846 1391 elementum,
879 1347 924 1382 et
953 1338 1004 1382 fit
1045 1348 1385 1383 sacramentum
1411 1354 1462 1383 »t
1498 1338 1778 1384 elementum
1819 1348 1974 1383 autem
2013 1348 2081 1384 est
2115 1338 2216 1398 ipsa

252 1417 370 1462 aqua
400 1403 448 1447 in
481 1414 769 1449 sacramento
810 1405 1049 1464 baptismi;
1086 1419 1196 1465 ergo
1238 1406 1490 1464 baptismus
1527 1416 1596 1452 est
1633 1407 1731 1467 ipsa
1767 1420 1900 1466 aqua,
1931 1420 2027 1451 non
2060 1416 2216 1452 autem

253 1470 438 1515 ablutio.

342 1537 437 1584 SED
471 1551 667 1583 CONTRA
685 1548 765 1592 est,
789 1539 912 1598 quod
938 1538 1102 1584 dicitur
1117 1539 1258 1584 Eccli.
1290 1553 1381 1600 34:
1401 1541 1492 1598 Qui
1509 1542 1748 1601 baptizatur
1764 1555 1791 1584 a
1806 1547 1990 1596 mortuo,
2013 1542 2217 1587 etiterum

252 1607 385 1663 tangit
430 1611 657 1659 mortuum,
693 1606 793 1664 quid
811 1607 981 1666 proficit
1013 1607 1172 1651 lavatio
1199 1610 1284 1666 ejzcs
1302 1610 1323 1653 ?
1348 1607 1540 1653 Videtur
1567 1622 1693 1668 ergo,
1727 1608 1850 1667 quod
1883 1608 2135 1668 baptismus
2160 1608 2218 1654 sit

250 1672 349 1730 ipsa
372 1670 557 1726 ablutio,
584 1672 679 1716 sive
705 1672 888 1718 lavatio.

341 1740 632 1785 RESPONDEO
659 1741 919 1797 dicendum,
947 1742 1069 1801 quod
1096 1743 1142 1786 in
1165 1753 1455 1788 sacramento
1481 1744 1693 1803 baptismi
1718 1753 1786 1788 est
1811 1745 1897 1789 tria
1914 1743 2216 1788 considerare:

253 1808 412 1868 aliquid
445 1807 621 1852 scilicet
646 1809 768 1868 quod
797 1820 864 1854 est
889 1820 1230 1855 sacramentum
1261 1821 1463 1866 tantum3
1491 1811 1650 1871 aliquid
1682 1820 1850 1865 autem,
1877 1810 1999 1871 quod
2031 1820 2101 1856 est
2130 1824 2216 1867 res,

252 1887 296 1920 et
320 1887 683 1931 sacramentum;
711 1877 872 1935 aliquid
896 1891 1021 1931 vero,
1049 1879 1170 1937 quod
1193 1888 1261 1923 est
1282 1893 1352 1923 res
1369 1889 1557 1923 tantum.
1580 1879 1933 1923 Sacramentum
1952 1887 2129 1922 tantum
2148 1886 2215 1922 est

253 1944 422 2003 aliquid
447 1944 623 1988 visibile
651 1945 845 1989 exterius
873 1946 1083 1998 existens,
1105 1947 1228 2005 quod
1255 1946 1431 1991 scilicet
1452 1956 1520 1991 est
1545 1947 1727 2006 signum
1750 1945 1977 1990 interioris
2003 1944 2215 1991 effectus:

252 2013 343 2055 hoc
371 2012 494 2055 enim
522 2012 717 2070 pertinet
735 2013 790 2055 ad
813 2013 1041 2057 rationem
1059 2014 1357 2059 sacramenti:
1377 2014 1569 2058 exterius
1588 2024 1741 2058 autem
1760 2012 2048 2072 suppositum
2065 2012 2220 2058 sensui

254 2089 321 2123 est
342 2079 439 2138 ipsa
468 2094 598 2138 aqua,
626 2090 670 2123 et
692 2080 788 2137 ejus
810 2095 934 2134 usus,
957 2080 1033 2139 qui
1051 2091 1119 2125 est
1136 2081 1321 2127 ablutio.
1342 2081 1546 2133 Quidam
1563 2095 1673 2139 ergo
1693 2080 2079 2135 existimaverunt,
2096 2079 2218 2140 quod

252 2147 349 2205 ipsa
388 2161 505 2205 aqua
537 2147 594 2191 sit
625 2158 982 2202 sacramentum,
1016 2149 1139 2207 quod
1172 2149 1357 2207 quidem
1394 2163 1558 2192 sonare
1589 2148 1798 2192 videntur
1829 2148 1966 2192 verba
2005 2147 2127 2208 Hug.
2164 2147 2220 2192 de

254 2215 300 2258 S.
334 2213 521 2258 Victore
564 2215 652 2270 (cit.
685 2216 731 2258 in
767 2229 855 2274 arg.
889 2217 969 2274 2.),
1006 2230 1116 2259 nam
1155 2216 1252 2274 ipse
1279 2217 1324 2259 in
1361 2215 1600 2260 communi
1641 2214 1905 2260 definitione
1942 2215 2220 2260 sacramenti

255 2281 347 2337 (lib.
371 2297 407 2326 1.
434 2280 480 2325 de
512 2282 703 2326 Sacram.
718 2289 833 2342 part.
857 2298 898 2342 9.
922 2291 1013 2340 cap.
1030 2298 1069 2328 2.
1097 2297 1124 2327 a
1142 2283 1304 2342 princ.)
1332 2283 1454 2337 dicit,
1477 2283 1600 2342 quod
1625 2300 1649 2325 «
1673 2292 1740 2326 est
1764 2281 1999 2326 materiale
2024 2281 2224 2327 elemen-

253 2359 352 2393 tum
374 2363 426 2403 >›;
452 2357 497 2392 et
515 2348 563 2392 in
585 2348 848 2393 definitione
863 2350 1078 2409 baptismi
1094 2350 1218 2404 dicit,
1245 2351 1366 2410 quod
1389 2367 1412 2392 (ε
1429 2360 1497 2395 est
1523 2364 1638 2409 aqua
1656 2363 1703 2393 >›.
1732 2348 1811 2394 sed
1828 2349 1920 2393 hoc
1936 2362 2030 2393 non
2044 2347 2222 2394 videtur

255 2429 355 2460 esse
377 2429 562 2470 verum3
598 2430 703 2459 cum
732 2416 855 2459 enirn
892 2427 1179 2461 sacramenta
1210 2431 1360 2461 novae
1396 2416 1511 2476 legis
1548 2415 1957 2461 sanctificationem
1990 2415 2221 2475 quandam

257 2492 515 2543 operentur,
537 2482 600 2526 ibi
641 2483 872 2542 perficitur
909 2494 1265 2538 sacramentum,
1292 2484 1370 2527 ubi
1402 2483 1630 2543 perficitur
1667 2481 1993 2537 sanctificatio;
2024 2483 2072 2527 in
2103 2496 2222 2542 aqua

257 2562 410 2596 autem
435 2566 530 2596 non
553 2550 783 2610 perficitur
809 2552 1125 2606 sanctificatio,
1153 2553 1230 2597 sed
1259 2562 1328 2597 est
1352 2552 1414 2596 ibi
1441 2551 1667 2611 quaedam
1692 2549 2063 2596 sanctificationis
2080 2551 2222 2597 virtus

255 2618 628 2676 instrumentalis,
654 2633 749 2663 non
771 2633 1059 2678 permanens,
1082 2620 1160 2663 sed
1186 2619 1367 2663 fluens’
1355 2634 1402 2662 m
1427 2619 1682 2672 hominem,
1710 2618 1787 2677 qui
1809 2628 1878 2662 est
1900 2631 2036 2663 verae
2061 2618 2224 2664 sancti·

256 2686 482 2732 ficationis
509 2686 787 2745 subjectum3
825 2696 870 2731 et
894 2687 998 2731 ideo
1032 2696 1372 2731 sacramentum
1403 2700 1498 2730 non
1527 2685 1756 2744 perficitur
1781 2686 1827 2729 in
1859 2685 1958 2745 ipsa
1984 2700 2116 2746 aqua,
2141 2685 2222 2731 sed

259 2755 309 2799 in
342 2753 649 2814 applicatione
683 2767 828 2813 aquae
862 2754 917 2797 ad
949 2754 1204 2808 hominem,
1238 2768 1353 2812 quae
1388 2763 1456 2797 est
1488 2752 1683 2808 ablutio;
1717 2763 1762 2797 et
1791 2752 1896 2797 ideo
1928 2753 2146 2812 Magister
2175 2752 2223 2797 in

262 2836 298 2881 3.
315 2821 434 2866 Dist.
457 2833 498 2876 4.
523 2821 647 2865 Sent.
667 2821 788 2875 dicit,
816 2821 938 2879 quod
960 2837 983 2862 «
1008 2821 1258 2880 baptismus
1276 2830 1344 2866 est
1362 2820 1531 2865 ablutio
1551 2820 1755 2880 corporis
1774 2820 1981 2875 exterior,
1997 2819 2117 2866 facta
2138 2819 2221 2866 sub

257 2888 407 2933 forma
439 2888 715 2947 praescripta
755 2889 1001 2932 verborum
1028 2904 1078 2941 »3
1116 2902 1187 2932 res
1226 2898 1393 2941 autem,
1429 2897 1474 2932 et
1513 2897 1853 2932 sacramentum
1887 2895 1955 2932 est
1986 2887 2224 2932 character

258 2954 556 3016 baptismalis,
583 2955 660 3015 qui
684 2965 750 3000 est
768 2970 838 3000 res
865 2954 1118 3014 significata
1145 2970 1224 3014 per
1241 2956 1512 3000 exteriorem
1542 2955 1845 3010 ablutionem3
1869 2964 1914 3000 et
1929 2964 1998 3000 est
2022 2953 2224 3015 sigillum

260 3022 591 3068 sacramentale
618 3022 845 3067 interioris
872 3021 1220 3080 justificationis,
1248 3037 1363 3082 quae
1387 3033 1456 3067 est
1482 3036 1552 3067 res
1575 3033 1754 3067 tantum
1774 3022 1909 3081 hujus
1933 3023 2224 3078 sacramenti,

263 3091 439 3135 scilicet
465 3090 734 3150 significata,
761 3100 805 3135 et
829 3104 924 3134 non
951 3089 1224 3148 significans.

353 3158 427 3202 At>
455 3171 644 3203 PRIMUM
681 3172 790 3216 ergo
825 3157 1085 3210 dicendum,
1113 3158 1235 3215 quod
1263 3157 1307 3200 id
1342 3157 1464 3216 quod
1503 3167 1569 3202 est
1594 3167 1934 3203 sacramentum
1968 3166 2147 3216 tantum
2177 3157 2226 3202 in

263 3225 509 3283 baptismo,
536 3225 722 3269 transit:
751 3234 987 3284 permanet
1013 3234 1165 3268 autem
1194 3234 1238 3268 et
1263 3224 1304 3267 id
1341 3225 1462 3288 quod
1491 3236 1558 3269 est
1589 3234 1942 3279 sacramentum,
1964 3235 2009 3270 et
2033 3238 2119 3280 res,
2144 3224 2228 3270 sci-

261 3292 368 3336 licet
395 3293 643 3346 character,
678 3301 723 3336 et
747 3292 790 3335 id
819 3291 940 3350 quod
975 3301 1043 3335 est
1076 3306 1146 3335 res
1172 3300 1364 3345 tanturn,
1402 3292 1577 3336 scilicet
1608 3292 1795 3336 interior
1830 3290 2114 3351 justificatio:
2146 3291 2227 3337 sed

265 3359 503 3403 character
530 3369 766 3417 permanet
793 3357 1105 3412 indelebiliter,
1134 3368 1181 3401 ut
1213 3372 1347 3417 supra
1380 3359 1552 3403 dictum
1586 3369 1653 3404 est
1679 3359 1739 3417 (q.
1764 3359 1824 3418 63.
1857 3365 1940 3405 art.
1964 3359 2051 3419 5.);
2074 3357 2228 3418 justifi-

264 3427 384 3470 catio
414 3437 567 3471 autem
594 3436 846 3486 permanet,
873 3426 950 3470 sed
979 3424 1307 3469 amissibiliter:
1336 3425 1653 3471 Damascenus
1682 3436 1834 3470 autem
1859 3426 2137 3485 baptismum
2154 3425 2228 3470 de-

262 3493 420 3548 finivit,
446 3508 540 3537 non
568 3503 789 3552 quantum
817 3493 872 3537 ad
899 3491 943 3536 id
968 3492 1089 3552 quod
1118 3492 1313 3536 exterius
1342 3492 1502 3551 agitur,
1529 3493 1650 3552 quod
1675 3503 1742 3537 est
1767 3501 2107 3539 sacramentum
2132 3501 2228 3537 tan·

262 3570 376 3613 tum,
403 3560 481 3605 sed
505 3570 725 3620 quantum
760 3559 815 3604 ad
847 3559 893 3604 id
920 3558 1042 3619 quod
1077 3569 1146 3603 est
1177 3558 1388 3613 interius3
1422 3560 1540 3604 unde
1574 3561 1724 3619 posuit
1754 3559 1834 3604 duo
1865 3558 2135 3619 pertinentia
2166 3557 2224 3604 ad

264 3626 593 3683 characterem,
627 3627 802 3673 scilicet
830 3626 1026 3686 sigillum,
1062 3634 1107 3671 et
1138 3624 1396 3679 custodiam‚·
1423 3626 1695 3686 inquantum
1728 3626 1825 3686 ipse
1863 3625 2127 3682 character„
2146 3625 2225 3686 qui

2350 3541 2352 3555 1

2349 3557 2352 3566 4

2348 3599 2352 3608 ι
