2352 3926
12 2878 23 2939 -r-vm
12 2810 21 2851 1-3(-

603 233 879 282 Quaas’rro
918 234 1142 276 Lxxxm.
1183 234 1491 276 Alimentus
1528 236 1581 277 v.
1753 263 1755 265 -
1838 244 1841 249 ’
1875 248 1878 252 ·
1965 225 2070 294 769

119 340 426 388 sectationem
454 350 523 385 est
547 339 693 385 multo
716 339 864 398 major
889 338 1151 394 sacerdote;
1176 339 1553 384 inconvenienter
1573 338 1710 398 igitur
1733 340 1947 387 sacerdos
1972 352 2078 402 post

119 408 518 455 consecrationem
543 407 772 453 benedicit
791 407 884 452 hoc
911 417 1265 463 sacramentum,
1293 421 1427 452 cruce
1453 406 1691 466 signando.
1773 453 1780 461 ⁴

212 488 250 534 5.
275 475 574 520 PRAETEREA.
601 475 653 519 In
680 483 968 519 sacramento
997 473 1230 519 Ecclesiae
1260 474 1375 519 nihil
1406 474 1539 520 debet
1570 475 1681 531 fieri,
1714 470 1838 537 quod
1869 476 2079 522 ridiculo·

117 557 221 588 sum
256 542 485 587 videatur:
521 541 701 586 videtur
732 551 891 586 autem
932 540 1231 587 ridiculosum
1264 541 1634 600 gesticulationes
1679 542 1844 598 facere,
1877 544 1934 589 ad
1966 559 2078 604 quas

0 592 3 648 ἶ
62 614 69 619 “
117 610 343 670 pertinere
367 608 561 663 videtur,
588 608 711 668 quod
733 607 947 653 sacerdos
974 609 1249 668 quandoque
1274 609 1459 653 brachia
1486 609 1700 664 extendit,
1727 624 1890 655 manus
1915 612 2077 671 jungit,

117 677 284 737 digitos
311 675 572 736 complicat,
605 685 651 721 et
674 676 876 735 seipsum
916 675 1128 731 inclinat;
1162 689 1272 734 ergo
1310 675 1425 720 haec
1456 690 1551 721 non
1584 676 1749 721 debent
1779 677 1878 722 fieri
1908 678 1954 722 in
1986 679 2077 723 hoc

117 754 422 791 sacramento.

207 810 248 857 6.
274 812 572 857 PRAETEREA.
611 808 929 855 Ridiculosum
963 809 1104 854 etiam
1135 810 1325 864 videtur,
1359 811 1481 869 quod
1513 810 1728 856 sacerdos
1763 811 1997 858 multoties
2030 828 2079 858 se

118 879 175 924 ad
200 878 422 939 populum
447 878 594 932 vertit,
621 886 666 922 et
691 875 924 920 multoties
942 876 1166 936 populum
1183 876 1371 931 salutat;
1397 892 1492 922 non
1520 892 1630 937 ergo
1659 878 1825 924 debent
1848 880 1964 925 haec
1981 880 2079 925 fieri

116 947 165 992 in
191 945 497 991 celebratione
522 945 658 1003 hujus
684 943 971 988 sacramenti.

208 1026 248 1073 7.
282 1013 580 1058 PRAETEREA.
613 1009 864 1070 Apostolus
902 1024 937 1054 1.
972 1009 1184 1056 Corinth.
1221 1024 1256 1054 1.
1289 1025 1371 1070 pro
1403 1011 1744 1057 inconvenienti
1773 1013 1923 1068 habet,
1956 1014 2079 1074 quod

119 1079 329 1126 Christus
347 1078 515 1123 divisus
542 1078 621 1123 sit:
640 1078 718 1123 sed
736 1087 840 1137 post
857 1078 1253 1122 consecrationem
1281 1077 1491 1123 Christus
1510 1089 1578 1123 est
1601 1079 1648 1123 in
1665 1080 1756 1124 hoc
1774 1092 2078 1137 sacrament03

115 1146 490 1193 inconvenienter
516 1159 626 1204 ergo
652 1145 803 1189 hostia
829 1143 1050 1203 frangitur
1077 1160 1102 1189 a
1128 1145 1381 1190 sacerdote.

208 1214 250 1260 8.
277 1213 574 1260 PRAETEREA.
601 1212 669 1257 Ea
704 1226 819 1271 quae
845 1212 892 1255 in
918 1212 1008 1256 hoc
1036 1222 1327 1257 sacramento
1361 1223 1570 1271 aguntur,
1604 1213 1868 1273 passionem
1903 1215 2075 1261 Christi

118 1289 479 1342 repraesentant:
507 1279 587 1324 sed
612 1280 658 1324 in
684 1279 899 1339 passione
927 1278 1100 1323 Christi
1126 1294 1291 1338 corpus
1316 1279 1401 1324 fuit
1433 1280 1627 1325 divisum
1653 1281 1700 1324 in
1737 1280 1851 1326 locis
1879 1283 2079 1342 quinque

117 1348 385 1403 vulnerum3
404 1362 515 1407 ergo
534 1361 699 1406 corpus
727 1346 900 1392 Christi
924 1346 972 1390 in
998 1347 1197 1406 quinque
1214 1357 1364 1407 partes
1389 1346 1539 1407 frangi
1565 1348 1748 1393 deberet
1765 1349 1912 1409 magis
1940 1365 2079 1410 quam

116 1417 164 1461 in
184 1426 290 1462 tres.

207 1498 249 1544 9.
282 1484 582 1529 PRAETEREA.
611 1480 787 1526 Totum
814 1495 980 1541 corpus
1015 1481 1187 1526 Christi
1211 1482 1258 1526 in
1290 1482 1381 1526 hoc
1409 1493 1700 1528 sacramento
1732 1498 1940 1529 seorsum
1974 1499 2080 1530 con-

117 1560 320 1596 secratur
346 1564 372 1594 a
397 1551 644 1609 sanguine;
670 1549 1046 1593 inconvenienter
1068 1563 1177 1608 ergo
1202 1563 1292 1593 una
1317 1564 1419 1609 pars
1447 1551 1542 1608 ejus
1568 1550 1778 1609 sanguini
1804 1551 2033 1596 miscetur.

213 1632 279 1664 10.
306 1618 605 1663 PRAETEREA.
646 1616 773 1660 Sicut
800 1630 964 1675 corpus
1003 1616 1173 1660 Christi
1203 1617 1472 1676 proponitur
1492 1617 1552 1671 in
1588 1617 1679 1661 hoc
1717 1629 2004 1664 sacramento
2032 1629 2082 1664 ut

120 1686 261 1740 cibus,
287 1686 350 1730 ita
376 1695 420 1730 et
451 1684 635 1742 sanguis
669 1683 842 1728 Christi
873 1693 922 1727 ut
951 1692 1112 1742 potus:
1146 1683 1224 1727 sed
1257 1684 1508 1742 sumptioni
1539 1685 1743 1743 corporis
1779 1685 1952 1730 Christi
1982 1700 2077 1731 non

119 1752 377 1812 adiungitur
401 1752 448 1796 in
466 1740 772 1796 celebratione
789 1750 957 1794 missae
985 1749 1098 1794 alius
1122 1750 1372 1809 corporalis
1390 1751 1514 1795 cibus
1529 1765 1539 1794 :
1555 1751 1930 1797 inconvenienter
1944 1753 2081 1812 igitur

117 1820 330 1866 sacerdos
357 1826 462 1878 post
487 1818 796 1877 sumptionem
820 1818 1052 1876 sanguinis
1082 1817 1252 1862 Christi
1277 1819 1434 1862 vinum
1460 1833 1554 1862 non
1580 1829 1900 1864 consecratum
1927 1821 2078 1865 sumit.

214 1900 281 1931 11.
314 1886 613 1931 PRAETEREA.
641 1884 822 1929 Veritas
849 1885 981 1928 debet
1006 1885 1281 1944 respondere
1307 1885 1502 1944 figurae:
1523 1885 1603 1930 sed
1631 1886 1686 1931 de
1713 1901 1834 1946 agno
1861 1887 2079 1947 paschali,

118 1956 197 2015 qui
215 1953 299 1999 fuit
318 1953 463 2013 figura
488 1953 623 2011 hujus
649 1952 940 2006 sacramenti,
963 1952 1204 1997 mandatur
1226 1952 1348 2011 quod
1374 1967 1469 1997 non
1495 1964 1752 1998 remaneret
1783 1969 1838 1999 ex
1865 1970 1920 2000 eo
1954 1955 2078 2015 quid-

119 2036 259 2081 quam
278 2035 421 2080 usque
447 2034 606 2074 mane;
631 2019 1008 2064 inconvenienter
1028 2019 1166 2079 igitur
1187 2019 1365 2064 hostiae
1392 2030 1686 2066 consecratae
1708 2033 2008 2077 reservantur,
2036 2033 2081 2068 et

118 2102 215 2134 non
239 2088 393 2133 statim
418 2096 671 2132 sumuntur.

212 2168 278 2200 12.
304 2155 602 2200 PRAETEREA.
626 2154 850 2199 Sacerdos
871 2152 1103 2214 pluraliter
1124 2153 1324 2213 loquitur
1346 2154 1645 2209 audientibus,
1668 2170 1773 2200 cum
1795 2156 1926 2202 dicit:
1949 2173 1972 2199 «
1990 2158 2083 2202 Do-

117 2223 269 2268 minus
284 2222 524 2266 vobiscum
542 2238 584 2275 »‚
603 2231 646 2266 et
665 2238 688 2264 «
714 2221 894 2266 Gratias
917 2236 1107 2280 agamus
1130 2235 1179 2265 »2
1203 2222 1282 2266 sed
1305 2222 1632 2267 inconveniens
1654 2223 1830 2268 videtur
1850 2223 2082 2283 pluraliter

116 2290 245 2350 loqui
269 2289 362 2343 uni,
389 2298 435 2333 et
458 2289 656 2332 maxime
683 2288 874 2342 minori3
901 2302 1011 2347 ergo
1037 2287 1364 2333 inconveniens
1389 2289 1580 2343 videtur,
1606 2291 1729 2350 quod
1752 2291 1966 2336 sacerdos
1987 2306 2081 2336 uno

115 2365 293 2402 tantum
319 2356 526 2400 ministro
552 2365 789 2415 praesente
816 2355 1012 2400 celebret
1038 2355 1250 2411 missam;
1276 2356 1340 2401 sic
1367 2356 1504 2416 igitur
1523 2357 1713 2413 videtur,
1731 2358 1849 2418 quod
1868 2359 2084 2404 inconve-

116 2424 353 2470 venienter
379 2422 530 2482 aliqua
556 2433 748 2481 agantur
773 2422 819 2466 in
848 2422 1152 2467 celebratione
1178 2423 1312 2483 hujus
1339 2425 1625 2469 sacramenti.

207 2490 303 2536 SED
328 2504 380 2536 m
407 2502 727 2536 CONTRARIUM
754 2499 822 2534 est
846 2488 1081 2534 Ecclesiae
1109 2491 1408 2545 consuetudo,
1441 2506 1557 2551 quae
1595 2507 1743 2538 errare
1784 2507 1879 2538 non
1918 2504 2081 2554 potest,

117 2567 275 2618 utpote
300 2572 327 2602 a
353 2557 521 2617 Spiritu
548 2557 718 2602 Sancto
744 2557 975 2603 instructa.

207 2625 497 2671 RESPONDEO
523 2625 783 2680 dicendum
825 2625 962 2684 quod,
989 2625 1106 2670 sicut
1131 2639 1267 2685 supra
1294 2626 1466 2671 dictum
1493 2637 1560 2671 est
1586 2628 1646 2687 (q.
1675 2628 1745 2674 60.
1773 2635 1854 2673 art.
1876 2643 1913 2688 5.
1940 2635 1977 2674 et
2003 2629 2081 2686 6.),

118 2693 166 2738 in
191 2691 488 2738 sacramentis
513 2691 733 2752 dupliciter
758 2691 927 2751 aliquid
954 2692 1249 2751 significatur,
1276 2693 1451 2738 scilicet
1474 2696 1626 2750 verbis,
1655 2705 1699 2739 et
1723 2696 1860 2750 factis,
1900 2695 1955 2740 ad
1992 2696 2082 2740 hoc

119 2759 242 2819 quod
267 2759 325 2804 sit
348 2757 590 2817 perfectior
614 2758 901 2818 significatio.
942 2759 1265 2818 Significantur
1307 2772 1460 2806 autem
1500 2762 1649 2806 verbis
1689 2762 1736 2806 in
1778 2762 2083 2807 celebratione

118 2828 253 2886 hujus
278 2825 551 2870 sacramenti
566 2826 792 2885 quaedam
808 2826 1079 2884 pertinentia
1106 2827 1161 2871 ad
1184 2827 1445 2886 passionem
1473 2828 1659 2883 Christi,
1688 2843 1802 2887 quae
1830 2843 2085 2889 repraesen-

116 2904 237 2940 tatur
260 2893 307 2937 in
332 2893 423 2937 hoc
451 2902 752 2947 sacramentO,
777 2892 852 2937 vel
878 2895 1015 2937 etiam
1038 2893 1094 2938 ad
1117 2908 1281 2952 corpus
1306 2896 1568 2954 mysticum,
1592 2897 1714 2954 quod
1736 2896 2016 2954 significatur
2037 2897 2083 2941 in

118 2962 209 3006 hoc
236 2969 550 3014 sacramento;
577 2970 622 3004 et
646 2960 870 3019 quaedam
893 2960 1163 3019 pertinentia
1179 2961 1234 3006 ad
1253 2976 1386 3006 usum
1403 2962 1537 3020 hujus
1554 2963 1839 3016 sacramenti,
1859 2964 1936 3022 qui
1952 2963 2087 3008 debet

121 3042 219 3073 esse
257 3042 362 3072 cum
397 3026 643 3071 devotione
670 3036 713 3070 et
738 3027 1006 3071 reverentia.
1049 3027 1105 3072 Et
1128 3028 1233 3073 ideo
1275 3029 1321 3072 in
1359 3028 1664 3073 celebratione
1706 3029 1842 3088 hujus
1880 3031 2086 3090 mysterii

120 3094 347 3155 quaedam
375 3103 570 3153 aguntur
596 3093 652 3137 ad
677 3095 1107 3153 repraesentandam
1134 3096 1396 3154 passionem
1424 3095 1610 3149 Christi,
1635 3095 1710 3139 vel
1736 3096 1873 3141 etiam
1901 3097 2087 3157 disposi-

120 3164 298 3208 tionem
324 3161 529 3220 corporis
555 3160 759 3220 mystici3
785 3171 829 3206 et
854 3161 1081 3220 quaedam
1107 3173 1302 3222 aguntur
1327 3162 1597 3222 pertinentia
1624 3163 1679 3207 ad
1706 3162 2015 3220 devotionem,
2042 3175 2087 3210 et

121 3229 423 3274 reverentiam
447 3228 582 3287 hujus
607 3228 897 3272 sacramenti.
2129 3283 2134 3286 Ι

210 3295 287 3341 AD
313 3308 502 3342 PR1MUM
529 3308 640 3354 ergo
667 3294 926 3349 dicendum,
962 3296 1085 3355 quod
1126 3295 1296 3340 ablutio
1338 3310 1560 3340 manuum
1601 3295 1650 3340 fit
1690 3297 1736 3340 in
1779 3297 2086 3344 celebratione

124 3364 291 3408 missae
323 3372 506 3423 propter
532 3362 834 3407 reverentiam
859 3362 992 3421 hujus
1019 3365 1307 3408 sacramenti.
1335 3363 1390 3407 Et
1425 3363 1515 3407 hoc
1552 3362 1799 3423 dupliciter:
1820 3367 1963 3425 primo
1989 3366 2086 3426 qui-

123 3430 244 3485 dem,
269 3430 376 3489 quia
402 3429 553 3488 aliqua
579 3429 777 3488 pretiosa
802 3438 996 3474 tractare
1021 3444 1115 3474 non
1151 3431 1487 3484 consuevimus,
1529 3430 1616 3474 nisi
1656 3431 1864 3476 manibus
1891 3432 2084 3489 ablutis3

122 3495 242 3541 unde
266 3496 483 3542 indecens
515 3496 705 3552 videtur,
732 3495 856 3555 quod
881 3496 938 3541 ad
962 3506 1142 3542 tantum
1182 3506 1521 3542 sacramentum
1562 3496 1723 3557 aliquis
1765 3499 1953 3544 accedat
1994 3514 2086 3544 ma-

123 3563 254 3609 nibus
280 3563 420 3609 etiam
445 3562 744 3622 corporaliter
768 3562 1037 3622 inquinatis:
1061 3564 1234 3610 secundo
1260 3573 1443 3624 propter
1468 3562 1865 3623 significationem,
1889 3565 2009 3626 quia,
2036 3578 2086 3612 ut

123 3629 316 3691 Dionys.
343 3629 452 3675 dicit
477 3644 575 3689 cap.
607 3644 644 3689 3.
670 3629 847 3676 Eccles.
870 3630 1044 3676 Hierar.
1067 3631 1115 3689 (a
1136 3631 1238 3677 med.
1238 3631 1279 3690 ),
1303 3630 1640 3676 extremitatum
1658 3631 1830 3677 ablutio
1856 3633 2083 3693 significat

309 3730 346 3768 S.
370 3731 525 3768 'saona
550 3732 682 3767 Summa
713 3731 916 3777 Theologiea.
940 3731 1024 3771 Vol.
1047 3732 1110 3769 1v.
1863 3747 1905 3780 49
