2352 3926
298 227 411 282 414
780 222 1061 270 QUAESTIO
1103 223 1290 263 XLvm.
1324 196 1634 263 ARTIcuLus
1671 225 1725 264 v.

1004 428 1438 496 ARTICUL'US
1478 438 1547 494 v.
1857 479 1860 481 >
2139 391 2262 501 ‚52⁶8

512 574 707 613 UTRUM
746 575 873 613 ESSE
914 574 1326 614 REDEMPTOREM
1365 574 1451 612 SIT
1491 571 1768 613 PROPRIUM
1808 546 2046 613 CHRISTI.

968 686 1022 745 (3.
1047 687 1160 732 Dist.
1184 701 1252 747 19.
1276 693 1355 732 art.
1383 701 1424 732 2.
1451 701 1490 745 q.
1516 686 1594 744 2.).

387 797 463 841 AD
486 809 714 847 QUINTUM
733 797 797 841 sic
825 797 1099 856 proceditur.
1116 797 1321 852 Videtur,
1339 797 1461 857 quod
1480 811 1576 841 esse
1602 796 1953 855 redemptorem,
1973 808 2070 850 non
2091 795 2149 841 sit
2163 810 2264 855 pro-

298 864 445 923 prium
477 863 670 908 Christi:
700 865 863 908 dicitur
889 865 1012 908 enim
1037 864 1206 909 Psalm.
1238 879 1328 924 3o.:
1359 864 1574 910 Redemisti
1590 880 1666 917 me,
1687 865 1884 917 Domine,
1911 864 2027 909 Deus
2040 865 2262 919 ,veritatin

298 931 377 976 sed
405 945 503 976 esse
529 931 786 976 Dominum
812 932 965 976 Deum
986 933 1187 977 veritatis
1221 932 1434 976 convenit
1457 932 1543 976 toti
1561 930 1799 986 Trinitati3
1824 944 1919 974 non
1946 945 2059 991 ergo
2076 940 2146 976 est
2164 945 2263 991 pro·

299 999 448 1059 prium
471 998 656 1044 Christi.

389 1078 429 1110 2.
456 1066 754 1111 PRAETEREA.
781 1066 863 1111 Ille
897 1067 1061 1111 dicitur
1091 1066 1330 1121 redimere,
1358 1067 1435 1126 qui
1467 1066 1543 1110 dat
1574 1067 1768 1125 pretium
1800 1065 2151 1125 redemptionis:
2183 1065 2262 1111 sed

297 1134 423 1177 Deus
442 1133 578 1178 Pater
594 1134 717 1178 dedit
734 1133 902 1178 Filium
924 1149 1058 1178 suum
1085 1134 1449 1192 redemptionem
1476 1139 1557 1192 pro
1585 1134 1783 1192 peccatis
1804 1133 1986 1187 nostris,
2010 1132 2262 1178 secundum

298 1200 409 1245 illud
436 1200 554 1245 Psal.
587 1215 707 1246 110.:
737 1201 1069 1261 Redemptionem
1095 1203 1208 1245 misit
1233 1203 1444 1245 Dominus
1463 1200 1619 1260 populo
1644 1214 1739 1243 suo:
1770 1198 1921 1244 Gloss‚
1951 1199 2153 1257 (interlin.
2175 1201 2265 1246 Au-

295 1270 438 1326 gust),
463 1268 579 1312 idest
608 1285 631 1310 «
659 1269 912 1323 Christum,
945 1269 1021 1328 qui
1048 1268 1124 1312 dat
1154 1268 1519 1326 redemptionem
1554 1266 1741 1326 captivis
1768 1283 1819 1321 »,
1809 1282 1818 1291 ·
1848 1280 1959 1326 ergo
1990 1281 2086 1312 non
2111 1266 2264 1312 solum

300 1332 527 1391 Christus,
555 1336 633 1380 sed
661 1337 798 1381 etiam
824 1337 950 1381 Deus
976 1336 1112 1379 Pater
1136 1350 1222 1379 nos
1248 1335 1454 1379 redemit.

390 1417 427 1461 3.
454 1403 751 1448 PRAETEREA.
778 1404 886 1447 Non
913 1403 1064 1448 solum
1093 1402 1243 1460 passio
1272 1402 1457 1455 Christi,
1491 1401 1570 1445 sed
1598 1400 1735 1445 etiam
1763 1400 1959 1446 aliorum
1986 1401 2263 1448 Sanctorum

298 1470 501 1529 proficua
527 1470 610 1514 fuit
637 1471 690 1514 ad
717 1481 922 1514 nostram
950 1469 1158 1522 salutem,
1186 1469 1451 1513 secundum
1464 1467 1577 1512 illud
1605 1466 1788 1512 Coloss.
1820 1482 1856 1513 1.
1870 1469 2082 1514 :Gaudeo
2108 1468 2155 1513 in
2164 1470 2266 1529 p'as-
2275 1469 2278 1472 ’

296 1539 480 1583 sionibus
506 1539 605 1581 meis
624 1546 706 1597 pro
732 1539 864 1591 vobis,
892 1543 928 1581 et
953 1537 1156 1595 adImpleo
1185 1551 1232 1580 ea
1254 1550 1358 1595 quae
1383 1536 1527 1580 desunt
1540 1537 1784 1594 passionum
1803 1532 1993 1581 Christi
1975 1551 2022 1580 m
2037 1550 2161 1581 carne
2174 1549 2267 1581 mea

289 1613 371 1665 pro
390 1613 560 1663 corpore
577 1607 678 1662 ejus,
693 1604 799 1662 quod
816 1610 869 1648 est
885 1604 1071 1648 Ecclesia
1079 1619 1096 1656 ;
1116 1617 1226 1663 ergo
1238 1618 1333 1647 non
1346 1602 1498 1647 solum
1512 1602 1722 1647 Christus
1741 1601 1873 1647 debet
1888 1600 1976 1648 dici
1991 1603 2265 1667 redemptor,

299 1673 376 1717 sed
400 1674 538 1715 etiam
553 1671 638 1714 -alii
662 1671 831 1715 Sancti.

391 1739 485 1783 SED
520 1751 716 1783 CONTRA
749 1748 829 1792 est,
856 1738 978 1797 quod
1006 1737 1170 1782 dicitur
1198 1736 1347 1782 Galat.
1371 1752 1433 1796 3.:
1465 1738 1651 1783 Christus
1676 1751 1749 1782 nos
1774 1737 1944 1782 redemit
1973 1737 2021 1783 de
2044 1736 2263 1783 maledicto

298 1807 412 1865 legis,
429 1807 569 1866 factus
591 1814 671 1865 pro
698 1807 815 1850 nobis
841 1805 1131 1849 maledictum.-
1155 1805 1234 1849 sed
1257 1805 1382 1849 solus
1406 1805 1615 1849 Christus
1641 1803 1786 1848 factus
1813 1814 1881 1849 est
1904 1818 1988 1865 pro
2014 1804 2148 1850 nobis
2172 1816 2267 1849 'ma-

299 1874 542 1928 ledictum3
571 1888 679 1933 ergo
708 1873 831 1917 solus
860 1873 1069 1917 Christus
1097 1873 1230 1916 debet
1256 1872 1345 1915 dici
1370 1883 1524 1917 noster
1548 1873 1823 1931 redemptor.

388 1942 678 1986 RESPONDEO
715 1940 973 1994 dicendum,
1002 1939 1123 1999 quod
1158 1940 1213 1983 ad
1239 1940 1329 1983 hoc
1358 1940 1480 1999 quod
1508 1939 1668 1999 aliquis
1695 1938 1901 1993 redimat,
1927 1938 2007 1984 duo
2033 1934 2267 1999 requirun-

300 2019 386 2063 tur,
423 2008 598 2052 scilicet
629 2015 745 2053 actus
771 2007 1025 2062 solutionis,
1059 2018 1102 2051 et
1121 2009 1306 2066 pretium
1334 2006 1564 2060 solutum;
1592 2007 1629 2051 si
1656 2008 1777 2051 enim
1811 2005 1972 2066 aliquis
2004 2005 2154 2052 solvat
2182 2020 2265 2067 pro

300 2075 615 2134 redemptione
642 2074 831 2133 alicujus
858 2075 923 2119 rei
949 2074 1160 2133 pretium,
1188 2074 1310 2133 quod
1337 2089 1430 2118 non
1459 2085 1526 2118 est
1550 2089 1699 2128 suum,
1722 2073 1801 2118 sed
1825 2073 2023 2130 alterius,
2048 2074 2145 2134 ipse
2170 2079 2266 2119 n'on

301 2144 463 2187 dicitur
480 2143 703 2187 redimere
725 2143 1045 2202 principaliter,
1064 2143 1141 2186 sed
1159 2143 1305 2201 magis
1323 2142 1415 2196 ille,
1434 2144 1559 2219 cujus
1579 2152 1646 2189 est
1662 2142 1880 2200 pretium;
1897 2142 2092 2210 pretium
2114 2152 2265 2188 autem

300 2210 627 2269 redemptionis
653 2221 835 2254 nostrae
863 2220 929 2254 est
955 2210 1140 2268 sanguis
1160 2209 1345 2264 Christi,
1368 2209 1442 2253 vel
1462 2201 1555 2254 vi'ta
1578 2211 1673 2268 ejus
1701 2208 1965 2269 corporalis,
1991 2223 2107 2270 quae
2133 2220 2201 2254 est
2220 2210 2267 2254 in

300 2277 536 2335 sanguine,
564 2291 701 2336 quam
728 2277 822 2336 ipse
847 2276 1078 2321 Christus
1085 2275 1275 2320 exolvit:
1309 2277 1430 2320 unde
1463 2287 1704 2335 utrumque
1730 2276 1923 2321 istorum
1946 2277 2005 2321 ad
2031 2274 2268 2325 Christum

299 2345 493 2404 pertinet
517 2345 797 2398 immediate,
824 2345 1095 2403 inquantum
1122 2354 1189 2388 est
1213 2345 1374 2398 homo,
1398 2344 1476 2388 sed
1505 2345 1559 2388 ad
1585 2354 1730 2388 totam
1757 2342 2047 2398 Trinitatem,
2069 2343 2187 2397 sicut
2211 2343 2268 2388 ad

301 2426 486 2456 causam
513 2412 724 2470 primam,
754 2422 797 2456 et
822 2420 1066 2465 remotam,
1094 2412 1220 2469 cujus
1248 2421 1344 2455 erat
1370 2421 1413 2455 et
1441 2412 1536 2470 ipsa
1561 2411 1652 2455 vita
1682 2410 1868 2464 Christi,
1895 2411 2011 2456 sicut
2035 2410 2171 2471 primi
2196 2425 2270 2455 au-

2338 2409 2342 2426 “
2339 2282 2352 2392 “numu-3.
2348 2237 2352 2241 .
2347 2188 2352 2216 ,ΑΗ
2348 2161 2350 2164 «
2351 2143 2352 2146 „
2343 2018 2352 2108 uzal-22.

302 2479 455 2532 ctoris‚
490 2489 534 2522 et
565 2493 590 2521 a
623 2493 711 2537 qua
744 2479 1012 2538 inspiratum
1045 2477 1129 2522 fuit
1159 2478 1245 2536 ipsi
1286 2478 1466 2522 homini
1500 2477 1702 2533 Christo,
1735 2488 1784 2521 ut
1816 2486 2045 2537 pateretur
2074 2491 2158 2538 pro
2189 2491 2270 2523 no·
2343 2501 2352 2525 ε

299 2547 387 2601 bis3
416 2555 460 2590 et
492 2546 595 2589 ideo
630 2560 726 2589 esse
760 2546 1023 2589 immediate
1056 2545 1409 2604 redemptorem,
1443 2545 1677 2604 proprium
1701 2555 1769 2589 est
1791 2543 1977 2599 Christi,
1998 2545 2275 2605 inquantum<
2334 2545 2344 2601 j

302 2622 370 2658 est
398 2613 568 2657 homo:
598 2614 804 2672 quamvis
827 2614 923 2671 ipsa
946 2612 1198 2671 redemptio
1226 2613 1368 2671 possit
1393 2612 1573 2656 attribui
1593 2611 1678 2656 toti
1701 2610 1930 2666 Trinitati‚
1952 2612 2070 2657 sicut
2092 2611 2268 2672 primae
2328 2628 2342 2671 {g

304 2695 483 2725 causae.

393 2748 467 2792 AD
493 2761 682 2792 PRIMUM
701 2761 810 2805 ergo
838 2747 1095 2801 dicendum,
1124 2746 1246 2805 quod
1276 2746 1427 2791 Gloss.
1455 2747 1546 2791 hoc
1575 2747 1638 2791 sic
1667 2746 1874 2806 exponit:
1895 2762 1920 2789 α
1943 2744 2268 2803 Tu,Domine,
2335 2748 2340 2798 ζ,

302 2817 428 2860 Deus
450 2816 665 2868 veritatis,
689 2814 920 2858 redemisti
944 2829 1016 2858 me
1035 2815 1079 2857 in
1099 2813 1284 2857 Christo
1305 2813 1553 2858 clamante:
1582 2815 1631 2858 In
1648 2829 1796 2859 manus
1817 2820 1918 2867 tuas,
1943 2813 2140 2868 Domine,
2160 2827 2268 2859 com-

302 2883 446 2928 mendo
473 2885 669 2943 spiritam
700 2897 903 2926 meum»
940 2891 984 2925 et
1016 2881 1080 2925 sic
1114 2882 1367 2940 redemptio
1401 2881 1665 2926 immediate
1698 2881 1893 2940 pertinet
1927 2880 1984 2926 ad
2018 2881 2258 2927 hominem
2320 2883 2334 2931 ἶ

303 2950 555 3003 Christum,
583 2949 890 3009 principaliter
918 2958 1071 2992 autem
1101 2948 1154 2991 ad
1182 2949 1348 2992 Deum.

392 3018 467 3062 AD
496 3030 756 3062 SECUNDUM
784 3015 1043 3069 dicendum,
1067 3015 1187 3074 quod
1208 3016 1402 3074 pretium
1420 3015 1746 3075 redemptionis
1764 3024 1947 3060 nostrae
1963 3014 2109 3060 horno
2132 3004 2266 3060 Chri·

304 3095 396 3130 stus
424 3084 563 3129 solvis
589 3083 868 3136 immediate,
897 3083 974 3126 sed
1003 3083 1056 3125 de
1085 3082 1300 3127 mandato
1328 3083 1488 3136 Patris,
1516 3083 1631 3127 sicut
1658 3081 1962 3142 primordialis
1988 3079 2201 3127 auctoris.

394 3153 470 3197 AD
505 3165 719 3198 TERTIUM
747 3150 1004 3203 dicendum,
1038 3151 1158 3208 quod
1193 3151 1403 3208 passione
1438 3151 1713 3194 Sanctorum
1739 3149 1984 3211 proficiunt
2016 3148 2266 3204 Ecclesiae,
2328 3155 2330 3159 '

303 3235 396 3264 non
425 3221 610 3279 quidem
637 3233 718 3279 per
744 3218 934 3262 modum
962 3217 1304 3274 redemptionis,
1333 3218 1410 3261 sed
1440 3231 1518 3276 per
1542 3218 1732 3261 modum
1757 3216 1968 3277 exempli,
1995 3213 2041 3261 et
2065 3216 2273 3278 exhorta-⁴

302 3289 452 3342 tioniS‚
479 3287 732 3332 secundum
758 3285 868 3330 illud
898 3298 937 3329 2.
972 3285 1026 3328 ad
1062 3284 1170 3328 Cor.
1201 3299 1259 3328 1.:
1289 3286 1383 3329 Sive
1418 3285 1674 3329 tribulamur
1693 3293 1775 3345 pro
1801 3289 1939 3330 vestra
1965 3279 2344 3348 exhortationes?

308 3362 344 3400 et
369 3356 512 3400 salute.
