2352 3926
0 1412 32 1432 ¹'1
0 1135 46 1396 ιὶῆᾒψῗέέᾷζῆξζῇερῃῖ
1 952 38 1124 ’ΛῼῨῘ-Ατὶῧέγῑῷῖνῑ
21 868 48 938 ⁶⁸⁸*
14 725 41 832 1¹1-“Jsst‘fvae
14 679 31 707 ·:{
11 596 30 659 «³.
11 561 27 585 ms
21 535 29 550 -.,
15 506 17 510 ‘
28 477 31 479 ,
21 453 24 458 «
16 403 30 434 μμ
11 305 24 310 2
13 253 28 275 '7⁴'
9 227 17 238 ‘²
15 209 17 211 “
15 182 18 185 ’
6 162 10 165 ’
3 128 6 129 ¹
2 95 17 111 ”⁴
5 0 42 74 'sn-'3³22

679 218 957 264 QUAESTIO
997 219 1050 257 V.
1090 217 1398 258 ARTICULUS
1437 216 1514 255 111.
1992 214 2056 268 71

96 321 395 374 mentionem,
417 320 578 365 Matth.
598 318 690 364 26.:
726 320 875 365 Tristis
905 326 960 364 est
984 322 1129 363 anima
1160 334 1252 364 mea
1283 335 1407 379 usque
1429 319 1483 363 ad
1502 324 1692 370 mortem,
1719 325 1763 360 et
1782 316 1946 374 Joann.
1975 329 2062 360 1o.:

95 387 338 434 Poustatem
370 388 496 432 habeo
516 386 698 446 ponendi
728 389 918 431 animam
949 401 1109 432 meam:
1143 387 1223 431 sed
1251 387 1305 430 ad
1328 387 1419 430 hoc
1441 384 1743 445 respondebat
1765 382 2061 441 Apollinaris,

93 454 216 514 quod
247 454 294 498 in
326 454 396 499 his
427 454 575 499 verbis
603 454 756 498 anima
782 454 1095 512 metaphorice
1127 453 1344 506 sumitur3
1372 467 1451 511 per
1478 466 1615 511 quem
1639 450 1831 495 modum
1852 450 1898 494 in
1920 450 2065 494 veteri

93 530 366 566 testamento
398 521 486 566 Dei
520 520 673 564 anima
705 530 1109 573 commemoratur,
1136 519 1237 564 Isai.
1271 533 1335 563 1.:
1368 520 1572 564 Cakndas
1596 525 1770 573 vestras,
1806 523 1844 562 et
1876 517 2063 562 solemni·

93 594 193 633 tates
215 595 375 634 vestras
399 588 530 632 odivit
556 590 702 632 anima
727 602 846 632 mea.-
874 587 967 641 sed,
1000 587 1117 631 sicut
1149 586 1258 630 dicit
1289 586 1571 644 Augustinus
1599 589 1644 630 in
1670 585 1786 630 libro
1810 586 2063 643 octoginta-

51 693 61 700 .
92 654 230 700 trium
259 654 372 708 QQ.
399 655 462 714 (q.
488 656 579 713 80.)
608 653 925 713 Evangelistae
957 655 1003 697 in
1036 652 1302 712 evangelica
1334 653 1594 697 narratione
1617 663 1814 706 narrant,
1839 651 1962 711 quod
1985 651 2066 695 mi-

93 731 216 766 ratus
247 732 316 767 est
340 722 485 780 Jesus,
519 732 562 766 et
593 722 747 775 iratus,
781 731 824 766 et
857 721 1162 775 contristatus,
1195 729 1239 765 et
1270 720 1392 779 quod
1426 720 1601 773 esuriit3
1636 733 1752 778 quae
1785 718 1970 778 quidem
2002 718 2064 762 ita

94 787 409 834 demonstrant
442 803 548 833 eum
578 802 735 833 veram
769 789 971 832 animam
1003 787 1231 840 habuisse,
1265 787 1382 831 sicut
1414 801 1468 830 ex
1500 787 1589 830 hoc
1625 787 1746 845 quod
1781 787 1995 839 comedit,
2018 796 2061 830 et

96 855 324 910 dormivit,
357 866 402 901 et
432 855 644 915 fatigatus
679 866 759 909 est,
793 855 1131 899 demonstratur
1164 868 1269 898 eum
1301 853 1514 897 habuisse
1535 867 1694 897 verum
1720 867 1886 913 corpus
1909 852 2068 896 huma·

94 936 226 967 num:
260 922 463 982 alioquin
495 923 534 966 si
564 923 679 966 haec
714 926 769 966 ad
802 921 1123 981 metaphoram
1155 919 1419 974 referantur,
1452 934 1557 964 cum
1590 919 1756 963 similia
1783 920 1992 978 legantur
2018 919 2065 963 in

94 991 240 1037 veteri
266 1001 542 1046 testamento
566 991 620 1035 de
642 991 760 1044 Deo,
799 990 960 1050 peribit
995 990 1105 1034 fides
1143 988 1446 1047 Evangelicae
1469 988 1763 1032 narrationis:
1793 987 1914 1031 aliud
1941 987 2063 1030 enim

98 1050 179 1112 es't,
211 1052 335 1117 quod
366 1058 631 1118 prophetice
663 1057 894 1101 nuntiatur
920 1058 966 1100 in
992 1056 1162 1116 figuris,
1197 1056 1318 1099 aliud
1351 1055 1473 1114 quod
1507 1056 1758 1099 secundum
1785 1069 1936 1098 rerum
1964 1068 2064 1112 pro-

95 1124 333 1185 prietatem
366 1125 419 1168 ab
442 1124 742 1183 Evangelistis
765 1125 981 1168 historice
1003 1124 1232 1168 scribitur:
1255 1123 1426 1167 secundo
1450 1123 1639 1181 derogat
1661 1122 1916 1180 praedictus
1940 1135 2066 1165 error

67 1238 73 1243 ,
96 1190 275 1238 utilitati
289 1191 632 1245 Incarnationis,
646 1206 762 1250 quae
779 1202 846 1235 est
862 1191 1069 1235 liberatio
1088 1190 1313 1244 hominis3
1342 1201 1390 1233 ut
1407 1190 1530 1233 enim
1549 1199 1891 1248 argumentatur
1916 1189 2070 1247 Augu-

95 1258 236 1307 stinus
255 1259 302 1303 in
318 1259 394 1304 lib.
412 1269 533 1304 cont.
551 1258 833 1303 Felicianum
859 1259 972 1318 (cap.
999 1274 1052 1318 13.
1051 1259 1094 1316 ).·
1119 1274 1143 1299 ι(
1161 1258 1210 1301 Si
1229 1267 1415 1316 accepta
1443 1270 1578 1301 carne
1605 1257 1743 1300 Filius
1760 1257 1847 1300 Dei
1867 1256 2068 1299 animam

96 1325 265 1380 omisit,
291 1336 368 1370 aut
391 1326 626 1370 innoxiam
662 1326 824 1379 sciens,
867 1326 1122 1370 medicinae
1163 1325 1444 1383 indigentem
1485 1338 1579 1368 non
1623 1324 1832 1368 credidit:
1863 1333 1939 1367 aut
1966 1337 1990 1366 a
2017 1337 2064 1367 se

97 1391 295 1438 alienam
319 1403 498 1452 putans,
523 1393 848 1452 redemptionis
874 1392 1097 1436 beneficio
1119 1406 1215 1436 non
1232 1392 1442 1446 donavit;
1471 1402 1547 1436 aut
1573 1405 1626 1436 ex
1645 1401 1746 1436 toto
1763 1389 2066 1435 insanabilem

96 1460 317 1519 iudicans,
350 1474 508 1505 curare
538 1461 764 1519 nequivit;
798 1471 875 1516 aut
900 1471 949 1504 ut
978 1460 1132 1515 vilem,
1161 1470 1205 1504 et
1227 1474 1343 1519 quae
1365 1459 1502 1504 nullis
1525 1459 1678 1504 usibus
1702 1469 1805 1517 apta
1826 1458 2069 1512 videretur,

101 1528 278 1586 abjecit.
311 1527 487 1572 Horum
522 1528 613 1572 duo
646 1527 979 1586 blasphemiam
1010 1528 1260 1586 important
1291 1529 1337 1571 in
1368 1528 1536 1571 Deum.
1567 1527 1823 1579 Quomodo
1846 1527 1968 1570 enim
1992 1526 2069 1569 do-

101 1604 228 1640 cetur
258 1593 584 1654 Omnipotens,
616 1594 655 1638 si
686 1608 844 1638 curare
866 1608 959 1639 non
981 1595 1129 1654 potuit
1149 1594 1468 1653 desperatam?
1487 1605 1563 1639 aut
1589 1594 1827 1654 quomodo
1855 1593 2066 1638 omnium

102 1661 243 1715 Deua,
274 1661 312 1706 si
342 1675 436 1706 non
468 1661 565 1720 ipse
596 1660 704 1705 fecit
736 1661 939 1705 animam
970 1661 1207 1706 nostram?
1240 1661 1432 1705 Duobus
1466 1671 1619 1706 autem
1653 1661 1766 1715 aliis,
1793 1661 1839 1704 in
1862 1674 1955 1704 uno
1979 1660 2070 1704 ani-

102 1741 206 1772 mae
238 1741 375 1772 causa
400 1729 612 1781 nescitur,
638 1728 685 1771 in
712 1728 854 1772 altero
889 1730 1102 1773 meritum
1133 1742 1228 1772 non
1258 1738 1448 1772 tenetur.
1483 1729 1558 1772 An
1590 1728 1845 1787 intelligere
1879 1741 2064 1772 causam

101 1794 325 1853 putandus
352 1803 420 1839 est
445 1795 639 1848 animae,
674 1795 750 1853 qui
783 1809 885 1839 eam
919 1796 974 1839 ad
999 1796 1312 1854 accipiendam
1335 1795 1486 1854 legem
1508 1796 1664 1839 habitu
1690 1796 1852 1839 insitae
1878 1794 2066 1839 rationis

99 1861 366 1906 instructam
398 1874 425 1905 a
456 1871 646 1920 peccato
678 1862 963 1906 voluntariae
996 1862 1370 1920 transgressionis
1395 1863 1551 1922 nititur
1572 1862 1814 1922 separare?
1844 1863 1937 1906 Aut
1959 1875 2069 1921 quo-

98 1928 240 1973 modo
273 1929 369 1986 ejus
401 1929 755 1986 generositatem
781 1929 923 1983 novit,
951 1930 1026 1988 qui
1058 1928 1356 1988 ignobilitatis
1381 1929 1493 1973 vitio
1516 1929 1625 1973 dicit
1646 1943 1744 1973 esse
1767 1928 2068 1988 despectam?

98 1994 150 2039 Si
173 1994 400 2054 originem
426 1996 644 2050 attendas,
671 1996 912 2053 pretiosior
933 2006 1002 2040 est
1023 1997 1203 2039 animae
1225 1996 1498 2049 substantia3
1522 1996 1561 2040 si
1582 1996 1955 2055 transgressionis
1979 1995 2071 2039 cul-

98 2076 220 2122 pam,
244 2072 431 2122 propter
461 2062 826 2122 intelligentiam,
851 2064 980 2122 pejor
1012 2073 1079 2107 est
1111 2077 1269 2107 carne:
1304 2077 1392 2122 ego
1424 2074 1579 2108 autem
1613 2063 1851 2108 Christum
1887 2073 1932 2107 et
1967 2077 2067 2122 per·
2128 2115 2132 2118 ,

35 2153 39 2156 ·
95 2127 266 2175 sectam
282 2130 553 2189 sapientiam
570 2130 688 2186 dico,
712 2141 756 2174 et
778 2131 889 2186 scio,
912 2140 958 2175 et
978 2131 1232 2190 piissimum
1257 2143 1355 2174 esse
1378 2145 1472 2175 non
1490 2129 1670 2174 dubito:
1695 2145 1892 2190 quorum
1919 2131 2069 2189 primo

0 2191 58 2259 ῑὲξ
97 2194 351 2251 meliorem,
369 2207 414 2241 et
429 2197 693 2256 prudentiae
707 2211 925 2256 capacem
937 2212 1031 2242 non
1043 2197 1258 2257 despexit:
1277 2197 1478 2242 secundo
1497 2211 1616 2251 eam,
1628 2212 1744 2256 quae
1763 2198 1910 2257 magis
1924 2196 2072 2242 fuerat

94 2262 344 2318 vulnerata,
368 2264 569 2324 suscepit
593 2279 645 2308 »z
680 2267 801 2310 tertio
828 2279 939 2309 vero
965 2264 1080 2309 haec
1106 2265 1274 2324 positio
1302 2275 1370 2309 est
1387 2275 1546 2309 contra
1563 2266 1712 2324 ipsam
1734 2265 2066 2309 Incarnationis

96 2331 358 2376 veritatem:
386 2345 494 2375 caro
522 2332 659 2386 enirn,
687 2342 731 2376 et
757 2341 964 2377 caeterae
991 2342 1139 2392 partes
1165 2332 1368 2376 hominis
1394 2347 1475 2391 per
1501 2332 1705 2376 animam
1742 2333 1946 2391 speciem
1979 2346 2072 2377 sor-

95 2399 287 2453 tiuntur3
313 2399 447 2453 unde,
474 2400 715 2445 recedente
743 2400 910 2454 anima,
936 2414 1032 2444 non
1055 2410 1123 2444 est
1140 2414 1206 2454 os,
1225 2410 1302 2443 aut
1325 2414 1447 2454 caro,
1470 2400 1557 2444 nisi
1580 2400 1846 2459 aequivoce,
1872 2410 1921 2445 ut
1946 2409 2070 2459 patet

0 2492 49 2526 :1
97 2481 180 2528 per
203 2466 378 2512 Philos.
405 2467 453 2511 in
480 2480 520 2512 2.
549 2467 603 2512 de
629 2468 800 2512 Anima
827 2467 927 2525 (tex.
956 2483 996 2528 9.
995 2469 1038 2526 )‚
1067 2478 1112 2513 et
1138 2481 1178 2527 7.
1207 2469 1406 2528 Metaph.
1436 2469 1537 2527 (tex.
1561 2470 1664 2528 34).

187 2534 264 2579 ΑΒ
295 2547 485 2579 PRIMUM
518 2549 629 2593 ergo
662 2535 922 2590 dicendum,
949 2536 1071 2594 quod
1099 2549 1206 2579 cum
1243 2535 1429 2579 dicitur:
1466 2537 1646 2580 Verbum
1679 2551 1779 2580 caro
1802 2537 1968 2596 factum
2001 2541 2070 2590 est,

0 2595 3 2605 ζ
30 2602 57 2626 '³
99 2613 207 2650 caro
231 2602 416 2661 ponitur
441 2616 522 2660 pro
548 2612 648 2646 toto
674 2602 890 2657 homine3
917 2617 970 2647 ac
993 2604 1030 2646 si
1052 2602 1300 2647 diceretur:
1329 2603 1508 2647 Verbum
1531 2603 1652 2647 homo
1667 2604 1834 2663 factum
1851 2610 1932 2649 est:
1955 2603 2072 2648 sicut

97 2679 144 2715 et
166 2668 254 2713 Isa.
279 2681 377 2723 4o.:
409 2668 567 2713 Videbit
588 2671 720 2714 omnis
746 2684 845 2715 caro
864 2673 1039 2729 pariter,
1069 2669 1177 2729 quod
1199 2685 1241 2714 os
1263 2671 1442 2714 Domini
1463 2670 1647 2715 locutum
1673 2677 1728 2715 est
1737 2686 1754 2723 ;
1783 2670 1887 2715 ideo
1917 2680 2069 2714 autem

0 2755 3 2795 g
45 2750 68 2799 ’
97 2746 220 2782 totus
245 2735 390 2780 homo
423 2750 503 2795 per
534 2751 720 2780 carnem
752 2736 1047 2794 significatur,
1074 2738 1194 2796 quia,
1221 2747 1270 2781 ut
1302 2737 1466 2781 dicitur
1496 2738 1543 2781 in
1577 2739 1846 2782 auctoritate
1871 2738 2071 2791 inducta,

0 2823 5 2858 3
96 2817 396 2865 percarnem
425 2803 565 2847 Filius
591 2804 680 2847 Dei
705 2804 894 2848 visibilis
921 2807 1151 2863 apparuit3
1179 2804 1299 2848 unde
1326 2804 1550 2848 subditur:
1590 2806 1647 2850 Et
1678 2805 1860 2850 vidimus
1889 2806 2070 2864 gloriam

49 2880 69 2929 ῑῇΙ
98 2873 213 2930 ejus:
237 2870 311 2914 vel
337 2870 442 2915 ideo
469 2871 590 2930 quia,
631 2882 680 2915 ut
719 2871 913 2930 August.
956 2872 1064 2915 dicit
1094 2872 1140 2914 in
1166 2870 1242 2915 lib.
1270 2871 1341 2930 83.
1371 2870 1484 2924 QQ.
1512 2872 1572 2931 (q.
1606 2873 1718 2931 80).-
1749 2888 1772 2914 «
1798 2873 1844 2916 in
1871 2882 1967 2916 tota
1992 2870 2070 2915 illa

99 2937 271 2982 unitate
297 2939 599 2997 susceptionis
622 2938 871 2997 principale
887 2938 1092 2982 Verbum
1109 2948 1189 2992 est,
1207 2948 1408 2983 extrema
1427 2948 1595 2993 autem,
1615 2949 1750 2998 atque
1768 2939 1929 2983 ultima
1947 2952 2069 2982 caro,

48 2994 66 3049 :s
99 3002 274 3050 Volens
299 3004 452 3064 itaque
484 3004 776 3064 Evangelista
803 3006 1129 3050 commendare
1166 3020 1249 3065 pro
1290 3007 1422 3051 nobis
1465 3006 1759 3051 dilectionem
1800 3006 2068 3050 humilitatis

0 3070 3 3086 ³
99 3071 203 3126 Dei,
234 3071 454 3126 Verbum,
482 3082 527 3117 et
553 3087 739 3118 carnem
764 3073 1035 3126 nominavit,
1062 3074 1424 3132 praetermittens
1447 3074 1665 3128 animam,
1688 3089 1804 3133 quae
1829 3084 1895 3117 est
1915 3072 2069 3116 Verbo

56 3156 69 3186 ξ
99 3137 299 3192 inferior,
326 3153 462 3184 carne
488 3140 789 3199 praestantior
813 3156 865 3185 »ε
892 3139 1161 3184 rationabile
1189 3141 1327 3185 etiam
1353 3140 1450 3195 fuit,
1488 3150 1537 3184 ut
1567 3141 1828 3185 nominaret
1869 3153 2070 3194 carnem,
2127 3196 2134 3204 θ

0 3226 3 3244 ff
102 3218 219 3265 quae
260 3216 445 3265 propter
485 3206 575 3251 hoc
618 3207 739 3266 quod
781 3207 928 3266 magis
955 3207 1090 3251 distat
1131 3222 1157 3251 a
1182 3207 1351 3262 Verbo,
1393 3208 1545 3252 minus
1584 3206 1906 3265 assumptibilis
1942 3207 2066 3250 vide-

0 3289 4 3303 ἴ
100 3271 248 3320 batur.

191 3338 268 3383 An
295 3351 555 3384 stctmntm
582 3340 841 3394 dicendum,
868 3341 990 3400 quod
1016 3340 1221 3386 Verbum
1248 3351 1316 3386 est
1335 3340 1437 3386 fons
1453 3341 1589 3394 vitae,
1616 3341 1732 3384 sicut
1754 3340 1899 3398 prima
1927 3352 2065 3383 causa

0 3459 1 3466 ἵ
104 3404 225 3450 vitae
257 3404 487 3450 effectiva:
529 3407 607 3451 sed
643 3407 796 3451 anima
830 3417 898 3452 est
928 3408 1202 3467 principium
1229 3408 1348 3452 vitae
1383 3408 1603 3466 corporis,
1640 3417 1877 3464 tamquam
1916 3405 2067 3451 forma

104 3473 265 3533 ipsius:
291 3471 441 3517 forma
467 3484 621 3517 autem
643 3484 711 3518 est
727 3474 916 3519 effectus
934 3475 1130 3534 agentis3
1150 3475 1270 3519 unde
1289 3489 1342 3519 ex
1360 3475 1615 3534 praesentia
1634 3472 1772 3517 Verbi
1795 3472 1943 3531 magis
1966 3486 2071 3517 con-

106 3538 228 3584 cludi
251 3550 420 3600 posset,
447 3541 568 3599 quod
595 3554 760 3600 corpus
792 3551 912 3586 esset
943 3542 1221 3586 animatum:
1248 3542 1366 3585 sicut
1397 3554 1451 3585 ex
1482 3540 1737 3599 praesentia
1769 3540 1887 3599 ignis
1919 3550 2069 3599 potest

107 3607 334 3663 concludi,
359 3608 484 3668 quod
510 3621 690 3667 corpus,
717 3610 792 3653 cui
814 3609 934 3668 ignis
962 3609 1192 3663 adhaeret,
1218 3610 1276 3654 sit
1301 3609 1515 3653 calidum.
