2352 3926
280 221 390 291 466
814 233 1092 278 QUAEsno
1135 233 1221 270 ιν.
1262 233 1572 272 ART1cuLus
1610 234 1689 273 111.

276 335 446 380 Christi
474 333 616 391 gratia
650 333 704 376 de
736 331 908 390 populo
935 331 1075 376 Israel
1099 333 1474 391 transmigratura
1506 332 1603 378 erat
1641 333 1698 378 ad
1725 345 1898 393 gentes,
1925 336 2086 396 quibus
2117 337 2240 398 Apo-

277 402 383 446 stoli
415 401 727 459 praedicantes
754 413 847 442 non
876 400 1179 452 crederentur,
1202 400 1289 443 nisi
1316 400 1380 444 eis
1406 400 1503 458 ipse
1535 401 1765 446 Dominus
1790 402 1914 447 viam
1945 403 1993 448 in
2027 404 2239 452 cordibus

277 469 520 512 hominurn
542 475 850 524 praepararet:
875 476 919 509 et
945 467 1035 509 hoc
1062 465 1351 524 intelligitur:
1379 467 1599 513 Praecedet
1620 483 1693 512 vos
1714 470 1758 512 in
1792 469 2042 516 Galilaeam.
2071 471 2240 522 Secun-

277 537 385 579 dum
422 534 532 577 illud
569 544 719 576 autem
755 533 876 591 quod
912 532 1120 577 Galilaea
1153 535 1468 592 interpretatur
1494 534 1728 588 revelatio,
1755 550 1849 580 non
1881 538 1975 594 jam
2011 538 2060 582 in
2089 538 2239 585 forma

279 603 397 647 servi
424 601 743 659 intelligendus
771 610 852 653 est,
886 601 965 644 sed
998 601 1045 645 in
1072 599 1164 655 illa,
1190 601 1237 644 in
1260 615 1349 659 qua
1376 602 1576 660 aequalis
1599 612 1667 646 est
1698 603 1834 657 Patri,
1861 618 1998 663 quam
2033 606 2241 664 promisit

277 670 568 714 dilectoribus
602 670 714 712 suis:
748 679 792 712 et
816 667 924 712 illuc
951 671 1209 727 praecessit,
1247 669 1367 713 unde
1409 669 1465 713 ad
1496 684 1582 714 nos
1614 670 1801 715 veniens
1834 685 1927 716 non
1958 673 2159 728 recessit,
2195 683 2241 718 et

279 751 370 797 quo
397 751 482 780 nos
515 736 792 794 praecedens
824 750 918 779 non
945 735 1142 780 deseruit
1165 753 1207 779 ».

990 913 1421 970 ARTICULUS
1458 914 1553 970 IV.
1924 917 1926 919 ’
2137 909 2234 990 ’305

310 1047 502 1086 UTRUM
529 1047 796 1086 CHRISTUS
820 1048 1093 1087 DEBUERIT
1125 1047 1428 1087 DISCIPULIS
1451 1049 1507 1087 IN
1535 1048 1663 1087 ALIA
1682 1049 1896 1088 EFFIGIE
1915 1049 2206 1089 APPARERE.

511 1159 564 1215 (1.
592 1159 704 1203 Dist.
723 1174 781 1203 Π.
806 1174 842 1217 q.
862 1174 900 1204 2.
929 1165 1009 1203 art.
1032 1173 1074 1216 4.
1102 1174 1140 1217 q.
1163 1174 1196 1203 1.
1221 1159 1274 1203 ad
1287 1174 1321 1218 3.
1350 1166 1387 1203 et
1414 1168 1545 1218 opusc.
1566 1160 1637 1204 60.
1666 1167 1758 1219 cap.
1781 1159 1976 1218 22.fin.).
2038 1172 2041 1176 ’

360 1270 435 1315 AD
459 1283 696 1320 QUARTUM
713 1271 777 1315 sic
802 1271 1072 1329 proceditur.
1087 1271 1291 1325 Videtur,
1306 1272 1427 1329 quod
1447 1271 1655 1315 Christus
1673 1285 1766 1315 non
1786 1271 1989 1315 debuerit
2005 1270 2237 1331 discipulis

270 1337 317 1381 in
346 1337 434 1381 alia
461 1337 608 1396 effigie
644 1352 883 1397 apparere:
911 1353 1006 1381 non
1041 1339 1164 1382 enirn
1183 1348 1330 1396 potest
1363 1333 1576 1397 apparere
1595 1339 1847 1382 secundum
1865 1338 2123 1403 veritatem,
2147 1340 2235 1384 nisi

273 1405 395 1464 quod
429 1415 518 1449 est:
547 1405 626 1449 sed
653 1406 699 1448 in
725 1405 911 1449 Christo
944 1419 1038 1448 non
1061 1405 1143 1448 fuit
1169 1405 1254 1448 nisi
1288 1420 1378 1448 una
1406 1404 1604 1463 effigies;
1632 1405 1670 1448 si
1698 1419 1810 1463 ergo
1839 1405 2049 1449 Christus
2075 1405 2123 1450 in
2150 1405 2239 1451 alia

273 1472 421 1531 effigie
449 1473 670 1531 apparuit,
688 1487 782 1516 non
808 1472 891 1516 fuit
909 1473 1130 1531 apparitio
1147 1487 1269 1526 vera,
1288 1473 1365 1516 sed
1385 1472 1503 1526 ficta,
1522 1472 1644 1530 quod
1663 1482 1730 1516 est
1747 1472 2098 1517 inconveniens:
2117 1473 2237 1532 quia,

270 1549 318 1583 ut
344 1539 463 1597 Aug.
492 1540 601 1582 dicit
633 1540 679 1582 in
707 1539 781 1583 lib.
803 1540 870 1598 83.
894 1539 1005 1591 QQ.
1036 1539 1091 1597 (q.
1126 1540 1216 1598 13),
1250 1557 1273 1580 «
1293 1539 1331 1583 si
1348 1538 1464 1583 fallit
1491 1539 1716 1593 Christus,
1742 1539 1913 1584 veritas*
1932 1554 2026 1584 non
2053 1547 2143 1589 eSt:
2171 1550 2240 1585 est

272 1615 425 1649 autem
443 1606 608 1649 veritas
633 1605 842 1649 Christus
860 1623 882 1646 »
901 1622 911 1659 ;
939 1620 1049 1664 ergo
1069 1606 1259 1660 videtur,
1288 1606 1410 1664 quod
1430 1605 1640 1650 Christus
1659 1620 1754 1650 non
1779 1606 1986 1652 debuerit
2006 1606 2238 1666 discipulis

270 1672 316 1716 in
351 1672 439 1715 alia
472 1672 620 1730 effigie
649 1687 877 1731 apparere.
2178 1718 2179 1722 ,

361 1752 401 1783 2.
428 1739 726 1783 PRAETEREA.
746 1739 874 1783 Nihil
891 1749 1040 1798 potest
1066 1739 1112 1783 in
1132 1739 1220 1783 alia
1242 1739 1391 1798 effigie
1411 1754 1628 1799 apparere
1649 1755 1786 1799 quam
1803 1740 1984 1796 habeat,
2006 1741 2092 1787 nisi
2114 1741 2238 1787 oculi

268 1807 542 1850 intuentium
562 1807 784 1865 aliquibus
803 1807 1058 1865 praestigiis
1076 1807 1384 1851 detineantur:
1404 1807 1669 1866 hujusmodi
1689 1818 1841 1852 autern
1858 1808 2117 1867 praestigia,
2129 1816 2238 1864 cum

266 1873 375 1917 fiant
394 1873 583 1931 magicis
603 1874 786 1927 artibus,
803 1888 898 1917 non
914 1875 1193 1918 conveniunt
1210 1875 1676 1928 Christo‚secundum
1694 1874 1806 1919 illud
1824 1888 1865 1921 2.
1879 1875 1934 1920 ad
1954 1875 2166 1921 Corinth.
2177 1874 2235 1921 6.:

270 1942 390 1997 Quae
432 1943 647 1985 conventio
681 1940 838 1985 Christi
873 1941 927 1986 ad
951 1942 1118 1987 Belial?
1151 1942 1273 2001 Ergo
1305 1942 1495 1996 videtur,
1534 1942 1656 2001 quod
1694 1956 1789 1986 non
1815 1943 2019 1988 debuerit
2057 1943 2104 1987 in
2147 1942 2237 1987 alia

270 2006 419 2066 effigie
453 2022 684 2066 apparere.
1918 2044 1922 2047 .

357 2088 397 2131 3.
424 2074 721 2119 PRAETEREA.
746 2074 875 2118 Sicut
899 2090 979 2134 per
1011 2089 1190 2119 sacram
1218 2075 1499 2134 Scripturam
1526 2086 1682 2120 nostra
1708 2076 1820 2121 fides
1849 2075 2144 2132 certificatur3
2173 2077 2237 2125 ita

266 2141 474 2200 discipuli
502 2141 736 2185 certificati
769 2152 872 2186 sunt
905 2143 960 2186 de
987 2142 1074 2187 fide
1101 2144 1445 2187 resurrectionis
1472 2158 1551 2203 per
1581 2144 1751 2188 Christi
1781 2143 2109 2202 apparitiones:
2141 2144 2238 2199 sed,

266 2208 383 2252 sicut
408 2209 600 2267 August.
630 2209 739 2252 dicit
764 2209 809 2252 in
837 2210 964 2268 epist.
994 2224 1051 2252 an
1086 2210 1273 2254 Hieron.
1302 2211 1437 2269 (impl.
1472 2212 1586 2270 epist.
1603 2212 1646 2255 8.
1675 2219 1765 2270 cap.
1793 2226 1829 2270 3.
1851 2219 2022 2270 parum¹⁴
2043 2225 2070 2256 a
2092 2213 2236 2271 princ.

265 2281 301 2329 at
331 2277 445 2334 epist.
473 2290 513 2333 9.
542 2284 633 2334 cap.
658 2277 734 2334 3.)‚
763 2277 842 2319 «si
875 2276 948 2320 vel
985 2291 1126 2320 unum
1161 2277 1454 2321 mendacium
1479 2278 1525 2321 in
1561 2292 1689 2322 sacra
1717 2278 1948 2336 Scriptura
1979 2277 2236 2338 recipiatur,

263 2341 565 2386 infirmabitur
580 2352 676 2386 tota
703 2357 858 2386 sacrae
887 2343 1148 2401 Scripturae
1167 2345 1413 2388 auctoritas
1430 2361 1453 2385 J)
1469 2360 1481 2399 ;
1500 2359 1611 2403 ergo
1629 2345 1664 2388 si
1682 2344 1756 2389 vel
1774 2345 1819 2388 in
1837 2358 1928 2389 una
1954 2344 2236 2404 apparitione

266 2409 474 2454 Christus
498 2407 730 2467 discipulis
758 2411 965 2468 apparuit
988 2410 1117 2455 aliter
1144 2425 1282 2469 quarn
1311 2421 1441 2465 esset,
1469 2411 1768 2455 infirmabitur
1790 2410 2007 2470 quidquid
2027 2411 2237 2471 discipuli.

264 2485 368 2535 post
398 2475 778 2519 resurrectionem
807 2477 1016 2521 viderunt
1038 2478 1083 2521 in
1113 2478 1324 2533 Christ03
1358 2478 1479 2538 quod
1515 2489 1583 2522 est
1608 2478 1965 2524 inconveniens:
1996 2492 2092 2524 non
2124 2493 2235 2539 ergo

264 2542 418 2587 debuit
438 2543 484 2586 in
518 2542 606 2586 alia
634 2542 782 2601 effigie
810 2558 1039 2602 apparere.
2173 2570 2175 2574 v

355 2609 449 2654 SED
485 2623 680 2654 CONTRA
716 2620 795 2663 est,
824 2612 945 2669 quod
980 2612 1141 2655 dicitur
1167 2613 1308 2657 Marc.
1338 2612 1443 2657 ult.:
1472 2612 1569 2658 Post
1609 2613 1704 2657 haec
1741 2612 1897 2657 duobus
1921 2627 1971 2657 ex
2001 2614 2058 2658 eis
2089 2614 2236 2660 ambu-

269 2678 448 2722 lantibus
480 2683 654 2721 ostensus
686 2684 741 2721 est
773 2680 816 2721 in
849 2679 935 2722 alia
967 2680 1092 2737 effigie
1118 2682 1306 2724 euntibus
1337 2682 1382 2723 in
1413 2680 1577 2724 villam.
1963 2695 1965 2697 ·

302 2788 304 2790 ,
354 2744 645 2789 ΒΕεΡοΝῡΕο
670 2745 927 2798 dicendum,
953 2746 1089 2804 quod,
1117 2747 1233 2790 sicut
1259 2747 1430 2790 dictum
1459 2755 1526 2791 est
1551 2747 1623 2804 (ex
1649 2753 1729 2791 art.
1757 2762 1792 2791 1.
1819 2752 1856 2791 et
1875 2761 1916 2792 2.
1949 2746 2037 2806 huj.
2062 2748 2140 2807 q.),
2172 2761 2237 2796 re-

265 2812 485 2857 surrectio
515 2811 684 2856 Christi
714 2811 1044 2855 manifestanda
1078 2813 1160 2857 fuit
1194 2814 1456 2857 hominibus
1494 2828 1573 2872 per
1605 2814 1812 2869 modum,
1847 2827 1940 2873 quo
1977 2814 2042 2858 eis
2080 2809 2235 2863 'divina

264 2879 536 2924 revelantur.
556 2879 854 2923 Innotescunt
880 2890 1033 2923 autem
1052 2880 1204 2924 divina
1221 2881 1485 2924 hominibus
1505 2881 1825 2934 diversimode,
1843 2880 2094 2928 secundum
2111 2881 2235 2942 quod

265 2947 569 2992 diversimode
596 2955 701 2990 sunt
739 2945 912 3000 affecti;
945 2960 1053 2989 nam
1087 2947 1151 2990 illi
1176 2948 1252 3006 qui
1285 2948 1453 2992 habent
1479 2959 1681 2992 mentem
1709 2948 1824 2992 bene
1856 2947 2139 3007 dispositam,
2170 2962 2237 2997 se-

267 3014 468 3059 cundum
494 3014 731 3058 veritatem
759 3012 911 3056 divina
929 3014 1184 3072 percipiunt
1202 3031 1210 3058 :
1230 3015 1294 3058 illi
1319 3025 1470 3059 autem
1496 3017 1572 3074 qui
1594 3029 1687 3059 non
1705 3014 1875 3060 habent
1895 3026 2098 3061 mentem
2119 3015 2236 3063 bene

266 3081 561 3141 dispositam,
578 3079 727 3124 divina
755 3080 1009 3138 percipiunt
1037 3094 1140 3124 cum
1157 3082 1354 3139 quadarn
1383 3081 1653 3125 confusione
1670 3081 1928 3137 dubietatis,
1949 3081 2024 3128 vel
2045 3082 2234 3131 erroris:

268 3149 482 3194 Animalis
507 3149 616 3192 enim
643 3147 770 3207 homo=
786 3162 869 3190 non
891 3148 1069 3205 percipit
1091 3162 1152 3201 ea,
1182 3163 1283 3205 quae
1310 3156 1404 3193 sunt
1415 3150 1584 3208 spiritus
1605 3149 1706 3203 Dei,
1732 3158 1782 3193 ut
1800 3148 1969 3194 dicitur
1999 3162 2036 3193 1.
2063 3149 2119 3194 ad
2147 3149 2237 3196 Co·

263 3216 398 3260 rinth.
426 3229 480 3259 2.:
510 3224 553 3260 et
577 3214 681 3258 ideo
721 3213 928 3258 Christus
955 3214 1224 3272 quibusdam
1253 3215 1307 3258 ad
1347 3215 1623 3259 credendum
1651 3214 1880 3274 dispositis
1906 3226 2011 3275 post
2040 3228 2236 3263 resume-¹

266 3283 465 3327 ctionem
496 3282 701 3341 apparuit
727 3282 771 3324 in
799 3295 879 3325 sua
906 3279 1075 3338 effigie:
1104 3280 1192 3323 illis
1226 3291 1377 3325 autem
1410 3282 1455 3324 in
1491 3281 1578 3325 alia
1610 3281 1759 3340 effigie
1797 3282 2003 3343 apparuit
2030 3283 2113 3343 iqui.
2140 3283 2234 3343 jam

264 3351 532 3395 videbantur
559 3350 678 3393 circa
706 3348 842 3392 fidem
869 3357 1116 3407 tepescere,
1144 3347 1263 3391 unde
1306 3348 1519 3393 dicebant
1551 3349 1703 3393 Lucae
1736 3348 1841 3394 ult.:
1868 3350 1957 3396 Nos
1981 3356 2119 3396 autem
2147 3357 2234 3412 spe-

266 3419 463 3462 rabamus
489 3418 588 3476 quia
621 3418 704 3477 ipse
730 3421 824 3461 esset
855 3415 1136 3474 redempturus
1163 3415 1304 3458 Israel.
1336 3415 1468 3459 Unde
1497 3392 1635 3474 (freg.
1664 3416 1772 3461 dicit
1799 3418 1846 3462 in
1876 3416 2039 3465 homil.
2071 3418 2156 3478 (23.
2187 3419 2234 3465 in

265 3486 429 3543 Evang.
462 3490 557 3529 ante
592 3483 714 3540 med.)
742 3482 863 3542 quod
893 3481 1075 3527 «talem
1101 3496 1149 3525 se
1178 3481 1379 3525 exhibuit
1406 3482 1468 3526 eis
1495 3482 1541 3526 in
1569 3497 1777 3541 corpore,
1804 3483 1951 3544 qualis
1977 3485 2096 3544 apud
2127 3484 2234 3531 illos

265 3562 360 3596 erat
385 3552 430 3595 in
457 3561 636 3605 mente;
662 3550 767 3609 quia
792 3549 913 3594 enim
941 3548 1087 3592 adhuc
1116 3547 1162 3591 in
1186 3561 1346 3591 eorum
1367 3548 1579 3593 cordibus
1603 3549 1865 3609 peregrinus
1886 3560 1983 3596 erat
2003 3565 2029 3595 a
2046 3549 2151 3607 fide,
2166 3551 2231 3598 ire

268 3632 315 3663 se
343 3618 525 3677 longius
553 3617 737 3671 finxit»,
765 3616 940 3661 scilicet
965 3629 1018 3659 ac
1045 3615 1083 3660 si
1109 3624 1227 3659 essct
1253 3615 1531 3673 peregrinus.
