2352 3926
634 247 914 296 Qufflsrlo
953 247 1122 289 Lxxn.
1161 246 1470 289 ARTICULUS
1509 245 1584 285 XI.
1977 232 2042 305 63
2052 246 2080 300 5

132 350 288 401 tudine
312 350 547 411 potestatis
573 350 801 396 concessit
825 350 981 396 beatus
1009 349 1260 410 Gregorius
1276 363 1408 408 papa,
1425 348 1548 408 quod
1577 346 1808 407 simplices
1827 346 2092 395 sacerdotes

133 417 225 466 hoc
251 428 588 464 sacramentum
615 417 886 473 conferrent,
912 417 1129 477 quamdiu
1151 416 1420 462 scandalum
1445 414 1694 460 tolleretur.

222 484 298 530 An
318 496 575 530 SECUNDUM
593 484 853 539 dicendum,
870 484 992 543 quod
1009 493 1345 529 sacramentum
1366 482 1580 542 baptismi
1607 491 1675 527 est
1696 479 1939 536 efficacius,
1952 494 2093 540 quam

9 589 14 596 .
51 602 58 609 .
133 551 224 597 hoc
250 563 600 606 sacramentum,
628 562 847 611 quantum
876 552 930 595 ad
957 553 1262 595 remotionem
1285 550 1409 604 mali,
1431 564 1486 593 eo
1514 548 1636 608 quod
1659 558 1727 593 est
1751 546 1994 607 spiritualis
2017 561 2092 606 ge-

134 619 326 673 neratio,
352 633 468 678 quae
495 629 562 664 est
587 618 780 662 mutatio
807 618 862 662 de
889 631 983 662 non
1011 631 1110 662 esse
1136 617 1183 661 in
1210 631 1332 670 esse;
1358 617 1449 660 hoc
1477 627 1630 660 autem
1656 624 1994 661 sacramentum
2027 624 2095 658 est

134 684 361 731 efficacius
387 686 444 730 ad
470 685 801 745 proficiendum
826 685 872 728 in
898 684 1038 738 bono,
1065 683 1170 742 quia
1197 693 1265 727 est
1287 683 1518 742 quoddam
1540 681 1771 741 spirituale
1793 690 2092 740 augmentum

134 752 190 797 de
216 766 314 798 esse
338 751 605 812 imperfecto
632 752 689 796 ad
714 765 814 797 esse
835 749 1110 810 perfectum:
1136 759 1181 794 et
1200 749 1305 794 ideo
1328 749 1419 794 hoc
1435 758 1772 794 sacramentum
1792 747 1989 807 digniori
2013 747 2095 796 mi-

132 818 276 864 nistro
304 818 616 865 committitur.

226 885 303 931 AD
329 898 544 931 TERTnJM
570 884 830 938 dicendum,
849 882 986 942 quod,
1003 883 1120 927 sicut
1145 881 1359 926 Rabanus
1375 881 1484 926 dicit
1507 881 1555 925 in
1571 880 1646 925 lib.
1671 895 1706 926 1.
1725 881 1780 925 de
1801 881 2091 926 Institutione

134 950 425 1002 Clericorum
453 950 562 1011 (cap.
584 952 688 1010 30),
717 966 741 991 «
758 951 962 1008 signatur
982 949 1232 1008 baptizatus
1267 948 1511 992 chrismate
1542 949 1590 991 in
1622 948 1884 992 summitate
1926 947 2086 1008 capitis

133 1032 215 1078 per
226 1018 527 1072 sacerdotem,
539 1032 620 1076 per
630 1016 893 1075 pontificem
906 1030 1016 1060 vero
1032 1016 1078 1059 in
1096 1014 1259 1069 fronte,
1276 1025 1326 1059 ut
1339 1015 1386 1059 in
1399 1015 1539 1074 priori
1559 1015 1774 1059 unctione
1793 1028 1927 1073 super
1938 1015 2091 1074 ipsum

132 1083 411 1144 significetur
436 1084 628 1144 Spiritus
656 1083 813 1128 Sancti
843 1083 1080 1127 descensio
1113 1082 1170 1127 ad
1201 1082 1533 1126 habitationem
1566 1082 1669 1126 Deo
1704 1081 2087 1127 consecrandam:

131 1150 180 1196 in
205 1151 406 1197 secunda
431 1165 627 1210 quoque,
654 1161 702 1195 ut
724 1150 929 1208 eiusdem
957 1149 1149 1209 Spiritus
1177 1149 1336 1193 Sancti
1356 1147 1633 1206 septiformis
1656 1148 1816 1206 gratia,
1839 1163 1945 1192 cum
1963 1148 2094 1194 omni

132 1216 411 1278 plenitudine
428 1218 692 1271 sanctitatis,
709 1227 754 1262 et
769 1217 1000 1270 scientiae,
1019 1227 1063 1260 et
1078 1216 1270 1270 virtutis,
1287 1215 1441 1260 venire
1455 1217 1500 1259 in
1522 1215 1762 1260 hominem
1781 1214 2066 1261 declaretur»
2081 1231 2093 1271 ;

131 1298 228 1330 non
259 1298 369 1344 ergo
402 1294 585 1343 propter
614 1284 872 1343 digniorem
908 1292 1099 1343 partem,
1132 1283 1210 1328 sed
1242 1291 1425 1343 propter
1454 1282 1685 1342 potiorem
1717 1281 1946 1337 effectum,
1977 1281 2093 1327 haec

133 1351 289 1397 unctio
316 1351 540 1412 episcopis
571 1361 838 1396 reservatur.

818 1525 1252 1585 ARTICULUS
1289 1526 1417 1583 XII.
2005 1551 2091 1598 425

356 1660 550 1701 UTRUM
589 1662 749 1701 RITUS
783 1661 949 1716 HUJUS
991 1661 1338 1702 SACRAMENTI
1379 1661 1465 1700 SIT
1506 1660 1870 1701 CONVENIENS.

451 1770 514 1828 (4.
545 1772 656 1816 Dist.
691 1785 729 1831 7.
757 1787 795 1830 q.
818 1786 854 1831 3.
887 1778 971 1817 art.
999 1787 1035 1832 3.
1062 1787 1101 1831 q.
1127 1787 1167 1818 2.
1201 1772 1255 1817 ad
1281 1787 1318 1831 3.
1345 1778 1381 1818 et
1405 1774 1451 1816 in
1482 1773 1649 1832 exposit.
1676 1771 1776 1830 lit).

220 1878 297 1923 AD
323 1892 651 1926 nvom-:omum
677 1882 741 1927 sic
768 1883 1040 1942 proceditur.
1062 1883 1268 1938 Videtur,
1286 1884 1408 1943 quod
1423 1885 1533 1928 ritus
1549 1883 1686 1943 hujus
1702 1882 1977 1928 sacramenti
1997 1896 2091 1927 non

132 1944 190 1990 sit
214 1947 515 1992 conveniens:
543 1958 879 1994 sacramentum
906 1950 1029 1994 enim
1054 1950 1266 2009 baptismi
1300 1961 1367 1995 est
1397 1951 1585 2009 majoris
1625 1948 1924 2004 necessitatis,
1951 1963 2090 2008 quam

131 2011 222 2057 hoc
248 2024 602 2070 sacramentum,
631 2026 680 2060 ut
705 2030 839 2075 supra
865 2017 1037 2061 dictum
1070 2027 1138 2061 est
1163 2018 1223 2076 (q.
1270 2018 1331 2077 65.
1365 2024 1447 2062 art.
1473 2017 1566 2075 4.).·
1593 2017 1671 2061 sed
1702 2017 1928 2075 baptismo
1961 2017 2096 2074 depu-

130 2088 282 2124 tantur
304 2090 427 2125 certa
450 2091 674 2141 tempora,
701 2082 875 2128 scilicet
898 2083 1092 2138 Pascha,
1119 2093 1162 2128 et
1187 2084 1484 2139 Pentecoste3
1511 2097 1622 2143 ergo
1650 2083 1789 2128 etiam
1813 2083 1920 2127 huic
1947 2096 2093 2128 sacra-

131 2156 290 2191 mento
316 2146 501 2206 aliquod
529 2159 701 2193 certum
728 2159 908 2209 tempus
934 2150 1067 2195 debet
1093 2150 1296 2211 praefigi.

222 2226 262 2257 2.
289 2213 585 2260 PRAETEREA.
614 2216 743 2260 Sicut
767 2217 858 2261 hoc
884 2227 1224 2262 sacramentum
1251 2218 1437 2278 requirit
1462 2217 1759 2262 devotionem
1787 2227 1833 2262 et
1859 2217 2021 2272 dantis,
2049 2227 2093 2262 et

130 2280 403 2340 recipientis,
419 2281 482 2326 ita
513 2283 650 2327 etiam
678 2293 722 2327 et
747 2294 1083 2329 sacramentum
1109 2285 1346 2343 baptismi:
1372 2285 1452 2330 sed
1478 2285 1525 2328 in
1551 2294 1839 2329 sacramento
1882 2284 2094 2344 baptismi

0 2406 2 2410 ‚
129 2361 227 2392 non
251 2348 492 2407 requiritur
517 2349 640 2408 quod
675 2364 702 2397 a
726 2350 890 2409 jejunis
915 2362 1135 2405 sumatur,
1161 2351 1236 2396 vel
1269 2351 1553 2407 conferatur3
1587 2366 1698 2411 ergo
1729 2351 1906 2396 videtur
1937 2351 2093 2396 incon-

0 2423 6 2474 }
131 2414 364 2460 venienter
388 2425 606 2460 statutum
633 2418 679 2461 in
707 2416 922 2462 Concilio
944 2417 1266 2463 Aurelianensi
1295 2419 1361 2476 (ut
1385 2421 1455 2464 cit.
1480 2425 1566 2464 art.
1587 2431 1626 2478 7.
1653 2419 1739 2476 huj.
1762 2433 1801 2478 q.
1829 2417 1883 2462 ad
1899 2418 1978 2476 2.),
2003 2434 2027 2460 «
2044 2428 2094 2464 ut

0 2491 3 2498 ·
132 2480 277 2539 jejuni
300 2482 357 2526 ad
383 2481 781 2528 confirmationem
807 2485 1049 2539 veniant»,
1085 2494 1129 2529 et
1153 2485 1201 2529 in
1229 2485 1444 2530 Concilio
1465 2485 1692 2532 Meldensi
1717 2485 1786 2544 (ut
1810 2485 1903 2530 hab.
1930 2493 2022 2546 cap.
2050 2499 2090 2545 7.

131 2546 198 2591 De
215 2546 459 2598 Consecrat.
478 2550 589 2595 Dist.
611 2552 690 2609 5.)‚
719 2566 742 2592 ι(
764 2560 813 2595 ut
835 2551 1039 2611 episcopi
1055 2553 1240 2597 nonnisi
1254 2553 1395 2613 jejuni
1411 2567 1491 2613 per
1506 2552 1853 2611 impositionem
1870 2566 2091 2597 manuum

134 2612 351 2671 Spiritum
375 2614 597 2661 Sanctum
618 2617 798 2662 tradant
813 2635 856 2663 ».

0 2337 3 2345 ·
0 2275 6 2326 Ἴ
0 1884 24 2267 *We-‘’rwxww
0 1790 11 1826 ..s

224 2693 260 2739 3.
286 2679 582 2728 PRAETEREA.
603 2683 816 2729 Chrisma
842 2695 910 2730 est
933 2685 1167 2745 quoddam
1192 2686 1375 2746 signum
1391 2685 1683 2747 plenitudinis
1703 2686 1896 2746 Spiritus
1916 2686 2090 2740 Sancti,

132 2756 182 2790 ut
206 2760 343 2805 supra
369 2746 540 2792 dictum
573 2758 640 2794 est
667 2750 767 2806 (art.
801 2766 840 2796 2.
874 2752 961 2811 huj.
994 2754 1079 2811 q.):
1112 2753 1191 2798 sed
1223 2753 1458 2812 plenitudo
1487 2753 1679 2813 Spiritus
1707 2753 1863 2799 Sancti
1888 2752 1991 2802 data
2023 2762 2091 2797 est

131 2811 337 2857 fidelibus
364 2812 536 2859 Christi
560 2815 608 2859 in
640 2815 712 2860 die
743 2817 1053 2873 Pentecostes‚
1085 2830 1135 2864 ut
1164 2820 1358 2865 habetur
1389 2821 1492 2865 Act.
1527 2834 1590 2875 2.;
1623 2820 1770 2879 magis
1805 2833 1916 2878 ergo
1952 2818 2087 2864 debet

0 2935 13 2956 ἴ
133 2879 330 2924 chrisma
357 2879 537 2937 confici,
565 2891 610 2926 et
632 2882 841 2928 benedici
865 2885 912 2928 in
937 2885 1053 2931 festo
1079 2886 1389 2942 Pentecostes‚
1413 2902 1552 2947 quam
1577 2888 1624 2932 in
1651 2887 1812 2932 Coena
1833 2886 2040 2931 Domini.

0 2951 20 2990 ³}-
222 2945 318 2991 SED
340 2959 535 2992 CONTRA
563 2958 629 2993 est
654 2963 760 2994 usus
788 2950 1035 3006 Ecclesiae,
1061 2962 1178 3012 quae
1204 2968 1231 2998 a
1260 2954 1430 3014 Spiritu
1453 2955 1623 2999 Sancto
1651 2954 1938 3012 gubernatur.

222 3012 512 3059 REsronmzo
539 3015 798 3070 dicendum,
824 3018 946 3076 quod
972 3018 1202 3065 Dominus
1227 3021 1388 3065 Matth.
1422 3022 1487 3065 18.
1514 3021 1720 3066 fidelibus
1747 3020 1838 3064 suis
1865 3019 2088 3078 promisit,

0 3075 18 3124 i:-
130 3078 309 3124 dicens:
337 3081 419 3124 Ubi
424 3081 592 3139 fuerint
608 3081 703 3135 duo,
720 3083 787 3127 vel
804 3089 883 3129 tres
899 3088 1133 3144 congregati
1153 3089 1200 3131 in
1212 3090 1377 3132 nomine
1395 3102 1498 3141 meo,
1517 3090 1578 3131 ibi
1592 3102 1683 3132 sum
1705 3088 1749 3131 in
1766 3087 1898 3131 medio
1916 3101 2087 3132 eorum:

130 3155 176 3191 et
198 3146 302 3191 ideo
329 3146 518 3192 firmiter
542 3148 789 3193 tenendum
817 3161 897 3204 est,
924 3151 1046 3210 quod
1073 3153 1383 3199 ordinationes
1401 3153 1633 3198 Ecclesiae
1655 3153 1904 3212 dirigantur
1930 3166 2088 3197 secun-

128 3212 239 3258 dum
270 3213 541 3272 sapientiam
575 3214 760 3270 Christi,
788 3226 832 3260 et
856 3227 1039 3276 propter
1063 3218 1154 3264 hoc
1189 3230 1364 3265 certum
1397 3234 1495 3264 esse
1529 3219 1673 3273 debet,
1706 3219 1831 3273 ritus,
1864 3233 1979 3279 quos
2006 3219 2088 3264 Ec-

2 3283 19 3345 ,ζ
129 3279 270 3325 clesia
296 3280 506 3325 observat
523 3283 567 3325 in
585 3281 690 3335 hoc,
709 3292 754 3326 et
768 3282 814 3326 in
838 3282 936 3327 aliis
953 3287 1249 3331 sacramentis
1272 3301 1371 3331 esse
1390 3286 1727 3330 convenientes.

9 3349 21 3356 ”
218 3346 294 3391 An
320 3360 509 3392 PRIMUM
526 3362 637 3407 ergo
657 3348 916 3403 dicendum,
934 3351 1071 3409 quod,
1096 3353 1212 3397 sicut
1228 3352 1508 3398 Melchiades
1533 3366 1649 3411 papa
1667 3352 1776 3396 dicit
1794 3352 1857 3408 (in
1877 3366 1952 3397 sua
1973 3354 2086 3412 epist.

4 3386 24 3481 ξ
128 3418 221 3457 ante
236 3413 341 3458 med.
357 3415 516 3459 Concil.
539 3421 574 3460 et
599 3415 693 3459 hab.
721 3423 830 3475 σαμε
845 3416 911 3461 De
922 3416 1000 3472 his,
1018 3419 1084 3463 De
1113 3420 1345 3465 Consecrat.
1365 3421 1474 3463 Dist.
1487 3434 1523 3478 5.
1523 3420 1564 3476 ),
1596 3420 1696 3463 «ita
1724 3420 1967 3477 conjuncta
1984 3429 2088 3464 sunt
2122 3431 2125 3433 ·

4 3480 21 3566 ξ’,
134 3478 252 3524 haec
280 3478 371 3526 duo
398 3491 683 3540 sacramenta
702 3482 895 3538 (scilicet
919 3482 1145 3543 baptismi,
1168 3497 1212 3530 et
1229 3485 1610 3542 confirmationis)
1632 3495 1681 3529 ut
1699 3485 1751 3528 ab
1770 3485 1983 3536 invicem,
2000 3486 2088 3531 nisi

51 3568 55 3572 ·
130 3555 279 3597 morte
305 3547 641 3606 praeveniente,
671 3547 931 3594 nullatenus
961 3553 1139 3609 possint
1169 3552 1414 3611 segregari,
1447 3561 1492 3596 et
1523 3566 1666 3596 unum
1698 3552 1795 3596 sine
1827 3551 1971 3597 altero
2002 3552 2085 3598 rite

128 3610 284 3671 perfici
305 3626 401 3661 non
426 3614 572 3673 possit
588 3630 640 3670 »3
667 3624 710 3660 et
735 3614 840 3665 ideo
867 3615 1030 3663 eadem
1054 3627 1265 3679 tempora
1290 3628 1396 3664 sunt
1434 3618 1632 3677 praefixa
1661 3619 1889 3679 baptismo
1921 3618 2087 3666 solem-
