2352 3926
672 169 950 216 QUAESTIO
991 169 1082 208 LII.
1125 168 1434 209 ARTICULUS
1474 168 1530 206 11.
1564 198 1571 205 .
1971 166 2073 222 441

122 270 176 317 ad
202 270 472 317 descensum
505 270 678 316 Christi
703 270 759 315 ad
786 270 970 325 inferos,
997 271 1074 315 sed
1098 270 1153 315 ad
1181 270 1497 331 operationem
1525 267 1767 313 divinitatis
1804 268 1915 327 ejus,
1942 280 2080 325 quam

22 341 40 364 “·
121 338 320 383 exercuit
352 351 377 381 a
403 337 624 397 principio
658 337 837 382 mundi:
883 348 931 382 ut
956 340 1011 382 sit
1053 351 1226 391 sensus,
1259 337 1382 396 quod
1424 337 1483 381 his
1515 337 1587 395 qui
1628 338 1672 381 in
1705 349 1871 380 carcere
1902 333 2083 379 conclusi

118 410 254 459 erant,
280 404 482 448 viventes
500 404 673 449 scilicet
698 404 742 448 in
771 419 963 464 corpore
990 404 1188 458 mortali,
1217 404 1339 463 quod
1369 413 1434 448 est
1451 404 1580 462 quasi
1602 402 1787 462 quidam
1811 414 1966 445 carcer
1993 400 2084 443 ani-

16 514 43 539 ,⁵2
119 473 238 524 mae,
261 472 413 531 spiritu
444 486 539 516 suae
570 471 803 516 divinitatis
827 474 992 516 veniens
1017 472 1299 532 praedicavit,
1334 486 1414 530 per
1446 472 1642 515 internas
1677 468 2011 529 inspirationes,
2039 476 2084 511 et

120 537 255 582 etiam
284 537 527 582 exteriores
562 538 897 583 admonitiones
924 553 1003 596 per
1041 552 1120 582 ora
1154 539 1400 595 justorum:
1443 538 1539 592 His,
1574 539 1777 596 inquam,
1803 535 2083 596 praedicavit,

120 605 192 664 qui
211 604 414 649 increduli
429 605 607 663 fuerant
624 605 862 663 aliquando,
881 604 983 649 Noe
1010 604 1183 649 scilicet
1204 605 1497 664 praedicanti,
1525 604 1687 663 quando
1715 603 1983 662 expectabant
2000 602 2084 646 Dei

111 671 379 731 patientiam,
407 685 486 730 per
507 686 645 731 quam
666 670 954 716 differebatur
965 686 1116 731 poena
1134 671 1305 725 diluvii,
1323 671 1442 715 unde
1459 672 1631 716 subdit:
1648 671 1700 715 In
1715 670 1853 716 diebus
1864 670 1971 724 Νοέ,
1988 683 2083 714 cum

112 737 404 798 fabricaretur
429 753 545 784 arca.

210 805 287 850 An
304 818 540 856 QUARTUM
567 804 826 859 dicendum,
854 805 976 864 quod
1008 805 1133 849 sinus
1167 804 1380 849 Abrahae
1413 813 1561 863 potest
1592 804 1845 849 secundum
1871 803 1951 848 duo
1979 816 2084 848 con-

121 871 331 918 siderari:
348 887 432 918 uno
448 872 569 917 modo
587 871 838 916 secundum
856 872 1072 930 quietem,
1089 886 1204 931 quae
1226 871 1288 914 ibi
1306 880 1401 916 erat
1420 886 1446 915 a
1468 886 1617 930 poena
1639 870 1863 915 sensibili:
1887 880 1931 915 et
1947 883 2085 929 quan-

121 948 222 985 turn
248 939 304 984 ad
329 939 420 984 hoc
446 953 541 983 non
569 938 787 997 competit
813 939 854 982 ei
878 953 963 983 nec
990 953 1162 983 nomen
1188 937 1366 992 inferni,
1388 953 1474 983 nec
1502 948 1605 982 sunt
1632 938 1693 981 ibi
1711 937 1849 996 aliqui
1875 936 2082 981 dolores:

121 1006 206 1052 alio
231 1006 352 1052 modo
378 1016 527 1066 potest
552 1005 829 1050 considerari
856 1017 1076 1065 quantum
1105 1006 1159 1049 ad
1177 1005 1480 1065 privationem
1507 1005 1681 1063 gloriae
1699 1015 1928 1064 speratae:
1955 1013 2000 1048 et
2020 1017 2085 1048 se-

124 1074 324 1119 cundum
348 1073 440 1118 hoc
477 1073 615 1117 habet
646 1074 871 1117 rationem
898 1071 1074 1128 inferni,
1103 1083 1146 1117 et
1172 1071 1369 1117 doloris:
1398 1083 1442 1116 et
1477 1073 1580 1116 ideo
1618 1086 1738 1116 nunc
1767 1072 1930 1115 dicitur
1961 1070 2084 1115 sinus

121 1140 333 1186 Abrahae
355 1139 433 1184 illa
449 1140 626 1200 requies
642 1141 903 1194 beatorum3
929 1153 1024 1184 non
1040 1150 1195 1184 tamen
1213 1140 1374 1184 dicitur
1389 1138 1606 1194 infernus,
1623 1153 1708 1183 nec
1733 1138 1941 1182 dicuntur
1962 1150 2084 1181 nunc

119 1206 168 1253 in
195 1207 296 1253 sinu
321 1207 534 1252 Abrahae
558 1221 656 1252 esse
683 1206 879 1252 dolores.

209 1275 286 1320 AD
308 1288 535 1326 QmNTUM
561 1275 820 1328 dicendum,
848 1275 984 1333 quod,
998 1274 1113 1319 sicut
1141 1274 1392 1333 Gregorius
1418 1274 1524 1318 ibid.
1547 1274 1724 1332 (scilicet
1750 1273 1821 1318 lib.
1849 1285 1905 1332 13.
1926 1270 2084 1316 Moral.

120 1351 210 1403 cap.
222 1343 297 1388 ult.
312 1343 365 1388 ad
370 1343 470 1402 fin.)
483 1342 712 1402 dicit,ipsa
731 1343 964 1401 superiora
979 1342 1083 1386 loca
1109 1342 1271 1386 inferni
1292 1342 1669 1402 profundissimum
1692 1342 1905 1400 infernum
1921 1348 2082 1383 vocat:

124 1410 203 1455 «si
237 1409 360 1454 enim
398 1420 619 1469 quantum
655 1410 710 1453 ad
745 1409 1062 1453 celsitudinem
1089 1407 1208 1453 coeli
1235 1413 1311 1453 aer
1342 1409 1425 1453 iste
1453 1408 1730 1468 caliginosus
1765 1406 1967 1452 infernus
2005 1415 2086 1459 est,

121 1488 340 1538 quantum
368 1478 423 1521 ad
451 1478 655 1536 ejusdem
682 1477 796 1520 aeris
831 1476 1129 1534 altitudinem,
1156 1486 1274 1520 terra
1301 1490 1417 1535 quae
1443 1476 1628 1520 inferius
1653 1476 1785 1534 jacet,
1813 1483 1857 1518 et
1882 1472 2085 1517 infernus

21 1570 45 1599 2„
121 1544 327 1604 intelligi,
355 1554 400 1588 et
424 1543 699 1603 profundum
722 1554 895 1602 potest:
920 1554 1139 1602 quantum
1165 1557 1275 1586 vero
1304 1543 1359 1586 ad
1387 1543 1591 1601 ejusdem
1608 1552 1756 1587 terrae
1784 1540 2085 1593 altitudinem,

122 1621 169 1657 et
192 1611 296 1656 loca
325 1610 402 1655 illa
427 1610 606 1665 inferni,
633 1625 748 1670 quae
775 1611 1008 1669 superiora
1034 1620 1139 1654 sunt
1165 1609 1263 1654 aliis
1289 1609 1590 1669 receptaculis
1615 1608 1795 1663 inferni,
1826 1608 1917 1652 hoc
1941 1607 2084 1651 modo

122 1676 285 1723 inferni
309 1676 652 1738 profundissimi
673 1677 977 1738 appellatione
1004 1676 1316 1736 significantur
1331 1693 1372 1721 ».

824 1823 1260 1881 ARTICULUS
1302 1824 1402 1880 III.
2001 1834 2086 1878 288

439 1944 634 1984 UTRUM
669 1943 936 1983 CHRISTUS
970 1945 1167 1984 FUERIT
1201 1944 1388 1983 TOTUS
1422 1945 1477 1983 IN
1511 1944 1768 1984 INFERNO.

856 2041 1033 2105 (Opusc.
1051 2056 1091 2086 2.
1112 2049 1202 2101 cap.
1219 2040 1351 2100 256),

212 2140 289 2189 AD
315 2154 532 2188 TERTIUM
564 2143 627 2187 sic
654 2143 926 2202 proceditur.
959 2144 1167 2199 Videtur,
1198 2144 1321 2204 quod
1355 2144 1565 2189 Christus
1596 2157 1691 2188 non
1723 2142 1857 2187 fuerit
1887 2151 2009 2186 totus
2041 2139 2087 2183 in

112 2206 324 2256 'infemot
352 2223 517 2270 corpus
545 2210 668 2254 enim
696 2209 869 2255 Christi
894 2222 962 2256 est
983 2226 1086 2271 pars
1109 2213 1225 2271 ejus:
1250 2211 1331 2256 sed
1358 2226 1522 2271 corpus
1541 2211 1715 2257 Christi
1730 2225 1825 2255 non
1850 2208 1934 2253 fuit
1958 2208 2005 2251 in
2026 2206 2090 2251 in-

30 2271 51 2332 ξ
122 2276 278 2333 ferno;
304 2291 415 2336 ergo
440 2287 563 2322 totus
590 2277 800 2323 Christus
823 2293 918 2323 non
949 2278 1033 2324 fuit
1058 2279 1105 2323 in
1130 2278 1323 2324 inferno.

39 2399 59 2409 .,.=
213 2357 254 2390 2.
279 2344 577 2390 PRAETEREA.
611 2343 752 2399 Nihil,
781 2346 908 2405 cujus
939 2355 1089 2405 partes
1116 2347 1169 2391 ab
1187 2347 1385 2391 invicem
1414 2355 1649 2405 separatae
1676 2355 1794 2398 sunt,
1817 2353 1967 2404 potest
1998 2341 2088 2385 dici

121 2421 295 2459 totum:
322 2411 400 2456 sed
420 2425 598 2470 corpus,
616 2422 661 2457 et
678 2412 846 2467 anima,
866 2427 982 2472 quae
1000 2424 1104 2458 sunt
1121 2424 1268 2474 partes
1283 2413 1513 2457 humanae
1530 2424 1734 2467 naturae,
1751 2411 1934 2456 fuerunt
1956 2410 2009 2454 ab
2027 2409 2090 2452 in-

122 2478 275 2524 vicem
299 2489 532 2538 separatae
558 2489 663 2539 post
688 2490 901 2534 mortem,
925 2491 973 2524 ut
998 2496 1134 2541 supra
1161 2482 1334 2526 dictum
1358 2490 1424 2525 est
1451 2481 1511 2539 (q.
1534 2494 1601 2539 50.
1629 2486 1710 2524 art.
1737 2481 1799 2537 4.)
1817 2493 1830 2521 .·
1857 2478 2090 2522 descendit

54 2565 66 2605 ,ῥτ
112 2544 279 2602 sautem
306 2547 362 2591 ad
389 2544 617 2591 infernum
638 2557 846 2592 mortuus
872 2548 1089 2603 existens3
1115 2563 1209 2592 non
1237 2562 1347 2607 ergo
1374 2548 1522 2608 potuit
1549 2561 1648 2592 esse
1675 2557 1797 2591 totus
1824 2546 1870 2589 in
1895 2544 2088 2590 inferno.

49 2615 61 2669 ᾗ
219 2628 256 2673 3.
283 2613 581 2658 PRAETEREA.
607 2612 723 2658 Illud
740 2624 890 2659 totum
909 2615 1071 2660 dicitur
1088 2630 1186 2661 esse
1209 2616 1255 2660 in
1284 2615 1436 2675 aliquo
1463 2615 1586 2669 loc0,
1604 2616 1730 2673 cujus
1748 2613 1863 2658 nihil
1879 2623 1944 2658 est
1967 2623 2090 2658 extra

126 2679 283 2727 locum
310 2680 465 2726 illum:
493 2680 572 2725 sed
599 2680 767 2741 aliquid
790 2681 963 2727 Christi
985 2694 1080 2728 erat
1099 2693 1222 2728 extra
1238 2682 1490 2738 infernum;
1517 2682 1623 2742 quia
1646 2696 1811 2742 corpus
1839 2690 1934 2725 erat
1958 2681 2004 2724 in
2026 2694 2092 2725 se-

124 2747 335 2809 pulchro,
362 2759 407 2792 et
431 2747 640 2792 divinitas
666 2748 855 2808 ubique;
882 2764 992 2809 ergo
1021 2750 1231 2795 Christus
1258 2765 1351 2794 non
1378 2749 1462 2794 fuit
1486 2759 1609 2794 totus
1635 2749 1680 2792 in
1707 2748 1900 2793 inferno.

218 2815 313 2860 SED
341 2828 536 2860 CONTRA
554 2825 635 2870 est,
652 2817 774 2875 quod
791 2817 983 2876 August.
1003 2817 1111 2861 dicit
1128 2817 1175 2861 in
1193 2817 1306 2862 libro
1331 2831 1366 2876 3.
1395 2818 1451 2861 de
1470 2816 1628 2876 Symb.
1647 2817 1761 2876 (cap.
1780 2815 1842 2875 7.)
1856 2832 1869 2860 .·
1900 2832 1923 2856 «
1943 2813 2091 2859 Totus

126 2882 266 2928 Filius
294 2882 412 2941 apud
438 2882 637 2936 Patrem,
668 2893 791 2927 totus
823 2884 870 2928 in
902 2884 1050 2943 coelo,
1077 2895 1199 2930 totus
1234 2887 1279 2929 in
1311 2895 1445 2939 terra,
1477 2894 1599 2928 totus
1632 2884 1678 2927 in
1712 2894 1841 2927 utero
1874 2881 2091 2941 Virginis,

36 2959 61 3015 ss
125 2960 248 2996 totus
265 2950 310 2993 in
330 2963 480 3004 cruce,
505 2959 627 2994 totus
649 2949 695 2993 in
721 2949 913 3005 inferno,
940 2962 1062 2996 totus
1091 2954 1136 2996 in
1159 2953 1386 3012 paradiso,
1413 2966 1504 3010 quo
1533 2952 1758 2995 latronem
1785 2949 2092 2993 introduxit».

58 3019 61 3024 ⁴
215 3016 503 3062 REsPONDEO
543 3017 800 3071 dicendum,
842 3019 980 3077 quod,
1020 3020 1136 3063 sicut
1172 3029 1295 3078 patet
1327 3033 1381 3063 ex
1414 3019 1499 3072 his,
1533 3032 1648 3077 quae
1682 3017 1727 3060 in
1766 3030 1800 3060 1.
1835 3016 1954 3059 dicta
1986 3025 2092 3059 sunt

127 3083 189 3145 (q.
216 3099 275 3144 31.
303 3091 373 3129 art
398 3098 437 3129 2.
470 3083 525 3128 ad
554 3084 636 3141 4.),
674 3084 978 3129 masculinum
1016 3101 1158 3144 genus
1192 3085 1382 3130 refertur
1415 3086 1470 3129 ad
1503 3084 1803 3145 hypostasim,
1836 3082 1907 3126 vel
1943 3095 2092 3141 perso—

126 3165 261 3206 nam3
286 3161 497 3195 neutrum
532 3160 683 3195 autern
717 3165 860 3209 genus
892 3152 1085 3210 pertinet
1117 3153 1171 3197 ad
1205 3164 1439 3197 naturam:
1474 3153 1518 3195 in
1554 3161 1701 3195 morte
1736 3159 1887 3193 autern
1921 3148 2093 3193 Christi

42 3236 64 3273 ss.
125 3217 232 3265 licet
254 3219 406 3262 anima
422 3217 556 3262 fuerit
573 3228 779 3277 separata
797 3232 823 3261 a
841 3232 1047 3278 corpore,
1071 3230 1284 3264 neutrum
1300 3230 1455 3264 tamen
1475 3218 1558 3263 fuit
1574 3227 1833 3276 separatum
1853 3229 1877 3258 a
1895 3229 2091 3274 persona

48 3282 65 3350 ζ
127 3281 230 3331 Filii
254 3285 357 3339 Dei,
394 3295 442 3329 ut
473 3299 607 3344 supra
644 3284 815 3328 dictum
853 3295 920 3330 est
947 3285 1004 3344 (q.
1025 3301 1092 3345 50.
1120 3293 1202 3332 art.
1235 3289 1325 3343 2.).·
1354 3296 1398 3330 et
1423 3285 1527 3329 ideo
1560 3284 1605 3327 in
1638 3283 1717 3327 illo
1744 3282 1893 3326 triduo
1929 3281 2089 3326 mortis

62 3371 64 3375 ’
131 3348 302 3396 Christi
327 3352 572 3396 dicendum
590 3361 671 3404 est,
689 3351 811 3410 quod
827 3361 948 3396 totus
968 3350 1176 3397 Christus
1199 3352 1281 3397 fuit
1297 3353 1343 3396 in
1366 3351 1632 3411 sepulchro:
1660 3349 1765 3408 quia
1782 3359 1878 3392 tota
1896 3362 2092 3408 persona

51 3447 53 3449 ·
129 3415 214 3462 fuit
238 3417 299 3462 ibi
324 3432 404 3477 per
440 3432 605 3477 corpus
632 3418 715 3462 sibi
751 3418 949 3463 unitum:
977 3429 1022 3463 et
1046 3419 1253 3464 similiter
1284 3429 1406 3464 totus
1438 3417 1521 3462 fuit
1546 3417 1591 3460 in
1623 3415 1822 3460 inferno:
1857 3416 1962 3474 quia
1994 3426 2091 3462 tota

50 3480 74 3538 s
128 3498 328 3549 persona
346 3484 519 3532 Christi
543 3484 627 3547 fuit
651 3483 713 3528 ibi
739 3484 913 3530 ratione
933 3487 1111 3531 animae
1137 3486 1221 3532 sibi
1247 3486 1422 3531 unitae:
1449 3494 1572 3530 totus
1590 3483 1727 3528 etiam
1747 3482 1958 3528 Christus
1982 3493 2090 3528 tunc

133 3561 230 3597 erat
253 3550 426 3612 ubique
444 3552 620 3597 ratione
646 3551 825 3597 divinae
851 3561 1052 3598 naturae.
