2352 3926
628 272 903 321 ouans-rto
938 273 1160 315 Lxxxix.
1199 272 1506 316 anncums
1543 275 1579 315 1.
1970 260 2070 316 821

862 485 1293 544 ARTICULUS
1328 487 1370 543 Ι.
1994 510 2076 557 540

325 617 515 658 uTRvM
554 620 653 659 PER
690 620 1105 661 POENITENTIAM
1143 620 1412 661 vaUTEs
1452 618 1888 660 RESTITUANTUR.

487 727 594 785 (2-2.
620 744 659 788 q.
679 744 744 788 52·
767 737 845 776 art.
864 745 900 790 3.
927 731 981 775 ad
1001 746 1036 790 3.
1059 738 1097 776 et
1116 745 1158 788 4.
1181 732 1292 776 Dist.
1315 744 1379 787 14.
1406 745 1444 789 q.
1471 745 1510 775 2.
1534 736 1614 776 art.
1641 729 1719 787 2.).

218 837 295 882 AD
320 850 506 884 mumma
524 840 587 884 sic
615 841 886 899 proceditur.
913 841 1117 896 Videtur,
1143 842 1265 902 quod
1295 856 1374 901 per
1404 841 1731 901 poenitentiam
1762 841 1948 884 virtutes
1979 852 2072 883 non

130 903 445 961 restituantur3
476 921 569 951 non
602 907 723 951 enim
755 918 940 967 possent
970 908 1156 953 virtutes
1189 909 1385 953 omissae
1418 923 1498 967 per
1529 908 1855 968 poenitentiam
1885 906 2073 959 restitui,

130 969 217 1015 nisi
241 973 518 1031 poenitentia
542 973 729 1018 virtutes
756 985 983 1019 causaret:
1008 974 1085 1019 sed
1112 975 1403 1033 poenitentia,
1427 989 1530 1019 cum
1558 975 1615 1019 sit
1639 974 1792 1029 virtus,
1819 988 1912 1018 non
1925 982 2074 1033 potest

130 1050 228 1082 esse
254 1052 390 1083 causa
417 1041 623 1084 omniurn
649 1041 880 1095 virtutum,
906 1042 1170 1100 praesertim
1197 1055 1302 1085 curn
1330 1042 1554 1100 quaedam
1579 1042 1763 1086 virtutes
1789 1041 1878 1084 sint
1897 1049 2074 1084 natura·

128 1102 232 1149 liter
255 1105 426 1165 priores
453 1107 743 1165 poenitentia,
770 1107 943 1152 scilicet
970 1108 1095 1163 fides,
1122 1122 1238 1167 spes,
1266 1118 1309 1152 et
1334 1108 1542 1162 charitas,
1570 1118 1617 1152 ut
1643 1121 1777 1166 supra
1803 1107 1973 1151 dictum
2006 1115 2072 1150 est

128 1170 189 1231 (q.
214 1172 276 1231 85.
302 1178 386 1218 art.
412 1173 506 1231 6.)‚·
534 1188 644 1233 ergo
671 1189 751 1234 per
775 1175 1101 1234 poenitentiam
1125 1189 1219 1219 non
1246 1175 1538 1219 restituuntur
1562 1175 1761 1219 virtutes.

151 1265 154 1267 Δ
216 1250 258 1284 2.
289 1238 584 1285 PRAETEREA.
618 1241 906 1286 Poenitentia
942 1243 987 1286 in
1024 1242 1294 1302 quibusdam
1330 1242 1501 1286 actibus
1538 1241 1809 1300 poenitentis
1844 1239 2071 1294 consistit3

128 1304 206 1350 sed
227 1305 413 1351 virtutes
439 1307 660 1365 gratuitae
681 1322 775 1352 non
803 1318 1043 1353 causantur
1068 1323 1120 1353 ex
1147 1309 1320 1357 actibus
1340 1309 1527 1362 nostris3
1545 1308 1654 1352 dicit
1671 1308 1792 1352 enim
1810 1308 2004 1366 August.
2025 1306 2072 1349 in

126 1371 203 1416 lib.
228 1384 269 1416 2.
294 1372 350 1417 de
376 1373 542 1418 Libero
568 1374 712 1419 Arbit.
740 1376 855 1435 (cap.
882 1377 945 1421 18.
967 1383 1005 1421 et
1029 1378 1074 1420 in
1099 1376 1207 1420 Psal.
1235 1377 1322 1421 118.
1345 1390 1457 1420 conc.
1475 1375 1546 1420 26.
1570 1381 1663 1419 ante
1679 1374 1822 1432 med),
1846 1373 1968 1432 quod
1990 1373 2073 1416 vir-

125 1448 243 1484 tutes
266 1439 394 1485 Deus
418 1440 466 1484 in
487 1441 617 1486 nobis
643 1442 739 1487 sine
765 1443 897 1487 nobis
914 1454 1148 1503 operatur3
1167 1457 1276 1503 ergo
1292 1443 1482 1499 videtur,
1506 1443 1628 1503 quod
1644 1457 1724 1502 per
1744 1441 2071 1502 poenitentiam

125 1519 220 1551 non
244 1506 534 1552 restituantur
557 1509 758 1554 virtutes.

217 1586 254 1633 3.
280 1573 576 1620 PRAETEREA.
601 1576 782 1620 Habens
799 1576 1012 1621 virtutem
1030 1577 1125 1621 sine
1143 1576 1419 1631 difficultate,
1443 1586 1487 1621 et
1504 1575 1829 1621 delectabiliter
1845 1584 1971 1619 actus
1987 1575 2071 1618 vir-

124 1650 272 1685 tutum
298 1651 524 1700 operatur,
550 1643 669 1687 unde
693 1643 867 1688 Philos.
895 1644 1003 1688 dicit
1029 1646 1073 1688 in
1105 1659 1141 1689 1.
1169 1645 1314 1688 Ethic.
1343 1645 1452 1705 (cap.
1485 1645 1528 1690 8.
1553 1658 1579 1688 a
1604 1643 1728 1702 med.)
1763 1642 1885 1702 quod
1919 1659 1943 1685 ι(
1975 1655 2070 1686 non

125 1716 192 1752 est
215 1708 376 1766 justus,
398 1709 476 1768 qui
499 1723 594 1754 non
620 1712 787 1769 gaudet
810 1712 926 1769 justa
953 1713 1217 1771 operatione
1249 1727 1299 1755 »t
1333 1712 1412 1756 sed
1444 1711 1575 1755 multi
1605 1711 1887 1771 poenitentes
1919 1709 2068 1753 adhuc

124 1772 434 1820 difficultatem
451 1776 679 1835 patiuntur
694 1778 741 1820 in
763 1778 994 1838 operando
1014 1789 1138 1823 actus
1154 1779 1390 1834 virtutum3
1408 1793 1502 1823 non
1519 1792 1628 1837 ergo
1647 1792 1726 1837 per
1740 1776 2069 1838 poenitentiam

124 1841 418 1887 restituuntur
439 1843 640 1888 virtutes.

213 1907 308 1953 SED
335 1921 530 1955 CONTRA
556 1921 637 1964 est,
660 1911 796 1970 quod,
822 1912 940 1956 sicut
958 1912 1069 1957 Luc.
1102 1926 1167 1969 15.
1194 1912 1372 1972 legitur,
1398 1923 1524 1973 pater
1548 1911 1793 1965 mandavit,
1811 1910 1932 1970 quod
1950 1909 2068 1953 filius

122 1975 360 2034 poenitens
383 1976 646 2022 indueretur
672 1978 789 2023 stola
810 1979 969 2038 prima,
995 1994 1110 2039 quae
1137 1980 1387 2024 secundum
1414 1979 1628 2023 Ambros.
1655 1979 1722 2036 (in
1749 1978 1854 2022 hunc
1886 1977 1984 2032 loc.)
2001 1986 2069 2020 est

126 2057 150 2082 α
166 2042 358 2088 amictus
383 2044 631 2103 sapientiae
647 2062 690 2100 »,
713 2060 850 2104 quarn
876 2046 1012 2090 simul
1039 2056 1378 2106 consequuntur
1403 2060 1565 2090 omnes
1590 2046 1791 2099 virtutes,
1817 2044 2068 2089 secundum

120 2107 232 2153 illud
249 2109 355 2169 Sap.
373 2111 439 2155 8.:
468 2112 753 2166 sobrietatem,
772 2119 810 2158 et
828 2115 1035 2172 justitiam
1057 2114 1183 2165 docet,
1195 2113 1465 2173 prudentiam
1482 2120 1520 2158 et
1534 2114 1747 2167 virtutem,
1761 2113 1906 2171 quibus
1927 2110 2069 2155 utilius

119 2175 228 2221 nihil
249 2183 308 2222 est
331 2178 377 2232 in
400 2178 491 2222 vita
516 2179 749 2224 hominibus
760 2194 776 2232 ,·
806 2194 916 2239 ergo
943 2195 1022 2238 per
1037 2180 1364 2239 poenitentiam
1383 2194 1543 2224 omnes
1560 2180 1746 2223 virtutes
1762 2178 2066 2222 restituuntur.

208 2242 498 2290 RESPONDEO
535 2246 793 2304 dicendum,
831 2247 952 2306 quod
984 2262 1066 2307 per
1100 2248 1427 2307 poenitentiam
1462 2239 1750 2292 remittuntur
1785 2256 1986 2304 peccata,
2019 2255 2068 2288 ut

119 2309 290 2355 dictum
318 2322 387 2356 est
413 2312 470 2371 (q.
497 2313 568 2358 86.
595 2320 678 2359 art.
705 2314 791 2372 t.);
819 2315 1027 2359 remissio
1055 2325 1207 2359 autem
1238 2325 1533 2374 peccatorum
1564 2328 1657 2358 non
1684 2323 1832 2373 potest
1857 2326 1954 2357 esse
1979 2311 2068 2355 nisi

118 2390 197 2436 per
232 2377 508 2423 infusionem
541 2381 737 2439 gratiae3
778 2381 897 2426 unde
937 2381 1216 2441 relinquitur,
1252 2382 1374 2440 quod
1414 2396 1494 2440 per
1529 2381 1855 2440 poenitentiam
1887 2379 2067 2423 homini

118 2444 262 2503 gratia
276 2444 556 2502 infundatur3
575 2461 628 2491 ex
637 2447 784 2506 gratia
803 2458 954 2492 autem
973 2459 1311 2507 consequuntur
1328 2462 1488 2492 omnes
1505 2449 1689 2492 virtutes
1705 2448 1937 2506 gratuitae,
1949 2446 2066 2490 sicut

118 2523 172 2556 ex
182 2513 377 2558 essentia
394 2515 574 2558 animae
584 2514 729 2559 fluunt
741 2529 901 2560 omnes
913 2516 1157 2574 potentiae,
1174 2524 1221 2559 ut
1237 2516 1283 2559 in
1302 2527 1341 2559 2.
1355 2515 1559 2559 habitum
1573 2525 1642 2559 est
1659 2514 1754 2571 (1-2.
1769 2529 1806 2572 q.
1819 2528 1907 2558 110.
1925 2518 2004 2556 art.
2021 2526 2063 2568 4.

117 2578 172 2624 ad
190 2580 280 2638 ἰ.).·
306 2581 426 2626 unde
449 2582 729 2642 relinquitur,
751 2583 874 2642 quod
899 2597 979 2642 per
1004 2583 1330 2642 poenitentiam
1364 2596 1524 2626 omnes
1549 2582 1735 2626 virtutes
1762 2580 2063 2625 restituantur.

205 2647 283 2691 AD
314 2660 501 2694 PRIMUM
527 2662 637 2708 ergo
663 2649 920 2703 dicendum,
947 2650 1068 2709 quod
1101 2650 1264 2694 eodem
1298 2649 1438 2693 modo
1464 2649 1741 2708 poenitentia
1766 2647 1958 2691 restituit
1981 2645 2066 2688 vir-

116 2722 251 2768 tutes,
266 2727 347 2773 per
370 2729 509 2778 quem
526 2716 717 2760 modum
734 2726 801 2760 est
817 2731 952 2761 causa
970 2717 1154 2776 gratiae,
1172 2726 1221 2760 ut
1236 2718 1330 2776 jam
1356 2715 1527 2760 dictum
1546 2725 1611 2760 est
1626 2718 1690 2773 (in
1712 2723 1823 2774 corp.
1842 2720 1879 2758 et
1895 2728 1933 2772 q.
1951 2713 2062 2770 86.).·

118 2790 185 2825 est
211 2791 363 2826 autem
389 2796 528 2827 causa
552 2784 737 2842 gratiae,
767 2785 1037 2843 inquantum
1070 2794 1137 2829 est
1166 2794 1526 2838 sacramentum3
1558 2797 1665 2827 narn
1697 2783 1965 2839 inquantum
1998 2788 2065 2823 est

116 2847 257 2892 virtus
282 2859 350 2893 est
380 2849 527 2908 magis
553 2850 957 2908 gratiae'effectus:
985 2862 1029 2895 et
1052 2851 1156 2895 ideo
1188 2865 1282 2895 non
1308 2860 1502 2910 oportet,
1535 2850 1655 2908 quod
1682 2847 1973 2907 poenitentia,
1997 2860 2064 2890 se-

117 2915 318 2960 cundum
343 2916 466 2974 quod
493 2926 562 2961 est
590 2916 746 2970 virtus»,
777 2917 835 2960 sit
859 2931 995 2961 causa
1017 2918 1224 2962 omnium
1241 2917 1432 2962 aliarum
1463 2918 1703 2969 virtutum3
1736 2915 1815 2959 sed
1848 2914 1970 2973 quod
1987 2913 2063 2956 ha-

115 2980 232 3026 bitus
264 2983 569 3040 poenitentiae
601 2982 738 3027 simul
777 2997 884 3027 cum
919 2984 1098 3028 habitus
1139 2984 1330 3029 aliarum
1361 2985 1576 3027 virtutum
1607 2996 1686 3042 per
1725 2990 2059 3026 sacramentum

114 3049 420 3107 poenitentiae
447 3060 667 3094 causetur.

204 3115 280 3160 An
306 3129 566 3161 SECUNDUM
593 3116 853 3172 dicendum,
877 3119 998 3178 quod
1020 3119 1065 3163 in
1093 3128 1378 3164 sacramento
1401 3116 1704 3176 poenitentiae
1724 3126 1849 3160 actus
1871 3114 2060 3159 humani

114 3194 165 3226 se
183 3181 353 3228 habent
378 3183 692 3229 materialiter:
712 3185 787 3229 sed
804 3183 1008 3230 formalis
1032 3187 1100 3230 vis
1122 3186 1255 3244 hujus
1282 3184 1553 3229 sacramenti
1572 3183 1793 3242 dependet
1820 3196 1872 3226 ex
1897 3182 2060 3226 virtute

115 3248 327 3293 clavium.
353 3250 410 3295 Et
434 3250 539 3295 ideo
564 3251 706 3295 virtus
733 3250 931 3295 clavium
957 3251 1163 3297 effective
1190 3261 1347 3296 causat
1369 3251 1576 3310 gratiam,
1609 3260 1653 3295 et
1676 3251 1876 3303 virtutes,
1903 3249 2061 3293 instru-

114 3316 372 3361 mentaliter
395 3327 572 3362 tamen:
596 3317 675 3362 sed
702 3327 827 3363 actus
851 3319 1021 3378 primus
1047 3319 1319 3379 poenitentis
1338 3332 1386 3362 se
1413 3318 1549 3361 habet
1565 3327 1614 3361 ut
1637 3317 1796 3361 ultima
1821 3315 2058 3375 dispositio

113 3382 169 3427 ad
196 3385 388 3443 gratiam
415 3385 800 3445 consequendam,
825 3385 999 3431 scilicet
1023 3387 1258 3441 contritio;
1286 3385 1361 3430 alii
1390 3399 1500 3430 vero
1526 3395 1765 3444 sequentes
1798 3393 1924 3428 actus
1955 3397 2059 3442 poe-

112 3450 329 3496 nitentiae
350 3453 635 3511 procedunt
626 3466 717 3510 Jam
745 3466 798 3496 ex
825 3452 983 3511 gratia,
1009 3462 1052 3497 et
1076 3454 1325 3498 virtutibus

201 3517 279 3563 AD
296 3530 514 3564 TERTIUM
540 3519 798 3573 dicendum,
815 3519 953 3578 quod,
978 3519 1094 3565 sicut
1118 3535 1253 3580 supra
1279 3521 1451 3564 dictum
1469 3528 1535 3564 est
1559 3520 1620 3577 (q.
1634 3519 1704 3564 86.
1732 3524 1812 3563 art.
1829 3519 1903 3578 5.)‚
1922 3531 2059 3577 quan-

113 3582 274 3643 doque*
289 3595 393 3644 post
415 3586 616 3644 primum
638 3594 791 3631 actum
808 3586 1126 3646 poenitentiae,
1145 3588 1221 3647 qui
1247 3596 1315 3632 est
1331 3586 1558 3640 contriti0,
1574 3596 1809 3630 remanent
1833 3585 2058 3644 quaedam

112 3650 328 3711 reliquiae
352 3662 662 3712 peccatorum,
699 3652 872 3699 scilicet
896 3652 1213 3714 dispositiones
1240 3669 1293 3699 ex
1318 3654 1538 3714 prioribus
1565 3652 1736 3698 actibus
1762 3662 2056 3712 peccatorum
