2352 3926
327 181 434 252 398
644 219 651 232 ,
854 195 1131 244 QUAEs‘rro
1168 195 1313 238 XLVI.
1353 193 1664 243 Anne-,ntus
1700 196 1756 236 x,

317 306 510 345 sanctum
530 307 712 358 puerum
741 303 856 342 tuum
883 298 1037 354 Iesum,
1066 312 1185 356 quem
1216 298 1390 352 unxisti,
1413 296 1610 351 Herodes,
1637 303 1674 342 et
1698 297 1870 344 Pontius
1885 299 2045 345 Pilatus
2069 314 2163 345 cum
2186 313 2285 360 gm-

319 369 440 419 tibus,
469 372 505 409 et
523 365 688 424 populis
719 365 867 408 Ιςναέῑ.

407 434 484 477 AD
512 445 773 476 SECUNDUM
796 431 1057 485 dicendum,
1082 431 1207 491 quod
1227 430 1414 476 Chistus
1431 446 1526 475 non
1542 432 1588 475 in
1603 431 1792 491 templo,
1819 442 1896 477 aut
1918 433 1965 478 in
1983 434 2179 489 civitate,
2202 435 2284 479 sed

318 510 441 543 extra
468 509 647 558 portam
674 513 830 556 passus
864 509 943 551 est,
977 509 1161 558 propter
1183 501 1293 543 tria:
1319 501 1463 558 primo
1487 499 1685 557 quidem,
1713 509 1761 543 ut
1791 500 1956 544 veritas
1991 501 2286 559 responderet

316 567 512 625 figurae3
539 581 646 608 nam
673 565 839 608 vitulus
867 575 909 609 et
941 565 1109 619 hircus,
1146 566 1224 625 qui
1264 565 1605 610 solemnissimo
1645 565 1869 611 sacrificio
1897 566 1957 611 ad·
1977 567 2283 626 expiationem

314 634 453 677 totius
480 633 780 677 multitudinis
814 632 1133 686 offerebantur,
1166 642 1290 676 extra
1323 643 1469 677 castra
1502 633 1899 689 comburebantur,
1931 643 1980 685 ut
2010 634 2284 693 praecipitur

318 701 461 743 Levit.
495 698 575 743 16:
611 700 729 743 unde
757 700 919 743 dicitur
946 699 1061 744 Heb.
1093 713 1172 759 13.:
1203 701 1399 757 Quorum
1428 701 1677 744 animalium
1699 701 1881 758 infertur
1899 703 2066 760 sanguis
2089 709 2171 761 pro
2190 709 2284 762 pec-

318 773 407 811 cato
446 769 490 810 in
526 773 672 811 sancta
697 774 775 825 per
813 768 1071 823 Pontificem,
1114 767 1263 811 horum
1305 776 1486 826 corpora
1513 773 1752 811 cremantur
1777 774 1895 812 extra
1921 766 2084 814 castra:
2109 775 2284 828 propter

317 834 425 893 quod
449 841 488 879 et
502 835 632 890 Iesus,
646 841 692 878 ut
711 835 988 892 sanctificaret
997 842 1076 892 per
1087 849 1207 878 suum
1222 836 1465 892 sanguinem
1482 835 1701 894 populum,
1720 841 1840 879 extra
1856 842 2031 894 portam
2045 842 2281 893 passu-test:

317 902 506 956 secundm
532 911 580 945 ut
605 916 685 960 per
711 902 802 945 hoc
826 902 951 945 daret
967 901 1098 944 nobis
1114 901 1379 960 exemplum
1398 902 1590 945 exeundi
1608 901 1887 947 a‘mundana
1905 902 2280 957 conversatione:

318 970 439 1012 unde
467 969 637 1012 ibidem
679 969 901 1012 subditur:
929 970 1141 1012 Exeamus
1173 970 1305 1026 igitur
1345 969 1398 1016 ad
1424 984 1515 1013 eum
1547 975 1666 1013 extra
1696 975 1847 1022 castra,
1874 971 2174 1029 improperium
2191 972 2283 1028 μίας

311 1043 561 1096 portantes:
597 1037 734 1090 tertio,
770 1045 819 1080 ut
860 1035 1099 1094 Chrysost.
1132 1036 1180 1079 in
1212 1050 1347 1079 serm.
1383 1035 1438 1079 de
1475 1035 1598 1080 Pass.
1635 1036 1721 1091 (seu
1752 1035 1798 1081 de
1833 1036 1982 1091 Cruce,
2013 1043 2050 1084 et
2080 1036 2280 1093 Latrpna,
2310 1051 2320 1057 ‘

319 1096 524 1162 aliquarit.
549 1118 574 1147 a
594 1103 758 1162 princ.)
786 1102 915 1146 dicit:
953 1120 975 1144 «
1004 1102 1165 1146 Noluit
1186 1103 1415 1145 Dominus
1438 1103 1530 1160 pati
1555 1103 1635 1146 sub
1663 1113 1800 1155 tecto,
1826 1117 1920 1147 non
1945 1104 1991 1146 in
2015 1102 2192 1162 templo
2210 1103 2282 1161 Ju-

317 1171 465 1224 daico,
488 1185 545 1214 ne
566 1170 728 1228 Judaei
754 1170 1071 1215 subtraherent
1096 1169 1370 1213 sacrificium
1389 1169 1600 1223 salutare,
1621 1184 1678 1213 ne
1698 1180 1877 1228 putares
1892 1184 1975 1229 pro
2000 1169 2079 1214 illa
2102 1180 2279 1221 tantum

316 1238 448 1297 plebe
475 1237 681 1281 oblatum
700 1254 710 1282 :
738 1247 782 1280 et
807 1237 911 1280 ideo
934 1236 1056 1279 foras
1085 1236 1329 1289 civitatem,
1352 1235 1472 1279 foras
1486 1250 1654 1290 muros,
1672 1247 1720 1280 ut
1740 1237 1858 1280 scias
1882 1236 2159 1287 sacrificium
2182 1251 2282 1288 esse

317 1319 580 1358 commune,
609 1304 730 1362 quod
758 1304 896 1347 totius
920 1313 988 1347 est
1008 1313 1154 1347 terrae
1187 1302 1375 1356 oblatio,
1402 1303 1525 1360 quod
1552 1303 1814 1347 communis
1839 1313 1915 1347 est.
1930 1303 2185 1362 purificatio
2209 1319 2253 1349 2³.

405 1372 481 1415 AD
505 1384 721 1415 TERTIUM
749 1370 1007 1422 dicendum,
1027 1370 1164 1428 quod,
1193 1372 1308 1412 sicut
1335 1370 1588 1412 Hier-onim.
1614 1370 1721 1413 dicit
1747 1384 1844 1428 sup.
1862 1369 2023 1416 Matth.
2050 1370 2162 1431 (supi.
2179 1370 2285 1420 illud

315 1446 407 1498 capi.
435 1452 521 1497 27.:
549 1440 607 1482 Et
630 1443 832 1482 venerunt
859 1439 903 1480 in
929 1437 1080 1489 locum,
1103 1436 1215 1494 eta),
1252 1452 1275 1477 (ε
1300 1435 1504 1487 Quidam
1528 1436 1737 1494 exposuit
1770 1435 2009 1482 Calvariae
2031 1436 2206 1496 locum,
2234 1437 2283 1481 in

315 1519 406 1564 quo
434 1505 634 1564 sepultus
653 1515 720 1548 est
736 1505 903 1557 Adam,
929 1504 1033 1547 ideo
1062 1504 1124 1546 sic
1153 1503 1448 1562 appellatum,
1467 1504 1572 1562 quia
1594 1504 1656 1546 ibi
1682 1504 1855 1563 antiqui
1869 1503 2071 1549 hominis
2095 1504 2154 1554 sit
2171 1518 2284 1555 ‚con-

315 1573 458 1617 ditum
502 1571 946 1631 caput;·favorabilis
972 1571 1298 1628 interpretatio,
1337 1581 1381 1615 et
1407 1571 1613 1618 mulcens
1640 1585 1795 1615 aurem
1822 1571 1994 1630 populi,
2019 1585 2105 1622 nec
2126 1581 2282 1627 tamen

312 1655 434 1685 vera.
461 1640 598 1683 Extra
625 1640 784 1682 urbem
806 1640 944 1691 enirn,
973 1650 1017 1682 et
1041 1637 1163 1682 foras
1190 1648 1371 1697 portam
1397 1637 1501 1681 loca
1527 1648 1645 1692 sunt,
1667 1638 1714 1682 in
1741 1639 1900 1697 quibus
1922 1648 2187 1694 truncantur
2213 1653 2283 1694 ca·

313 1708 408 1766 pita
441 1707 788 1760 damnatorum3
831 1716 875 1749 et
908 1706 1148 1759 calvariae,
1174 1706 1291 1749 idest
1331 1704 1666 1749 decollatorum
1699 1720 1932 1764 sumpsere
1959 1719 2158 1761 nomen3
2177 1720 2282 1766 pm-

314 1785 471 1833 pterea
498 1785 650 1818 autern
677 1774 739 1817 ibi
766 1773 1004 1818 crucifixus
1029 1783 1097 1816 est
1114 1773 1258 1830 Jesus,
1286 1783 1335 1816 ut
1356 1773 1431 1816 ubi
1458 1775 1580 1832 prius
1607 1783 1702 1817 erat
1726 1787 1831 1817 area
1857 1773 2194 1831 damnatorum,
2218 1774 2282 1818 ibi

315 1842 596 1900 erigerentur
620 1841 786 1886 vexilla
812 1841 1030 1899 martyrii.
1058 1840 1210 1883 Adam
1231 1854 1341 1884 vero
1359 1840 1586 1898 sepultum
1605 1842 1727 1898 juxta
1744 1833 1946 1896 Hebron,
1971 1851 2017 1885 et
2040 1837 2279 1896 Αῲεε,ιιὶι

309 1909 415 1967 Jesu
442 1908 522 1951 filii
548 1909 677 1952 Nave
703 1907 939 1951 volumine
966 1906 1165 1965 legimus
1192 1924 1231 1950 ».
1260 1907 1407 1965 Magis
1435 1917 1588 1950 autem
1601 1908 1731 1966 Jesus
1755 1907 2097 1966 crucifigendus
2108 1918 2210 1956 erat
2232 1908 2279 1962 in

314 1976 421 2023 loco
456 1976 694 2019 communi
726 1975 1065 2028 damnatorum,
1093 1988 1231 2032 quam
1256 1975 1381 2032 juxta
1408 1974 1668 2032 sepulcrum
1705 1974 1849 2029 Adae,
1881 1984 1932 2021 ut
1966 1975 2280 2027 ostenderetur

314 2043 437 2101 quod
465 2057 573 2086 crux
601 2042 772 2088 Christi
797 2055 890 2084 non
918 2040 1070 2085 solum
1098 2051 1193 2084 erat
1219 2041 1264 2084 in
1291 2042 1548 2084 remedium
1581 2051 1740 2085 contra
1771 2052 2014 2100 peccatum
2037 2041 2278 2101 personale
2350 2063 2352 2066 ·

313 2110 454 2168 ipsius
480 2110 626 2163 Adae,
652 2109 733 2154 sed
759 2109 898 2153 etiam
924 2118 1083 2152 contra
1109 2117 1350 2167 peccatum
1375 2109 1514 2153 totius
1540 2104 1712 2157 mundi.

1016 2293 1452 2351 ARTICULUS
1490 2295 1589 2350 XI.
2190 2310 2278 2370 256

461 2446 652 2484 UTRUM
695 2438 1042 2485 CONVENIENS
1083 2446 1281 2483 FUERIT
1324 2445 1605 2484 CHRISTUM
1645 2445 1761 2484 CUM
1799 2412 2164 2502 amemus*

1143 2520 1438 2558 eRUctF1G1.

403 2645 479 2689 AD
498 2659 790 2690 UNDECIMUM
817 2645 880 2690 sic
908 2645 1180 2703 proceditur.
1203 2645 1408 2701 Videtur,
1431 2645 1553 2704 quod
1571 2659 1664 2689 non
1681 2644 1817 2690 fuerit
1846 2645 2124 2700 conveniens
2145 2645 2277 2704 Chri.

314 2723 434 2761 stum
461 2727 566 2757 cum
593 2713 844 2757 latronibus
873 2713 1098 2771 crucifigi:
1127 2714 1290 2757 dicitur
1317 2713 1439 2756 enim
1458 2726 1498 2757 2.
1518 2713 1626 2757 Cor.
1651 2711 1717 2758 6.:
1742 2713 1863 2769 Quae
1872 2714 2147 2772 participatio
2154 2715 2276 2771 justi-

313 2782 393 2832 tiae
419 2796 512 2825 cum
533 2779 889 2839 iniquitatePSed
911 2780 1119 2824 Christus
1133 2781 1276 2837 factus
1301 2787 1354 2824 est
1379 2782 1495 2824 nobis
1516 2782 1680 2838 justitia
1697 2794 1724 2824 a
1749 2780 1864 2825 Deo:
1888 2779 2106 2839 iniquitas
2118 2774 2290 2837 ,autem

312 2848 505 2907 pertinet
531 2847 586 2891 ad
613 2847 840 2892 latrones:
869 2861 964 2890 non
994 2861 1103 2905 ergo
1126 2846 1210 2891 fuit
1233 2847 1525 2901 conveniens,
1552 2856 1600 2891 ut
1622 2846 1831 2895 Christus
1855 2846 1994 2894 simul
2018 2861 2125 2894 cum
2142 2845 2276 2903 latro·

312 2916 445 2961 nibus
472 2913 824 2973 crucifigeretur.

404 2995 444 3027 2
470 2982 769 3027 PRAETEREA.
800 2981 946 3040 Super
971 2980 1082 3024 illud
1109 2981 1269 3025 Matth.
1299 2979 1396 3025 26.;
1422 2982 1467 3026 Si
1493 2982 1726 3041 oportuerit
1750 2996 1814 3027 me
1836 2982 1949 3034 mori
1974 2986 2276 3038 tacianum&

311 3051 484 3109 negabo,
508 3049 618 3093 dicit
645 3048 836 3107 Origen.
867 3048 1007 3104 (tract.
1027 3063 1082 3106 35.
1111 3050 1155 3091 in
1184 3050 1331 3093 Matth.
1359 3051 1469 3094 inter
1487 3051 1628 3108 princ.
1645 3055 1682 3093 et
1696 3048 1851 3107 med.).·
1873 3046 2033 3095 «Mori
2049 3048 2275 3108 cumJesu

312 3131 394 3176 pro
423 3116 636 3160 omnibus
662 3115 887 3160 moriente
913 3115 1155 3158 hominum
1179 3129 1272 3159 non
1301 3125 1396 3160 erat
1417 3133 1440 3158 >›
1458 3131 1468 3159 ι
1487 3126 1530 3160 et
1548 3116 1761 3164 Ambros.
1780 3129 1914 3175 super
1929 3114 2039 3170 illud
2058 3115 2274 3177 Lussassflsi

313 3186 493 3228 Paratus
517 3198 607 3228 sum
635 3189 765 3228 tecum
790 3189 827 3226 et
853 3184 897 3227 in
922 3197 1147 3235 carcerem,
1177 3188 1211 3226 et
1238 3184 1280 3225 in
1312 3189 1487 3228 mortem
1519 3185 1606 3227 ire:
1649 3199 1672 3225 «
1690 3183 1864 3238 PassiO,
1897 3180 2058 3242 inquit,
2081 3181 2288 3238 Domini
2318 3216 2345 3222 a

313 3250 520 3295 aemulos
546 3250 696 3303 habet,
719 3263 854 3308 pares
881 3263 975 3292 non
1010 3249 1147 3292 habet
1169 3263 1218 3292 »z
1256 3248 1401 3293 multo
1434 3250 1571 3307 igitur
1603 3250 1753 3295 minus
1780 3250 2058 3299 conveniens
2082 3242 2339 3319 Videam&

312 3318 434 3377 quod
462 3317 672 3361 Christus
699 3315 837 3360 simul
864 3330 969 3359 cum
995 3315 1245 3359 latronibus
1272 3326 1512 3373 pateretur.
2280 3347 2284 3353 »

405 3399 442 3443 3.
467 3385 765 3429 PRAETEREA.
793 3383 952 3427 Matth.
982 3395 1048 3440 27.
1079 3382 1254 3436 dicitur,
1278 3382 1399 3440 quod
1426 3385 1620 3438 latrones,
1646 3385 1932 3443 quicrucifixi
1952 3389 2072 3437 aaut
2091 3398 2186 3432 aum
2206 3397 2325 3450 aa&

312 3453 652 3510 improperabant
677 3454 743 3495 ei.
737 3450 851 3495 ·sed
876 3450 1027 3495 Lucae
1045 3462 1115 3494 22.
1143 3449 1319 3503 dicitur,
1349 3451 1468 3508 quod
1496 3466 1611 3495 unus
1628 3465 1804 3507 eorum,
1821 3450 1899 3510 qui
1921 3443 2161 3508 affixus
2177 3458 2298 3509 erat?

314 3533 419 3565 cum
438 3518 639 3572 Christo,
667 3518 709 3562 ei
735 3518 942 3563 dicebat:
963 3518 1168 3562 Memento
1201 3518 1295 3569 mei,
1318 3518 1513 3571 Domine,
1540 3518 1638 3563 dum
1659 3519 1821 3565 veneris
1845 3519 1891 3571 in
1916 3531 2091 3576 regnum
2118 3523 2297 3577 tuum&

313 3599 426 3643 ergo
451 3585 641 3640 videtur,
679 3584 801 3645 quod
827 3594 1004 3644 praeter
1028 3583 1228 3629 latrones
1253 3583 1635 3642 blasphemantes,
1658 3584 1795 3631 fuerit
1825 3598 1931 3638 cum
1944 3597 2010 3639 ep
2030 3582 2284 3645 ςωςιβιμθ
