2352 3926
300 199 370 251 60
881 208 1160 257 QUAESTro
1200 207 1272 246 iv.
1314 205 1623 247 ARTICULus
1663 205 1700 243 1.

389 312 563 358 Tertio.
591 311 756 356 Utrum
784 310 1079 369 assumpserit
1107 310 1363 355 hominem.

390 381 583 432 Quarto.
612 379 776 422 Utrum
803 377 961 422 fuisset
982 378 1273 432 conveniens,
1294 377 1417 437 quod
1436 375 1754 435 assumpsisset
1769 384 1979 457 naturam
2004 373 2260 422 humanam

299 461 324 492 a
349 446 652 506 singularibus
678 455 948 504 separatam.

390 514 578 565 Quinto.
607 513 773 556 Utrum
798 511 955 556 fuisset
977 512 1269 566 conveniens,
1292 510 1414 570 quod
1439 509 1757 568 assumpsisset
1776 519 1986 555 naturam
2006 509 2261 556 humanam

296 581 342 624 in
369 581 580 624 omnibus
608 580 702 637 ejus
728 578 987 638 singularib
983 594 1044 623 is.

389 648 541 691 Sexto.
570 646 736 690 Utrum
762 646 896 691 fuerit
923 646 1214 699 conveniens,
1242 645 1366 704 quod
1398 652 1651 688 assumeret
1685 643 1938 688 humanam
1972 653 2184 690 naturam
2214 645 2262 690 in

300 714 452 773 aliquo
479 713 668 757 homine
697 727 750 757 ex
775 714 913 773 stirpe
940 714 1070 758 Adae
1096 714 1352 771 progenito.

1020 875 1452 934 ARTICULUS
1496 875 1539 930 Ι.
2206 903 2262 950 27

301 1015 494 1053 UTRUM
514 1014 740 1054 NATURA
765 1014 998 1053 HUMANA
1022 1013 1218 1052 FUERIT
1256 1012 1422 1049 MAG1s
1454 1010 1860 1050 ASSUMPTIBILIS
1888 1011 1925 1050 A
1962 1010 2111 1051 1=1L10
2149 1011 2262 1062 Dm,

866 1097 1024 1143 QUAM
1055 1095 1264 1142 ALIQUA
1295 1094 1424 1132 ALIA
1454 1094 1697 1134 NATURA.

528 1208 578 1267 (3.
605 1209 716 1253 Dist.
746 1223 781 1253 2.
809 1223 847 1267 q.
875 1224 909 1253 1.
937 1213 1016 1252 art.
1044 1223 1079 1253 Ι.
1102 1213 1139 1252 et
1164 1207 1236 1251 lib.
1262 1220 1304 1264 4.
1336 1207 1485 1251 Contr.
1508 1220 1548 1264 g.
1576 1213 1669 1266 cap.
1690 1219 1748 1265 55.
1773 1204 1829 1251 ad
1846 1220 1885 1266 3.
1910 1211 1949 1252 et
1967 1205 2042 1266 5.).

390 1320 466 1364 AD
492 1333 681 1364 PRIMUM
698 1320 761 1364 sic
779 1319 1052 1378 proceditur.
1069 1318 1274 1372 Videtur,
1293 1317 1416 1376 quod
1437 1318 1641 1361 humana
1662 1326 1824 1362 natura
1844 1330 1940 1362 non
1962 1315 2099 1362 fuerit
2117 1315 2268 1376 magis

303 1387 624 1446 assumptibilis
648 1401 673 1430 a
694 1386 810 1430 Filio
827 1387 929 1441 Dei,
947 1401 1085 1445 quarn
1103 1385 1329 1444 quaelibet
1364 1385 1453 1429 alia
1480 1395 1663 1430 natura:
1705 1385 1814 1429 dicit
1839 1385 1963 1430 enim
1998 1384 2191 1443 August.
2218 1383 2267 1429 in

302 1454 429 1513 epist.
445 1455 497 1513 (3.
515 1470 625 1498 nunc
643 1455 724 1513 138.
721 1454 816 1513 )·ad
828 1454 1155 1498 Volusianum:
1177 1453 1257 1497 «in
1276 1453 1407 1497 rebus
1422 1452 1687 1501 mirabiliter
1698 1451 1827 1497 factis
1837 1461 1935 1497 tota
1946 1451 2063 1496 ratio
2074 1450 2183 1496 facti
2199 1461 2269 1496 est

301 1522 503 1580 potentia
530 1520 734 1564 facientis
761 1535 810 1564 »z
839 1521 915 1565 sed
945 1521 1146 1580 potentia
1172 1521 1262 1564 Dei
1283 1520 1488 1564 facientis
1514 1520 1892 1575 incarnationem,
1919 1532 2036 1579 quae
2062 1528 2132 1564 est
2150 1532 2268 1579 opus

301 1589 499 1631 maxime
526 1588 745 1642 mirabile,
772 1602 865 1632 non
891 1588 1110 1632 limitatur
1137 1588 1191 1631 ad
1219 1602 1357 1631 unam
1385 1598 1610 1642 naturam,
1638 1602 1744 1631 cum
1770 1587 1974 1647 potentia
1998 1587 2088 1632 Dei
2118 1587 2179 1632 sit
2205 1586 2270 1631 in-

301 1654 451 1709 finita;
481 1669 589 1713 ergo
611 1665 771 1699 natura
797 1656 1000 1699 humana
1026 1670 1120 1699 non
1148 1665 1215 1700 est
1240 1658 1388 1714 magis
1416 1654 1740 1715 assumptibilis
1767 1671 1793 1700 a
1815 1657 1934 1711 Deo,
1956 1667 2095 1716 quam
2117 1654 2285 1716 aliquast

304 1722 391 1765 alia
419 1732 637 1765 creatura.

393 1802 432 1832 2.
459 1789 755 1834 PRAETEREA
786 1790 1046 1834 Similitudo
1075 1800 1142 1834 est
1167 1791 1283 1834 ratio
1310 1790 1481 1835 faciens
1505 1790 1561 1834 ad
1585 1790 1918 1849 congruitatem
1936 1789 2268 1835 incarnationis

303 1856 481 1900 divinae
507 1870 744 1915 personae,
771 1867 820 1901 ut
841 1872 975 1916 supra
998 1858 1169 1901 dictum
1194 1867 1261 1902 est
1285 1858 1341 1916 (q.
1359 1866 1501 1917 praec.
1525 1864 1609 1903 art.
1632 1858 1696 1916 8.)
1712 1875 1725 1903 .·
1749 1858 1827 1902 sed
1850 1857 1968 1902 sicut
1991 1859 2039 1902 in
2061 1867 2269 1903 creatura

302 1922 514 1968 rationali
538 1924 764 1967 invenitur
789 1925 1039 1968 similitudo
1066 1925 1294 1983 imaginis,
1331 1925 1392 1968 ita
1429 1925 1474 1968 in
1516 1934 1721 1969 creatura
1757 1924 2009 1970 irrationali
2042 1925 2271 1970 invenitur

304 1990 552 2035 similitudo
575 1991 778 2049 vestigii;
805 2005 914 2050 ergo
939 2001 1144 2035 creatura
1164 1991 1439 2036 irrationalis
1463 1992 1787 2051 assumptibilis
1807 1992 1904 2048 fuit,
1927 1993 2046 2038 sicut
2065 1992 2269 2038 humana

302 2067 477 2102 natura.

391 2139 428 2184 3.
463 2125 761 2170 PRAETEREA.
803 2125 855 2169 In
890 2135 1051 2170 natura
1089 2126 1297 2186 angelica
1330 2127 1556 2171 invenitur
1591 2128 1848 2187 expressior
1881 2127 1972 2178 Dei
2003 2127 2270 2183 similitudo,

304 2206 442 2251 quam
467 2192 514 2235 in
540 2202 699 2236 natura
725 2193 943 2247 humana,
970 2194 1087 2237 sicut
1115 2194 1253 2252 Greg.
1281 2194 1391 2238 dicit
1416 2195 1461 2237 in
1487 2195 1616 2239 hom.
1641 2195 1697 2239 de
1723 2196 1923 2240 Centum
1945 2196 2108 2242 ovibus
2126 2197 2209 2256 (34.
2224 2197 2272 2241 in

303 2260 506 2318 Evatzg),
534 2258 827 2304 introducens
853 2259 963 2304 illud
990 2261 1154 2305 Ezech.
1183 2262 1276 2306 28.:
1313 2261 1378 2305 Tu
1406 2263 1672 2320 signaculum
1700 2262 2274 2308 similitudinistinvenitur
2335 2279 2346 2289 -·

305 2327 443 2371 etiam
470 2329 515 2370 in
549 2326 714 2386 angelo
741 2338 995 2385 peccatum,
1022 2329 1138 2372 sicut
1167 2328 1214 2371 in
1246 2328 1450 2383 homine,
1484 2331 1737 2374 secundum
1762 2329 1875 2374 illud
1894 2330 1980 2389 Job
2014 2343 2080 2387 4.:
2117 2331 2169 2376 In
2201 2345 2275 2386 anf

303 2394 400 2453 gelt‘s
424 2395 506 2438 suis
527 2397 679 2454 reperit
702 2397 985 2454 pravitatem;
1015 2410 1124 2454 ergo
1157 2405 1318 2440 natura
1351 2395 1559 2455 angelica
1590 2396 1674 2441 fuit
1703 2397 1766 2442 ita
1799 2397 2123 2458 assumptibilis
2154 2398 2275 2443 sicut

305 2473 467 2507 natura
492 2462 708 2507 hominis.

395 2542 437 2585 4.
455 2530 752 2575 PRAETEREA.
778 2531 901 2575 Cum
922 2532 1024 2575 Deo
1051 2542 1283 2591 competat
1303 2546 1485 2577 summa
1507 2531 1743 2591 perfecti0‚
1764 2542 1893 2577 tanto
1910 2533 2060 2592 magis
2081 2543 2150 2579 est
2167 2533 2272 2579 Deo

309 2596 479 2656 aliquid
505 2597 667 2652 simile,
695 2609 865 2657 quanto
893 2608 960 2642 est
985 2600 1131 2658 magis
1158 2598 1429 2658 perfectum:
1458 2600 1536 2644 sed
1562 2609 1711 2644 totum
1738 2601 2001 2645 universum
2027 2611 2096 2646 est
2124 2600 2275 2661 magis

308 2663 573 2724 perfectum,
600 2679 736 2724 quam
765 2676 913 2725 partes
941 2667 1052 2725 ejus,
1079 2667 1194 2710 inter
1216 2682 1327 2726 quas
1349 2677 1417 2711 est
1437 2667 1640 2711 humana
1666 2677 1852 2723 natura3
1875 2681 1987 2726 ergo
2009 2677 2160 2715 totum
2179 2667 2276 2713 uni-

308 2746 491 2776 versum
519 2742 585 2776 est
609 2732 756 2791 magis
785 2733 1110 2791 assumptibile‚
1138 2749 1276 2793 quarn
1303 2734 1506 2778 humana
1531 2744 1705 2778 natura.

401 2799 495 2844 SED
529 2813 724 2844 CONTRA
748 2810 827 2853 est,
856 2801 976 2858 quod
1001 2800 1162 2844 dicitur
1188 2801 1400 2845 Proverb.
1429 2802 1468 2845 8.
1498 2815 1552 2845 ex
1579 2815 1658 2845 ore
1684 2801 1932 2860 sapientiae
1957 2801 2161 2861 genitae.
2191 2803 2275 2848 De·

309 2866 429 2912 liciae
450 2882 563 2912 meae
584 2882 659 2911 esse
691 2868 902 2926 cumftliis
934 2868 1178 2920 hominum;
1217 2878 1261 2912 et
1291 2869 1353 2912 ita
1389 2869 1565 2912 videtur
1598 2882 1696 2912 esse
1722 2868 1949 2927 quaedam
1975 2869 2275 2929 congruentia

309 2932 490 2978 unionis
517 2933 618 2978 Filii
642 2934 732 2978 Dei
758 2934 813 2978 ad
839 2935 1092 2978 humanam
1119 2946 1344 2981 naturam.

399 3001 687 3047 RESPONDEo
715 3002 972 3055 dicendum,
997 3002 1117 3060 quod
1145 3001 1313 3061 aliquid
1342 3002 1653 3062 assumptibile
1677 3002 1854 3057 dicitur,
1878 3002 2008 3062 quasi
2030 3013 2188 3063 aptum
2210 3018 2278 3049 as-

309 3070 427 3113 sumi
457 3084 482 3113 a
509 3069 659 3113 divina
685 3083 900 3128 persona;
928 3083 1044 3128 quae
1071 3069 1255 3127 quidem
1283 3069 1487 3128 aptitudo
1510 3083 1603 3113 non
1627 3078 1776 3128 potest
1801 3068 1994 3128 intelligi
2022 3071 2278 3116 secundum

309 3136 563 3196 potentiam
588 3137 816 3196 passivam
847 3135 1117 3190 naturalem,
1144 3150 1260 3195 quae
1287 3151 1380 3180 non
1408 3150 1455 3181 se
1482 3137 1681 3181 extendit
1702 3136 1758 3180 ad
1784 3136 1831 3181 id
1856 3137 1980 3196 quod
2000 3138 2280 3185 transcendit

311 3204 519 3255 ordinem
546 3203 815 3258 naturalem,
843 3218 979 3263 quem
1006 3204 1284 3248 transcendit
1310 3204 1419 3248 unio
1459 3204 1710 3262 personalis
1745 3214 1978 3250 creaturae
2012 3205 2069 3250 ad
2098 3206 2279 3261 Deum3

311 3271 430 3314 unde
456 3271 736 3330 relinquitur,
763 3271 885 3330 quod
909 3270 1219 3330 assumptibile
1246 3270 1415 3330 aliquid
1443 3271 1616 3315 dicatur
1642 3271 1896 3316 secundum
1928 3271 2280 3332 congruentiam
2350 3294 2352 3325 :

313 3338 368 3381 ad
396 3338 613 3382 unionem
641 3338 941 3398 praedictam3
968 3352 1083 3397 quae
1111 3337 1295 3397 quidem
1324 3338 1622 3397 congruentia
1649 3338 1894 3384 attenditur
1918 3339 2172 3385 secundum
2197 3338 2278 3384 duo
2348 3345 2352 3363 ³

313 3407 358 3449 in
385 3406 587 3450 humana
612 3416 797 3460 natura3
824 3405 999 3450 scilicet
1024 3405 1275 3449 secundum
1303 3406 1400 3463 ejus
1426 3405 1682 3464 dignitatem,
1718 3416 1761 3451 et
1793 3408 2092 3453 necessitatem.-
2124 3420 2283 3452 secun·

314 3472 422 3516 dum
451 3473 718 3532 dignitatem
744 3473 943 3533 quidem,
970 3473 1074 3532 quia
1100 3473 1301 3517 humana
1328 3482 1502 3527 natura,
1539 3473 1810 3532 inquantum
1846 3482 1917 3520 est
1951 3472 2204 3529 rationalis,
2235 3482 2282 3520 et

314 3539 647 3595 intellectualis,
669 3550 775 3585 nata
798 3550 865 3585 est
891 3540 1111 3599 attingere
1139 3539 1392 3599 aliqualiter
1409 3539 1558 3599 ipsum
1572 3540 1777 3585 Verbum
1798 3554 1879 3601 per
1899 3541 2282 3602 suamsspemtio·

315 3622 437 3661 nem,
465 3607 790 3667 cognoscendo
813 3607 987 3653 scilicet
1009 3617 1053 3652 et
1076 3607 1273 3652 amando
1296 3607 1468 3667 ipsum:
1491 3608 1743 3653 secundum
1766 3609 2279 3663 necessitanemnutem,
