2352 3926
297 215 415 306 486
827 242 1107 289 QUAEsT1o
1147 242 1295 280 Lv111.
1337 219 1663 282 ARTICULUS*
1688 241 1725 280 1.

299 348 566 409 adjuvantis.
596 345 853 404 Stephanus
876 358 986 403 ergo
1011 344 1059 388 in
1085 344 1241 388 labore
1260 343 1519 388 certaminis
1543 345 1717 403 positus
1743 353 1940 389 stantem
1964 343 2102 399 videt,
2127 357 2264 405 quem

300 418 554 475 adjutorem
580 413 758 457 habuit:
787 411 866 456 sed
891 412 1014 455 hunc
1041 421 1146 471 post
1172 411 1491 455 ascensionem
1516 411 1698 456 Marcus
1724 411 1882 456 sedere
1907 411 2135 468 describit,
2160 411 2268 472 quia

301 493 405 544 post
431 482 709 526 ascensionis
736 493 844 524 suae
872 478 1068 538 gloriam
1093 478 1229 538 judex
1254 479 1302 523 in
1326 477 1417 523 fine
1443 477 1669 523 videbitur
1690 495 1732 522 >›.

1000 640 1435 699 ARTICULUS
1471 641 1542 697 11.
2165 607 2269 715 '317

398 779 592 819 UTRUM
632 779 839 817 SEDERE
879 778 954 815 AD
989 778 1292 817 DEXTERAM
1331 778 1522 817 PATRIS
1565 777 1886 818 CONVENIAT
1930 749 2187 828 CHRISTO‚

934 860 1235 899 SECUNDUM
1276 860 1435 905 QUOD
1477 860 1639 898 DEUS.

486 973 640 1030 (Hebr.
659 987 694 1016 1.
714 971 801 1016 lect.
814 986 851 1030 3.
869 978 908 1016 et
926 971 1014 1016 lect.
1036 971 1077 1015 6.
1091 972 1234 1030 princ.
1253 977 1292 1036 et
1313 978 1402 1030 cap.
1422 986 1463 1030 9.
1481 971 1567 1015 lect.
1587 971 1629 1016 8.
1647 976 1685 1016 et
1701 977 1793 1031 cap.
1811 985 1878 1016 10.
1896 969 1987 1015 lect.
2009 970 2084 1028 1.).

392 1085 468 1129 AD
496 1096 757 1128 SECUNDUM
791 1083 854 1126 sic
883 1083 1156 1141 proceditur.
1195 1082 1402 1136 Videtur,
1434 1082 1557 1141 quod
1595 1082 1752 1126 sedere
1785 1081 1842 1126 ad
1867 1081 2100 1126 dexteram
2126 1079 2274 1125 Patris

302 1167 396 1197 non
431 1151 674 1196 conveniat
701 1150 905 1205 ChristO,
932 1151 1187 1194 secundum
1215 1150 1337 1208 quod
1365 1160 1432 1194 est
1457 1151 1607 1195 Deus:
1627 1150 1837 1195 Christus
1857 1150 1996 1203 enim,
2022 1147 2274 1194 secundum

303 1221 425 1280 quod
452 1221 593 1274 Deus,
622 1229 689 1262 est
715 1218 898 1262 dextera
924 1218 1096 1261 Patris:
1125 1218 1203 1262 sed
1239 1231 1334 1261 non
1362 1217 1539 1261 videtur
1570 1217 1693 1261 idem
1720 1231 1818 1261 esse
1859 1217 2043 1261 dextera
2068 1214 2275 1274 alicujus,

304 1299 349 1332 et
370 1287 445 1331 ille
473 1288 550 1346 qui
567 1286 693 1331 sedet
721 1285 776 1328 ad
803 1285 1035 1329 dexteram
1062 1286 1183 1344 ejus;
1210 1299 1320 1343 ergo
1351 1284 1573 1339 Christus,
1600 1284 1855 1329 secundum
1873 1282 1997 1343 quod
2011 1282 2157 1366 Deus,
2180 1296 2276 1327 non

304 1356 430 1400 sedet
456 1354 511 1398 ad
539 1354 773 1398 dexteram
800 1352 960 1396 Patris.

394 1435 432 1465 2.
461 1422 759 1466 PRAETEREA.
777 1420 918 1463 Marc.
937 1419 1016 1463 ult
1037 1419 1212 1474 dicitur,
1233 1418 1355 1478 quod
1369 1420 1580 1463 Dominus
1595 1419 1712 1475 Jesus
1724 1423 1950 1476 assumptus
1965 1424 2024 1463 est
2037 1419 2084 1464 in
2101 1414 2273 1471 codam,

304 1497 341 1535 et
365 1489 467 1534 sedet
494 1503 518 1532 α
545 1489 697 1532 dextris
718 1488 829 1531 Dei:
849 1487 1059 1531 Christus
1084 1496 1236 1530 autem
1259 1500 1353 1530 non
1377 1495 1443 1529 est
1467 1495 1724 1544 assumptus
1740 1486 1787 1529 in
1807 1483 2005 1540 coelum,
2022 1482 2277 1530 secundum
2349 1481 2352 1537 f

305 1556 427 1615 quod
453 1556 603 1609 Deus3
632 1568 741 1612 ergo
771 1555 908 1598 etiam
934 1568 1082 1612 neque
1109 1554 1361 1597 secundum
1389 1553 1511 1612 quod
1538 1553 1678 1607 Deus,
1702 1552 1827 1597 sedet
1854 1567 1880 1597 a
1906 1552 2072 1597 dextris
2096 1551 2352 1596 Dei.

427 1591 761 1666 .PRAE’TEREA.
791 1621 1017 1675 Christus,
1044 1620 1297 1665 secundum
1321 1620 1443 1679 quod
1467 1621 1607 1675 Deus,
1636 1630 1704 1665 est
1726 1619 1928 1679 aequalis
1954 1618 2091 1674 Patri,
2114 1627 2159 1663 et
2184 1617 2282 1678 Spi·
2340 1622 2352 1640 i*

305 1692 410 1736 ritui
438 1691 631 1743 Sanct03
660 1703 769 1748 ergo
798 1689 836 1732 si
863 1688 1088 1742 Christus,
1116 1689 1368 1746 secundum
1396 1687 1519 1747 quod
1544 1688 1687 1742 Deus,
1714 1687 1840 1732 sedet
1867 1686 1924 1731 ad
1952 1686 2182 1731 dexteram
2198 1685 2281 1730 Pa·
2348 1739 2350 1741 Ι

305 1760 399 1812 tris,
427 1757 524 1817 pari
555 1758 732 1800 ratione
760 1756 953 1815 Spiritus
981 1756 1176 1800 Sanctus
1203 1741 1376 1800 sedebit
1402 1756 1457 1799 ad
1486 1755 1720 1800 dexteram
1742 1755 1904 1809 Patris,
1922 1764 1966 1799 et
1981 1753 2097 1810 Filii,
2119 1763 2166 1798 et
2183 1753 2281 1812 ipse
2348 1747 2352 1750 ”

309 1827 443 1869 Pater
467 1824 522 1868 ad
550 1825 784 1868 dexteram
810 1822 926 1877 Filii,
954 1833 998 1867 et
1026 1823 1217 1882 Spiritus
1246 1823 1430 1867 Sancti:
1460 1822 1582 1882 quod
1608 1837 1835 1882 nusquam
1859 1821 2104 1867 invenitur.

401 1893 495 1936 SED
535 1905 730 1936 CONTRA
764 1901 844 1945 est,
872 1892 995 1950 quod
1029 1891 1246 1935 Damasc.
1285 1891 1394 1935 dicit
1419 1891 1513 1949 (lib.
1551 1904 1592 1948 4.
1631 1891 1751 1935 Orth.
1788 1889 1883 1934 Fid.
1919 1897 2009 1949 cap.
2043 1887 2125 1946 2.),
2156 1887 2283 1948 quod
2338 1820 2352 1950 5

310 1960 539 2004 dexteram
569 1960 715 2003 Patris
752 1975 774 1999 «
799 1958 993 2002 dicimus
1029 1958 1239 2017 gloriam,
1267 1968 1311 2001 et
1335 1958 1563 2002 honorem
1596 1956 1840 2002 divinitatis
1867 1973 1910 2011 »,
1941 1956 1989 2000 in
2021 1970 2110 2016 qua
2141 1954 2281 2000 Filius

308 2028 398 2072 Dei
425 2027 570 2071 extitit
598 2036 701 2070 ante
728 2026 928 2079 saecula,
959 2035 1007 2069 ut
1033 2026 1174 2080 Deus,
1202 2035 1246 2069 et
1270 2025 1395 2069 Patri
1421 2024 1831 2070 consubstantialis.
2326 1988 2352 2094 {35

400 2095 690 2139 RESPONDEO
719 2093 978 2146 dicendum,
1004 2093 1143 2151 quod,
1167 2102 1216 2136 ut
1237 2107 1292 2136 ex
1324 2092 1564 2151 praedictis
1597 2102 1719 2151 patet
1753 2097 1854 2149 (art.
1881 2091 2065 2152 praec),
2092 2089 2283 2136 nomine
2340 2086 2352 2147 3

311 2163 522 2207 dexterae
550 2163 634 2206 tria
658 2161 852 2220 intelligi
885 2171 1101 2220 possunt:
1135 2176 1215 2204 uno
1248 2161 1385 2215 modo,
1418 2161 1670 2205 secundum
1695 2160 1929 2214 Damasc.,
1957 2175 1982 2201 α
2000 2157 2151 2218 gloria
2175 2157 2285 2202 divi-
2341 2149 2352 2209 Ξ

310 2230 462 2274 nitatis
484 2245 534 2273 »z
563 2229 647 2273 alio
674 2228 810 2283 modo,
831 2228 1085 2272 secundum
1104 2228 1298 2287 August.
1322 2229 1416 2285 (lib.
1439 2229 1559 2273 Cont.
1580 2243 1701 2272 serm.
1726 2229 1884 2272 Arian.
1907 2234 2000 2287 cap.
2017 2241 2081 2272 12.
2098 2225 2228 2271 etlib.
2245 2240 2282 2271 Ι

311 2297 356 2341 de
374 2297 512 2355 Symb.
540 2304 630 2355 cap.
656 2309 684 2353 4
689 2295 737 2353 .),
769 2295 1041 2339 «beatitudo
1059 2295 1205 2339 Patris
1230 2311 1281 2340 »t
1305 2297 1421 2340 tertio
1448 2295 1589 2350 modo,
1603 2293 1855 2339 secundum
1875 2293 2091 2339 eumdem
2109 2291 2231 2352 (ibid.
2247 2291 2286 2337 εἰ

312 2373 402 2423 sup.
428 2363 538 2408 Psal.
555 2378 634 2421 109
640 2363 688 2420 .,)
712 2362 986 2420 «judiciaria
1002 2372 1261 2421 potestas».
1286 2363 1439 2406 Sessio
1460 2372 1629 2416 autem,
1643 2371 1692 2405 ut
1709 2361 1883 2405 dictum
1902 2370 1970 2405 est
1984 2360 2086 2418 (art.
2098 2358 2283 2421 praec),
2334 2362 2352 2436 5

310 2431 384 2475 vel
409 2430 755 2483 habitationem,
781 2430 854 2473 vel
887 2430 1076 2488 regiam,
1103 2444 1182 2473 seu
1209 2429 1497 2488 judiciariam
1526 2429 1795 2488 dignitatem
1823 2427 2054 2487 designat:
2081 2426 2203 2472 unde
2220 2439 2286 2472 se·

312 2498 416 2542 dere
437 2498 492 2540 ad
510 2497 742 2541 dexteram
759 2497 918 2551 PatriS,
941 2496 1057 2540 nihil
1075 2496 1196 2540 aliud
1215 2506 1294 2550 est,
1315 2511 1453 2555 quarn
1471 2496 1608 2540 simul
1627 2510 1732 2540 cum
1749 2495 1883 2540 Patre
1899 2495 2067 2539 habere
2086 2493 2283 2554 gloriam
2338 2490 2352 2571 ἐξ

310 2564 569 2617 divinitatis,
597 2574 641 2608 et
665 2564 1007 2617 beatitudinem,
1036 2573 1080 2608 et
1104 2563 1391 2621 judiciariam
1414 2573 1705 2623 potestatem,
1734 2573 1778 2607 et
1803 2563 1895 2606 hoc
1921 2560 2290 2615 immutabiliter-‘3‘
2337 2571 2352 2665 ἐ

312 2642 354 2677 et
381 2632 613 2690 regaliter:
641 2631 732 2674 hoc
761 2639 913 2674 autem
937 2630 1286 2677 convenitFilio
1311 2631 1413 2684 Dei,
1440 2630 1693 2674 secundum
1729 2629 1852 2689 quod
1884 2638 1953 2674 est
1977 2628 2135 2685 ¹Deus;
2162 2627 2284 2677 unde
2336 2645 2352 2702 ²⁴}

310 2697 601 2742 manifestum
615 2708 695 2752 est,
715 2698 836 2756 quod
852 2697 1077 2749 Christus,
1091 2698 1343 2741 secundum
1356 2697 1477 2756 quod
1492 2697 1634 2750 Deus,
1648 2696 1775 2741 sedet
1792 2697 1847 2740 ad
1867 2696 2099 2741 dexteram
2113 2695 2282 2740 Patris:
2336 2709 2340 2714 “

308 2766 371 2810 ita
396 2775 549 2809 tamen
578 2765 699 2823 quod
722 2765 836 2808 haec
860 2765 1150 2823 praepositio,
1169 2765 1234 2816 ad,
1265 2779 1380 2823 quae
1407 2764 1641 2808 transitiva
1668 2774 1749 2818 est,
1767 2763 1919 2808 solam
1942 2763 2284 2808 distinctionem
2331 2760 2342 2816 ξ

311 2832 602 2891 personalem
628 2832 857 2891 importat,
885 2842 927 2875 et
961 2832 1147 2885 originis
1181 2832 1404 2885 ordinem,
1438 2846 1532 2875 non
1566 2841 1718 2876 autem
1752 2831 1944 2890 gradum
1974 2840 2178 2885 naturae,
2209 2828 2285 2875 vel

312 2900 555 2958 dignitatis,
584 2900 659 2958 qui
685 2898 836 2942 nullus
854 2909 922 2942 est
946 2899 991 2942 in
1015 2899 1176 2943 divinis
1196 2900 1415 2958 personis,
1443 2909 1490 2942 ut
1508 2900 1553 2942 in
1578 2913 1612 2943 1.
1631 2899 1839 2943 habitum
1865 2908 1932 2943 est
1951 2899 2010 2957 (q.
2022 2912 2094 2956 42.
2111 2903 2193 2944 art.
2206 2897 2281 2957 3.).
2333 2893 2349 2932 :g

402 2967 476 3010 AD
510 2980 698 3011 PRIMUM
725 2980 835 3024 ergo
860 2966 1117 3019 dicendum,
1152 2967 1273 3025 quod
1300 2966 1439 3010 Filius
1465 2966 1554 3010 Dei
1577 2966 1739 3011 dicitur
1758 2966 1940 3011 dextera
1963 2965 2110 3010 Patris
2126 2977 2285 3024 appro·
2334 2979 2336 2982 ·

310 3035 466 3092 priate,
494 3049 573 3093 per
595 3034 786 3077 modum
814 3047 904 3092 quo
933 3033 1071 3076 etiam
1099 3033 1260 3077 dicitur
1286 3034 1425 3077 virtus
1454 3034 1621 3078 Patris:
1644 3033 1725 3078 sed
1749 3033 1932 3079 dextera
1949 3032 2285 3093 Patriffisecun·
2334 3046 2349 3082 εἰ

310 3103 419 3145 dum
446 3112 536 3146 tres
563 3101 918 3160 significationes
945 3100 1212 3159 praedictas,
1240 3111 1308 3145 est
1335 3100 1503 3159 aliquid
1532 3114 1780 3146 commune
1806 3100 1948 3146 tribus
1974 3099 2194 3160 personis.

400 3171 475 3214 AD
500 3183 761 3215 SECUNDUM
790 3168 1049 3222 dicendum,
1078 3169 1200 3227 quod
1237 3169 1461 3222 Christus,
1489 3169 1740 3213 secundum
1773 3168 1896 3228 quod
1928 3166 2091 3221 home,
2119 3175 2189 3213 est
2212 3178 2286 3212 as·
2319 3170 2342 3227 ᾗ

309 3248 516 3296 sumptus
536 3239 589 3281 ad
609 3238 813 3281 divinum
835 3237 1076 3290 honorem,
1097 3237 1170 3294 qui
1190 3237 1233 3278 in
1252 3237 1483 3294 praedicta
1500 3236 1703 3280 sessione
1723 3235 2007 3294 designatur:
2029 3234 2109 3280 sed
2125 3243 2283 3278 tamen

307 3304 385 3348 ille
414 3306 564 3348 honor
592 3305 769 3348 divinus
790 3303 1004 3348 convenit
1037 3303 1238 3357 Christo,
1271 3304 1541 3362 inquantum
1575 3314 1641 3348 est
1673 3304 1814 3359 Deus,
1839 3316 1935 3348 non
1966 3316 2047 3363 per
2078 3301 2280 3361 aliquam
2327 3301 2352 3360 sv

313 3373 688 3431 assumptionem,
717 3372 793 3415 sed
822 3386 900 3430 per
927 3381 1157 3415 aeternam
1189 3370 2344 3428 originem.

400 3440 474 3482 AD
510 3452 725 3484 TERTmM
754 3437 1012 3491 dicendum,
1040 3438 1163 3496 quod
1189 3406 1315 3481 nullo
1345 3437 1484 3481 modo
1508 3448 1655 3497 potest
1682 3437 1785 3491 dici,
1812 3435 1935 3497 quod
1962 3437 2097 3482 Pater
2123 3428 2341 3480 πάθη-Ψ

311 3506 364 3548 ad
394 3507 625 3550 dexteram
652 3506 767 3560 Filii,
786 3505 859 3550 vel
883 3505 1074 3564 Spiritus
1099 3504 1283 3558 Sancti;
1311 3504 1416 3563 quia
1434 3504 1588 3559 Filius,
1607 3516 1650 3549 et
1668 3504 1858 3563 Spiritus
1876 3494 2084 3548 Sanctus
2091 3501 2285 3552 trahunt:

310 3573 535 3630 originem
564 3588 588 3617 a
616 3574 764 3627 Patre,
789 3583 832 3617 et
857 3586 950 3616 non
970 3586 992 3616 e
1012 3585 1256 3616 converso:
1284 3571 1363 3615 sed
1393 3571 1583 3630 Spiritus
1613 3572 1807 3615 Sanctus
1826 3569 2006 3630 proprie
2022 3577 2174 3630 potest
2189 3566 2280 3614 dici
2349 3570 2352 3609 l

310 3639 467 3684 sedere
496 3640 550 3684 ad
579 3640 812 3686 dexteram
839 3639 999 3695 Patris,
1026 3638 1100 3684 vel
1125 3637 1240 3693 Filii,
1268 3638 1522 3683 secundum
1548 3652 1733 3683 sensum
1755 3635 2196 3698 praedictum31icet
2216 3647 2282 3681 se-

2301 3784 2303 3786 ’
2337 3782 2352 3926 l
