2352 3926
365 192 472 264 580
847 206 1126 253 QUAEsno
1166 207 1333 246 van.
1373 195 1697 247 Ani-munus
1720 209 1835 249 vm.

361 311 526 370 quidem
551 311 691 355 carnis
713 315 879 355 nostrae
904 309 1126 355 habuimus
1149 310 1389 366 eruditores,
1415 317 1452 356 et
1486 312 1771 358 reverebamus
1801 328 1881 370 eos,
1915 329 2000 361 non
2029 316 2161 363 multo
2186 317 2320 374 magis

362 379 731 436 obtemperabimus
752 378 874 421 Patri
897 378 1135 434 spirituum,
1162 385 1201 423 et
1219 379 1442 423 vivemus?
1459 378 1516 422 Et
1539 373 1643 423 ideo
1671 378 1784 424 alius
1811 381 1944 427 debet
1964 395 2062 428 esse
2085 393 2215 443 pater
2234 381 2320 443 spi-

361 445 534 489 ritualis
562 459 588 487 a
609 453 735 503 patre
763 443 946 498 carnali,
973 444 1062 488 nisi
1086 446 1333 490 necessitas
1361 446 1640 490 contrarium
1662 446 1824 506 exigat.

449 513 527 557 AD
552 524 768 557 TERTIUM
794 511 1053 566 dicendum,
1079 512 1202 571 quod
1229 512 1437 557 confusio
1476 523 1594 558 esset
1625 513 1904 573 disciplinae,
1935 515 2024 560 nisi
2054 524 2174 575 esset
2202 530 2318 562 unus

361 579 620 639 principalis
645 579 901 632 instructor,
929 589 973 623 et
996 579 1100 623 ideo
1127 579 1175 623 in
1199 580 1426 639 baptismo
1453 594 1568 624 unus
1595 580 1729 626 debet
1754 596 1851 627 esse
1882 579 2316 643 principalissusce·

360 655 485 705 ptor:
514 646 589 690 alii
614 657 767 690 tamen
795 656 985 705 possunt
1011 646 1202 701 admitti,
1230 649 1358 706 quasi
1385 648 1687 706 coadjutores.
2304 666 2308 670 ·

945 1078 1392 1156 QUAESTIO
1444 1079 1724 1139 LXVIII.

668 1249 764 1288 DE
819 1246 1465 1288 SUSCIPIENTIBUS
1527 1248 1998 1299 BAPTISMUM,

818 1337 883 1376 IN
915 1335 1233 1377 DUODECIM
1266 1335 1596 1377 ARTICULOS
1627 1337 1848 1378 DIVISA.

439 1514 618 1558 Deinde
641 1513 1025 1558 considerandum
1052 1522 1120 1558 est
1141 1513 1195 1558 de
1222 1513 1569 1573 suscipientibus
1594 1513 1887 1573 baptismum.

904 1627 963 1672 Et
987 1628 1102 1672 circa
1126 1627 1201 1672 hoc
1226 1633 1485 1686 quaeruntur
1515 1626 1743 1672 duodecim.

436 1716 609 1761 Primo.
637 1716 805 1761 Utrum
831 1730 995 1761 omnes
1020 1725 1260 1761 teneantur
1287 1716 1342 1760 ad
1368 1715 1708 1776 suscipiendum
1728 1716 2024 1775 baptismum.

438 1783 666 1828 Secundo.
695 1783 863 1828 Utrum
890 1783 1051 1843 aliquis
1077 1784 1221 1843 possit
1245 1783 1411 1828 salvari
1437 1784 1536 1829 sine
1561 1784 1808 1843 baptismo.

440 1849 615 1895 Tertio.
643 1851 810 1896 Utrum
832 1851 1084 1910 baptismus
1110 1852 1168 1895 sit
1193 1850 1481 1896 differendus.

441 1918 634 1970 Quarto.
663 1918 830 1963 Utrum
856 1929 1120 1977 peccatores
1146 1919 1235 1963 sint
1264 1918 1536 1977 baptizandi.

440 1985 632 2039 Quinto.
660 1986 828 2030 Utrum
853 1986 1169 2045 peccatoribus
1189 1986 1425 2045 baptizatis
1443 1986 1532 2030 sint
1543 1985 1823 2045 imponenda
1839 1999 1979 2046 opera
1993 1985 2295 2032 satisfactoria
2350 2032 2352 2050 ἶ

440 2053 594 2098 Sexto.
628 2053 796 2098 Utrum
822 2053 1074 2113 requiratur
1101 2052 1329 2099 confessio
1355 2062 1669 2112 peccatorum.

441 2121 664 2180 Septimo.
692 2121 1139 2180 Utrum‘requiratur
1164 2120 1357 2165 intentio
1386 2135 1439 2165 ex
1471 2129 1598 2180 parte
1619 2119 1846 2181 baptizati.

442 2188 638 2234 Octavo.
666 2188 834 2232 Utrum
862 2190 1114 2248 requiratur
1145 2187 1271 2233 fides.

439 2257 592 2301 Nono.
621 2256 788 2300 Utrum
814 2257 943 2315 pueri
969 2256 1058 2300 sint
1081 2256 1352 2316 baptizandi.

438 2323 649 2367 Decimo.
678 2324 844 2367 Utrum
870 2324 1000 2382 pueri
1019 2324 1300 2382 Judaeorum
1326 2323 1415 2368 sint
1438 2322 1697 2382 baptizandi
1721 2322 1873 2367 invitis
1895 2322 2169 2382 parentibus.

438 2390 714 2434 Undecimo.
742 2391 909 2435 Utrum
932 2390 1069 2450 aliqui
1091 2392 1181 2435 sint
1205 2390 1465 2450 baptizandi
1489 2391 1537 2434 in
1563 2390 1780 2435 maternis
1807 2390 1946 2436 uteris
1972 2390 2227 2437 existentes.

438 2457 745 2502 Duodecimo.
773 2459 940 2503 Utrum
967 2458 1140 2512 furiosi,
1168 2468 1211 2502 et
1237 2467 1441 2502 amentes
1467 2457 1557 2501 sint
1581 2456 1850 2517 baptizandi.

1085 2658 1518 2716 ARTICULUS
1554 2660 1595 2715 1.
1904 2672 1910 2689 ι
1946 2681 1949 2685 -
2223 2634 2307 2735 384

457 2811 651 2852 UTRUM
689 2811 934 2851 HOMINES
976 2810 1307 2849 TENEANTUR
1347 2811 1419 2849 AD
1465 2811 1883 2850 SUSCEPTIONEM
1922 2811 2192 2852 BAPTISMI.

573 2938 701 2998 (Infr.
719 2953 756 2996 q.
775 2951 843 2997 70.
860 2945 940 2982 art.
958 2952 997 2983 2.
1016 2937 1114 2996 ad3.
1135 2944 1171 2982 et
1186 2951 1228 2994 4.
1246 2939 1355 2982 Dist.
1372 2952 1413 2994 4.
1433 2952 1471 2996 q.
1485 2952 1520 2997 3.
1544 2945 1626 2983 art.
1639 2953 1675 2997 3.
1693 2953 1732 2997 q.
1748 2953 1788 2984 2.
1805 2945 1918 2998 corp.
1935 2943 1974 2984 et
1987 2937 2088 2998 ad3.

661 3012 700 3052 et
715 3007 827 3051 Dist.
846 3005 887 3051 6.
906 3020 942 3064 q.
963 3021 997 3051 1.
1017 3012 1097 3050 art.
1116 3020 1151 3050 1.
1170 3011 1204 3050 et
1221 3013 1333 3064 corp.
1353 3012 1391 3050 et
1407 3006 1477 3050 lib.
1496 3019 1537 3062 4.
1561 3006 1705 3051 Contr.
1721 3020 1760 3065 g.
1778 3013 1872 3066 cap.
1889 3006 1988 3065 71.).

435 3136 511 3180 AD
532 3148 721 3181 PRIMUM
747 3134 811 3179 sic
827 3132 1099 3193 proceditur.
1123 3132 1327 3187 Videtur,
1365 3133 1486 3192 quod
1509 3147 1602 3177 non
1624 3141 1863 3177 teneantur
1892 3146 2055 3177 omnes
2081 3130 2139 3177 ad
2158 3145 2305 3178 susce-

341 3203 547 3264 ptionem
571 3202 804 3262 baptismi:
832 3215 910 3260 per
929 3200 1163 3245 Christum
1183 3200 1304 3244 enim
1330 3215 1424 3244 non
1452 3211 1518 3245 est
1539 3200 1802 3244 hominibus
1829 3209 2000 3245 arctata
2024 3198 2098 3244 via
2122 3196 2303 3253 salutis:

345 3272 424 3316 sed
458 3281 561 3316 ante
589 3270 762 3315 Christi
789 3268 1034 3314 adventum
1060 3278 1269 3326 poterant
1300 3268 1513 3325 homines
1540 3268 1704 3312 salvari
1722 3267 1820 3312 sine
1844 3266 2096 3327 baptismo;
2124 3279 2234 3327 ergo
2259 3275 2306 3312 et
2349 3264 2352 3282 ‘¹

345 3349 448 3397 post
482 3338 654 3383 Christi
681 3338 940 3382 adventum.

434 3420 472 3450 2.
500 3406 797 3451 PRAETEREA.
836 3403 1092 3463 Baptismus
1121 3403 1316 3447 maxime
1350 3402 1525 3446 videtur
1570 3417 1668 3447 esse
1710 3402 1936 3446 institutus
1969 3400 2016 3446 in
2048 3400 2313 3451 remedium

343 3473 520 3533 peccati
546 3472 800 3532 originalis:
829 3471 907 3515 sed
932 3469 1008 3515 ille
1027 3470 1103 3529 qui
1126 3480 1193 3514 cst
1218 3469 1481 3527 baptizatus,
1508 3483 1612 3513 cum
1647 3484 1740 3514 non
1767 3466 2180 3527 habeat-originale
2199 3481 2302 3527 pec·

342 3551 511 3595 catum,
541 3554 635 3584 non
661 3539 836 3584 videtur
853 3538 975 3598 quod
1001 3537 1157 3597 ·possit
1187 3536 1296 3581 illud
1328 3536 1641 3581 transfundere
1675 3536 1721 3580 in
1748 3534 1951 3594 prolem3
1978 3548 2089 3594 ergo
2120 3532 2201 3580 filii
2225 3533 2310 3579 baa:

345 3607 617 3667 ptizatorum
645 3621 737 3652 non
750 3606 958 3652 videntur
985 3618 1084 3650 esse
1110 3604 1379 3663 baptizandi.
