2352 3926
307 209 410 264 124
861 207 1140 253 QUAESTIO
1180 208 1256 248 xl.
1295 208 1604 249 ARTICULUS
1643 207 1701 247 11.

299 309 470 354 visivae
506 318 574 354 est
609 323 891 368 cognoscere
929 309 1134 367 colores;
1170 310 1272 356 finis
1300 321 1452 356 autem
1477 311 1709 371 potentiae
1733 309 2038 356 intellectivae
2063 323 2160 356 non
2190 319 2261 356 est

299 390 581 435 cognoscere
613 376 948 436 phantasmata,
980 376 1059 422 sed
1094 392 1375 437 cognoscere
1408 378 1582 438 species
1612 376 1934 437 intelligibiles,
1961 391 2074 437 quas
2106 390 2262 437 appre-

297 443 457 487 hendit
483 458 508 486 a
534 443 942 502 phantasmatibus,
969 444 1080 488 etin
1106 445 1498 504 phantasmatibus
1523 444 1779 490 secundum
1812 453 1982 489 statum
2011 443 2261 503 praesentis

299 509 444 564 vitae3
472 520 539 554 est
561 511 697 569 igitur
725 510 975 556 similitudo
1003 522 1225 571 quantum
1251 512 1307 556 ad
1332 513 1440 567 hoc,
1466 513 1589 573 quod
1623 512 1784 572 aspicit
1817 522 2006 571 utraque
2037 511 2260 571 pomtizu

297 590 391 620 non
419 587 572 620 autem
599 587 819 636 quantum
847 578 903 621 ad
929 578 1035 632 hoc,
1061 579 1109 623 in
1142 580 1265 639 quod
1291 580 1523 639 utriusque
1557 580 1786 639 potentiae
1819 578 2022 624 conditio
2053 578 2264 624 termina-

297 654 391 689 tur:
418 644 533 688 nihil
559 655 713 689 autern
740 645 964 704 prohibet,
987 647 1241 690 secundum
1267 647 1471 692 diversos
1497 657 1638 691 status
1656 660 1710 690 ex
1728 646 1916 691 diversis
1937 659 2037 690 rem
2056 644 2259 706 aliquam

298 712 354 755 ad
380 726 515 756 suum
541 712 680 756 finem
701 713 914 759 tendere:
946 713 1047 758 finis
1080 724 1237 758 tamen
1268 714 1476 773 proprius
1502 713 1693 772 alicujus
1720 712 1786 756 rei
1817 726 2000 771 semper
2025 722 2094 757 est
2123 725 2262 767 unus:

298 789 344 823 et
367 779 472 823 ideo
498 778 607 824 licet
631 779 753 824 visus
785 779 900 824 nihil
933 791 1185 840 cognoscat
1221 781 1389 840 absque
1423 779 1601 835 colore3
1627 779 1885 824 intellectus
1915 788 2071 824 tamen
2102 792 2263 824 secun·

299 845 409 890 dum
443 846 643 905 aliquem
668 857 838 892 statum
863 858 1014 907 potest
1035 862 1317 908 cognoscere
1337 848 1505 907 absque
1523 848 1862 907 phantasmate,
1887 845 1966 891 sed
1981 860 2077 891 non
2093 846 2263 906 absque

298 914 449 973 specie
475 914 762 979 intelligibili.
1734 914 1737 916 ’

387 982 464 1026 AD
492 995 753 1027 SECUNDUM
780 982 1039 1038 dicendum,
1063 983 1186 1043 quod
1212 982 1319 1028 licet
1341 983 1495 1027 anima
1511 981 1684 1026 Christi
1698 981 1834 1027 fuerit
1849 981 2055 1041 ejusdem
2074 989 2262 1026 naturae

300 1063 407 1092 cum
434 1049 671 1094 animabus
696 1051 885 1095 nostris:
913 1050 1072 1095 habuit
1095 1060 1252 1095 tamen
1281 1050 1482 1109 aliquem
1508 1059 1691 1104 statum,
1709 1063 1848 1108 quern
1875 1048 2055 1094 animae
2081 1058 2263 1094 nostrae

298 1130 393 1160 non
419 1116 590 1160 habent
614 1130 736 1161 nunc
764 1119 809 1162 in
836 1132 898 1175 re,
926 1118 1005 1162 sed
1029 1117 1180 1162 solum
1206 1118 1253 1162 in
1285 1132 1379 1177 spe,
1406 1116 1580 1161 scilicet
1606 1127 1774 1161 statum
1802 1116 2215 1176 comprehensoris.

389 1183 464 1227 AD
488 1196 705 1229 TERTIUM
731 1184 990 1239 dicendum,
1019 1185 1266 1244 quodlicet
1294 1186 1447 1228 anima
1475 1184 1648 1228 Christi
1673 1184 1871 1242 potuerit
1895 1182 2151 1243 intelligere
2167 1197 2263 1228 non

300 1251 608 1295 convertendo
627 1265 675 1295 se
690 1252 746 1295 ad
768 1252 1112 1310 phantasmata:
1140 1262 1319 1311 poterat
1343 1262 1501 1296 tamen
1517 1251 1786 1310 intelligere,
1803 1265 1852 1296 se
1871 1251 1928 1296 ad
1943 1251 2264 1311 phantasmata

300 1319 631 1373 convertendo;
669 1329 713 1363 et
747 1319 851 1363 ideo
889 1334 1047 1364 sensus
1080 1333 1175 1363 non
1216 1319 1399 1364 fuerunt
1433 1318 1597 1364 frustra
1627 1319 1674 1363 in
1699 1319 1820 1378 ipsa:
1857 1319 2124 1378 praesertim
2157 1332 2264 1363 cum

298 1400 455 1430 sensus
478 1401 573 1430 non
600 1386 761 1431 dentur
786 1388 968 1432 homini
1000 1387 1152 1432 solum
1185 1388 1241 1432 ad
1275 1387 1515 1433 scientiam
1546 1386 1892 1443 intellectivam,
1923 1387 2003 1434 sed
2034 1387 2174 1434 etiam
2207 1386 2263 1432 ad

298 1454 620 1499 necessitatem
645 1454 765 1500 vitae
791 1455 1016 1500 animalis.
1036 1450 1039 1454 ’

1019 1632 1455 1693 ARTICULUS
1485 1635 1586 1691 ΙΙΙ.
2206 1661 2264 1708 74

636 1768 830 1809 UTRUM
870 1770 1018 1811 HAEC
1060 1772 1315 1811 SCIENTIA
1354 1773 1552 1811 FUERIT
1594 1722 1928 1811 COLLATIVA.

572 1879 623 1939 (3.
657 1881 768 1925 Dist.
800 1896 866 1939 14.
906 1889 987 1927 art.
1018 1898 1055 1942 3.
1099 1898 1136 1942 q.
1164 1898 1202 1943 3.
1235 1890 1271 1928 et
1323 1883 1431 1928 Veri.
1469 1898 1507 1942 q.
1543 1898 1614 1928 20.
1647 1890 1730 1928 art.
1763 1897 1800 1942 3.
1833 1881 1889 1927 ad
1921 1881 1995 1940 L).

390 1990 466 2034 AD
494 2003 711 2036 TERTIUM
733 1994 797 2037 sic
824 1995 1096 2052 proceditur.
1119 1994 1325 2049 Videtur,
1348 1995 1470 2054 quod
1503 1994 1657 2039 anima
1675 1993 1849 2039 Christi
1879 1994 2000 2038 hanc
2025 1993 2264 2038 scientiam

298 2070 393 2100 non
418 2057 629 2102 habuerit
652 2074 733 2118 per
759 2061 951 2105 modum
994 2061 1279 2106 collationis:
1309 2062 1417 2106 dicit
1450 2062 1574 2106 enim
1605 2062 1822 2105 Damasc.
1855 2062 1903 2106 in
1938 2075 1976 2121 3.
2012 2060 2089 2106 lib.
2115 2060 2263 2119 (Orth.

298 2123 391 2169 Fid.
420 2132 510 2184 cap.
543 2140 608 2183 14.
636 2133 673 2171 et
698 2128 770 2171 lib.
803 2143 843 2172 2.
871 2137 961 2188 cap.
994 2130 1112 2187 22.):
1146 2130 1242 2172 «In
1271 2128 1457 2173 Christo
1484 2143 1579 2173 non
1602 2129 1796 2173 dicimus
1824 2127 2085 2183 consilium,
2114 2141 2264 2187 neque

299 2189 574 2236 electionem
596 2210 619 2235 »
637 2207 647 2236 ι
674 2208 770 2238 non
797 2205 951 2239 autern
978 2206 1274 2241 removentur
1289 2196 1405 2240 haec
1425 2210 1450 2239 a
1469 2196 1671 2250 Christo,
1688 2196 1776 2240 nisi
1800 2196 2074 2255 inquantum
2094 2194 2267 2254 impor-

297 2266 395 2302 tant
421 2259 734 2315 collationem,
773 2271 816 2306 et
855 2262 1136 2318 discursum;
1170 2278 1280 2322 ergo
1317 2263 1508 2317 videtur,
1545 2263 1668 2322 quod
1700 2263 1748 2307 in
1787 2262 1975 2307 Christo
2005 2275 2101 2307 non
2130 2260 2267 2307 fuerit

298 2326 488 2370 scientia
515 2326 743 2382 collativa,
770 2328 844 2372 vel
870 2330 1133 2375 discursiva.

387 2406 427 2437 2.
455 2394 753 2440 PRAETEREA.
778 2396 934 2441 Homo
953 2397 1127 2456 indiget
1145 2396 1405 2451 collatione,
1425 2407 1469 2441 et
1490 2397 1696 2441 discursu
1718 2396 1907 2441 rationis
1925 2397 1981 2441 ad
1997 2395 2267 2456 inquirenda

299 2475 353 2505 ea
379 2475 494 2519 quae
526 2461 727 2520 ignorat:
763 2463 842 2507 sed
878 2464 1031 2507 anima
1067 2465 1239 2509 Christi
1273 2464 1492 2522 cognovit
1527 2465 1698 2518 omnia,
1734 2474 1784 2508 ut
1815 2478 1951 2523 supra
1983 2463 2157 2508 dictum
2199 2472 2268 2507 est

298 2529 358 2587 (q.
378 2536 522 2588 praec.
549 2536 632 2590 art,
659 2531 718 2588 2.)
732 2546 749 2583 ,·
777 2545 872 2575 non
900 2546 1010 2590 ergo
1036 2532 1083 2575 in
1111 2546 1164 2576 ea
1190 2531 1274 2575 fuit
1304 2531 1494 2575 scientia
1519 2531 1782 2585 discursiva,
1807 2530 1882 2575 vel
1907 2530 2136 2575 collativa.

391 2610 429 2655 3.
455 2596 752 2641 PRAETEREA.
782 2597 984 2643 Scientia
1012 2600 1192 2643 animae
1222 2598 1395 2643 Christi
1412 2612 1460 2643 se
1477 2598 1636 2642 habuit
1656 2612 1736 2657 per
1753 2598 1947 2643 modum
1970 2598 2268 2658 comprehen-

299 2677 472 2717 sorum,
500 2664 576 2722 qui
604 2665 776 2723 angelis
813 2665 1172 2720 conformantur,
1199 2675 1248 2709 ut
1283 2666 1446 2710 dicitur
1470 2665 1631 2710 Matth.
1660 2678 1752 2711 22.:
1780 2665 1859 2710 sed
1883 2665 1930 2710 in
1972 2665 2147 2725 angelis
2170 2678 2266 2710 non

300 2740 368 2775 est
392 2730 582 2775 scientia
608 2730 874 2786 discursiva,
901 2746 982 2777 seu
1010 2732 1239 2787 collativa,
1266 2743 1315 2777 ut
1336 2742 1459 2792 patet
1483 2747 1563 2791 per
1588 2733 1726 2777 Dion.
1755 2746 1794 2791 7.
1813 2747 1911 2792 cap.
1930 2734 1986 2779 de
2002 2733 2109 2779 Div.
2123 2732 2265 2779 Nom.

298 2797 409 2854 (lect.
432 2798 523 2856 2.);
552 2812 662 2857 ergo
694 2812 780 2843 nec
814 2799 953 2843 etiarn
985 2799 1031 2843 in
1064 2800 1217 2844 anima
1250 2799 1423 2844 Christi
1453 2799 1538 2844 fuit
1562 2800 1752 2844 scientia
1774 2800 2040 2856 discursiva,
2065 2814 2147 2845 seu
2173 2798 2271 2845 col-

299 2863 451 2909 lativa.

340 2927 343 2929 ’
391 2932 486 2977 SED
514 2946 706 2978 CONTRA
734 2943 815 2987 est,
843 2933 965 2992 quod
995 2934 1204 2979 Christus
1230 2934 1387 2978 habuit
1415 2934 1617 2978 animam
1643 2934 1931 2990 rationalem,
1956 2944 2007 2980 ut
2029 2949 2166 2995 supra
2190 2933 2267 2979 ha-

298 2999 444 3044 bitum
472 3008 539 3044 est
572 2999 630 3059 (q.
652 3014 689 3059 5.
718 3007 796 3045 art.
821 3002 906 3059 3.).·
935 3002 1117 3060 propria
1151 3011 1306 3045 autem
1345 3001 1549 3060 operatio
1589 3002 1768 3046 animae
1803 3001 2037 3047 rationalis
2063 3010 2132 3048 est
2161 3015 2268 3047 con·

299 3066 430 3121 ferre,
459 3077 503 3111 et
528 3067 780 3112 discurrere
808 3067 862 3111 de
888 3082 981 3112 uno
1008 3068 1055 3112 in
1083 3067 1225 3123 aliud;
1254 3082 1363 3126 ergo
1391 3070 1436 3112 in
1460 3068 1646 3113 Christo
1673 3068 1757 3114 fuit
1788 3069 1978 3115 scientia
2003 3068 2267 3124 discursiva,

298 3133 373 3179 vel
400 3133 627 3178 collativa.

389 3201 679 3246 RESPONDEO
717 3201 977 3256 dicendum,
1015 3203 1137 3261 quod
1175 3202 1325 3261 aliqua
1359 3203 1546 3247 scientia
1579 3213 1728 3262 potest
1768 3218 1866 3248 esse
1898 3203 2163 3258 discursiva,
2192 3201 2267 3248 vel

300 3267 515 3312 collativa
541 3268 790 3329 dupliciter:
818 3284 900 3313 uno
927 3270 1048 3314 modo
1075 3279 1296 3329 quantum
1324 3270 1379 3313 ad
1405 3270 1621 3314 scientiae
1650 3271 1998 3330 acquisitionem
2012 3286 2025 3318 z·
2048 3270 2167 3316 sicut
2197 3283 2268 3315 ac-

300 3336 408 3380 cidit
433 3336 479 3379 in
506 3336 652 3390 nobis,
674 3337 755 3396 qui
781 3336 1074 3396 procedimus
1102 3337 1157 3380 ad
1186 3337 1562 3395 cognoscendum
1590 3352 1732 3381 unum
1759 3352 1839 3397 per
1859 3337 2007 3393 aliud;
2028 3338 2146 3384 sicut
2165 3335 2268 3383 effe-
2309 3366 2312 3370 ‚

301 3413 399 3447 ctus
425 3418 504 3462 per
532 3418 707 3458 causas,
734 3403 805 3448 vel
834 3419 858 3448 e
885 3417 1131 3458 converso3
1160 3414 1203 3448 et
1229 3404 1319 3447 hoc
1354 3403 1496 3447 modo
1529 3405 1719 3448 scientia
1753 3405 1933 3450 animae
1966 3404 2142 3451 Christi
2169 3417 2266 3450 non

300 3469 383 3514 fuit
409 3470 672 3525 discursiva‚
699 3470 772 3514 vel
799 3470 1033 3515 collativa:
1062 3471 1166 3529 quia
1194 3471 1306 3514 haec
1335 3471 1539 3525 scientia,
1567 3471 1621 3515 de
1645 3486 1733 3530 qua
1758 3486 1879 3516 nunc
1906 3471 2153 3532 loquimur,
2183 3470 2268 3516 fuit

301 3538 386 3582 sibi
419 3538 632 3583 divinitus
665 3538 820 3592 indita,
857 3551 951 3582 non
986 3552 1066 3597 per
1101 3537 1501 3596 investigationem
1537 3539 1724 3583 rationis
1763 3541 2004 3598 acquisita:
2029 3538 2115 3585 alio
2145 3538 2265 3583 modo

302 3614 451 3662 potest
477 3605 566 3649 dici
595 3604 745 3664 aliqua
772 3604 959 3650 scientia
987 3604 1251 3659 discursiva,
1279 3603 1350 3649 vel
1377 3604 1591 3649 collativa
1618 3616 1839 3664 quantum
1871 3605 1927 3651 ad
1959 3618 2118 3654 usum:
2150 3604 2268 3651 sieut
