2352 3926
280 228 389 296 834
812 239 1092 284 QUAESTIO
1132 239 1224 278 xe.
1266 202 1576 279 AR‘rIcULus
1617 234 1693 280 lv.

276 353 431 387 tuntur
462 356 543 401 per
567 341 768 400 aliquem
799 333 1054 385 ferventem
1080 350 1234 385 actum
1267 340 1515 396 eharitatis,
1541 350 1591 389 ut
1619 354 1756 401 supra
1780 342 1953 390 dictum
1985 353 2054 394 est
2080 345 2147 405 (q,
2171 347 2244 406 87.

278 416 359 453 art.
381 424 421 454 2.
447 415 486 453 et
533 410 579 459 ..)

367 477 443 520 AD
469 423 658 520 ΡέΙΜυΜ
684 488 794 533 ergo
821 474 1083 527 dicendum,
1109 473 1233 533 quod
1259 474 1554 533 poenitentia,
1576 471 1693 534 q'hae
1716 484 1786 519 est
1817 485 1924 520 ante
1947 458 2242 536 baptism

275 557 370 586 non
403 552 470 586 est
510 551 862 599 sacramentum,
905 541 984 584 sed
1025 550 1094 584 est
1134 550 1262 585 actus
1304 539 1482 585 virtutis
1523 541 1772 600 disponens
1813 542 1871 586 ad
1901 553 2244 595 sacramentum

277 609 503 668 baptismi.

365 676 441 719 AD
468 688 729 720 SECUNDUM
756 674 1017 727 dicendum,
1045 673 1169 732 quod
1196 673 1491 732 poenitentia,
1517 688 1634 732 quae
1659 673 1783 719 delet
1805 685 1995 734 peccat-a
2015 676 2244 732 mortalia,

274 742 395 786 delet
419 741 557 785 etiam
584 741 796 796 venialia,
827 742 908 785 sed
934 755 1028 784 non
1051 740 1359 795 convertitur;
1382 750 1428 784 et
1451 741 1558 785 ideo
1584 741 1674 787 hae
1706 742 1822 787 duae
1853 743 2163 802 poenitentiae
2192 758 2242 798 se

274 809 443 852 habent
478 809 594 852 sicut
618 808 887 867 perfectum,
914 818 959 852 et
979 806 1315 866 imperfectum.

365 876 441 919 AD
460 887 677 919 TERTIUM
695 875 954 929 dicendum,
981 873 1105 933 quod
1129 883 1232 918 ante
1258 874 1539 933 baptismum
1563 889 1659 919 non
1691 886 1797 920 sunt
1826 885 2017 935 peccata
2045 876 2243 930 venialia

275 943 371 986 sine
390 942 679 986 mortalibus:
699 953 742 986 et
760 943 865 1001 quia
881 941 1060 986 veniale
1077 941 1175 986 sine
1191 941 1376 985 mortali
1389 942 1554 986 dimitti
1569 957 1663 987 non
1675 952 1840 1002 potest,
1855 953 1907 988 ut
1921 956 2056 1004 supra
2070 945 2241 993 dictum

275 1021 343 1052 est
370 1010 428 1068 (q.
456 1011 525 1068 87.
552 1016 630 1053 art.
664 1011 745 1067 4.),
778 1010 885 1053 ideo
919 1019 1024 1053 ante
1056 1009 1335 1068 baptismum
1367 1022 1462 1052 non
1495 1009 1786 1068 distinguitur
1816 1011 2099 1069 poenitentia
2124 1025 2241 1057 mor-

273 1076 449 1130 talium,
472 1086 517 1120 et
540 1076 803 1120 venialium.

875 2155 1033 2199 FINIS
1069 2154 1345 2199 TERTIAE
1379 2154 1622 2200 PARTIS.
