<?xml version="1.0" encoding="UTF-8"?>
<!DOCTYPE html PUBLIC "-//W3C//DTD XHTML 1.0 Transitional//EN"
    "http://www.w3.org/TR/xhtml1/DTD/xhtml1-transitional.dtd">
<html xmlns="http://www.w3.org/1999/xhtml" xml:lang="en" lang="en">
 <head>
  <title>
</title>
<meta http-equiv="Content-Type" content="text/html;charset=utf-8" />
  <meta name='ocr-system' content='tesseract 3.04.00' />
  <meta name='ocr-capabilities' content='ocr_page ocr_carea ocr_par ocr_line ocrx_word'/>
</head>
<body>
  <div class='ocr_page' id='page_1' title='image "./divithomaeaquina04thom_0397.png"; bbox 0 0 2352 3926; ppageno 0'>
   <div class='ocr_carea' id='block_1_1' title="bbox 623 216 2068 271">
    <p class='ocr_par' dir='ltr' id='par_1_1' title="bbox 623 216 2068 271">
     <span class='ocr_line' id='line_1_1' title="bbox 623 216 2068 271; baseline 0.004 -15"><span class='ocrx_word' id='word_1_1' title='bbox 623 217 899 264; x_wconf 79' lang='lat' dir='ltr'><strong>QUAESTIO</strong></span> <span class='ocrx_word' id='word_1_2' title='bbox 939 218 1083 256; x_wconf 83' lang='lat' dir='ltr'>XLVI.</span> <span class='ocrx_word' id='word_1_3' title='bbox 1125 217 1434 257; x_wconf 74' lang='lat' dir='ltr'>ARTICULUS</span> <span class='ocrx_word' id='word_1_4' title='bbox 1473 216 1567 256; x_wconf 85' lang='lat' dir='ltr'>vn.</span> <span class='ocrx_word' id='word_1_5' title='bbox 1966 217 2068 271; x_wconf 81' lang='grc'>393</span> 
     </span>
    </p>
   </div>
   <div class='ocr_carea' id='block_1_2' title="bbox 0 785 95 3793">
    <p class='ocr_par' dir='ltr' id='par_1_2' title="bbox 0 785 95 3793">
     <span class='ocr_line' id='line_1_2' title="bbox 0 785 95 3616; baseline 0 -124"><span class='ocrx_word' id='word_1_6' title='bbox 0 785 95 3616; x_wconf 95' lang='lat' dir='ltr'>    </span> 
     </span>
     <span class='ocr_line' id='line_1_3' title="bbox 0 3616 95 3793; baseline 0 0"><span class='ocrx_word' id='word_1_7' title='bbox 0 3616 95 3793; x_wconf 95' lang='lat' dir='ltr'>  </span> 
     </span>
    </p>
   </div>
   <div class='ocr_carea' id='block_1_3' title="bbox 0 317 2115 2454">
    <p class='ocr_par' dir='ltr' id='par_1_3' title="bbox 0 317 2078 788">
     <span class='ocr_line' id='line_1_4' title="bbox 0 317 2076 381; baseline -0.004 -12"><span class='ocrx_word' id='word_1_8' title='bbox 0 329 12 381; x_wconf 65' lang='grc' dir='ltr'>ξ</span> <span class='ocrx_word' id='word_1_9' title='bbox 109 335 217 370; x_wconf 75' lang='lat' dir='ltr'>cum</span> <span class='ocrx_word' id='word_1_10' title='bbox 238 321 400 366; x_wconf 90' lang='lat' dir='ltr'>oculus</span> <span class='ocrx_word' id='word_1_11' title='bbox 425 321 653 380; x_wconf 88' lang='lat' dir='ltr'>pungitur,</span> <span class='ocrx_word' id='word_1_12' title='bbox 677 331 753 365; x_wconf 92' lang='lat' dir='ltr'>aut</span> <span class='ocrx_word' id='word_1_13' title='bbox 776 320 916 365; x_wconf 89' lang='lat' dir='ltr'>etiam</span> <span class='ocrx_word' id='word_1_14' title='bbox 943 321 1291 378; x_wconf 86' lang='lat' dir='ltr'>distemperatur</span> <span class='ocrx_word' id='word_1_15' title='bbox 1316 334 1395 378; x_wconf 90' lang='lat' dir='ltr'>per</span> <span class='ocrx_word' id='word_1_16' title='bbox 1421 318 1654 363; x_wconf 88' lang='lat' dir='ltr'>calorem:</span> <span class='ocrx_word' id='word_1_17' title='bbox 1674 318 1738 363; x_wconf 88' lang='lat' dir='ltr'>sic</span> <span class='ocrx_word' id='word_1_18' title='bbox 1764 317 1903 377; x_wconf 87' lang='lat' dir='ltr'>igitur</span> <span class='ocrx_word' id='word_1_19' title='bbox 1924 317 2076 362; x_wconf 90' lang='lat' dir='ltr'>dicen-</span> 
     </span>
     <span class='ocr_line' id='line_1_5' title="bbox 0 386 2078 447; baseline -0.003 -12"><span class='ocrx_word' id='word_1_20' title='bbox 0 388 13 444; x_wconf 69' lang='lat'><em>}</em></span> <span class='ocrx_word' id='word_1_21' title='bbox 109 389 219 434; x_wconf 89' lang='lat' dir='ltr'>dum</span> <span class='ocrx_word' id='word_1_22' title='bbox 246 399 328 439; x_wconf 88' lang='lat' dir='ltr'>est,</span> <span class='ocrx_word' id='word_1_23' title='bbox 345 389 467 447; x_wconf 92' lang='lat' dir='ltr'>quod</span> <span class='ocrx_word' id='word_1_24' title='bbox 495 389 532 432; x_wconf 92' lang='lat' dir='ltr'>si</span> <span class='ocrx_word' id='word_1_25' title='bbox 558 388 866 447; x_wconf 85' lang='lat' dir='ltr'><strong>intelligamus</strong></span> <span class='ocrx_word' id='word_1_26' title='bbox 891 398 1038 432; x_wconf 85' lang='lat' dir='ltr'>totam</span> <span class='ocrx_word' id='word_1_27' title='bbox 1066 388 1267 431; x_wconf 89' lang='lat' dir='ltr'>animam</span> <span class='ocrx_word' id='word_1_28' title='bbox 1290 388 1466 440; x_wconf 87' lang='lat' dir='ltr'>ratione</span> <span class='ocrx_word' id='word_1_29' title='bbox 1493 401 1602 431; x_wconf 87' lang='lat' dir='ltr'>suae</span> <span class='ocrx_word' id='word_1_30' title='bbox 1626 387 1862 440; x_wconf 79' lang='lat' dir='ltr'>essentiae,</span> <span class='ocrx_word' id='word_1_31' title='bbox 1888 386 1954 430; x_wconf 92' lang='lat' dir='ltr'>sic</span> <span class='ocrx_word' id='word_1_32' title='bbox 1985 400 2078 429; x_wconf 91' lang='lat' dir='ltr'>ma-</span> 
     </span>
     <span class='ocr_line' id='line_1_6' title="bbox 0 447 2071 544; baseline -0.002 -43"><span class='ocrx_word' id='word_1_33' title='bbox 0 447 13 544; x_wconf 56' lang='grc' dir='ltr'>ἰ</span> <span class='ocrx_word' id='word_1_34' title='bbox 106 455 324 509; x_wconf 73' lang='lat' dir='ltr'>nifestum</span> <span class='ocrx_word' id='word_1_35' title='bbox 351 465 432 509; x_wconf 91' lang='lat' dir='ltr'>est,</span> <span class='ocrx_word' id='word_1_36' title='bbox 459 466 605 500; x_wconf 91' lang='lat' dir='ltr'>totam</span> <span class='ocrx_word' id='word_1_37' title='bbox 633 456 835 499; x_wconf 88' lang='lat' dir='ltr'>animam</span> <span class='ocrx_word' id='word_1_38' title='bbox 853 455 1030 507; x_wconf 85' lang='lat' dir='ltr'>Christi</span> <span class='ocrx_word' id='word_1_39' title='bbox 1057 468 1235 514; x_wconf 88' lang='lat' dir='ltr'>passam</span> <span class='ocrx_word' id='word_1_40' title='bbox 1265 468 1387 508; x_wconf 91' lang='lat' dir='ltr'>esse;</span> <span class='ocrx_word' id='word_1_41' title='bbox 1410 468 1518 497; x_wconf 87' lang='lat' dir='ltr'>nam</span> <span class='ocrx_word' id='word_1_42' title='bbox 1545 464 1641 498; x_wconf 90' lang='lat' dir='ltr'>tota</span> <span class='ocrx_word' id='word_1_43' title='bbox 1668 453 1863 498; x_wconf 87' lang='lat' dir='ltr'>essentia</span> <span class='ocrx_word' id='word_1_44' title='bbox 1890 455 2071 497; x_wconf 91' lang='lat' dir='ltr'>animae</span> 
     </span>
     <span class='ocr_line' id='line_1_7' title="bbox 0 520 2069 588; baseline -0.003 -19"><span class='ocrx_word' id='word_1_45' title='bbox 0 550 18 588; x_wconf 36' lang='grc' dir='ltr'><strong>ᾖ</strong></span> <span class='ocrx_word' id='word_1_46' title='bbox 109 523 402 582; x_wconf 88' lang='lat' dir='ltr'>conjungitur</span> <span class='ocrx_word' id='word_1_47' title='bbox 428 522 624 581; x_wconf 87' lang='lat' dir='ltr'>corpori,</span> <span class='ocrx_word' id='word_1_48' title='bbox 657 523 719 566; x_wconf 89' lang='lat' dir='ltr'>ita</span> <span class='ocrx_word' id='word_1_49' title='bbox 745 522 867 580; x_wconf 93' lang='lat' dir='ltr'>quod</span> <span class='ocrx_word' id='word_1_50' title='bbox 895 532 991 566; x_wconf 92' lang='lat' dir='ltr'>tota</span> <span class='ocrx_word' id='word_1_51' title='bbox 1018 531 1086 565; x_wconf 87' lang='lat' dir='ltr'>est</span> <span class='ocrx_word' id='word_1_52' title='bbox 1117 522 1162 564; x_wconf 92' lang='lat' dir='ltr'>in</span> <span class='ocrx_word' id='word_1_53' title='bbox 1189 531 1302 574; x_wconf 93' lang='lat' dir='ltr'>toto,</span> <span class='ocrx_word' id='word_1_54' title='bbox 1321 531 1366 564; x_wconf 89' lang='lat' dir='ltr'>et</span> <span class='ocrx_word' id='word_1_55' title='bbox 1390 531 1485 564; x_wconf 85' lang='lat' dir='ltr'>tota</span> <span class='ocrx_word' id='word_1_56' title='bbox 1512 521 1557 563; x_wconf 89' lang='lat' dir='ltr'>in</span> <span class='ocrx_word' id='word_1_57' title='bbox 1585 520 1786 579; x_wconf 89' lang='lat' dir='ltr'>qualibet</span> <span class='ocrx_word' id='word_1_58' title='bbox 1807 530 1933 580; x_wconf 81' lang='lat' dir='ltr'>parte</span> <span class='ocrx_word' id='word_1_59' title='bbox 1951 522 2069 578; x_wconf 90' lang='lat' dir='ltr'>ejus:</span> 
     </span>
     <span class='ocr_line' id='line_1_8' title="bbox 0 585 2070 648; baseline -0.003 -12"><span class='ocrx_word' id='word_1_60' title='bbox 0 585 28 641; x_wconf 62' lang='lat' dir='ltr'>i.</span> <span class='ocrx_word' id='word_1_61' title='bbox 108 600 155 636; x_wconf 85' lang='lat' dir='ltr'>et</span> <span class='ocrx_word' id='word_1_62' title='bbox 178 589 300 644; x_wconf 92' lang='lat' dir='ltr'>ideo,</span> <span class='ocrx_word' id='word_1_63' title='bbox 326 603 517 648; x_wconf 89' lang='lat' dir='ltr'>corpore</span> <span class='ocrx_word' id='word_1_64' title='bbox 540 589 752 648; x_wconf 89' lang='lat' dir='ltr'>patiente,</span> <span class='ocrx_word' id='word_1_65' title='bbox 771 599 815 632; x_wconf 91' lang='lat' dir='ltr'>et</span> <span class='ocrx_word' id='word_1_66' title='bbox 841 588 1061 646; x_wconf 91' lang='lat' dir='ltr'>disposito</span> <span class='ocrx_word' id='word_1_67' title='bbox 1081 588 1137 631; x_wconf 88' lang='lat' dir='ltr'>ad</span> <span class='ocrx_word' id='word_1_68' title='bbox 1159 587 1495 646; x_wconf 85' lang='lat' dir='ltr'>separationem</span> <span class='ocrx_word' id='word_1_69' title='bbox 1520 588 1572 630; x_wconf 87' lang='lat' dir='ltr'>ab</span> <span class='ocrx_word' id='word_1_70' title='bbox 1602 588 1769 640; x_wconf 88' lang='lat' dir='ltr'>anima,</span> <span class='ocrx_word' id='word_1_71' title='bbox 1796 597 1892 631; x_wconf 92' lang='lat' dir='ltr'>tota</span> <span class='ocrx_word' id='word_1_72' title='bbox 1915 587 2070 630; x_wconf 88' lang='lat' dir='ltr'>anima</span> 
     </span>
     <span class='ocr_line' id='line_1_9' title="bbox 0 638 2068 788; baseline -0.002 -87"><span class='ocrx_word' id='word_1_73' title='bbox 0 638 20 788; x_wconf 55' lang='grc' dir='ltr'>ἱ</span> <span class='ocrx_word' id='word_1_74' title='bbox 109 657 384 716; x_wconf 83' lang='lat' dir='ltr'>patiebatur:</span> <span class='ocrx_word' id='word_1_75' title='bbox 413 657 450 700; x_wconf 91' lang='lat' dir='ltr'>si</span> <span class='ocrx_word' id='word_1_76' title='bbox 476 671 585 700; x_wconf 88' lang='lat' dir='ltr'>vero</span> <span class='ocrx_word' id='word_1_77' title='bbox 612 654 920 713; x_wconf 83' lang='lat' dir='ltr'>intelligamus</span> <span class='ocrx_word' id='word_1_78' title='bbox 947 665 1092 698; x_wconf 90' lang='lat' dir='ltr'>totam</span> <span class='ocrx_word' id='word_1_79' title='bbox 1126 655 1330 697; x_wconf 87' lang='lat' dir='ltr'>animam</span> <span class='ocrx_word' id='word_1_80' title='bbox 1362 655 1614 697; x_wconf 87' lang='lat' dir='ltr'>secundum</span> <span class='ocrx_word' id='word_1_81' title='bbox 1647 668 1808 698; x_wconf 91' lang='lat' dir='ltr'>omnes</span> <span class='ocrx_word' id='word_1_82' title='bbox 1840 653 2068 712; x_wconf 87' lang='lat' dir='ltr'>potentias</span> 
     </span>
    </p>

    <p class='ocr_par' dir='ltr' id='par_1_4' title="bbox 18 720 2081 1383">
     <span class='ocr_line' id='line_1_10' title="bbox 100 720 2077 782; baseline -0.002 -14"><span class='ocrx_word' id='word_1_83' title='bbox 100 724 222 782; x_wconf 77' lang='lat' dir='ltr'>¹ejuS,</span> <span class='ocrx_word' id='word_1_84' title='bbox 247 723 310 768; x_wconf 91' lang='lat' dir='ltr'>sic</span> <span class='ocrx_word' id='word_1_85' title='bbox 338 722 567 782; x_wconf 89' lang='lat' dir='ltr'>loquendo</span> <span class='ocrx_word' id='word_1_86' title='bbox 594 723 649 766; x_wconf 91' lang='lat' dir='ltr'>de</span> <span class='ocrx_word' id='word_1_87' title='bbox 672 722 955 781; x_wconf 86' lang='lat' dir='ltr'>passionibus</span> <span class='ocrx_word' id='word_1_88' title='bbox 975 722 1167 780; x_wconf 90' lang='lat' dir='ltr'>propriis</span> <span class='ocrx_word' id='word_1_89' title='bbox 1189 721 1510 778; x_wconf 91' lang='lat' dir='ltr'>potentiarum,</span> <span class='ocrx_word' id='word_1_90' title='bbox 1527 720 1780 778; x_wconf 87' lang='lat' dir='ltr'>patiebatur</span> <span class='ocrx_word' id='word_1_91' title='bbox 1803 720 1988 779; x_wconf 89' lang='lat' dir='ltr'>quidem</span> <span class='ocrx_word' id='word_1_92' title='bbox 2011 733 2077 765; x_wconf 88' lang='lat' dir='ltr'>se-</span> 
     </span>
     <span class='ocr_line' id='line_1_11' title="bbox 111 786 2078 847; baseline -0.002 -13"><span class='ocrx_word' id='word_1_93' title='bbox 111 790 311 835; x_wconf 85' lang='lat' dir='ltr'>cundum</span> <span class='ocrx_word' id='word_1_94' title='bbox 338 804 499 834; x_wconf 89' lang='lat' dir='ltr'>omnes</span> <span class='ocrx_word' id='word_1_95' title='bbox 525 789 642 834; x_wconf 89' lang='lat' dir='ltr'>vires</span> <span class='ocrx_word' id='word_1_96' title='bbox 668 789 930 842; x_wconf 87' lang='lat' dir='ltr'>inferiores;</span> <span class='ocrx_word' id='word_1_97' title='bbox 964 788 1069 847; x_wconf 87' lang='lat' dir='ltr'>quia</span> <span class='ocrx_word' id='word_1_98' title='bbox 1094 788 1142 831; x_wconf 91' lang='lat' dir='ltr'>in</span> <span class='ocrx_word' id='word_1_99' title='bbox 1167 787 1358 845; x_wconf 87' lang='lat' dir='ltr'>singulis</span> <span class='ocrx_word' id='word_1_100' title='bbox 1380 787 1548 830; x_wconf 90' lang='lat' dir='ltr'>viribus</span> <span class='ocrx_word' id='word_1_101' title='bbox 1570 786 1858 832; x_wconf 86' lang='lat' dir='ltr'>inferioribus</span> <span class='ocrx_word' id='word_1_102' title='bbox 1881 788 2078 840; x_wconf 90' lang='lat' dir='ltr'>animae,</span> 
     </span>
     <span class='ocr_line' id='line_1_12' title="bbox 31 853 2078 916; baseline -0.002 -14"><span class='ocrx_word' id='word_1_103' title='bbox 31 883 40 892; x_wconf 91' lang='lat'><strong>·</strong></span> <span class='ocrx_word' id='word_1_104' title='bbox 110 870 227 916; x_wconf 89' lang='lat' dir='ltr'>quae</span> <span class='ocrx_word' id='word_1_105' title='bbox 253 857 373 901; x_wconf 86' lang='lat' dir='ltr'>circa</span> <span class='ocrx_word' id='word_1_106' title='bbox 398 855 668 915; x_wconf 86' lang='lat' dir='ltr'>temporalia</span> <span class='ocrx_word' id='word_1_107' title='bbox 696 865 955 915; x_wconf 89' lang='lat' dir='ltr'>operantur,</span> <span class='ocrx_word' id='word_1_108' title='bbox 997 854 1312 898; x_wconf 88' lang='lat' dir='ltr'>inveniebatur</span> <span class='ocrx_word' id='word_1_109' title='bbox 1353 853 1538 912; x_wconf 90' lang='lat' dir='ltr'>aliquid,</span> <span class='ocrx_word' id='word_1_110' title='bbox 1565 853 1688 912; x_wconf 91' lang='lat' dir='ltr'>quod</span> <span class='ocrx_word' id='word_1_111' title='bbox 1716 863 1812 898; x_wconf 88' lang='lat' dir='ltr'>erat</span> <span class='ocrx_word' id='word_1_112' title='bbox 1838 868 1974 898; x_wconf 91' lang='lat' dir='ltr'>causa</span> <span class='ocrx_word' id='word_1_113' title='bbox 2000 853 2078 897; x_wconf 93' lang='lat' dir='ltr'>do-</span> 
     </span>
     <span class='ocr_line' id='line_1_13' title="bbox 108 921 2081 980; baseline -0.001 -13"><span class='ocrx_word' id='word_1_114' title='bbox 108 921 220 968; x_wconf 86' lang='lat' dir='ltr'>loris</span> <span class='ocrx_word' id='word_1_115' title='bbox 261 922 446 976; x_wconf 91' lang='lat' dir='ltr'>Christi,</span> <span class='ocrx_word' id='word_1_116' title='bbox 472 923 589 967; x_wconf 91' lang='lat' dir='ltr'>sicut</span> <span class='ocrx_word' id='word_1_117' title='bbox 614 937 668 966; x_wconf 85' lang='lat' dir='ltr'>ex</span> <span class='ocrx_word' id='word_1_118' title='bbox 693 921 960 980; x_wconf 89' lang='lat' dir='ltr'>supradictis</span> <span class='ocrx_word' id='word_1_119' title='bbox 994 931 1117 980; x_wconf 91' lang='lat' dir='ltr'>patet</span> <span class='ocrx_word' id='word_1_120' title='bbox 1141 923 1240 979; x_wconf 83' lang='lat' dir='ltr'>(art.</span> <span class='ocrx_word' id='word_1_121' title='bbox 1266 923 1462 980; x_wconf 61' lang='lat' dir='ltr'>praecQ:</span> <span class='ocrx_word' id='word_1_122' title='bbox 1490 921 1568 964; x_wconf 91' lang='lat' dir='ltr'>sed</span> <span class='ocrx_word' id='word_1_123' title='bbox 1594 921 1847 964; x_wconf 89' lang='lat' dir='ltr'>secundum</span> <span class='ocrx_word' id='word_1_124' title='bbox 1882 921 1973 965; x_wconf 88' lang='lat' dir='ltr'>hoc</span> <span class='ocrx_word' id='word_1_125' title='bbox 2010 934 2081 965; x_wconf 91' lang='lat' dir='ltr'>su·</span> 
     </span>
     <span class='ocr_line' id='line_1_14' title="bbox 109 987 2078 1048; baseline -0.002 -14"><span class='ocrx_word' id='word_1_126' title='bbox 109 990 262 1048; x_wconf 85' lang='lat' dir='ltr'>perior</span> <span class='ocrx_word' id='word_1_127' title='bbox 286 990 402 1034; x_wconf 89' lang='lat' dir='ltr'>ratio</span> <span class='ocrx_word' id='word_1_128' title='bbox 427 1003 522 1033; x_wconf 91' lang='lat' dir='ltr'>non</span> <span class='ocrx_word' id='word_1_129' title='bbox 547 989 798 1048; x_wconf 90' lang='lat' dir='ltr'>patiebatur</span> <span class='ocrx_word' id='word_1_130' title='bbox 823 989 869 1032; x_wconf 92' lang='lat' dir='ltr'>in</span> <span class='ocrx_word' id='word_1_131' title='bbox 897 988 1084 1032; x_wconf 89' lang='lat' dir='ltr'>Christo</span> <span class='ocrx_word' id='word_1_132' title='bbox 1112 1002 1165 1032; x_wconf 84' lang='lat' dir='ltr'>ex</span> <span class='ocrx_word' id='word_1_133' title='bbox 1192 998 1319 1046; x_wconf 89' lang='lat' dir='ltr'>parte</span> <span class='ocrx_word' id='word_1_134' title='bbox 1346 987 1417 1032; x_wconf 92' lang='lat' dir='ltr'>sui</span> <span class='ocrx_word' id='word_1_135' title='bbox 1442 987 1624 1045; x_wconf 89' lang='lat' dir='ltr'>objecti,</span> <span class='ocrx_word' id='word_1_136' title='bbox 1650 987 1825 1031; x_wconf 90' lang='lat' dir='ltr'>scilicet</span> <span class='ocrx_word' id='word_1_137' title='bbox 1861 987 1965 1041; x_wconf 90' lang='lat' dir='ltr'>Dei,</span> <span class='ocrx_word' id='word_1_138' title='bbox 2001 987 2078 1046; x_wconf 90' lang='lat' dir='ltr'>qui</span> 
     </span>
     <span class='ocr_line' id='line_1_15' title="bbox 109 1054 2078 1112; baseline -0.002 -11"><span class='ocrx_word' id='word_1_139' title='bbox 109 1070 204 1102; x_wconf 83' lang='lat' dir='ltr'>non</span> <span class='ocrx_word' id='word_1_140' title='bbox 230 1066 327 1100; x_wconf 87' lang='lat' dir='ltr'>erat</span> <span class='ocrx_word' id='word_1_141' title='bbox 351 1056 530 1100; x_wconf 89' lang='lat' dir='ltr'>animae</span> <span class='ocrx_word' id='word_1_142' title='bbox 558 1055 730 1100; x_wconf 86' lang='lat' dir='ltr'>Christi</span> <span class='ocrx_word' id='word_1_143' title='bbox 756 1070 893 1100; x_wconf 89' lang='lat' dir='ltr'>causa</span> <span class='ocrx_word' id='word_1_144' title='bbox 919 1055 1104 1109; x_wconf 89' lang='lat' dir='ltr'>doloris,</span> <span class='ocrx_word' id='word_1_145' title='bbox 1123 1055 1200 1099; x_wconf 91' lang='lat' dir='ltr'>sed</span> <span class='ocrx_word' id='word_1_146' title='bbox 1221 1054 1552 1107; x_wconf 85' lang='lat' dir='ltr'>delectationis,</span> <span class='ocrx_word' id='word_1_147' title='bbox 1572 1064 1616 1098; x_wconf 89' lang='lat' dir='ltr'>et</span> <span class='ocrx_word' id='word_1_148' title='bbox 1633 1055 1806 1112; x_wconf 87' lang='lat' dir='ltr'>gaudii:</span> <span class='ocrx_word' id='word_1_149' title='bbox 1825 1054 2078 1098; x_wconf 88' lang='lat' dir='ltr'>secundum</span> 
     </span>
     <span class='ocr_line' id='line_1_16' title="bbox 22 1121 2079 1181; baseline -0.002 -13"><span class='ocrx_word' id='word_1_150' title='bbox 22 1168 37 1179; x_wconf 30' lang='grc' dir='ltr'><em>β</em></span> <span class='ocrx_word' id='word_1_151' title='bbox 111 1132 265 1169; x_wconf 79' lang='lat' dir='ltr'>autem</span> <span class='ocrx_word' id='word_1_152' title='bbox 290 1122 420 1167; x_wconf 90' lang='lat' dir='ltr'>illurn</span> <span class='ocrx_word' id='word_1_153' title='bbox 447 1123 639 1167; x_wconf 87' lang='lat' dir='ltr'>modum</span> <span class='ocrx_word' id='word_1_154' title='bbox 665 1123 903 1181; x_wconf 85' lang='lat' dir='ltr'>passionis,</span> <span class='ocrx_word' id='word_1_155' title='bbox 931 1137 1022 1181; x_wconf 93' lang='lat' dir='ltr'>quo</span> <span class='ocrx_word' id='word_1_156' title='bbox 1049 1122 1252 1181; x_wconf 90' lang='lat' dir='ltr'>potentia</span> <span class='ocrx_word' id='word_1_157' title='bbox 1280 1121 1430 1180; x_wconf 87' lang='lat' dir='ltr'>aliqua</span> <span class='ocrx_word' id='word_1_158' title='bbox 1469 1121 1631 1165; x_wconf 91' lang='lat' dir='ltr'>dicitur</span> <span class='ocrx_word' id='word_1_159' title='bbox 1657 1121 1750 1180; x_wconf 89' lang='lat' dir='ltr'>pati</span> <span class='ocrx_word' id='word_1_160' title='bbox 1776 1136 1827 1165; x_wconf 89' lang='lat' dir='ltr'>ex</span> <span class='ocrx_word' id='word_1_161' title='bbox 1855 1131 1981 1179; x_wconf 90' lang='lat' dir='ltr'>parte</span> <span class='ocrx_word' id='word_1_162' title='bbox 2008 1121 2079 1164; x_wconf 88' lang='lat' dir='ltr'>sui</span> 
     </span>
     <span class='ocr_line' id='line_1_17' title="bbox 102 1188 2080 1248; baseline -0.002 -13"><span class='ocrx_word' id='word_1_163' title='bbox 102 1190 315 1248; x_wconf 88' lang='lat' dir='ltr'>-subjecti,</span> <span class='ocrx_word' id='word_1_164' title='bbox 340 1189 406 1234; x_wconf 90' lang='lat' dir='ltr'>sic</span> <span class='ocrx_word' id='word_1_165' title='bbox 434 1204 595 1234; x_wconf 89' lang='lat' dir='ltr'>omnes</span> <span class='ocrx_word' id='word_1_166' title='bbox 620 1190 852 1248; x_wconf 90' lang='lat' dir='ltr'>potentiae</span> <span class='ocrx_word' id='word_1_167' title='bbox 879 1190 1059 1233; x_wconf 90' lang='lat' dir='ltr'>animae</span> <span class='ocrx_word' id='word_1_168' title='bbox 1087 1188 1258 1234; x_wconf 88' lang='lat' dir='ltr'>Christi</span> <span class='ocrx_word' id='word_1_169' title='bbox 1298 1188 1597 1247; x_wconf 87' lang='lat' dir='ltr'>patiebantur,</span> <span class='ocrx_word' id='word_1_170' title='bbox 1638 1202 1800 1232; x_wconf 88' lang='lat' dir='ltr'>omnes</span> <span class='ocrx_word' id='word_1_171' title='bbox 1841 1188 1964 1232; x_wconf 91' lang='lat' dir='ltr'>enim</span> <span class='ocrx_word' id='word_1_172' title='bbox 2003 1201 2080 1245; x_wconf 90' lang='lat' dir='ltr'>po-</span> 
     </span>
     <span class='ocr_line' id='line_1_18' title="bbox 18 1255 2077 1314; baseline -0.001 -14"><span class='ocrx_word' id='word_1_173' title='bbox 18 1296 20 1300; x_wconf 19' lang='lat'>*</span> <span class='ocrx_word' id='word_1_174' title='bbox 109 1257 278 1302; x_wconf 83' lang='lat' dir='ltr'>tentiae</span> <span class='ocrx_word' id='word_1_175' title='bbox 305 1257 486 1301; x_wconf 89' lang='lat' dir='ltr'>animae</span> <span class='ocrx_word' id='word_1_176' title='bbox 513 1257 771 1301; x_wconf 87' lang='lat' dir='ltr'>radicantur</span> <span class='ocrx_word' id='word_1_177' title='bbox 796 1258 843 1300; x_wconf 89' lang='lat' dir='ltr'>in</span> <span class='ocrx_word' id='word_1_178' title='bbox 870 1257 1064 1301; x_wconf 90' lang='lat' dir='ltr'>essentia</span> <span class='ocrx_word' id='word_1_179' title='bbox 1091 1257 1202 1314; x_wconf 86' lang='lat' dir='ltr'>ejus,</span> <span class='ocrx_word' id='word_1_180' title='bbox 1230 1255 1286 1300; x_wconf 91' lang='lat' dir='ltr'>ad</span> <span class='ocrx_word' id='word_1_181' title='bbox 1312 1269 1451 1314; x_wconf 88' lang='lat' dir='ltr'>quam</span> <span class='ocrx_word' id='word_1_182' title='bbox 1492 1255 1696 1314; x_wconf 84' lang='lat' dir='ltr'>pervenit</span> <span class='ocrx_word' id='word_1_183' title='bbox 1732 1256 1899 1314; x_wconf 90' lang='lat' dir='ltr'>passio,</span> <span class='ocrx_word' id='word_1_184' title='bbox 1941 1268 2077 1313; x_wconf 91' lang='lat' dir='ltr'>passo</span> 
     </span>
     <span class='ocr_line' id='line_1_19' title="bbox 28 1325 734 1383; baseline -0.001 -15"><span class='ocrx_word' id='word_1_185' title='bbox 28 1328 31 1331; x_wconf 68' lang='grc'><em>“</em></span> <span class='ocrx_word' id='word_1_186' title='bbox 101 1337 320 1383; x_wconf 77' lang='lat' dir='ltr'>corpore,</span> <span class='ocrx_word' id='word_1_187' title='bbox 346 1325 475 1381; x_wconf 88' lang='lat' dir='ltr'>cujus</span> <span class='ocrx_word' id='word_1_188' title='bbox 501 1335 567 1368; x_wconf 90' lang='lat' dir='ltr'>est</span> <span class='ocrx_word' id='word_1_189' title='bbox 593 1335 734 1368; x_wconf 88' lang='lat' dir='ltr'>actus.</span> 
     </span>
    </p>

    <p class='ocr_par' dir='ltr' id='par_1_5' title="bbox 0 1389 2115 2454">
     <span class='ocr_line' id='line_1_20' title="bbox 201 1389 2082 1449; baseline -0.002 -13"><span class='ocrx_word' id='word_1_190' title='bbox 201 1391 277 1435; x_wconf 84' lang='lat' dir='ltr'>AD</span> <span class='ocrx_word' id='word_1_191' title='bbox 290 1403 479 1436; x_wconf 82' lang='lat' dir='ltr'>PRIMUM</span> <span class='ocrx_word' id='word_1_192' title='bbox 493 1405 602 1448; x_wconf 89' lang='lat' dir='ltr'>ergo</span> <span class='ocrx_word' id='word_1_193' title='bbox 617 1390 876 1444; x_wconf 89' lang='lat' dir='ltr'>dicendum,</span> <span class='ocrx_word' id='word_1_194' title='bbox 890 1391 1012 1449; x_wconf 90' lang='lat' dir='ltr'>quod</span> <span class='ocrx_word' id='word_1_195' title='bbox 1028 1390 1135 1434; x_wconf 91' lang='lat' dir='ltr'>licet</span> <span class='ocrx_word' id='word_1_196' title='bbox 1150 1389 1423 1443; x_wconf 90' lang='lat' dir='ltr'>intellectus,</span> <span class='ocrx_word' id='word_1_197' title='bbox 1438 1389 1690 1434; x_wconf 87' lang='lat' dir='ltr'>secundum</span> <span class='ocrx_word' id='word_1_198' title='bbox 1706 1389 1829 1447; x_wconf 92' lang='lat' dir='ltr'>quod</span> <span class='ocrx_word' id='word_1_199' title='bbox 1847 1398 1916 1433; x_wconf 87' lang='lat' dir='ltr'>est</span> <span class='ocrx_word' id='word_1_200' title='bbox 1926 1397 2082 1448; x_wconf 91' lang='lat' dir='ltr'>poten-</span> 
     </span>
     <span class='ocr_line' id='line_1_21' title="bbox 17 1456 2080 1516; baseline 0 -18"><span class='ocrx_word' id='word_1_201' title='bbox 17 1495 26 1503; x_wconf 69' lang='lat'><em>„</em></span> <span class='ocrx_word' id='word_1_202' title='bbox 111 1457 175 1502; x_wconf 90' lang='lat' dir='ltr'>tia</span> <span class='ocrx_word' id='word_1_203' title='bbox 192 1457 432 1516; x_wconf 84' lang='lat' dir='ltr'>quaedam,</span> <span class='ocrx_word' id='word_1_204' title='bbox 449 1472 543 1501; x_wconf 91' lang='lat' dir='ltr'>non</span> <span class='ocrx_word' id='word_1_205' title='bbox 565 1458 621 1502; x_wconf 93' lang='lat' dir='ltr'>sit</span> <span class='ocrx_word' id='word_1_206' title='bbox 643 1459 846 1516; x_wconf 92' lang='lat' dir='ltr'>corporis</span> <span class='ocrx_word' id='word_1_207' title='bbox 869 1468 1019 1502; x_wconf 90' lang='lat' dir='ltr'>actus:</span> <span class='ocrx_word' id='word_1_208' title='bbox 1043 1458 1236 1501; x_wconf 89' lang='lat' dir='ltr'>essentia</span> <span class='ocrx_word' id='word_1_209' title='bbox 1258 1467 1414 1501; x_wconf 90' lang='lat' dir='ltr'>tamen</span> <span class='ocrx_word' id='word_1_210' title='bbox 1433 1457 1613 1500; x_wconf 88' lang='lat' dir='ltr'>animae</span> <span class='ocrx_word' id='word_1_211' title='bbox 1631 1466 1698 1500; x_wconf 91' lang='lat' dir='ltr'>est</span> <span class='ocrx_word' id='word_1_212' title='bbox 1715 1456 1920 1515; x_wconf 88' lang='lat' dir='ltr'>corporis</span> <span class='ocrx_word' id='word_1_213' title='bbox 1939 1466 2080 1511; x_wconf 90' lang='lat' dir='ltr'>actus,</span> 
     </span>
     <span class='ocr_line' id='line_1_22' title="bbox 29 1520 2080 1583; baseline -0 -15"><span class='ocrx_word' id='word_1_214' title='bbox 29 1520 35 1575; x_wconf 63' lang='lat' dir='ltr'><em>J</em></span> <span class='ocrx_word' id='word_1_215' title='bbox 111 1524 160 1568; x_wconf 90' lang='lat' dir='ltr'>in</span> <span class='ocrx_word' id='word_1_216' title='bbox 184 1538 273 1583; x_wconf 89' lang='lat' dir='ltr'>qua</span> <span class='ocrx_word' id='word_1_217' title='bbox 299 1524 525 1568; x_wconf 87' lang='lat' dir='ltr'>radicatur</span> <span class='ocrx_word' id='word_1_218' title='bbox 550 1526 752 1583; x_wconf 87' lang='lat' dir='ltr'>potentia</span> <span class='ocrx_word' id='word_1_219' title='bbox 776 1523 1067 1577; x_wconf 86' lang='lat' dir='ltr'>intellectiva,</span> <span class='ocrx_word' id='word_1_220' title='bbox 1092 1535 1140 1568; x_wconf 93' lang='lat' dir='ltr'>ut</span> <span class='ocrx_word' id='word_1_221' title='bbox 1158 1524 1202 1567; x_wconf 91' lang='lat' dir='ltr'>in</span> <span class='ocrx_word' id='word_1_222' title='bbox 1226 1538 1260 1568; x_wconf 89' lang='lat'>1.</span> <span class='ocrx_word' id='word_1_223' title='bbox 1283 1525 1491 1568; x_wconf 90' lang='lat' dir='ltr'>habitum</span> <span class='ocrx_word' id='word_1_224' title='bbox 1513 1534 1583 1568; x_wconf 92' lang='lat' dir='ltr'>est</span> <span class='ocrx_word' id='word_1_225' title='bbox 1602 1523 1658 1582; x_wconf 88' lang='lat' dir='ltr'>(q.</span> <span class='ocrx_word' id='word_1_226' title='bbox 1679 1537 1743 1582; x_wconf 92' lang='lat'>77.</span> <span class='ocrx_word' id='word_1_227' title='bbox 1763 1530 1846 1568; x_wconf 85' lang='lat' dir='ltr'>art.</span> <span class='ocrx_word' id='word_1_228' title='bbox 1870 1524 1912 1568; x_wconf 87' lang='lat'>6.</span> <span class='ocrx_word' id='word_1_229' title='bbox 1939 1529 1976 1567; x_wconf 82' lang='lat' dir='ltr'>et</span> <span class='ocrx_word' id='word_1_230' title='bbox 2001 1524 2080 1581; x_wconf 90' lang='grc'><em>8.).</em></span> 
     </span>
     <span class='ocr_line' id='line_1_23' title="bbox 203 1590 2083 1650; baseline -0.001 -14"><span class='ocrx_word' id='word_1_231' title='bbox 203 1590 280 1635; x_wconf 87' lang='lat' dir='ltr'>AD</span> <span class='ocrx_word' id='word_1_232' title='bbox 312 1604 572 1636; x_wconf 72' lang='lat' dir='ltr'>SECUNDUM</span> <span class='ocrx_word' id='word_1_233' title='bbox 599 1591 856 1646; x_wconf 90' lang='lat' dir='ltr'>dicendum,</span> <span class='ocrx_word' id='word_1_234' title='bbox 883 1592 1006 1650; x_wconf 91' lang='lat' dir='ltr'>quod</span> <span class='ocrx_word' id='word_1_235' title='bbox 1031 1590 1109 1635; x_wconf 89' lang='lat' dir='ltr'>illa</span> <span class='ocrx_word' id='word_1_236' title='bbox 1136 1592 1250 1635; x_wconf 89' lang='lat' dir='ltr'>ratio</span> <span class='ocrx_word' id='word_1_237' title='bbox 1283 1591 1490 1650; x_wconf 86' lang='lat' dir='ltr'>procedit</span> <span class='ocrx_word' id='word_1_238' title='bbox 1514 1591 1570 1634; x_wconf 92' lang='lat' dir='ltr'>de</span> <span class='ocrx_word' id='word_1_239' title='bbox 1595 1593 1821 1649; x_wconf 88' lang='lat' dir='ltr'>passione,</span> <span class='ocrx_word' id='word_1_240' title='bbox 1863 1604 1978 1649; x_wconf 91' lang='lat' dir='ltr'>quae</span> <span class='ocrx_word' id='word_1_241' title='bbox 2015 1600 2083 1634; x_wconf 91' lang='lat' dir='ltr'>est</span> 
     </span>
     <span class='ocr_line' id='line_1_24' title="bbox 36 1657 2080 1717; baseline -0 -15"><span class='ocrx_word' id='word_1_242' title='bbox 36 1663 39 1666; x_wconf 82' lang='grc'><strong>“</strong></span> <span class='ocrx_word' id='word_1_243' title='bbox 114 1670 170 1702; x_wconf 81' lang='lat' dir='ltr'>ex</span> <span class='ocrx_word' id='word_1_244' title='bbox 194 1667 321 1716; x_wconf 83' lang='lat' dir='ltr'>parte</span> <span class='ocrx_word' id='word_1_245' title='bbox 345 1658 517 1717; x_wconf 86' lang='lat' dir='ltr'>proprii</span> <span class='ocrx_word' id='word_1_246' title='bbox 551 1658 731 1716; x_wconf 85' lang='lat' dir='ltr'>objecti,</span> <span class='ocrx_word' id='word_1_247' title='bbox 757 1658 1010 1702; x_wconf 88' lang='lat' dir='ltr'>secundum</span> <span class='ocrx_word' id='word_1_248' title='bbox 1047 1672 1186 1717; x_wconf 88' lang='lat' dir='ltr'>quam</span> <span class='ocrx_word' id='word_1_249' title='bbox 1227 1658 1432 1716; x_wconf 90' lang='lat' dir='ltr'>superior</span> <span class='ocrx_word' id='word_1_250' title='bbox 1472 1658 1587 1701; x_wconf 91' lang='lat' dir='ltr'>ratio</span> <span class='ocrx_word' id='word_1_251' title='bbox 1628 1657 1675 1700; x_wconf 89' lang='lat' dir='ltr'>in</span> <span class='ocrx_word' id='word_1_252' title='bbox 1720 1657 1904 1702; x_wconf 90' lang='lat' dir='ltr'>Christo</span> <span class='ocrx_word' id='word_1_253' title='bbox 1946 1671 2080 1716; x_wconf 91' lang='lat' dir='ltr'>passa</span> 
     </span>
     <span class='ocr_line' id='line_1_25' title="bbox 113 1723 332 1769; baseline -0.009 0"><span class='ocrx_word' id='word_1_254' title='bbox 113 1738 209 1769; x_wconf 86' lang='lat' dir='ltr'>non</span> <span class='ocrx_word' id='word_1_255' title='bbox 234 1723 332 1768; x_wconf 89' lang='lat' dir='ltr'>fuit.</span> 
     </span>
     <span class='ocr_line' id='line_1_26' title="bbox 31 1790 2081 1851; baseline -0.001 -14"><span class='ocrx_word' id='word_1_256' title='bbox 31 1836 49 1848; x_wconf 88' lang='lat'>..-</span> <span class='ocrx_word' id='word_1_257' title='bbox 204 1790 280 1835; x_wconf 86' lang='lat' dir='ltr'>AD</span> <span class='ocrx_word' id='word_1_258' title='bbox 308 1803 523 1836; x_wconf 77' lang='lat' dir='ltr'>TERTmM</span> <span class='ocrx_word' id='word_1_259' title='bbox 550 1791 808 1846; x_wconf 89' lang='lat' dir='ltr'>dicendum,</span> <span class='ocrx_word' id='word_1_260' title='bbox 835 1792 958 1851; x_wconf 92' lang='lat' dir='ltr'>quod</span> <span class='ocrx_word' id='word_1_261' title='bbox 984 1791 1118 1836; x_wconf 89' lang='lat' dir='ltr'>dolor</span> <span class='ocrx_word' id='word_1_262' title='bbox 1143 1802 1250 1836; x_wconf 91' lang='lat' dir='ltr'>tunc</span> <span class='ocrx_word' id='word_1_263' title='bbox 1278 1792 1441 1836; x_wconf 89' lang='lat' dir='ltr'>dicitur</span> <span class='ocrx_word' id='word_1_264' title='bbox 1467 1805 1564 1836; x_wconf 87' lang='lat' dir='ltr'>esse</span> <span class='ocrx_word' id='word_1_265' title='bbox 1591 1792 1742 1851; x_wconf 88' lang='lat' dir='ltr'>passio</span> <span class='ocrx_word' id='word_1_266' title='bbox 1765 1790 1980 1849; x_wconf 86' lang='lat' dir='ltr'>perfecta,</span> <span class='ocrx_word' id='word_1_267' title='bbox 2001 1805 2081 1849; x_wconf 91' lang='lat' dir='ltr'>per</span> 
     </span>
     <span class='ocr_line' id='line_1_27' title="bbox 28 1857 2080 1917; baseline 0 -16"><span class='ocrx_word' id='word_1_268' title='bbox 28 1898 32 1906; x_wconf 62' lang='grc'>,,</span> <span class='ocrx_word' id='word_1_269' title='bbox 114 1871 252 1917; x_wconf 87' lang='lat' dir='ltr'>quarn</span> <span class='ocrx_word' id='word_1_270' title='bbox 280 1858 433 1902; x_wconf 89' lang='lat' dir='ltr'>anima</span> <span class='ocrx_word' id='word_1_271' title='bbox 458 1859 755 1917; x_wconf 86' lang='lat' dir='ltr'>perturbatur,</span> <span class='ocrx_word' id='word_1_272' title='bbox 788 1859 970 1917; x_wconf 91' lang='lat' dir='ltr'>quando</span> <span class='ocrx_word' id='word_1_273' title='bbox 994 1861 1145 1916; x_wconf 91' lang='lat' dir='ltr'>passio</span> <span class='ocrx_word' id='word_1_274' title='bbox 1172 1859 1413 1903; x_wconf 88' lang='lat' dir='ltr'>sensitivae</span> <span class='ocrx_word' id='word_1_275' title='bbox 1451 1861 1588 1917; x_wconf 88' lang='lat' dir='ltr'>partis</span> <span class='ocrx_word' id='word_1_276' title='bbox 1614 1859 1828 1917; x_wconf 89' lang='lat' dir='ltr'>pertingit</span> <span class='ocrx_word' id='word_1_277' title='bbox 1854 1871 1996 1916; x_wconf 89' lang='lat' dir='ltr'>usque</span> <span class='ocrx_word' id='word_1_278' title='bbox 2024 1857 2080 1901; x_wconf 91' lang='lat' dir='ltr'>ad</span> 
     </span>
     <span class='ocr_line' id='line_1_28' title="bbox 113 1924 2080 1984; baseline -0 -15.04"><span class='ocrx_word' id='word_1_279' title='bbox 113 1924 448 1969; x_wconf 85' lang='lat' dir='ltr'>immutandam</span> <span class='ocrx_word' id='word_1_280' title='bbox 474 1926 700 1984; x_wconf 84' lang='lat' dir='ltr'>rationem</span> <span class='ocrx_word' id='word_1_281' title='bbox 724 1940 748 1968; x_wconf 89' lang='lat' dir='ltr'>a</span> <span class='ocrx_word' id='word_1_282' title='bbox 767 1926 1034 1970; x_wconf 90' lang='lat' dir='ltr'>rectitudine</span> <span class='ocrx_word' id='word_1_283' title='bbox 1057 1926 1127 1970; x_wconf 89' lang='lat' dir='ltr'>sui</span> <span class='ocrx_word' id='word_1_284' title='bbox 1150 1936 1299 1980; x_wconf 90' lang='lat' dir='ltr'>actus;</span> <span class='ocrx_word' id='word_1_285' title='bbox 1318 1936 1367 1970; x_wconf 93' lang='lat' dir='ltr'>ut</span> <span class='ocrx_word' id='word_1_286' title='bbox 1384 1925 1557 1970; x_wconf 88' lang='lat' dir='ltr'>scilicet</span> <span class='ocrx_word' id='word_1_287' title='bbox 1573 1936 1786 1984; x_wconf 90' lang='lat' dir='ltr'>sequatur</span> <span class='ocrx_word' id='word_1_288' title='bbox 1803 1925 2080 1984; x_wconf 88' lang='lat' dir='ltr'>passionem,</span> 
     </span>
     <span class='ocr_line' id='line_1_29' title="bbox 40 1991 2115 2051; baseline -0 -15"><span class='ocrx_word' id='word_1_289' title='bbox 40 1992 55 2051; x_wconf 56' lang='lat' dir='ltr'><em>j</em></span> <span class='ocrx_word' id='word_1_290' title='bbox 114 2000 160 2036; x_wconf 86' lang='lat' dir='ltr'>et</span> <span class='ocrx_word' id='word_1_291' title='bbox 183 2004 278 2034; x_wconf 89' lang='lat' dir='ltr'>non</span> <span class='ocrx_word' id='word_1_292' title='bbox 303 1991 468 2036; x_wconf 89' lang='lat' dir='ltr'>habeat</span> <span class='ocrx_word' id='word_1_293' title='bbox 486 1991 678 2036; x_wconf 91' lang='lat' dir='ltr'>liberum</span> <span class='ocrx_word' id='word_1_294' title='bbox 701 1993 933 2036; x_wconf 89' lang='lat' dir='ltr'>arbitrium</span> <span class='ocrx_word' id='word_1_295' title='bbox 957 2007 1092 2051; x_wconf 92' lang='lat' dir='ltr'>super</span> <span class='ocrx_word' id='word_1_296' title='bbox 1110 2006 1236 2037; x_wconf 88' lang='lat' dir='ltr'>eam:</span> <span class='ocrx_word' id='word_1_297' title='bbox 1255 1993 1319 2036; x_wconf 92' lang='lat' dir='ltr'>sic</span> <span class='ocrx_word' id='word_1_298' title='bbox 1338 2003 1490 2036; x_wconf 91' lang='lat' dir='ltr'>autem</span> <span class='ocrx_word' id='word_1_299' title='bbox 1507 1993 1660 2050; x_wconf 88' lang='lat' dir='ltr'>passio</span> <span class='ocrx_word' id='word_1_300' title='bbox 1679 1992 1920 2036; x_wconf 89' lang='lat' dir='ltr'>sensitivae</span> <span class='ocrx_word' id='word_1_301' title='bbox 1942 1992 2080 2050; x_wconf 86' lang='lat' dir='ltr'>partis</span> <span class='ocrx_word' id='word_1_302' title='bbox 2112 2014 2115 2017; x_wconf 95' lang='lat'>·</span> 
     </span>
     <span class='ocr_line' id='line_1_30' title="bbox 112 2058 2083 2119; baseline 0 -16.965"><span class='ocrx_word' id='word_1_303' title='bbox 112 2070 209 2115; x_wconf 74' lang='lat' dir='ltr'>non</span> <span class='ocrx_word' id='word_1_304' title='bbox 233 2058 438 2117; x_wconf 88' lang='lat' dir='ltr'>pervenit</span> <span class='ocrx_word' id='word_1_305' title='bbox 461 2059 507 2103; x_wconf 89' lang='lat' dir='ltr'>in</span> <span class='ocrx_word' id='word_1_306' title='bbox 536 2059 720 2103; x_wconf 88' lang='lat' dir='ltr'>Christo</span> <span class='ocrx_word' id='word_1_307' title='bbox 748 2074 890 2119; x_wconf 93' lang='lat' dir='ltr'>usque</span> <span class='ocrx_word' id='word_1_308' title='bbox 918 2060 973 2103; x_wconf 89' lang='lat' dir='ltr'>ad</span> <span class='ocrx_word' id='word_1_309' title='bbox 1000 2060 1241 2114; x_wconf 89' lang='lat' dir='ltr'>rationem,</span> <span class='ocrx_word' id='word_1_310' title='bbox 1267 2059 1346 2104; x_wconf 90' lang='lat' dir='ltr'>sed</span> <span class='ocrx_word' id='word_1_311' title='bbox 1374 2074 1427 2104; x_wconf 88' lang='lat' dir='ltr'>ex</span> <span class='ocrx_word' id='word_1_312' title='bbox 1453 2070 1579 2118; x_wconf 91' lang='lat' dir='ltr'>parte</span> <span class='ocrx_word' id='word_1_313' title='bbox 1621 2059 1826 2118; x_wconf 88' lang='lat' dir='ltr'>subjecti,</span> <span class='ocrx_word' id='word_1_314' title='bbox 1867 2059 1984 2104; x_wconf 89' lang='lat' dir='ltr'>sicut</span> <span class='ocrx_word' id='word_1_315' title='bbox 2016 2059 2083 2103; x_wconf 90' lang='lat' dir='ltr'>di-</span> 
     </span>
     <span class='ocr_line' id='line_1_31' title="bbox 116 2126 712 2185; baseline 0 -15"><span class='ocrx_word' id='word_1_316' title='bbox 116 2133 243 2170; x_wconf 84' lang='lat' dir='ltr'>ctum</span> <span class='ocrx_word' id='word_1_317' title='bbox 269 2135 337 2170; x_wconf 88' lang='lat' dir='ltr'>est</span> <span class='ocrx_word' id='word_1_318' title='bbox 362 2126 429 2183; x_wconf 88' lang='lat' dir='ltr'>(in</span> <span class='ocrx_word' id='word_1_319' title='bbox 455 2134 567 2185; x_wconf 85' lang='lat' dir='ltr'>corp.</span> <span class='ocrx_word' id='word_1_320' title='bbox 594 2129 712 2184; x_wconf 71' lang='lat' dir='ltr'>art).</span> 
     </span>
     <span class='ocr_line' id='line_1_32' title="bbox 59 2192 2082 2253; baseline 0 -18.994"><span class='ocrx_word' id='word_1_321' title='bbox 59 2232 61 2234; x_wconf 82' lang='grc'><strong><em>.</em></strong></span> <span class='ocrx_word' id='word_1_322' title='bbox 106 2248 111 2251; x_wconf 10' lang='lat' dir='ltr'>k</span> <span class='ocrx_word' id='word_1_323' title='bbox 204 2193 282 2238; x_wconf 82' lang='lat' dir='ltr'>AD</span> <span class='ocrx_word' id='word_1_324' title='bbox 310 2205 546 2242; x_wconf 76' lang='lat' dir='ltr'><strong>QUARTUM</strong></span> <span class='ocrx_word' id='word_1_325' title='bbox 573 2193 831 2248; x_wconf 91' lang='lat' dir='ltr'>dicendum,</span> <span class='ocrx_word' id='word_1_326' title='bbox 858 2194 980 2253; x_wconf 92' lang='lat' dir='ltr'>quod</span> <span class='ocrx_word' id='word_1_327' title='bbox 1006 2193 1262 2238; x_wconf 89' lang='lat' dir='ltr'>intellectus</span> <span class='ocrx_word' id='word_1_328' title='bbox 1289 2192 1594 2252; x_wconf 91' lang='lat' dir='ltr'>speculativus</span> <span class='ocrx_word' id='word_1_329' title='bbox 1621 2208 1715 2238; x_wconf 92' lang='lat' dir='ltr'>non</span> <span class='ocrx_word' id='word_1_330' title='bbox 1742 2203 1894 2252; x_wconf 92' lang='lat' dir='ltr'>potest</span> <span class='ocrx_word' id='word_1_331' title='bbox 1913 2192 2082 2236; x_wconf 89' lang='lat' dir='ltr'>habere</span> 
     </span>
     <span class='ocr_line' id='line_1_33' title="bbox 114 2257 2083 2320; baseline 0 -18"><span class='ocrx_word' id='word_1_332' title='bbox 114 2257 340 2314; x_wconf 90' lang='lat' dir='ltr'>dolorem,</span> <span class='ocrx_word' id='word_1_333' title='bbox 367 2259 440 2303; x_wconf 92' lang='lat' dir='ltr'>vel</span> <span class='ocrx_word' id='word_1_334' title='bbox 465 2260 693 2304; x_wconf 90' lang='lat' dir='ltr'>tristitiam</span> <span class='ocrx_word' id='word_1_335' title='bbox 720 2275 774 2304; x_wconf 84' lang='lat' dir='ltr'>ex</span> <span class='ocrx_word' id='word_1_336' title='bbox 800 2271 926 2319; x_wconf 90' lang='lat' dir='ltr'>parte</span> <span class='ocrx_word' id='word_1_337' title='bbox 954 2261 1024 2305; x_wconf 90' lang='lat' dir='ltr'>sui</span> <span class='ocrx_word' id='word_1_338' title='bbox 1051 2261 1231 2319; x_wconf 87' lang='lat' dir='ltr'>objecti,</span> <span class='ocrx_word' id='word_1_339' title='bbox 1259 2261 1380 2320; x_wconf 89' lang='lat' dir='ltr'>quod</span> <span class='ocrx_word' id='word_1_340' title='bbox 1409 2271 1476 2304; x_wconf 91' lang='lat' dir='ltr'>est</span> <span class='ocrx_word' id='word_1_341' title='bbox 1500 2276 1660 2305; x_wconf 89' lang='lat' dir='ltr'>verum</span> <span class='ocrx_word' id='word_1_342' title='bbox 1688 2260 1894 2305; x_wconf 89' lang='lat' dir='ltr'>absolute</span> <span class='ocrx_word' id='word_1_343' title='bbox 1933 2259 2083 2304; x_wconf 90' lang='lat' dir='ltr'>consi-</span> 
     </span>
     <span class='ocr_line' id='line_1_34' title="bbox 0 2324 2082 2387; baseline -0 -16"><span class='ocrx_word' id='word_1_344' title='bbox 0 2343 1 2371; x_wconf 76' lang='lat'>1</span> <span class='ocrx_word' id='word_1_345' title='bbox 112 2324 337 2380; x_wconf 77' lang='lat' dir='ltr'>deratum,</span> <span class='ocrx_word' id='word_1_346' title='bbox 363 2326 486 2385; x_wconf 91' lang='lat' dir='ltr'>quod</span> <span class='ocrx_word' id='word_1_347' title='bbox 509 2337 577 2371; x_wconf 86' lang='lat' dir='ltr'>est</span> <span class='ocrx_word' id='word_1_348' title='bbox 602 2326 819 2386; x_wconf 88' lang='lat' dir='ltr'>perfectio</span> <span class='ocrx_word' id='word_1_349' title='bbox 848 2329 963 2385; x_wconf 90' lang='lat' dir='ltr'>ejus:</span> <span class='ocrx_word' id='word_1_350' title='bbox 991 2337 1142 2386; x_wconf 89' lang='lat' dir='ltr'>potest</span> <span class='ocrx_word' id='word_1_351' title='bbox 1181 2338 1337 2372; x_wconf 88' lang='lat' dir='ltr'>tamen</span> <span class='ocrx_word' id='word_1_352' title='bbox 1364 2328 1419 2372; x_wconf 93' lang='lat' dir='ltr'>ad</span> <span class='ocrx_word' id='word_1_353' title='bbox 1445 2328 1596 2386; x_wconf 89' lang='lat' dir='ltr'>ipsum</span> <span class='ocrx_word' id='word_1_354' title='bbox 1636 2329 1893 2387; x_wconf 89' lang='lat' dir='ltr'>pertingere</span> <span class='ocrx_word' id='word_1_355' title='bbox 1934 2326 2082 2380; x_wconf 91' lang='lat' dir='ltr'>dolor,</span> 
     </span>
     <span class='ocr_line' id='line_1_35' title="bbox 106 2391 1654 2454; baseline 0.001 -15.957"><span class='ocrx_word' id='word_1_356' title='bbox 106 2391 191 2452; x_wconf 43' lang='lat' dir='ltr'>,vel</span> <span class='ocrx_word' id='word_1_357' title='bbox 215 2407 352 2439; x_wconf 86' lang='lat' dir='ltr'>causa</span> <span class='ocrx_word' id='word_1_358' title='bbox 378 2393 549 2439; x_wconf 90' lang='lat' dir='ltr'>doloris</span> <span class='ocrx_word' id='word_1_359' title='bbox 574 2408 653 2453; x_wconf 91' lang='lat' dir='ltr'>per</span> <span class='ocrx_word' id='word_1_360' title='bbox 679 2394 871 2439; x_wconf 89' lang='lat' dir='ltr'>modum</span> <span class='ocrx_word' id='word_1_361' title='bbox 895 2395 988 2453; x_wconf 89' lang='lat' dir='ltr'>jam</span> <span class='ocrx_word' id='word_1_362' title='bbox 1015 2395 1188 2446; x_wconf 89' lang='lat' dir='ltr'>dictum</span> <span class='ocrx_word' id='word_1_363' title='bbox 1213 2396 1280 2454; x_wconf 86' lang='lat' dir='ltr'>(in</span> <span class='ocrx_word' id='word_1_364' title='bbox 1306 2403 1418 2454; x_wconf 86' lang='lat' dir='ltr'>corp.</span> <span class='ocrx_word' id='word_1_365' title='bbox 1446 2396 1566 2454; x_wconf 65' lang='lat' dir='ltr'>art).</span> <span class='ocrx_word' id='word_1_366' title='bbox 1652 2395 1654 2398; x_wconf 77' lang='grc'>’</span> 
     </span>
    </p>
   </div>
   <div class='ocr_carea' id='block_1_4' title="bbox 785 2556 2078 2633">
    <p class='ocr_par' dir='ltr' id='par_1_6' title="bbox 785 2556 2078 2633">
     <span class='ocr_line' id='line_1_36' title="bbox 785 2556 2078 2633; baseline 0.005 -22"><span class='ocrx_word' id='word_1_367' title='bbox 785 2556 1219 2614; x_wconf 84' lang='lat' dir='ltr'>ARTICULUS</span> <span class='ocrx_word' id='word_1_368' title='bbox 1252 2558 1408 2614; x_wconf 87' lang='lat' dir='ltr'>vm.</span> <span class='ocrx_word' id='word_1_369' title='bbox 1996 2587 2078 2633; x_wconf 74' lang='lat'>253</span> 
     </span>
    </p>
   </div>
   <div class='ocr_carea' id='block_1_5' title="bbox 448 2691 1741 2814">
    <p class='ocr_par' dir='ltr' id='par_1_7' title="bbox 448 2691 1741 2814">
     <span class='ocr_line' id='line_1_37' title="bbox 668 2691 1529 2732; baseline 0.003 -3"><span class='ocrx_word' id='word_1_370' title='bbox 668 2691 862 2730; x_wconf 85' lang='lat' dir='ltr'><strong>UTRUM</strong></span> <span class='ocrx_word' id='word_1_371' title='bbox 901 2693 1056 2731; x_wconf 86' lang='lat' dir='ltr'>TOTA</span> <span class='ocrx_word' id='word_1_372' title='bbox 1096 2693 1268 2732; x_wconf 82' lang='lat' dir='ltr'>ANIMA</span> <span class='ocrx_word' id='word_1_373' title='bbox 1310 2693 1529 2732; x_wconf 88' lang='lat' dir='ltr'>CHRISTI</span> 
     </span>
     <span class='ocr_line' id='line_1_38' title="bbox 448 2771 1741 2814; baseline 0.003 -5"><span class='ocrx_word' id='word_1_374' title='bbox 448 2771 505 2810; x_wconf 88' lang='lat' dir='ltr'>IN</span> <span class='ocrx_word' id='word_1_375' title='bbox 546 2773 807 2812; x_wconf 84' lang='lat' dir='ltr'>PASSIONE</span> <span class='ocrx_word' id='word_1_376' title='bbox 846 2775 1167 2814; x_wconf 87' lang='lat' dir='ltr'>FRUERETUR</span> <span class='ocrx_word' id='word_1_377' title='bbox 1206 2775 1506 2814; x_wconf 89' lang='lat' dir='ltr'>FRUITIONE</span> <span class='ocrx_word' id='word_1_378' title='bbox 1547 2775 1741 2813; x_wconf 87' lang='lat' dir='ltr'>BEATA.</span> 
     </span>
    </p>
   </div>
   <div class='ocr_carea' id='block_1_6' title="bbox 6 2858 2083 3022">
    <p class='ocr_par' dir='ltr' id='par_1_8' title="bbox 0 2857 2083 3022">
     <span class='ocr_line' id='line_1_39' title="bbox 66 2858 2083 2943; baseline 0.004 -21.715"><span class='ocrx_word' id='word_1_379' title='bbox 66 2886 73 2921; x_wconf 66' lang='grc' dir='ltr'>ὲ,</span> <span class='ocrx_word' id='word_1_380' title='bbox 119 2880 173 2936; x_wconf 81' lang='lat'>(5.</span> <span class='ocrx_word' id='word_1_381' title='bbox 200 2878 310 2922; x_wconf 79' lang='lat' dir='ltr'>Dist.</span> <span class='ocrx_word' id='word_1_382' title='bbox 337 2893 393 2937; x_wconf 83' lang='lat'>15.</span> <span class='ocrx_word' id='word_1_383' title='bbox 419 2893 458 2938; x_wconf 86' lang='lat' dir='ltr'>q.</span> <span class='ocrx_word' id='word_1_384' title='bbox 485 2894 524 2925; x_wconf 86' lang='lat'>2.</span> <span class='ocrx_word' id='word_1_385' title='bbox 551 2888 634 2926; x_wconf 80' lang='lat' dir='ltr'>art.</span> <span class='ocrx_word' id='word_1_386' title='bbox 654 2897 690 2941; x_wconf 84' lang='lat'>3.</span> <span class='ocrx_word' id='word_1_387' title='bbox 718 2858 822 2940; x_wconf 17' lang='lat' dir='ltr'><em>q.*2.</em></span> <span class='ocrx_word' id='word_1_388' title='bbox 850 2889 888 2927; x_wconf 78' lang='lat' dir='ltr'>et</span> <span class='ocrx_word' id='word_1_389' title='bbox 922 2884 1029 2927; x_wconf 70' lang='lat' dir='ltr'>Veri.</span> <span class='ocrx_word' id='word_1_390' title='bbox 1058 2899 1095 2942; x_wconf 89' lang='lat' dir='ltr'>q.</span> <span class='ocrx_word' id='word_1_391' title='bbox 1125 2900 1189 2929; x_wconf 88' lang='lat'>10.</span> <span class='ocrx_word' id='word_1_392' title='bbox 1218 2890 1299 2928; x_wconf 82' lang='lat' dir='ltr'>art.</span> <span class='ocrx_word' id='word_1_393' title='bbox 1328 2901 1386 2929; x_wconf 83' lang='lat'>11.</span> <span class='ocrx_word' id='word_1_394' title='bbox 1415 2884 1470 2928; x_wconf 87' lang='lat' dir='ltr'>ad</span> <span class='ocrx_word' id='word_1_395' title='bbox 1490 2899 1523 2943; x_wconf 84' lang='lat'>3.</span> <span class='ocrx_word' id='word_1_396' title='bbox 1552 2891 1588 2928; x_wconf 81' lang='lat' dir='ltr'>et</span> <span class='ocrx_word' id='word_1_397' title='bbox 1613 2899 1652 2943; x_wconf 87' lang='lat' dir='ltr'>q.</span> <span class='ocrx_word' id='word_1_398' title='bbox 1679 2885 1750 2929; x_wconf 86' lang='lat'>26.</span> <span class='ocrx_word' id='word_1_399' title='bbox 1779 2892 1858 2929; x_wconf 87' lang='lat' dir='ltr'>art.</span> <span class='ocrx_word' id='word_1_400' title='bbox 1886 2899 1927 2943; x_wconf 89' lang='lat'>9.</span> <span class='ocrx_word' id='word_1_401' title='bbox 1955 2890 1992 2929; x_wconf 85' lang='lat' dir='ltr'>et</span> <span class='ocrx_word' id='word_1_402' title='bbox 2018 2898 2083 2930; x_wconf 84' lang='lat'>10.</span> 
     </span>
     <span class='ocr_line' id='line_1_40' title="bbox 6 2947 1834 3022; baseline 0.004 -34"><span class='ocrx_word' id='word_1_403' title='bbox 6 2949 10 2963; x_wconf 76' lang='lat'>²</span> <span class='ocrx_word' id='word_1_404' title='bbox 52 2957 65 2979; x_wconf 66' lang='lat' dir='ltr'>t</span> <span class='ocrx_word' id='word_1_405' title='bbox 367 2951 405 2990; x_wconf 80' lang='lat' dir='ltr'>et</span> <span class='ocrx_word' id='word_1_406' title='bbox 430 2947 583 3003; x_wconf 82' lang='lat' dir='ltr'>Quodl.</span> <span class='ocrx_word' id='word_1_407' title='bbox 610 2964 645 2993; x_wconf 77' lang='grc' dir='ltr'>ι.</span> <span class='ocrx_word' id='word_1_408' title='bbox 671 2963 710 3007; x_wconf 86' lang='lat' dir='ltr'>q.</span> <span class='ocrx_word' id='word_1_409' title='bbox 737 2964 776 2994; x_wconf 88' lang='lat'>2.</span> <span class='ocrx_word' id='word_1_410' title='bbox 804 2956 885 2993; x_wconf 86' lang='lat' dir='ltr'>art.</span> <span class='ocrx_word' id='word_1_411' title='bbox 912 2965 952 2995; x_wconf 89' lang='lat'>2.</span> <span class='ocrx_word' id='word_1_412' title='bbox 980 2958 1094 3022; x_wconf 84' lang='lat' dir='ltr'>corp.</span> <span class='ocrx_word' id='word_1_413' title='bbox 1123 2957 1160 2995; x_wconf 83' lang='lat' dir='ltr'>et</span> <span class='ocrx_word' id='word_1_414' title='bbox 1185 2960 1319 3010; x_wconf 81' lang='lat' dir='ltr'>opusc.</span> <span class='ocrx_word' id='word_1_415' title='bbox 1347 2966 1385 2996; x_wconf 90' lang='lat'>2.</span> <span class='ocrx_word' id='word_1_416' title='bbox 1413 2960 1500 3010; x_wconf 83' lang='lat' dir='ltr'>cap.</span> <span class='ocrx_word' id='word_1_417' title='bbox 1530 2952 1617 3009; x_wconf 84' lang='lat'><em>238.</em></span> <span class='ocrx_word' id='word_1_418' title='bbox 1645 2957 1681 2996; x_wconf 86' lang='lat' dir='ltr'>et</span> <span class='ocrx_word' id='word_1_419' title='bbox 1705 2953 1834 3010; x_wconf 66' lang='lat'><em>239).</em></span> 
     </span>
    </p>
   </div>
   <div class='ocr_carea' id='block_1_7' title="bbox 8 3055 2086 3649">
    <p class='ocr_par' dir='ltr' id='par_1_9' title="bbox 8 3055 2085 3385">
     <span class='ocr_line' id='line_1_41' title="bbox 61 3055 2084 3120; baseline 0.002 -20.993"><span class='ocrx_word' id='word_1_420' title='bbox 61 3099 75 3105; x_wconf 71' lang='grc'>,</span> <span class='ocrx_word' id='word_1_421' title='bbox 210 3055 287 3100; x_wconf 85' lang='lat' dir='ltr'>AD</span> <span class='ocrx_word' id='word_1_422' title='bbox 317 3069 554 3102; x_wconf 76' lang='lat' dir='ltr'>OCTAVUM</span> <span class='ocrx_word' id='word_1_423' title='bbox 579 3058 643 3103; x_wconf 89' lang='lat' dir='ltr'>sic</span> <span class='ocrx_word' id='word_1_424' title='bbox 669 3061 942 3118; x_wconf 90' lang='lat' dir='ltr'>proceditur.</span> <span class='ocrx_word' id='word_1_425' title='bbox 961 3060 1164 3115; x_wconf 87' lang='lat' dir='ltr'>Videtur,</span> <span class='ocrx_word' id='word_1_426' title='bbox 1183 3062 1304 3120; x_wconf 93' lang='lat' dir='ltr'>quod</span> <span class='ocrx_word' id='word_1_427' title='bbox 1329 3062 1481 3105; x_wconf 87' lang='lat' dir='ltr'>anima</span> <span class='ocrx_word' id='word_1_428' title='bbox 1501 3062 1672 3106; x_wconf 89' lang='lat' dir='ltr'>Christi</span> <span class='ocrx_word' id='word_1_429' title='bbox 1687 3063 1732 3105; x_wconf 91' lang='lat' dir='ltr'>in</span> <span class='ocrx_word' id='word_1_430' title='bbox 1752 3061 1942 3105; x_wconf 92' lang='lat' dir='ltr'>articulo</span> <span class='ocrx_word' id='word_1_431' title='bbox 1963 3060 2084 3104; x_wconf 90' lang='lat' dir='ltr'>illius</span> 
     </span>
     <span class='ocr_line' id='line_1_42' title="bbox 8 3122 2081 3187; baseline 0.002 -21"><span class='ocrx_word' id='word_1_432' title='bbox 8 3162 11 3167; x_wconf 81' lang='grc'><strong>,</strong></span> <span class='ocrx_word' id='word_1_433' title='bbox 55 3126 79 3184; x_wconf 37' lang='grc' dir='ltr'>,ᾗ</span> <span class='ocrx_word' id='word_1_434' title='bbox 119 3122 344 3183; x_wconf 83' lang='lat' dir='ltr'>passionis</span> <span class='ocrx_word' id='word_1_435' title='bbox 370 3138 464 3168; x_wconf 89' lang='lat' dir='ltr'>non</span> <span class='ocrx_word' id='word_1_436' title='bbox 490 3135 585 3169; x_wconf 88' lang='lat' dir='ltr'>tota</span> <span class='ocrx_word' id='word_1_437' title='bbox 610 3124 830 3171; x_wconf 88' lang='lat' dir='ltr'>frueretur</span> <span class='ocrx_word' id='word_1_438' title='bbox 855 3127 1066 3172; x_wconf 88' lang='lat' dir='ltr'>fruitione</span> <span class='ocrx_word' id='word_1_439' title='bbox 1093 3129 1246 3172; x_wconf 88' lang='lat' dir='ltr'>beata:</span> <span class='ocrx_word' id='word_1_440' title='bbox 1286 3129 1566 3187; x_wconf 89' lang='lat' dir='ltr'>impossibile</span> <span class='ocrx_word' id='word_1_441' title='bbox 1594 3140 1661 3172; x_wconf 90' lang='lat' dir='ltr'>est</span> <span class='ocrx_word' id='word_1_442' title='bbox 1687 3129 1810 3172; x_wconf 90' lang='lat' dir='ltr'>enim</span> <span class='ocrx_word' id='word_1_443' title='bbox 1837 3127 1971 3170; x_wconf 90' lang='lat' dir='ltr'>simul</span> <span class='ocrx_word' id='word_1_444' title='bbox 2000 3127 2081 3171; x_wconf 91' lang='lat' dir='ltr'>do-</span> 
     </span>
     <span class='ocr_line' id='line_1_43' title="bbox 10 3188 2085 3253; baseline 0.002 -20"><span class='ocrx_word' id='word_1_445' title='bbox 10 3203 13 3205; x_wconf 89' lang='grc'>·</span> <span class='ocrx_word' id='word_1_446' title='bbox 117 3188 229 3246; x_wconf 89' lang='lat' dir='ltr'>lere,</span> <span class='ocrx_word' id='word_1_447' title='bbox 256 3200 300 3234; x_wconf 93' lang='lat' dir='ltr'>et</span> <span class='ocrx_word' id='word_1_448' title='bbox 326 3190 548 3248; x_wconf 88' lang='lat' dir='ltr'>gaudere;</span> <span class='ocrx_word' id='word_1_449' title='bbox 575 3205 680 3235; x_wconf 90' lang='lat' dir='ltr'>cum</span> <span class='ocrx_word' id='word_1_450' title='bbox 708 3193 854 3247; x_wconf 91' lang='lat' dir='ltr'>dolor,</span> <span class='ocrx_word' id='word_1_451' title='bbox 877 3205 921 3238; x_wconf 93' lang='lat' dir='ltr'>et</span> <span class='ocrx_word' id='word_1_452' title='bbox 948 3196 1163 3253; x_wconf 89' lang='lat' dir='ltr'>gaudium</span> <span class='ocrx_word' id='word_1_453' title='bbox 1190 3196 1280 3240; x_wconf 90' lang='lat' dir='ltr'>sint</span> <span class='ocrx_word' id='word_1_454' title='bbox 1306 3196 1554 3240; x_wconf 81' lang='lat' dir='ltr'>contraria:</span> <span class='ocrx_word' id='word_1_455' title='bbox 1596 3196 1674 3239; x_wconf 89' lang='lat' dir='ltr'>sed</span> <span class='ocrx_word' id='word_1_456' title='bbox 1718 3195 1870 3237; x_wconf 86' lang='lat' dir='ltr'>anima</span> <span class='ocrx_word' id='word_1_457' title='bbox 1913 3193 2085 3238; x_wconf 87' lang='lat' dir='ltr'>Christi</span> 
     </span>
     <span class='ocr_line' id='line_1_44' title="bbox 40 3256 2083 3321; baseline 0.002 -22"><span class='ocrx_word' id='word_1_458' title='bbox 40 3311 42 3313; x_wconf 64' lang='lat'>‚</span> <span class='ocrx_word' id='word_1_459' title='bbox 60 3261 90 3321; x_wconf 46' lang='grc' dir='ltr'>ἢ..</span> <span class='ocrx_word' id='word_1_460' title='bbox 119 3263 217 3309; x_wconf 85' lang='lat' dir='ltr'>tota</span> <span class='ocrx_word' id='word_1_461' title='bbox 234 3256 484 3314; x_wconf 88' lang='lat' dir='ltr'>patiebatur</span> <span class='ocrx_word' id='word_1_462' title='bbox 500 3256 711 3301; x_wconf 87' lang='lat' dir='ltr'>dolorem</span> <span class='ocrx_word' id='word_1_463' title='bbox 727 3258 772 3302; x_wconf 91' lang='lat' dir='ltr'>in</span> <span class='ocrx_word' id='word_1_464' title='bbox 788 3269 995 3318; x_wconf 89' lang='lat' dir='ltr'>tempore</span> <span class='ocrx_word' id='word_1_465' title='bbox 1014 3262 1250 3319; x_wconf 88' lang='lat' dir='ltr'>passionis,</span> <span class='ocrx_word' id='word_1_466' title='bbox 1270 3272 1318 3305; x_wconf 92' lang='lat' dir='ltr'>ut</span> <span class='ocrx_word' id='word_1_467' title='bbox 1333 3277 1468 3320; x_wconf 91' lang='lat' dir='ltr'>supra</span> <span class='ocrx_word' id='word_1_468' title='bbox 1485 3262 1691 3305; x_wconf 86' lang='lat' dir='ltr'>habitum</span> <span class='ocrx_word' id='word_1_469' title='bbox 1707 3271 1771 3304; x_wconf 88' lang='lat' dir='ltr'>est</span> <span class='ocrx_word' id='word_1_470' title='bbox 1785 3261 1890 3317; x_wconf 82' lang='lat' dir='ltr'>(art.</span> <span class='ocrx_word' id='word_1_471' title='bbox 1900 3262 2083 3318; x_wconf 75' lang='lat' dir='ltr'>praec.);</span> 
     </span>
     <span class='ocr_line' id='line_1_45' title="bbox 59 3320 1148 3382; baseline 0.005 -16"><span class='ocrx_word' id='word_1_472' title='bbox 59 3320 93 3366; x_wconf 76' lang='lat' dir='ltr'>J</span> <span class='ocrx_word' id='word_1_473' title='bbox 114 3335 217 3367; x_wconf 22' lang='lat' dir='ltr'>*non</span> <span class='ocrx_word' id='word_1_474' title='bbox 242 3337 352 3382; x_wconf 89' lang='lat' dir='ltr'>ergo</span> <span class='ocrx_word' id='word_1_475' title='bbox 380 3333 556 3382; x_wconf 88' lang='lat' dir='ltr'>poterat</span> <span class='ocrx_word' id='word_1_476' title='bbox 581 3338 694 3377; x_wconf 90' lang='lat' dir='ltr'>esse,</span> <span class='ocrx_word' id='word_1_477' title='bbox 723 3335 771 3368; x_wconf 91' lang='lat' dir='ltr'>ut</span> <span class='ocrx_word' id='word_1_478' title='bbox 795 3335 890 3369; x_wconf 90' lang='lat' dir='ltr'>tota</span> <span class='ocrx_word' id='word_1_479' title='bbox 916 3325 1148 3371; x_wconf 85' lang='lat' dir='ltr'>frueretur.</span> 
     </span>
    </p>

    <p class='ocr_par' dir='ltr' id='par_1_10' title="bbox 44 3386 2086 3649">
     <span class='ocr_line' id='line_1_46' title="bbox 44 3389 2084 3453; baseline 0.002 -20"><span class='ocrx_word' id='word_1_480' title='bbox 44 3394 84 3447; x_wconf 51' lang='lat' dir='ltr'>j·</span> <span class='ocrx_word' id='word_1_481' title='bbox 214 3400 255 3434; x_wconf 88' lang='lat'>2.</span> <span class='ocrx_word' id='word_1_482' title='bbox 284 3390 580 3434; x_wconf 69' lang='lat' dir='ltr'>PRAETEREA.</span> <span class='ocrx_word' id='word_1_483' title='bbox 609 3389 782 3434; x_wconf 91' lang='lat' dir='ltr'>Philos.</span> <span class='ocrx_word' id='word_1_484' title='bbox 810 3391 919 3435; x_wconf 91' lang='lat' dir='ltr'>dicit</span> <span class='ocrx_word' id='word_1_485' title='bbox 941 3393 986 3436; x_wconf 91' lang='lat' dir='ltr'>in</span> <span class='ocrx_word' id='word_1_486' title='bbox 1014 3407 1055 3452; x_wconf 88' lang='lat'>7.</span> <span class='ocrx_word' id='word_1_487' title='bbox 1083 3394 1228 3439; x_wconf 85' lang='lat' dir='ltr'>Ethic.</span> <span class='ocrx_word' id='word_1_488' title='bbox 1259 3395 1436 3453; x_wconf 82' lang='lat' dir='ltr'>(implic.</span> <span class='ocrx_word' id='word_1_489' title='bbox 1464 3402 1553 3452; x_wconf 85' lang='lat' dir='ltr'>cap.</span> <span class='ocrx_word' id='word_1_490' title='bbox 1587 3394 1700 3451; x_wconf 68' lang='lat' dir='ltr'>ult),</span> <span class='ocrx_word' id='word_1_491' title='bbox 1743 3393 1865 3451; x_wconf 92' lang='lat' dir='ltr'>quod</span> <span class='ocrx_word' id='word_1_492' title='bbox 1892 3392 2084 3447; x_wconf 86' lang='lat' dir='ltr'>tristitia,</span> 
     </span>
     <span class='ocr_line' id='line_1_47' title="bbox 51 3453 2086 3518; baseline 0.002 -19"><span class='ocrx_word' id='word_1_493' title='bbox 51 3463 95 3505; x_wconf 59' lang='lat' dir='ltr'>*g</span> <span class='ocrx_word' id='word_1_494' title='bbox 123 3453 164 3499; x_wconf 76' lang='lat' dir='ltr'>si</span> <span class='ocrx_word' id='word_1_495' title='bbox 185 3455 243 3500; x_wconf 88' lang='lat' dir='ltr'>sit</span> <span class='ocrx_word' id='word_1_496' title='bbox 262 3456 527 3510; x_wconf 78' lang='lat' dir='ltr'>vehemenS,</span> <span class='ocrx_word' id='word_1_497' title='bbox 553 3471 646 3500; x_wconf 90' lang='lat' dir='ltr'>non</span> <span class='ocrx_word' id='word_1_498' title='bbox 687 3456 839 3501; x_wconf 88' lang='lat' dir='ltr'>solum</span> <span class='ocrx_word' id='word_1_499' title='bbox 878 3458 1070 3517; x_wconf 89' lang='lat' dir='ltr'>impedit</span> <span class='ocrx_word' id='word_1_500' title='bbox 1109 3460 1462 3505; x_wconf 87' lang='lat' dir='ltr'>delectationem</span> <span class='ocrx_word' id='word_1_501' title='bbox 1505 3461 1798 3512; x_wconf 86' lang='lat' dir='ltr'>contrariam,</span> <span class='ocrx_word' id='word_1_502' title='bbox 1824 3459 1901 3503; x_wconf 92' lang='lat' dir='ltr'>sed</span> <span class='ocrx_word' id='word_1_503' title='bbox 1929 3474 2086 3518; x_wconf 89' lang='lat' dir='ltr'>quam-</span> 
     </span>
     <span class='ocr_line' id='line_1_48' title="bbox 125 3523 2086 3585; baseline 0.003 -20.762"><span class='ocrx_word' id='word_1_504' title='bbox 56 3526 345 3586; x_wconf 46' lang='grc' dir='ltr'>ΙῚᾼ»&gt;’&lt;;ιιῐι](;ιιεῑ;</span> <span class='ocrx_word' id='word_1_505' title='bbox 372 3533 416 3566; x_wconf 92' lang='lat' dir='ltr'>et</span> <span class='ocrx_word' id='word_1_506' title='bbox 442 3537 465 3567; x_wconf 94' lang='lat' dir='ltr'>e</span> <span class='ocrx_word' id='word_1_507' title='bbox 501 3537 750 3568; x_wconf 83' lang='lat' dir='ltr'>converso:</span> <span class='ocrx_word' id='word_1_508' title='bbox 793 3523 926 3568; x_wconf 90' lang='lat' dir='ltr'>dolor</span> <span class='ocrx_word' id='word_1_509' title='bbox 967 3536 1118 3570; x_wconf 88' lang='lat' dir='ltr'>autem</span> <span class='ocrx_word' id='word_1_510' title='bbox 1160 3527 1383 3585; x_wconf 89' lang='lat' dir='ltr'>passionis</span> <span class='ocrx_word' id='word_1_511' title='bbox 1429 3527 1599 3570; x_wconf 89' lang='lat' dir='ltr'>Christi</span> <span class='ocrx_word' id='word_1_512' title='bbox 1638 3525 1721 3569; x_wconf 88' lang='lat' dir='ltr'>fuit</span> <span class='ocrx_word' id='word_1_513' title='bbox 1761 3526 2000 3580; x_wconf 85' lang='lat' dir='ltr'>maximus,</span> <span class='ocrx_word' id='word_1_514' title='bbox 2037 3536 2086 3571; x_wconf 92' lang='lat' dir='ltr'>ut</span> 
     </span>
     <span class='ocr_line' id='line_1_49' title="bbox 50 3589 2086 3649; baseline 0.003 -18"><span class='ocrx_word' id='word_1_515' title='bbox 50 3594 95 3639; x_wconf 60' lang='grc' dir='ltr'>ᾖ,</span> <span class='ocrx_word' id='word_1_516' title='bbox 116 3595 360 3649; x_wconf 58' lang='grc' dir='ltr'>Ιοενιῐετιιιειιιιιι</span> <span class='ocrx_word' id='word_1_517' title='bbox 385 3599 455 3635; x_wconf 87' lang='lat' dir='ltr'>est</span> <span class='ocrx_word' id='word_1_518' title='bbox 480 3589 581 3646; x_wconf 84' lang='lat' dir='ltr'>(art.</span> <span class='ocrx_word' id='word_1_519' title='bbox 609 3590 651 3635; x_wconf 89' lang='grc'>6.</span> <span class='ocrx_word' id='word_1_520' title='bbox 677 3589 766 3648; x_wconf 86' lang='lat' dir='ltr'>huj.</span> <span class='ocrx_word' id='word_1_521' title='bbox 792 3591 867 3649; x_wconf 72' lang='lat' dir='ltr'>q),</span> <span class='ocrx_word' id='word_1_522' title='bbox 898 3601 943 3636; x_wconf 91' lang='lat' dir='ltr'>et</span> <span class='ocrx_word' id='word_1_523' title='bbox 973 3591 1180 3637; x_wconf 89' lang='lat' dir='ltr'>similiter</span> <span class='ocrx_word' id='word_1_524' title='bbox 1205 3593 1447 3637; x_wconf 87' lang='lat' dir='ltr'>delectatio</span> <span class='ocrx_word' id='word_1_525' title='bbox 1468 3591 1690 3636; x_wconf 89' lang='lat' dir='ltr'>fruitionis</span> <span class='ocrx_word' id='word_1_526' title='bbox 1712 3602 1779 3636; x_wconf 91' lang='lat' dir='ltr'>est</span> <span class='ocrx_word' id='word_1_527' title='bbox 1801 3592 2014 3647; x_wconf 84' lang='lat' dir='ltr'>maxima,</span> <span class='ocrx_word' id='word_1_528' title='bbox 2038 3603 2086 3637; x_wconf 91' lang='lat' dir='ltr'>ut</span> 
     </span>
    </p>
   </div>
  </div>
 </body>
</html>
