2352 3926
574 259 853 307 QUABSTIO
894 260 1024 300 XXX.
1065 260 1375 301 ARTICULUS
1415 261 1473 300 11.
1909 261 1975 317 25
1983 262 2015 318 7

51 363 244 423 ginitas3
268 361 475 423 profecto
507 362 552 407 in
586 375 721 407 came
746 372 926 421 praeter
952 376 1138 408 carnem
1168 363 1335 418 vivere,
1361 377 1456 408 non
1491 374 1670 408 terrena
1700 362 1794 408 vita
1825 373 1907 418 est,
1939 363 2018 408 sed

52 430 261 476 coelestis
288 447 329 474 ».

138 497 217 543 AD
240 510 430 543 PRIMUM
447 511 558 556 ergo
576 496 835 551 dicendum,
857 497 979 556 quod
999 497 1146 541 Mater
1160 498 1249 542 Dei
1267 498 1473 557 superior
1490 509 1586 543 erat
1605 497 1778 559 angelis
1796 508 2018 558 quantum

51 563 108 610 ad
133 564 415 624 dignitatern,
443 565 499 609 ad
525 579 665 624 quam
691 564 903 608 divinitus
931 563 1204 623 eligebatur:
1232 565 1310 609 sed
1338 576 1556 624 quantum
1601 566 1657 610 ad
1699 576 1868 611 statum
1894 580 2020 626 prae-

49 633 188 679 sentis
227 633 363 688 vitae,
394 633 582 678 inferior
623 643 719 677 erat
760 631 957 691 angelis:
996 633 1101 691 quia
1134 642 1178 676 et
1208 634 1304 691 ipse
1338 633 1546 677 Christus
1589 633 1764 678 ratione
1796 632 2019 693 passibilis

48 700 169 746 vitae
210 700 370 746 modico
402 703 454 745 ab
486 701 641 760 angelis
671 701 906 744 minoratus
936 706 1006 754 est,
1040 710 1090 743 ut
1121 700 1284 744 dicitur
1319 700 1456 743 Hebr.
1500 713 1562 746 2.:
1604 701 1682 745 sed
1724 711 1880 745 tamen
1913 700 2019 760 quia

50 767 259 813 Christus
286 767 423 812 simul
448 767 530 812 fuit
554 768 716 821 viator,
745 777 788 812 et
815 767 1189 826 comprehensor,
1218 777 1439 825 quantum
1476 768 1531 810 ad
1571 768 1882 825 cognitionem
1910 768 2020 813 divi-

48 847 229 889 norum,
262 848 357 879 non
384 835 615 894 indigebat
646 836 699 878 ab
723 833 896 892 angelis
911 834 1095 878 instrui:
1115 833 1191 877 sed
1211 843 1359 877 mater
1374 834 1463 877 Dei
1479 834 1686 878 nondum
1714 845 1810 879 erat
1829 835 1875 879 in
1898 845 2017 880 statu

49 902 512 962 comprehensorum:
541 911 585 946 et
610 901 714 945 ideo
741 901 795 945 de
824 901 978 944 divino
1006 910 1234 960 conceptu
1260 915 1340 959 per
1367 899 1557 959 angelos
1583 901 1846 945 instruenda
1877 915 1986 947 erat.

138 970 215 1015 AD
247 982 510 1014 SECUNDUM
536 968 796 1022 dicendum,
821 968 959 1027 quod,
976 968 1092 1012 sicut
1114 968 1235 1026 Aug.
1253 967 1363 1011 dicit
1384 969 1430 1011 in
1452 981 1587 1011 serm.
1613 968 1666 1011 de
1689 969 2017 1027 Assumptione

50 1035 143 1096 (qui
166 1043 224 1081 est
243 1042 364 1081 tract.
397 1037 438 1082 8.
470 1035 516 1080 de
552 1037 760 1089 Diversis,
787 1043 875 1095 cap.
899 1035 991 1092 4.).·
1019 1051 1042 1076 (ι
1065 1035 1205 1079 Beata
1233 1034 1378 1093 Virgo
1401 1035 1547 1079 Maria
1569 1049 1677 1079 vera
1700 1037 2017 1081 aestimatione

49 1117 76 1148 a
101 1103 372 1163 quibusdam
395 1103 681 1162 generalibus
702 1103 945 1161 excipitur:
974 1103 1079 1162 quia
1096 1117 1181 1146 nec
1200 1112 1450 1160 conceptus
1473 1101 1806 1162 multiplicavit,
1828 1118 1912 1148 nec
1936 1105 2016 1148 sub

46 1170 146 1225 viri,
162 1171 279 1215 idest
293 1171 458 1224 mariti,
484 1180 707 1230 potestate
724 1169 820 1224 fuit,
839 1184 955 1229 quae
982 1170 1285 1228 integerrimis
1311 1170 1558 1214 visceribus
1577 1170 1632 1214 de
1651 1170 1821 1230 Spiritu
1845 1171 2017 1216 Sancto

49 1237 285 1283 Christum
310 1238 509 1296 suscepit
533 1253 585 1292 >›;
613 1247 659 1281 et
682 1237 786 1281 ideo
823 1252 918 1281 non
945 1237 1100 1281 debuit
1126 1238 1356 1281 mediante
1391 1237 1489 1280 viro
1517 1237 1679 1281 instrui
1715 1238 1770 1282 de
1797 1240 2017 1298 mysterio

45 1304 387 1359 incarnationis,
413 1305 492 1349 sed
519 1305 748 1348 mediante
775 1303 955 1362 ange10.
981 1304 1174 1363 Propter
1196 1304 1319 1363 quod
1343 1304 1482 1348 etiarn
1503 1304 1601 1363 ipsa
1624 1314 1691 1348 est
1715 1305 1838 1364 prius
1859 1306 2020 1350 instru-

47 1381 135 1426 cta,
161 1386 296 1431 quarn
310 1371 506 1431 Joseph;
522 1386 632 1415 nam
657 1371 755 1430 ipsa
780 1372 999 1415 instructa
1016 1381 1082 1415 est
1100 1381 1203 1415 ante
1231 1382 1521 1431 conceptum,
1541 1372 1715 1431 Joseph
1739 1382 1892 1417 autem
1914 1383 2019 1433 post

47 1439 144 1497 ejus
170 1449 476 1498 conceptum..

135 1506 214 1551 An
240 1519 457 1551 TERTmM
483 1506 743 1559 dicendum,
770 1506 908 1565 quod,
934 1506 1051 1550 sicut
1075 1515 1198 1565 patet
1225 1519 1279 1550 ex
1311 1507 1580 1550 auctoritate
1606 1506 1800 1566 Dionys.
1828 1507 2015 1552 inducta

49 1573 115 1629 (in
145 1581 262 1633 corp.
289 1574 406 1631 art),
440 1572 590 1632 angeli
616 1573 942 1617 incarnationis
975 1573 1243 1632 mysterium
1276 1583 1616 1632 cognoverunt:
1654 1574 1733 1618 sed
1767 1584 1923 1619 tamen
1954 1576 2018 1620 in-

44 1640 351 1699 terrogabant,
369 1639 608 1699 perfectius
634 1640 749 1684 scire
777 1641 1009 1699 cupientes
1029 1655 1052 1683 a
1076 1639 1262 1684 Christo
1284 1640 1420 1698 hujus
1438 1641 1643 1700 mysterii
1668 1641 1882 1696 rationes,
1900 1657 2016 1701 quae

0 1747 2 1750 ,
45 1717 153 1752 sunt
166 1706 651 1766 incomprehensibiles
670 1707 798 1750 omni
816 1717 968 1751 creato
988 1706 1260 1751 intellectui:
1279 1708 1399 1752 unde
1420 1708 1648 1752 Maximus
1671 1709 1803 1754 dicit:
1826 1724 1849 1750 «
1874 1709 2016 1762 Quod

47 1773 199 1833 angeli
231 1774 444 1818 noverint
466 1773 663 1818 futuram
691 1774 1069 1828 incarnationem,
1098 1775 1330 1833 ambigere
1355 1789 1450 1819 non
1478 1785 1678 1834 oportet:
1707 1775 1836 1820 latuit
1863 1787 2016 1822 autem

0 1855 5 1895 ζ
48 1854 129 1886 eos
154 1840 481 1900 investigabilis
505 1841 699 1884 Domini
717 1842 974 1900 conceptio,
994 1851 1126 1900 atque
1150 1842 1330 1896 modus,
1358 1842 1550 1901 qualiter
1575 1853 1697 1887 totus
1723 1844 1770 1888 in
1793 1845 2015 1903 genitore,

46 1918 168 1953 totus
202 1909 417 1953 manebat
447 1909 493 1952 in
527 1908 754 1962 omnibus,
785 1923 872 1953 nec
905 1923 1000 1953 non
1034 1919 1078 1953 et
1108 1910 1154 1952 in
1187 1910 1392 1968 virginea
1425 1910 1590 1954 cellula
1616 1929 1657 1956 ›>.

7 1981 14 2031 ζ
135 1976 212 2020 AD
229 1988 467 2027 QUARTUM
484 1975 743 2030 dicendum,
762 1977 884 2035 quod
901 1976 1088 2035 quidam
1106 1977 1275 2030 dicunt,
1295 1977 1558 2022 Gabrielem
1575 1977 1714 2023 fuisse
1727 1979 1782 2023 de
1799 1994 2014 2039 supremo

3 2037 16 2073 ἶ
47 2042 207 2088 ordine
232 2042 519 2101 angelorum,
544 2052 730 2102 propter
755 2043 876 2102 quod
906 2043 1098 2102 Gregor.
1128 2044 1235 2088 dicit
1260 2045 1391 2102 (hom.
1414 2059 1480 2103 34.
1507 2047 1552 2089 in
1578 2047 1744 2105 Evang.
1764 2049 1839 2091 cir.
1858 2048 2015 2105 med.):

5 2113 18 2129 ”s
50 2125 76 2152 et
88 2109 335 2155 Summum
352 2109 568 2168 angelum
584 2111 740 2154 venire
758 2110 948 2168 dignum
965 2110 1125 2164 fuerat,
1145 2112 1222 2170 qui
1239 2125 1474 2156 summum
1492 2114 1702 2158 omnium
1718 2115 1988 2160 nuntiabat»
2005 2132 2015 2160 :

8 2174 26 2231 ἶ,
44 2177 126 2223 sed
146 2190 207 2221 vex
230 2176 322 2221 hoc
348 2190 443 2220 non
467 2177 674 2231 habetur,
701 2177 824 2235 quod
855 2177 990 2221 fuerit
1020 2191 1229 2222 summus
1261 2179 1378 2223 inter
1411 2193 1572 2224 omnes
1609 2181 1805 2235 ordines,
1842 2182 1920 2226 sed
1953 2197 2018 2227 re-

12 2283 21 2303 ζ,
45 2253 204 2304 spectu
230 2242 514 2303 angelorum,
540 2243 624 2288 fuit
650 2244 774 2288 enim
797 2244 1034 2288 de‘ordine
1058 2245 1441 2302 archangelorum
1456 2262 1466 2299 ;
1484 2247 1604 2291 unde
1627 2258 1670 2291 et
1686 2248 1891 2293 Ecclesia
1909 2263 2014 2293 eum

17 2312 21 2353 s
45 2310 373 2371 archangelum
408 2312 645 2355 nominat:
683 2320 728 2355 et
764 2310 903 2368 Greg.
941 2311 1037 2369 ipse
1079 2311 1189 2355 dicit
1229 2313 1275 2355 in
1310 2311 1484 2356 Homil.
1521 2314 1576 2356 de
1621 2313 1821 2357 Centum
1855 2316 2014 2360 ovibus

44 2379 143 2438 (loc.
161 2380 269 2436 cit),
291 2378 413 2438 quod
440 2394 463 2420 «
482 2377 763 2437 Archangeli
780 2378 1003 2432 dicuntur,
1021 2379 1097 2437 qui
1115 2393 1297 2423 summa
1316 2380 1584 2424 annuntiant
1604 2396 1628 2422 »
1645 2396 1656 2434 ;
1684 2381 1790 2424 satis
1809 2391 1879 2425 est
1900 2395 2011 2440 ergo

19 2445 276 2497 credibile,
294 2445 416 2504 quod
434 2446 493 2489 sit
517 2459 724 2489 summus
740 2445 787 2488 in
815 2445 974 2489 ordine
993 2445 1403 2504 archangelorum;
1421 2457 1478 2500 et,
1506 2447 1624 2491 sicut
1637 2447 1889 2505 Gregorius
1907 2449 2016 2493 dicit

23 2512 207 2574 (ibid),
233 2527 259 2553 «
275 2512 366 2555 hoc
391 2525 565 2556 nornen
592 2511 746 2556 officio
780 2526 863 2556 suo
891 2513 1115 2571 congruit.
1145 2512 1335 2558 Gabriel
1360 2514 1483 2557 enim
1509 2514 1599 2558 Dei
1624 2513 1842 2559 fortitudo
1869 2517 2015 2560 nomi-

22 2592 39 2631 ,ἲ
58 2588 198 2634 tur;
224 2593 305 2655 per
320 2578 411 2622 Dei
436 2591 547 2637 ergo
571 2577 885 2622 fortitudinem
911 2580 1186 2624 nuntiandus
1214 2590 1322 2635 erat,
1350 2581 1428 2640 qui
1458 2581 1678 2626 virtutum
1701 2582 1947 2637 Dominus,
1969 2592 2014 2627 et

87 2655 210 2692 ·tens
225 2646 273 2690 in
289 2644 462 2706 praelio
490 2644 546 2689 ad
571 2643 862 2689 debellandas
888 2655 1136 2702 potestates
1159 2661 1315 2692 aereas
1340 2648 1551 2693 veniebat
1573 2666 1614 2693 ».
1838 2659 1853 2663 “

747 2782 1182 2867 ARTICULUS
1217 2808 1318 2865 111.
1932 2828 2013 2876 166

593 2945 786 2984 UTRUM
817 2942 1075 2984 'ANGELUS
1117 2945 1470 2984 ANNUNTIANS

246 3028 519 3067 DEBUERIT
560 3029 608 3067 Β.
648 3028 857 3066 VIRGINI
896 3027 1119 3066 VISIONE
1161 3027 1472 3067 CORPORALI
1514 3028 1806 3067 APPARERE.

674 3136 730 3197 (3.
758 3138 868 3182 Dist.
890 3152 926 3196 3.
954 3152 993 3196 q.
1015 3153 1051 3197 3.
1080 3143 1160 3182 art.
1188 3151 1227 3182 2.
1256 3152 1294 3196 q.
1322 3137 1387 3195 2.)

66 3240 101 3301 gl*
139 3249 216 3294 AD
229 3261 446 3295 TERTmM
457 3249 522 3294 sic
540 3248 813 3309 proceditur.
834 3248 1040 3303 Videtur,
1059 3249 1179 3308 quod
1200 3248 1389 3307 angelus
1407 3248 1678 3292 annuntians
1698 3261 1791 3290 non
1810 3246 2022 3291 debuerit’

47 3314 230 3376 spirgini
254 3331 469 3377 apparere
494 3316 671 3361 visione
700 3315 938 3375 corporali.
977 3332 1001 3358 <c
1038 3317 1235 3375 Dignior
1270 3316 1392 3360 enim
1427 3325 1495 3360 est
1530 3313 1848 3359 intellectualis
1880 3313 2011 3367 visin,

83 3425 87 3428 ,
123 3397 190 3427 ·m
216 3383 466 3443 corporalis
492 3400 533 3439 n,
561 3393 608 3428 ut
639 3384 834 3461 August.
871 3383 980 3428 dicit
1020 3396 1086 3428 12.
1120 3398 1254 3460 super
1289 3383 1455 3427 Genes.
1492 3382 1547 3425 ad
1580 3381 1759 3425 literam
1799 3387 1907 3439 (cap.
1940 3394 2010 3437 24.

83 3449 93 3459 ⁰
118 3449 245 3495 .med
248 3452 304 3507 ..·)
339 3460 384 3495 et
408 3451 649 3510 praecipue
667 3451 753 3510 ipsi
785 3450 952 3527 angelo
980 3460 1048 3496 est
1073 3451 1220 3510 magis
1248 3450 1547 3494 conveniens:
1566 3462 1675 3492 nam
1692 3448 1867 3492 visione
1885 3447 2013 3492 intel-

124 3500 237 3561 tuali
260 3517 438 3562 videtur
459 3517 687 3582 angelus
675 3532 723 3561 in
759 3518 829 3562 sui
864 3517 1135 3573 substantia3
1170 3517 1348 3561 visione
1382 3526 1534 3560 autem
1572 3513 1801 3573 corporali
1836 3515 2012 3560 videtur

69 3604 89 3618 υ
127 3593 358 3642 assumpta
377 3583 522 3642 figura
548 3598 793 3644 corporea;
819 3584 897 3628 sed
925 3585 1040 3628 sicut
1058 3585 1112 3628 ad
1132 3583 1492 3628 annuntiandum
1515 3591 1789 3639 conceptum
1807 3581 2011 3626 divinum

67 3669 73 3678 ·
96 3669 99 3671 Α
141 3650 245 3695 ebat
266 3650 420 3695 venire
447 3665 679 3695 summum
705 3652 936 3706 nuntium;
957 3652 1020 3696 ita
1046 3652 1183 3696 etiam
1206 3651 1395 3704 videtur,
1418 3648 1541 3709 quod
1558 3648 1760 3693 decuerit
1775 3663 1875 3693 esse
1893 3663 2012 3694 sum-

235 3752 272 3788 S.
297 3752 450 3787 ΤειοκΑι
476 3754 608 3788 Summa
641 3754 843 3798 Theologica.
870 3754 951 3788 Vol.
979 3753 1041 3788 lv.
1795 3762 1831 3797 17
