2352 3926
264 239 334 295 90
783 235 1059 281 QUAESTIO
1100 234 1193 274 VII.
1234 234 1541 296 ARTICULUS
1579 233 1694 274 vm.

262 341 438 395 dicitur,
465 339 568 384 Act.
596 351 653 397 7.‚
673 338 795 397 quod
811 337 993 382 locutus
1018 347 1088 383 est
1113 351 1220 382 cum
1240 337 1425 397 Angelo
1450 337 1499 382 in
1523 336 1788 382 solitudine:
1808 334 1888 381 sed
1905 334 2114 381 Christus
2124 347 2220 380 non

263 418 330 453 est
354 409 607 452 minoratus
635 406 688 450 ab
717 404 905 464 angelis,
932 405 1184 449 secundum
1209 404 1422 449 notitiam
1453 404 1647 458 animae,
1680 403 1758 448 sed
1792 402 1943 448 solum
1969 401 2222 447 secundum

262 476 464 535 corporis
491 474 768 533 passionem,
795 482 845 516 ut
875 472 1066 517 habetur
1091 471 1228 517 Hebr.
1255 485 1322 527 2.;
1358 485 1467 531 ergo
1502 471 1693 524 videtur,
1730 469 1852 529 quod
1885 469 2094 515 Christus
2125 482 2221 513 non

258 542 341 587 fuit
372 542 609 600 propheta.
2128 556 2130 558 ’

350 610 444 654 SED
472 621 667 653 CONTRA
695 617 776 661 est,
803 607 925 666 quod
952 607 1008 651 de
1041 620 1097 651 eo
1130 606 1401 666 praedicitur
1432 606 1568 649 Deut.
1607 605 1698 648 18.:
1733 604 1982 662 Prophetam
2011 602 2224 648 suscitabit

259 678 375 722 nobis
399 678 515 720 Deus
535 675 580 719 de
606 675 810 727 fratribus
833 676 1007 727 vestrim
1036 683 1080 718 et
1105 673 1201 732 ipse
1228 673 1283 717 de
1309 687 1357 716 se
1378 672 1499 726 dicit,
1515 671 1679 716 Matth.
1707 684 1789 729 13„
1816 679 1861 714 et
1879 669 2011 728 Joan.¹
2036 681 2104 724 4.:
2121 669 2222 715 Non

259 750 318 788 est
332 743 535 803 propheta
555 743 640 786 sine
662 742 828 795 honore,
856 743 937 785 nisi
962 743 1007 785 in
1025 742 1174 800 patria
1193 754 1281 784 sua.

349 810 638 854 RESPONm-:o
651 808 911 862 dicendum,
929 808 1066 867 quod,
1086 807 1306 866 propheta
1332 806 1509 859 dicitur,
1527 804 1656 863 quasi
1667 802 1828 863 procul
1842 802 1956 858 fans,
1976 802 2050 847 vel
2062 801 2222 863 procul

260 877 432 931 videns,
458 877 729 935 inquantum
752 875 926 919 scilicet
947 874 1200 933 cognoscit,
1228 883 1272 917 et
1296 872 1496 931 loquitur
1517 886 1586 926 ea,
1612 885 1727 929 quae
1750 880 1855 915 sunt
1879 869 2040 929 procul
2061 869 2116 914 ab
2137 869 2224 914 ho-

262 947 440 988 minum
466 943 685 996 sensibus,
712 943 829 987 sicut
854 942 993 986 etiam
1020 942 1212 1000 August.
1240 939 1349 983 dicit
1379 937 1445 983 16.
1474 948 1631 982 contra
1647 937 1865 982 Faustum
1882 937 1996 998 (cap.
2014 936 2132 995 18.).·
2154 947 2224 982 est

263 1021 417 1056 autem
444 1010 840 1063 considerandum,
867 1009 989 1068 quod
1015 1023 1109 1053 non
1135 1017 1285 1068 potest
1311 1006 1401 1050 dici
1427 1006 1588 1065 aliquis
1621 1005 1844 1064 propheta
1875 1019 1932 1050 ex
1961 1004 2069 1059 hoc,
2100 1004 2223 1064 quod

262 1078 515 1137 cognoscit,
543 1087 585 1122 et
612 1077 849 1121 annuntiat
874 1091 942 1130 ea,
970 1090 1086 1134 quae
1113 1085 1217 1119 sunt
1244 1074 1342 1117 aliis
1368 1073 1543 1132 procul,
1578 1087 1682 1117 cum
1711 1073 1873 1131 quibus
1897 1072 1996 1132 ipse
2020 1085 2116 1116 non
2133 1081 2222 1126 est;

263 1157 308 1191 et
332 1147 422 1191 hoc
449 1144 742 1189 manifestum
768 1154 837 1188 est
861 1143 1113 1188 secundum
1139 1141 1311 1195 locum,
1339 1152 1383 1184 et
1414 1141 1667 1184 secundum
1692 1149 1898 1198 tempus:
1929 1139 1967 1184 si
1998 1139 2123 1184 enim
2148 1138 2225 1184 ali-
2247 1185 2250 1188 Α

261 1213 361 1273 quis
386 1213 434 1256 in
461 1211 612 1257 Gallia
638 1212 833 1256 existens
862 1219 1179 1269 cognosceret,
1208 1218 1252 1253 et
1275 1208 1561 1252 annuntiaret
1585 1207 1683 1251 aliis
1699 1207 1745 1250 in
1765 1206 1916 1251 Gallia
1933 1205 2224 1252 existentibus

263 1296 331 1335 ea,
357 1294 473 1340 quae
500 1290 607 1323 tunc
633 1279 680 1323 in
699 1279 831 1338 Syria
849 1287 1101 1336 agerentur,
1126 1276 1444 1335 propheticum
1462 1285 1602 1319 esset:
1622 1274 1738 1318 sicut
1754 1273 1993 1319 Helisaeus
2013 1274 2072 1318 ad
2094 1272 2226 1319 Giezi

262 1348 372 1392 dixit
399 1347 459 1404 (4.
483 1349 580 1405 Reg.
602 1346 663 1405 5.)
691 1346 926 1405 quomodo
954 1345 1022 1388 vir
1049 1343 1345 1388 descenderat
1371 1342 1426 1386 de
1454 1356 1602 1397 curru,
1630 1351 1675 1386 et
1700 1351 1961 1387 occurrerat
1975 1341 2099 1387 eizsi
2111 1355 2224 1386 vero

263 1415 423 1474 aliquis
450 1415 495 1458 in
522 1414 654 1473 Syria
680 1414 889 1467 existens,
917 1427 970 1456 ea
988 1425 1103 1471 quae
1123 1420 1226 1456 sunt
1241 1410 1302 1454 ibi
1326 1411 1624 1464 annuntiaret,
1641 1423 1736 1454 non
1748 1418 1866 1454 esset
1879 1409 2224 1469 propheticum3

264 1492 308 1527 et
331 1482 455 1526 idem
482 1491 667 1540 apparet
691 1480 943 1525 secundum
969 1490 1163 1538 tempus.
1190 1477 1518 1536 Propheticum
1547 1477 1670 1522 enim
1691 1475 1788 1532 fuit,
1806 1475 1929 1535 quod
1944 1475 2087 1521 Isaias
2100 1489 2227 1536 prae-

263 1549 500 1603 nuntiavit,
535 1547 658 1607 quod
686 1548 835 1607 Cyrus
867 1561 944 1591 rex
969 1547 1210 1590 Persarum
1242 1544 1464 1604 templum
1495 1545 1584 1588 Dei
1616 1554 1734 1589 esset
1765 1542 2147 1598 reaedificaturus,
2176 1552 2227 1589 ut

263 1627 386 1676 patet
410 1618 494 1660 Isa.
521 1628 617 1671 44:
645 1629 738 1659 non
766 1625 919 1658 autem
944 1613 1027 1657 fuit
1053 1612 1390 1672 propheticum,
1417 1612 1540 1671 quod
1566 1612 1730 1658 Esdras
1755 1612 1847 1657 hoc
1873 1611 2064 1672 scripsit,
2097 1611 2225 1671 cujus

263 1694 470 1743 tempore
495 1683 668 1726 factum
695 1692 786 1736 est3
812 1682 851 1725 si
875 1682 1012 1740 igitur
1038 1681 1178 1734 Deus,
1207 1689 1284 1724 aut
1309 1679 1491 1738 Angeli,
1518 1679 1592 1724 vel
1618 1680 1756 1724 etiam
1784 1680 1904 1725 beati
1925 1690 2228 1739 cognoscunt,

265 1762 308 1796 et
335 1752 602 1795 annuntiant
628 1764 695 1804 ea,
722 1764 837 1808 quae
863 1759 967 1794 sunt
992 1747 1154 1808 procul
1180 1763 1205 1792 a
1231 1758 1386 1792 nostra
1407 1747 1584 1803 notitia,
1609 1747 1700 1792 hoc
1717 1761 1814 1792 non
1829 1747 2024 1806 pertinet
2047 1746 2106 1792 ad
2126 1760 2228 1808 pro-

264 1819 489 1878 phetiam3
517 1818 622 1877 quia
646 1817 692 1861 in
719 1816 847 1861 nullo
873 1825 1080 1861 nostrum
1112 1825 1280 1860 statum
1303 1815 1544 1874 attingunt:
1577 1815 1787 1860 Christus
1814 1824 1970 1860 autem
1996 1823 2100 1859 ante
2130 1828 2228 1874 pas-

265 1887 443 1931 sionem
470 1895 676 1930 nostrum
703 1893 870 1929 statum
897 1883 1168 1943 attingebat;
1193 1883 1464 1942 inquantum
1490 1896 1584 1926 non
1616 1881 1768 1926 solum
1800 1891 1896 1926 erat
1926 1881 2227 1941 comprehen—

264 1968 356 2007 sor,
383 1953 461 1998 sed
488 1954 625 1998 etiam
650 1953 821 2007 viator3
851 1962 896 1996 et
920 1952 1024 1995 ideo
1050 1951 1371 2010 propheticum
1398 1959 1507 2004 erat,
1535 1949 1656 2008 quod
1690 1963 1745 1994 ea
1770 1962 1887 2008 quae
1913 1959 2044 1994 erant
2066 1947 2228 2009 procul

266 2023 323 2065 ab
352 2021 545 2065 aliorum
569 2021 798 2064 viatorum
829 2020 1006 2073 notitia,
1033 2029 1078 2063 et
1103 2018 1424 2077 cognoscebat,
1452 2027 1496 2062 et
1528 2017 1844 2073 annuntiabat3
1867 2026 1914 2062 et
1936 2016 2025 2061 hac
2050 2017 2227 2062 ratione

266 2089 428 2133 dicitur
453 2089 500 2132 in
527 2103 581 2133 eo
608 2087 745 2132 fuisse
771 2087 1024 2147 prophetia.

354 2155 431 2200 An
468 2169 655 2200 PRIMUM
688 2169 798 2214 ergo
831 2155 1090 2209 dicendum,
1123 2153 1245 2212 quod
1272 2167 1352 2211 per
1377 2151 1456 2196 illa
1481 2152 1618 2197 verba
1643 2166 1738 2196 non
1765 2151 2017 2196 ostenditur
2041 2165 2139 2196 esse
2171 2150 2227 2195 de

265 2223 441 2268 ratione
467 2223 732 2282 prophetiae
759 2221 1064 2280 aenigmatica
1091 2221 1308 2279 cognitio,
1342 2234 1458 2279 quae
1490 2219 1666 2264 scilicet
1697 2228 1765 2264 est
1793 2234 1875 2279 per
1904 2219 2151 2273 somnium,
2184 2227 2229 2263 et

263 2290 310 2334 in
326 2290 523 2334 visione:
544 2290 621 2334 sed
640 2290 891 2334 ostenditur
909 2289 1193 2347 comparatio
1218 2287 1413 2331 aliorum
1430 2287 1773 2347 prophetarum,
1795 2286 1873 2346 qui
1883 2286 2228 2346 per‘somnium‚

266 2368 309 2403 et
333 2359 380 2402 in
405 2358 580 2402 visione
607 2367 907 2416 perceperunt
933 2356 1099 2410 divina,
1128 2355 1183 2399 ad
1209 2355 1419 2414 Moysen,
1447 2355 1524 2414 qui
1549 2354 1718 2414 palam,
1760 2364 1804 2398 et
1843 2368 1939 2398 non
1970 2367 2051 2413 per
2076 2353 2229 2411 aenig-

266 2435 390 2469 mata
415 2425 567 2469 Deum
594 2425 732 2479 vidit3
771 2426 846 2483 qui
873 2424 1094 2483 propheta
1123 2433 1191 2468 est
1227 2423 1388 2476 dictus,
1415 2422 1669 2466 secundum
1695 2420 1807 2465 illud
1832 2421 1970 2466 Deut.
1997 2421 2101 2466 ult.:
2128 2422 2227 2467 Non

264 2494 447 2538 surrexit
481 2493 592 2536 ultra
610 2493 811 2551 propheta
842 2494 885 2535 in
918 2492 1063 2546 Ιςγαέῐ,
1095 2493 1202 2535 sicut
1241 2492 1431 2549 Moyses:
1471 2499 1621 2549 potest
1656 2499 1811 2534 tamen
1848 2489 1950 2543 dici,
1983 2489 2107 2548 quod
2143 2488 2228 2534 etsi

268 2560 477 2605 Christus
502 2560 661 2603 habuit
686 2559 884 2618 plenam,
911 2569 955 2603 et
982 2568 1186 2618 apertam
1212 2558 1423 2602 notitiam
1452 2567 1672 2618 quantum
1699 2557 1755 2600 ad
1788 2566 1965 2616 partem
1995 2554 2230 2601 intellecti-

266 2642 397 2681 vam;
422 2626 581 2671 habuit
620 2636 774 2670 tamen
800 2627 846 2669 in
874 2637 999 2685 parte
1036 2625 1329 2685 imaginativa
1362 2625 1583 2684 quasdam
1625 2625 1957 2680 similitudines,
1988 2623 2036 2674 in
2067 2623 2229 2684 quibus

267 2695 405 2739 etiam
437 2702 615 2753 poterat
646 2693 867 2752 speculari
901 2693 1068 2747 divina,
1100 2693 1373 2751 inquantum
1404 2706 1498 2736 non
1531 2691 1681 2737 solum
1716 2701 1813 2736 erat
1853 2691 2228 2751 comprehensor,

268 2761 346 2806 sed
373 2763 511 2806 etiam
537 2761 695 2805 viator.
1956 2771 1959 2774 ’

358 2829 435 2874 AD
462 2841 722 2874 SECUNDUM
744 2827 1002 2881 dicendum,
1029 2826 1151 2885 quod
1179 2826 1289 2871 fides
1313 2836 1379 2871 est
1396 2841 1570 2881 eorum,
1589 2840 1704 2886 quae
1721 2840 1816 2871 non
1830 2825 2040 2871 videntur
2056 2825 2227 2886 abipso

268 2896 508 2950 credente3
537 2905 583 2940 et
607 2894 813 2939 similiter
838 2908 939 2953 spes
967 2904 1034 2938 est
1060 2908 1235 2947 eorum,
1263 2908 1378 2952 quae
1405 2909 1499 2938 non
1526 2894 1750 2938 habentur
1776 2893 1830 2938 ab
1862 2893 1962 2953 ipso
1987 2902 2224 2952 sperante:

267 2963 345 3008 sed
372 2962 611 3023 prophetia
638 2971 705 3006 est
731 2975 906 3015 eorum,
933 2975 1048 3019 quae
1074 2971 1180 3004 sunt
1206 2961 1365 3019 procul
1384 2976 1409 3004 a
1429 2961 1667 3005 communi
1683 2960 1927 3005 hominum
1948 2973 2099 3014 sensu,
2121 2973 2227 3004 cum

267 3030 427 3090 quibus
454 3029 678 3089 propheta
705 3038 1011 3082 conversatur,
1039 3037 1083 3071 et
1110 3028 1423 3072 communicat
1448 3029 1495 3072 in
1523 3038 1640 3072 statu
1665 3028 1797 3082 viae3
1824 3037 1869 3072 et
1893 3027 1999 3071 ideo
2030 3026 2158 3082 fides,
2183 3036 2229 3072 et

267 3112 369 3156 spes
393 3106 647 3156 repugnant
672 3094 939 3156 perfectioni
965 3095 1252 3139 beatitudinis
1282 3095 1468 3150 Christi,
1494 3109 1589 3139 non
1615 3105 1769 3140 autem
1795 3093 2047 3155 prophetia.

357 3165 433 3209 AD
467 3176 683 3210 TERTmM
710 3163 968 3215 dicendum,
996 3163 1117 3220 quod
1146 3162 1349 3220 angelus,
1377 3177 1483 3206 curn
1509 3163 1566 3207 sit
1593 3162 1967 3222 comprehensor,
1999 3171 2068 3207 est
2090 3174 2228 3222 supra

267 3232 555 3293 prophetam,
583 3231 659 3291 qui
686 3242 753 3276 est
779 3244 916 3289 purus
943 3230 1104 3283 viator,
1130 3243 1224 3273 non
1252 3240 1404 3274 autem
1431 3243 1564 3290 supra
1592 3229 1844 3284 Christum,
1869 3229 1948 3289 qui
1976 3227 2062 3274 fuit
2091 3226 2228 3274 simul

267 3301 428 3355 viator,
456 3309 500 3345 et
522 3298 896 3358 comprehensor.
