2352 3926
306 205 411 274 568
818 219 1095 264 QUAESTIO
1136 219 1280 257 var.
1321 211 1628 263 ARTICULUS
1668 219 1742 264 Χῖ.

987 429 1421 487 ARTICULUS
1464 431 1562 486 XI.
2135 461 2264 512 „5374

451 565 645 604 UTRUM
679 565 1106 604 coNVENOENTER
1139 566 1558 605 DEscmBANTUR
1592 567 1719 605 TRIA
1754 565 2116 625 BAPTIsMATA.
2171 552 2195 562 ”

542 674 602 732 (4.
631 676 742 719 Dist.
771 689 812 732 4.
836 690 873 734 q.
898 690 933 734 3.
961 681 1042 720 art.
1066 691 1102 734 3.
1130 681 1166 720 et
1191 690 1229 734 q.
1257 676 1298 721 6.
1328 682 1408 721 art.
1436 691 1478 733 4.
1505 682 1542 720 et
1562 677 1686 733 Joan.
1709 691 1744 736 3.
1773 676 1862 722 lect.
1893 689 1930 721 1.
1946 675 2026 736 fin.

995 750 1031 788 et
1056 743 1189 788 Hebr.
1218 744 1259 789 6.
1288 752 1399 803 corp.
1424 759 1460 803 3.
1477 745 1595 803 fin.).

388 855 464 899 AD
487 867 778 899 UNDEthJM
801 854 865 899 sic
890 854 1164 914 proceditur.
1188 854 1394 910 Videtur,
1417 856 1539 914 quod
1563 855 1940 900 inconvenienter
1953 854 2266 908 describantur

297 924 382 967 tria
408 922 694 981 baptismata,
721 921 896 966 scilicet
932 936 1092 981 aquae,
1117 923 1366 981 sanguinis,
1401 933 1445 967 et
1476 922 1688 977 flaminis,
1725 923 1820 968 sive
1857 922 2053 982 Spiritus
2085 922 2264 970 Sancti:

298 990 402 1049 quia
428 989 682 1048 Apostolus
708 989 817 1033 dicit
841 989 1008 1048 Ephes.
1034 1002 1102 1045 4.:
1139 991 1232 1035 Una
1253 990 1372 1048 fides,
1405 1007 1537 1035 unum
1571 993 1806 1050 baptisma:
1839 990 1919 1035 sed
1950 1004 2045 1036 non
2079 1000 2146 1036 est
2176 991 2266 1036 nisi

298 1072 389 1102 una
415 1057 552 1112 fides;
580 1071 690 1116 ergo
717 1071 811 1101 non
838 1057 1003 1101 debent
1030 1057 1140 1116 poni
1165 1058 1251 1102 tria
1277 1058 1566 1117 baptismata.

388 1137 427 1168 2.
454 1124 753 1170 PRAETEREA.
787 1124 1046 1183 Baptismus
1075 1134 1142 1168 est
1174 1125 1407 1183 quoddam
1439 1136 1795 1180 sacramentum,
1830 1135 1879 1169 ut
1910 1139 1967 1171 ex
1998 1124 2267 1185 supradictis

297 1201 421 1251 patet
446 1191 506 1250 (q.
535 1191 596 1250 65.
620 1198 698 1236 art.
726 1191 813 1249 1.):
840 1192 918 1236 sed
945 1191 1070 1236 solus
1096 1192 1347 1251 baptismus
1374 1185 1519 1252 aquae
1546 1203 1612 1238 est
1638 1203 2009 1249 sacramentum;=
2034 1206 2146 1252 ergo
2170 1206 2265 1239 non

299 1260 463 1304 debent
487 1259 598 1318 poni
625 1258 712 1302 alia
739 1259 829 1302 duo
856 1252 1140 1317 baptismata.

391 1342 429 1386 3.
455 1327 753 1372 PRAETEREA.
781 1327 997 1371 Damasc.
1024 1327 1071 1370 in
1096 1339 1138 1381 4.
1165 1325 1241 1371 lib.
1269 1327 1413 1384 (Orth.
1441 1327 1534 1372 Fid.
1570 1335 1660 1387 cap.
1687 1341 1752 1374 10.
1779 1343 1806 1373 a
1837 1327 1964 1386 med.)
1993 1326 2266 1381 determinat

297 1394 426 1455 plura
451 1394 539 1438 alia
562 1409 730 1453 genera
750 1394 1096 1453 baptismatum3
1120 1408 1215 1438 non
1238 1408 1348 1452 ergo
1383 1394 1548 1439 debent
1570 1395 1678 1453 poni
1701 1394 1854 1439 solum
1874 1394 1960 1440 tria
1979 1394 2266 1453 baptismata.

390 1463 484 1507 SED
514 1475 710 1507 CONTRA
742 1472 823 1516 est,
851 1462 974 1520 quod
1001 1476 1136 1520 super
1167 1461 1278 1505 illud
1312 1461 1447 1505 Hebr.
1486 1460 1551 1506 6.:
1584 1463 1892 1521 Baptismatum
1915 1462 2129 1512 doctrinae
2160 1461 2269 1514 dicit

299 1529 451 1575 Gloss.
479 1529 685 1589 (ordin.).·
717 1545 739 1570 «
758 1528 998 1573 Pluraliter
1030 1529 1152 1582 dicit,
1185 1529 1290 1587 quia
1322 1539 1390 1573 est
1415 1529 1665 1588 baptismus
1699 1543 1857 1589 aquae,
1883 1528 2206 1588 poenitentiae,
2223 1538 2268 1572 et

299 1597 590 1656 sanguinis».
1554 1641 1579 1643 7,
2091 1645 2093 1647 ,
2182 1640 2184 1643 ,

386 1665 675 1708 ΒΕεΡοΝῡΕο
693 1662 952 1718 dicendum,
973 1663 1110 1722 quod,
1129 1662 1247 1708 sicut
1272 1677 1407 1722 supra
1434 1663 1606 1707 dictum
1633 1673 1701 1708 est
1725 1664 1830 1722 (art.
1847 1677 1887 1711 a.
1907 1663 1994 1722 huj.
2020 1678 2059 1722 q.
2075 1669 2118 1709 et
2134 1677 2175 1723 q.
2195 1662 2266 1709 62.

297 1738 377 1776 art.
400 1746 438 1790 5.
437 1732 475 1789 )‚
516 1731 765 1790 baptismus
789 1745 933 1789 aquae
957 1727 1210 1775 efficaciam
1227 1731 1365 1775 habet
1397 1745 1423 1775 a
1448 1733 1660 1790 passione
1677 1731 1866 1786 Christi,
1885 1731 1959 1781 cui
1980 1730 2141 1791 aliquis
2160 1743 2269 1779 con-

298 1799 517 1858 figuratur
541 1812 621 1857 per
651 1798 944 1857 baptismum,
972 1808 1016 1842 et
1046 1797 1232 1843 ulterius
1265 1798 1382 1843 sicut
1408 1813 1433 1842 a
1459 1799 1605 1858 prima
1640 1813 1791 1854 causa,
1818 1814 1845 1843 a
1877 1799 2045 1859 Spiritu
2078 1798 2264 1850 Sancto.

297 1866 427 1910 Licet
464 1875 616 1909 autem
650 1864 836 1909 effectus
873 1865 1127 1924 dependeat
1160 1879 1185 1909 a
1221 1865 1367 1924 prima
1405 1880 1556 1920 causa,
1599 1881 1734 1911 causa
1766 1876 1922 1911 tamen
1952 1865 2266 1926 superexcedit

299 1932 527 1987 effectum,
554 1947 639 1977 nec
667 1932 892 1992 dependet
929 1933 982 1976 ab
1018 1932 1203 1978 effectu:
1232 1943 1276 1978 et
1306 1933 1411 1978 ideo
1434 1944 1611 1992 praeter
1642 1934 1920 1992 baptismum
1947 1946 2092 1992 aquae
2114 1941 2265 1992 potest

300 2001 461 2060 aliquis
490 2002 709 2059 conse-qui
735 2001 1010 2044 sacramenti
1036 1999 1249 2044 effectum
1277 2015 1329 2045 ex
1355 2001 1566 2060 passione
1593 2000 1782 2055 Christi,
1803 1998 2265 2060 inquantumquis-ei

298 2067 624 2122 conformatur,
650 2081 732 2127 pro
762 2067 947 2112 Christo
973 2068 1212 2126 patiend03
1237 2068 1355 2112 unde
1378 2068 1539 2113 dicitur
1571 2068 1849 2127 Apocalyps.
1877 2081 1943 2126 7.:
1969 2067 2034 2113 Hi
2053 2073 2164 2122 sunt,
2188 2067 2267 2125 qui

294 2142 497 2180 venerunt
518 2150 568 2179 ex
592 2149 746 2194 magna
779 2136 1060 2190 tribulatione,
1088 2142 1125 2180 et
1147 2136 1340 2180 laverunt
1364 2136 1487 2181 stolas
1508 2151 1614 2189 suas,
1635 2142 1670 2181 et
1692 2136 1990 2184 dealbaverunt
2013 2149 2081 2186 eas
2099 2135 2265 2197 infan-

294 2204 419 2260 guine
445 2204 558 2261 agni.
586 2202 759 2246 Eadem
784 2203 922 2263 etiam
953 2204 1128 2248 ratione
1171 2203 1332 2262 aliquis
1366 2218 1448 2262 per
1474 2204 1687 2248 virtutem
1713 2203 1906 2263 Spiritus
1933 2202 2090 2253 Sancti
2104 2214 2267 2249 conse·

298 2270 448 2328 quitur
485 2269 698 2313 effectum
734 2270 962 2329 baptismi,
998 2285 1092 2314 non
1129 2270 1281 2315 solum
1319 2271 1414 2315 sine
1448 2271 1674 2330 baptismo
1709 2284 1868 2330 aquae,
1900 2269 1979 2317 sed
2003 2269 2144 2321 etiam
2169 2270 2266 2315 sine

294 2337 522 2395 baptismo
557 2337 815 2395 sanguinis;
847 2338 1118 2397 inquantum
1150 2337 1325 2382 scilicet
1357 2337 1547 2398 alicujus
1582 2353 1661 2382 cor
1686 2352 1765 2398 per
1797 2337 2017 2397 Spiritum
2044 2336 2265 2383 Sanctum

296 2415 508 2449 movetur
540 2404 595 2448 ad
628 2405 919 2460 credendum,
949 2415 992 2449 et
1018 2405 1300 2464 diligendum
1327 2406 1495 2459 Deum,
1529 2416 1573 2449 et
1598 2406 1926 2464 poenitendum
1957 2404 2012 2449 de
2038 2403 2264 2464 peccatis;

295 2472 414 2516 unde
433 2473 569 2516 etiam
588 2471 750 2516 dicitur
770 2472 1020 2531 baptismus
1038 2473 1344 2532 poenitentiae
1359 2489 1370 2527 ;
1388 2483 1431 2517 et
1449 2473 1504 2519 de
1531 2473 1621 2518 hoc
1647 2473 1810 2518 dicitur
1831 2472 1991 2527 Isa.4.:
2020 2472 2067 2517 Si
2078 2472 2263 2522 abluerit

295 2540 508 2584 Dominus
531 2539 668 2583 sordes
688 2540 885 2597 filiarum
906 2540 1022 2593 Sion,
1050 2547 1088 2585 et
1113 2542 1353 2599 sanguinem
1387 2541 1652 2585 Hierusalem
1678 2540 1830 2585 laverit
1854 2539 1902 2584 de
1925 2539 2058 2584 medio
2083 2541 2188 2598 esuS,
2218 2539 2264 2589 in

293 2607 446 2667 spiritu
458 2606 628 2666 judicii,
651 2612 689 2651 et
707 2608 858 2665 spiritu
879 2606 1056 2651 ardoris.
1085 2607 1160 2651 Sic
1179 2607 1316 2666 igitur
1337 2617 1580 2666 utrumque
1608 2606 1803 2651 aliorum
1829 2606 2156 2666 baptismatum
2175 2619 2266 2651 eno-

295 2674 493 2718 minatur
518 2673 786 2731 baptismus,
808 2673 1078 2731 inquantum
1102 2674 1279 2734 supplet
1296 2675 1447 2719 vicem
1463 2675 1674 2734 baptismi
1702 2687 1870 2733 aquae:
1897 2674 2017 2718 unde
2039 2668 2150 2719 dicit
2171 2671 2265 2725 Au-

295 2741 500 2800 gustinus
519 2740 565 2784 in
591 2753 631 2795 4.
651 2739 727 2784 lib.
747 2741 801 2784 de
835 2740 987 2784 Unico
1011 2741 1247 2800 Baptismo
1281 2741 1574 2800 parvulorum
1601 2743 1759 2799 (contr.
1792 2742 2006 2787 Donatist.
2033 2748 2120 2800 cap.
2147 2753 2188 2791 2,
2219 2741 2265 2785 in

290 2808 453 2869 princ.)
467 2825 480 2853 .·
518 2824 540 2850 «
561 2807 780 2867 Baptismi
806 2807 955 2851 vicem
984 2808 1227 2866 aliquando
1254 2808 1444 2868 implere
1478 2810 1755 2868 passionem,
1786 2808 1842 2855 de
1866 2807 2045 2857 latrone
2071 2806 2167 2862 illo,
2191 2807 2265 2852 cui

297 2890 391 2920 non
416 2875 644 2934 baptizato
663 2875 835 2918 dictum
853 2883 943 2919 est:
967 2875 1104 2919 Hodie
1122 2892 1279 2921 mecum
1297 2878 1375 2921 eris
1393 2878 1437 2920 in
1456 2877 1673 2935 paradiso,
1701 2876 1860 2921 beatus
1885 2875 2145 2935 Cyprianus
2169 2888 2264 2919 non

295 2942 396 2987 leve
419 2943 748 2987 documentum
773 2942 975 2995 assumit,
999 2943 1119 3000 quod
1140 2944 1278 2987 etiam
1306 2954 1440 3002 atque
1467 2944 1604 2988 etiam
1633 2943 1925 2989 considerans
1959 2942 2264 2994 invenio-non

296 3020 474 3054 tantum
498 3010 760 3068 passionem
786 3023 867 3069 pro
904 3010 1092 3053 nomine
1116 3009 1302 3064 Christi,
1334 3011 1379 3054 id
1406 3011 1529 3070 quod
1554 3011 1782 3070 baptismo
1809 3010 1978 3064 deerat,
2004 3022 2265 3069 posse-*sup-

297 3077 434 3136 plere,
469 3078 546 3121 sed
580 3077 718 3121 etiam
751 3076 902 3130 fidem,
941 3077 1381 3136 conversionemque
1418 3078 1581 3132 cordis,
1620 3079 1657 3123 si
1693 3077 1809 3123 forte
1846 3077 1902 3123 ad
1939 3076 2262 3129 celebrandum

299 3145 569 3204 mysterium
595 3144 809 3203 baptismi
839 3144 884 3186 in
913 3144 1130 3201 angustiis
1163 3154 1422 3203 temporum
1449 3146 1651 3191 succurri
1675 3159 1770 3191 non
1796 3154 2001 3205 potest».

384 3214 460 3256 AD
499 3225 686 3257 PRIMUM
725 3225 835 3270 ergo
872 3210 1131 3264 dicendum,
1169 3212 1290 3269 quod
1330 3212 1417 3256 alia
1452 3213 1542 3257 duo
1575 3213 1847 3271 baptismata
1883 3210 2177 3258 includuntur
2215 3209 2264 3263 in

295 3280 524 3339 baptismo
559 3293 717 3338 aquae,
751 3279 827 3338 qui
861 3276 1111 3322 efficaciam
1146 3279 1281 3322 habet
1314 3290 1357 3322 et
1389 3294 1441 3323 ex
1468 3280 1678 3339 passione
1713 3279 1899 3334 Christi,
1925 3288 1970 3324 et
2004 3293 2059 3324 ex
2090 3277 2261 3339 Spiritu

296 3348 492 3402 Sanct03
521 3357 565 3391 et
590 3346 693 3390 ideo
722 3360 800 3405 per
826 3345 916 3389 hoc
942 3359 1035 3388 non
1063 3344 1237 3388 tollitur
1266 3346 1414 3390 unitas
1441 3347 1736 3406 baptismatis.

388 3414 464 3459 AD
493 3426 754 3459 SECUNDUM
782 3412 1039 3465 dicendum,
1067 3413 1203 3470 quod,
1231 3412 1347 3456 sicut
1371 3428 1507 3472 supra
1530 3414 1700 3458 dictum
1726 3423 1792 3458 est
1808 3414 1868 3472 (q.
1889 3413 1960 3460 60.
1977 3419 2060 3459 art.
2075 3428 2112 3459 1.
2129 3413 2259 3471 etz),

298 3492 636 3526 sacramentum
665 3481 803 3525 habet
829 3479 1055 3524 rationem
1082 3479 1218 3537 signi:
1245 3479 1331 3522 alia
1355 3494 1465 3524 vero
1493 3481 1584 3524 duo
1609 3481 1884 3525 conveniunt
1906 3494 2014 3524 cum
2034 3479 2262 3539 baptismo
2336 3499 2352 3542 ᾗ

297 3563 457 3608 aquae,
484 3563 578 3593 non
613 3548 796 3607 quidem
830 3557 1049 3607 quantum
1083 3545 1138 3589 ad
1171 3546 1397 3590 rationem
1431 3547 1563 3605 signi,
1597 3547 1674 3591 sed
1708 3556 1927 3606 quantum
1958 3546 2015 3591 ad
2048 3544 2261 3592 effectum
2327 3532 2352 3603 ᾖ.

294 3616 599 3675 baptismatis:
629 3625 672 3660 et
698 3615 801 3659 ideo
828 3627 922 3658 non
948 3622 1053 3658 sunt
1078 3623 1376 3657 sacramenta.
