2352 3926
8 350 9 353 =
93 323 140 367 in
155 320 337 381 princ.):
368 335 391 362 α
415 319 550 366 Coeli
574 333 683 378 rege
708 329 833 373 nato,
860 333 937 364 rex
961 328 1107 364 terrae
1139 320 1341 364 turbatus
1369 328 1458 364 estz
1492 318 1598 378 quia
1629 317 1848 363 nimirum
1879 327 2058 362 terrena

599 216 877 263 QUAESTIO
919 217 1107 256 xxxv1.
1147 215 1456 257 ARTICULUS
1496 215 1553 255 11.
1950 215 2053 271 305

94 387 284 434 ‘altitudo
303 387 608 441 confunditur,
626 400 732 431 cum
758 386 982 431 celsitudo
1006 386 1219 431 coelestis
1236 386 1433 446 aperitur
1449 402 1501 440 »;
1526 385 1714 440 secundo,
1730 385 1836 445 quia
1854 399 1934 444 per
1958 385 2052 428 hoc

92 454 371 516 figurabatur
394 454 630 514 judiciaria
657 453 829 499 Christi
854 462 1081 513 potestas;
1105 454 1223 497 unde
1250 454 1443 511 August.
1471 453 1580 497 dicit
1610 453 1656 497 in
1679 452 1881 512 quodam
1910 452 2057 497 Serm.

94 520 255 583 Epiph.
281 524 374 581 (qui
397 527 452 567 est
479 536 544 580 30.
562 521 608 565 de
635 521 775 581 Temp.
793 520 998 579 aliquant.
1026 535 1052 564 a
1069 522 1229 579 princ.)
1246 536 1260 565 :
1281 538 1304 562 «
1325 519 1450 572 Quid
1478 521 1561 564 erit
1587 519 1783 565 tribunal
1801 518 2058 579 judicantis,

94 589 278 650 quando
304 589 522 648 superbos
548 601 678 646 reges
705 601 822 631 cuna
854 587 1050 631 terrebat
1080 586 1294 631 infantis?
1313 603 1336 628 »
1355 602 1366 641 ;
1385 589 1518 640 tertio,
1542 587 1646 646 quia
1672 602 1754 646 per
1783 587 1875 631 hoc
1900 586 2061 645 figura-

93 656 225 701 batur
256 656 450 715 deiectio
482 655 611 714 regni
643 653 834 699 diaboli:
869 654 989 713 quia,
1023 663 1072 697 ut
1104 653 1200 698 Leo
1233 653 1358 712 Papa
1391 654 1499 697 dicit
1524 655 1570 697 in
1596 668 1810 699 sermone
1835 654 2058 714 Epiphan.

94 721 272 782 (implic.
315 738 438 767 serm.
467 738 503 781 5.
537 730 626 781 cap.
659 736 699 767 2.
740 735 767 765 a
792 722 935 781 princ.
966 719 1034 765 sed
1074 728 1230 779 expres.
1269 719 1414 779 Chrys.
1449 721 1557 764 hom.
1591 736 1630 766 2.
1663 723 1707 765 in
1740 729 1803 780 op.
1842 721 2057 780 imperf.).·

99 805 124 833 α
138 790 246 835 Non
262 799 439 834 tantum
461 789 667 833 Herodes
685 788 731 832 in
758 788 1006 847 semetipso
1031 787 1308 841 turbabatur,
1332 797 1552 846 quantum
1572 787 1779 832 diabolus
1797 789 1843 831 in
1861 788 2060 832 Herode.

99 857 303 903 Herodes
335 857 458 901 enim
489 859 720 901 terrenum
752 855 992 899 hominem
1027 854 1308 908 aestimabat,
1341 854 1420 898 sed
1450 852 1669 899 'diabolus
1707 856 1860 899 Deum
1893 869 2062 915 cogno-

96 926 275 979 scebat3
302 935 348 969 et
385 934 573 982 uterque
609 923 738 981 regni
779 922 848 967 sui
885 936 1198 966 successorem
1224 922 1429 974 timebat,
1457 921 1664 966 diabolus
1692 922 1955 980 coelestem,
1981 922 2060 967 sed

96 991 304 1038 Herodes
338 1001 569 1035 terrenum
591 1006 641 1045 »3
679 989 903 1047 superflue
939 999 1108 1042 tamen,
1143 989 1247 1047 quia
1281 988 1490 1033 Christus
1526 1002 1621 1032 non
1658 1000 1844 1033 venerat
1867 1003 2062 1048 regnum

95 1058 143 1103 in
167 1068 287 1103 terra
311 1058 503 1111 habere3
531 1057 649 1101 unde
678 1057 774 1100 Leo
802 1057 925 1114 Papa
949 1056 1057 1100 dicit
1081 1054 1221 1111 (serm.
1254 1069 1295 1112 4.
1323 1055 1369 1099 de
1401 1056 1553 1114 Epiph.
1581 1063 1670 1114 cap.
1699 1071 1737 1100 2.
1771 1056 1825 1100 ad
1857 1058 1947 1114 fin.)
1974 1056 2063 1101 He-

94 1126 197 1170 rodi
220 1124 436 1184 loquens:
469 1142 492 1166 «
510 1124 617 1168 Non
645 1124 764 1182 capit
783 1122 1019 1167 Christum
1047 1123 1172 1181 regia
1189 1133 1291 1177 tua;
1317 1136 1402 1166 nec
1421 1123 1580 1166 mundi
1594 1122 1808 1167 dominus
1826 1124 2061 1182 potestatis

98 1201 203 1237 tuae
236 1194 400 1251 sceptri
427 1202 494 1236 est
535 1201 775 1235 contentus
802 1190 1022 1249 angustiis
1050 1205 1100 1244 »3
1133 1189 1256 1249 quod
1284 1199 1438 1234 autem
1465 1189 1626 1247 Judaei
1655 1190 1962 1243 turbabantur,
1986 1190 2063 1250 qui

91 1269 252 1304 tamen
269 1259 416 1318 magis
434 1258 631 1317 gaudere
649 1258 910 1311 debuerant,
929 1267 1007 1301 aut
1027 1257 1118 1301 hoc
1147 1267 1226 1311 est,
1254 1257 1373 1315 quia,
1391 1267 1441 1300 ut
1473 1256 1711 1316 Chrysost.
1739 1257 1847 1301 dicit
1874 1256 2003 1313 (hom.
2020 1272 2061 1302 2.

95 1327 142 1371 in
165 1334 231 1386 op.
262 1327 429 1386 imperf.
461 1331 568 1370 ante.
591 1324 734 1382 med),
772 1324 867 1368 «de
895 1324 1090 1368 adventu
1118 1324 1224 1383 justi
1258 1338 1354 1368 non
1379 1333 1590 1383 poterant
1615 1324 1814 1382 gaudere
1845 1324 1989 1383 iniqui
2011 1339 2062 1378 »;

99 1402 178 1437 aut
200 1391 407 1437 volentes
434 1391 585 1437 favere
619 1391 806 1445 Herodi,
839 1405 977 1450 quem
1010 1391 1246 1445 timebant,
1270 1390 1467 1450 populus
1499 1390 1622 1434 enim
1655 1390 1755 1450 plus
1788 1393 1908 1450 justo
1940 1390 2063 1435 favet

97 1462 178 1514 eis,
204 1474 320 1519 quos
346 1459 551 1504 crudeles
578 1459 786 1503 sustinet:
814 1458 936 1517 quod
965 1468 1116 1503 autem
1145 1459 1271 1518 pueri
1298 1458 1351 1501 ab
1371 1458 1555 1502 Herode
1581 1469 1686 1503 sunt
1708 1458 1947 1512 interfecti,
1968 1472 2063 1502 non

101 1528 238 1572 cessit
260 1527 308 1571 in
334 1540 495 1571 eorum
521 1526 860 1579 detrimentum,
892 1525 971 1569 sed
997 1526 1044 1569 in
1071 1539 1232 1570 eorum
1260 1524 1530 1583 profectum.
1557 1525 1681 1571 Dicit
1713 1526 1836 1570 enim
1868 1526 2063 1584 August.

99 1596 146 1639 in
169 1594 316 1639 Serm.
343 1594 543 1653 quodam
571 1593 626 1637 de
643 1593 806 1652 Epiph.
823 1593 915 1651 (qui
941 1599 998 1637 est
1024 1593 1097 1638 66.
1115 1592 1162 1637 de
1178 1594 1371 1637 Diversis
1391 1600 1483 1652 cap.
1506 1607 1542 1652 3.
1557 1594 1603 1637 in
1617 1594 1698 1652 fin.
1712 1593 1765 1651 ):
1796 1609 1820 1635 «
1837 1593 1983 1647 Absit,
2015 1602 2065 1637 ut

99 1661 156 1705 ad
187 1660 447 1706 liberandos
471 1660 684 1704 homines
712 1659 921 1704 Christus
946 1659 1149 1713 veniens,
1176 1660 1231 1703 de
1253 1658 1439 1703 illorum
1465 1659 1685 1718 praemio,
1712 1660 1790 1719 qui
1814 1674 1897 1720 pro
1924 1674 1980 1704 eo
2002 1660 2066 1703 in·

98 1727 421 1781 terficerentur,
451 1726 567 1772 nihil
592 1729 749 1787 egerit,
775 1728 852 1786 qui
884 1726 1087 1786 pendens
1118 1727 1166 1771 in
1198 1726 1324 1786 ligno
1351 1740 1434 1785 pro
1469 1726 1547 1781 eis,
1581 1741 1608 1772 a
1633 1727 1794 1787 quibus
1826 1726 2064 1772 interficie-

100 1795 246 1850 batur,
273 1794 421 1840 oravit
436 1810 478 1840 ».

787 1897 1219 1955 ARTICULUS
1250 1898 1350 1953 111.
1983 1913 2065 1973 198

99 2019 293 2059 UTRUM
317 2019 441 2059 SINT
475 2019 902 2059 CONVENIENTER
933 2019 1135 2057 ELECTI
1169 2019 1277 2056 1LL1
1313 2018 1512 2064 QUIBUS
1553 2019 1653 2056 EST
1677 2018 2065 2057 MANIFESTATA

791 2093 1010 2132 CHRISTI
1050 2093 1365 2132 NATIVITAS.

189 2196 266 2243 AD
293 2207 509 2240 TERTIUM
532 2195 597 2239 sic
625 2195 900 2254 proceditur.
926 2194 1132 2249 Videtur,
1167 2195 1289 2254 quod
1322 2209 1417 2238 non
1443 2195 1532 2239 sint
1571 2195 1897 2240 convenienter
1933 2195 2066 2240 electi

94 2262 351 2323 illi,quibus
378 2273 446 2307 est
473 2263 644 2307 Christi
665 2263 876 2307 nativitas
904 2261 1215 2306 manifestata:
1235 2263 1465 2306 Dominus
1490 2263 1924 2316 enim,Matth.10.,
1943 2277 2067 2306 man-

102 2328 228 2376 davit
257 2330 512 2389 discipulis.
539 2331 590 2374 In
614 2332 733 2374 viam
751 2332 939 2388 gentium
963 2345 1011 2374 ne
1038 2331 1247 2381 abieritis;
1283 2340 1331 2374 ut
1356 2329 1532 2374 scilicet
1557 2330 1679 2389 prius
1702 2329 2066 2374 manifestaretur

37 2397 442 2458 Judaeis,quam
462 2397 739 2451 Gentilibus;
767 2410 877 2454 ergo
903 2396 1095 2450 videtur,
1123 2397 1245 2475 quod
1278 2396 1425 2441 multo
1453 2397 1603 2441 minus
1631 2411 1657 2441 a
1683 2397 1906 2456 principio
1932 2397 2067 2442 fuerit

97 2463 353 2510 revelanda
375 2463 547 2509 Christi
577 2463 790 2508 nativitas
820 2463 1092 2518 Gentilibus,
1126 2466 1202 2523 qui
1236 2464 1288 2507 ab
1334 2466 1510 2508 oriente
1542 2474 1777 2519 venerunt,
1795 2474 1845 2509 ut
1875 2465 2066 2509 habetur

98 2530 265 2576 Matth.
293 2544 334 2576 2.

191 2610 232 2643 2.
249 2597 548 2644 PRAETEREA.
574 2597 881 2642 Manifestatio
909 2597 1090 2642 divinae
1116 2598 1318 2642 veritatis
1345 2598 1588 2658 praecipue
1615 2598 1748 2643 debet
1772 2598 1871 2644 fieri
1897 2599 1952 2643 ad
1978 2599 2067 2644 Dei

105 2664 293 2720 amicoS,
310 2664 561 2710 secundum
593 2664 705 2709 illud
721 2665 805 2723 Job
830 2662 894 2723 36.
911 2679 920 2708 ε
940 2666 1180 2710 Annuntiat
1200 2664 1246 2709 de
1261 2678 1310 2709 ea
1332 2666 1468 2709 amico
1490 2680 1562 2710 suo
1571 2680 1587 2717 ;
1607 2665 1685 2710 sed
1710 2665 1838 2724 Magi
1858 2666 2068 2710 videntur

103 2744 204 2778 esse
227 2732 318 2776 Dei
341 2732 542 2787 inimici;
570 2731 733 2776 dicitur
767 2731 891 2775 enim
923 2731 1110 2775 Levitic.
1135 2745 1223 2791 19.:
1254 2732 1353 2777 Non
1388 2731 1594 2776 declinetis
1623 2732 1678 2776 ad
1713 2747 1870 2792 magos,
1910 2748 1982 2778 nec
2013 2735 2066 2777 ab

17 2801 47 2844 ki
106 2799 249 2845 ariolis
265 2799 424 2859 aliquid
439 2798 727 2852 sciscitemini}
751 2814 848 2843 non
865 2813 976 2858 ergo
1004 2799 1157 2844 debuit
1175 2800 1347 2845 Christi
1372 2800 1582 2844 nativitas
1600 2800 1748 2859 Magis
1773 2801 2067 2846 manifestari.

200 2880 238 2926 3.
265 2866 561 2912 PRAETEREA.
591 2867 800 2912 Christus
821 2877 1010 2911 venerat
1034 2877 1182 2910 totum
1209 2867 1434 2911 mundum
1462 2882 1486 2911 a
1513 2878 1735 2927 potestate
1769 2868 1938 2912 diaboli
1962 2867 2069 2912 libe-

100 2942 230 2988 ,rareg
249 2933 368 2978 unde
394 2934 556 2978 dicitur
581 2933 778 2979 Malach.
800 2948 860 2978 1.:
889 2936 956 2979 Ab
975 2940 1069 2978 ortu
1085 2935 1180 2979 solis
1197 2950 1318 2993 usque
1341 2935 1394 2979 ad
1416 2950 1604 2979 occasum
1626 2950 1823 2994 magnum
1844 2942 1899 2981 est
1919 2951 2068 2980 nomen

0 2997 37 3051 ὲὲἓ,
104 3013 243 3045 meum
258 3002 304 3044 in
332 3002 523 3059 gentibus
531 3017 549 3054 ,·
581 3015 677 3045 non
710 3015 820 3060 ergo
847 3001 999 3045 solum
1027 3001 1071 3045 in
1101 3002 1292 3047 Oriente
1319 3002 1476 3061 positis
1504 3002 1657 3046 debuit
1683 3002 2066 3056 manifestari‚sed

106 3065 247 3112 etiam>
269 3067 435 3126 ubique
457 3078 694 3112 terrarum.

196 3146 238 3189 4.
265 3135 560 3180 PRAETEREA.
596 3135 770 3180 Omnia
797 3146 1083 3180 sacramenta
1108 3136 1273 3180 veteris
1301 3135 1413 3195 legis
1443 3146 1570 3180 erant
1604 3136 1773 3180 Christi
1800 3135 1967 3194 figura:
1986 3136 2066 3179 sed

112 3211 396 3245 sacramenta
427 3202 593 3246 veteris
626 3201 739 3261 legis
772 3203 1146 3261 dispensabantur
1179 3217 1258 3262 per
1289 3203 1591 3247 ministerium
1624 3202 1914 3246 sacerdotum
1948 3201 2068 3260 lega-

111 3265 248 3322 lium;
273 3281 383 3326 ergo
414 3269 608 3323 videtur,
635 3269 756 3327 quod
783 3270 930 3328 magis
958 3270 1159 3314 debuerit
1186 3269 1358 3314 Christi
1384 3270 1594 3313 nativitas
1620 3268 1897 3312 manifestari
1925 3283 2068 3313 sacer—

113 3332 290 3378 dotibus
311 3334 356 3378 in
373 3334 562 3394 temp10,
590 3349 727 3394 quam
751 3337 1004 3394 pastoribus
1031 3338 1077 3380 in
1103 3351 1226 3395 agro.

203 3414 240 3458 5.
265 3401 560 3447 PRAETEREA.
597 3403 806 3447 Christus
840 3418 893 3447 ex
926 3404 1114 3462 Virgine
1142 3415 1286 3447 matre
1319 3414 1450 3447 natus
1485 3413 1565 3456 est,
1598 3412 1642 3446 et
1674 3412 1819 3445 aetate
1852 3401 2066 3460 parvulus

5 3459 60 3516 ””’ῑ’ῆ,
104 3477 226 3512 ferat:
252 3469 599 3513 convenientius
623 3470 760 3528 igitur
785 3469 962 3514 videtur
987 3470 1139 3524 fuisse,
1164 3471 1285 3529 quod
1314 3470 1526 3515 Christus
1560 3468 1921 3512 manifestaretur
1947 3470 2068 3527 juve·

21 3540 58 3598 ³„ss
109 3532 248 3578 nibus·
266 3544 311 3579 et
333 3535 599 3593 virginib-us,
625 3550 763 3594 quam
790 3537 986 3592 senibus,
1012 3547 1058 3582 et
1093 3539 1364 3595 conjugatis,
1390 3536 1464 3580 vel
1505 3536 1665 3589 viduis,
1691 3535 1806 3579 sicut
1844 3535 2067 3592 Simeoni,

113 3609 160 3644 et
182 3600 358 3646 Annae.

222 3695 224 3697 ¹
278 3700 312 3735 S.
340 3702 492 3736 Tuomst
519 3703 650 3737 summa
673 3703 873 3748 Theologica.
902 3705 981 3738 Vol.
1009 3704 1071 3738 1v.
1846 3716 1887 3738 20
