2352 3926
252 194 357 249 282
763 205 1043 252 QUAESTIO
1082 205 1276 244 XXXIII.
1318 204 1624 245 ARTICULUS
1665 204 1701 243 1.

250 310 465 369 probatur
490 310 536 353 in
559 308 599 353 6.
633 308 815 368 Physic.
846 307 944 365 (tex.
966 321 1030 367 37.
1059 309 1124 367 38.
1147 309 1234 368 39.)
1246 323 1264 361 ;
1299 321 1410 367 ergo
1437 321 1601 367 corpus
1629 305 1802 351 Christi
1831 318 1927 350 non
1956 303 2041 350 fuit
2069 305 2116 351 in
2145 302 2210 359 in.-

250 378 386 421 stanti
411 377 675 420 formatum.

343 459 379 502 3.
406 444 704 487 PRAETEREA.
738 442 919 501 Corpus
954 442 1126 487 Christi
1155 441 1406 487 formatum
1438 452 1505 487 est
1540 456 1593 486 ex
1629 439 1880 500 purissimis
1915 437 2211 498 sanguinibus

249 511 464 569 Virginis,
492 521 540 553 ut
565 524 699 568 supra
722 510 928 553 habitum
956 519 1023 554 est
1040 510 1101 568 (q.
1119 525 1177 569 31.
1198 516 1279 554 art.
1299 511 1385 568 5.):
1413 524 1507 553 non
1535 518 1690 552 autem
1711 507 1859 566 potuit
1889 519 1990 552 esse
2021 504 2213 556 materia

248 577 326 621 illa
339 579 384 620 in
398 577 562 621 eodem
575 577 761 621 instanti
777 577 963 635 sanguis
982 586 1026 621 et
1046 591 1154 621 caro
1168 592 1179 631 ;
1195 577 1301 636 quia
1319 577 1383 621 sic
1403 576 1595 620 materia
1614 573 1752 619 simul
1768 573 1926 619 fuisset
1940 572 2022 618 sub
2041 571 2214 616 duabus

248 645 432 698 formis;
460 659 569 702 ergo
597 643 718 687 aliud
750 643 834 688 fuit
857 645 1044 698 instans,
1077 644 1124 688 in
1151 658 1242 703 quo
1276 644 1438 688 ultimo
1471 643 1554 687 fuit
1586 642 1784 700 sanguis,
1819 650 1864 685 et
1889 639 2025 694 aliud,
2045 639 2095 683 in
2119 652 2212 699 quo

250 713 397 770 primo
423 711 507 755 fuit
525 726 631 755 caro
655 711 872 766 formata3
893 712 971 756 sed
988 712 1106 756 inter
1122 711 1350 770 quaelibet
1365 712 1456 755 duo
1482 710 1697 754 instantia
1715 718 1782 752 est
1797 717 1977 767 tempus
1994 706 2214 760 medium3

252 794 360 837 ergo
389 794 553 838 corpus
575 779 747 823 Christi
773 794 865 822 non
892 779 976 822 fuit
996 779 1043 822 in
1069 779 1255 822 instanti
1276 777 1539 831 formatum,
1557 777 1634 820 sed
1661 791 1741 834 per
1765 774 1950 834 aliquod
1970 783 2166 832 tempus.

339 859 380 901 4.
399 847 698 892 PRAETEREA.
718 847 844 890 Sicut
861 847 1065 905 potentia
1084 846 1424 904 augmentativa
1451 844 1638 903 requirit
1657 843 2009 887 determinatum
2034 851 2215 898 tempus

250 913 296 957 iu
323 928 406 957 suo
435 923 552 968 actu,
585 914 647 957 ita
669 915 807 958 etiam
834 914 974 957 virtus
1002 913 1293 972 generativa:
1326 923 1516 971 utraque
1535 911 1659 955 enim
1686 919 1752 954 est
1768 908 1972 968 potentia
1997 905 2216 957 naturalis

252 981 307 1024 ad
339 981 646 1050 vegetativam
682 981 884 1025 animam
911 982 1163 1039 pertinens.
1190 979 1270 1024 sed
1287 994 1452 1039 corpus
1480 978 1653 1023 Christi
1678 976 1760 1020 fuit
1787 975 2089 1020 determinato
2105 983 2216 1018 tem-

250 1062 362 1108 pore
380 1059 740 1108 augmentatum,
758 1049 875 1092 sicut
891 1058 936 1092 et
958 1047 1153 1091 aliorum
1176 1047 1420 1092 hominum
1440 1060 1656 1105 corpora3
1675 1044 1836 1088 dicitur
1858 1042 1981 1087 enirn
1994 1042 2198 1086 Lucaez.
2189 1074 2215 1094 .,

251 1116 374 1175 quod
401 1117 649 1175 proficiebat
678 1117 894 1175 sapientia,
923 1121 959 1160 et
984 1121 1140 1167 aetatu
1166 1129 1276 1174 ergo
1308 1115 1499 1168 videtur,
1527 1113 1649 1172 quod
1671 1112 1767 1170 pari
1793 1110 1968 1154 ratione
1998 1107 2215 1152 formatio

251 1186 457 1245 corporis
490 1187 600 1244 ejus,
627 1200 742 1245 quae
775 1186 969 1244 pertinet
995 1184 1050 1228 ad
1081 1184 1176 1228 vim
1199 1183 1526 1242 generativam,
1553 1196 1647 1225 non
1680 1179 1886 1223 fueritin
1913 1176 2113 1231 instanti,
2135 1174 2216 1220 sed

251 1254 554 1298 determinato
580 1264 804 1312 tempore,
832 1266 923 1311 quo
952 1251 1147 1295 aliorum
1174 1251 1417 1294 hominum
1452 1262 1650 1308 corpora
1675 1241 1946 1291 formantur.

342 1321 435 1365 SED
469 1334 667 1366 CONTRA
701 1330 781 1374 est,
817 1320 940 1379 quod
975 1319 1168 1377 Gregor.
1204 1318 1313 1362 dicit
1349 1317 1414 1362 18.
1441 1316 1689 1361 Moralium
1724 1316 1840 1374 (cap.
1872 1328 1940 1372 27·
1966 1314 2077 1358 inter
2110 1310 2216 1357 med.
2276 1365 2279 1370 Ι

251 1395 290 1434 et
303 1389 370 1447 fin
375 1389 435 1446 .:)
473 1406 496 1431 <c
523 1388 706 1446 Angelo
733 1388 985 1440 nuntiante,
1019 1396 1063 1430 et
1094 1386 1263 1444 Spiritu
1283 1385 1454 1428 Sancto
1493 1383 1780 1436 adveniente,
1807 1395 1917 1426 mox
1941 1378 2182 1424 Verbum
2171 1392 2218 1422 m

250 1466 396 1511 utero,
428 1471 540 1500 mox
564 1457 681 1500 intra
707 1466 887 1500 uterum
920 1454 1125 1498 Verbum
1153 1467 1260 1498 caro
1283 1470 1324 1497 ».

341 1524 631 1568 RESPONDEo
656 1523 915 1576 dicendum,
933 1521 1092 1580 quod
1082 1537 1128 1564 1n
1156 1520 1459 1580 conceptione
1487 1518 1692 1578 corporis
1717 1516 1889 1563 Christi
1914 1516 2002 1562 tria
2026 1524 2094 1560 est
2115 1526 2220 1559 con-

251 1591 473 1636 siderare:
499 1593 642 1650 primo
676 1591 860 1649 quidem
893 1599 1073 1632 motum
1106 1588 1306 1632 localem
1338 1586 1573 1646 sanguinis
1611 1586 1666 1629 ad
1698 1585 1856 1629 locum
1889 1581 2218 1643 generationis:

250 1658 438 1712 secundo,
467 1658 795 1702 formationem
823 1658 1027 1716 corporis
1051 1673 1105 1701 ex
1130 1657 1209 1700 tali
1233 1657 1446 1701 materia:
1476 1658 1594 1701 tertio
1614 1666 1768 1699 autem
1795 1663 2109 1714 augmentum,
2127 1664 2218 1711 quo

251 1726 512 1784 perducitur
539 1726 594 1769 ad
623 1726 923 1784 quantitatem
952 1724 1230 1784 perfectam:
1263 1724 1309 1768 in
1343 1739 1540 1783 quorum
1573 1723 1728 1767 medio
1755 1723 1872 1767 ratio
1904 1717 2220 1780 conceptionis

254 1794 482 1848 consistit;
509 1808 618 1836 nam
635 1795 825 1852 primum
853 1803 921 1836 est
955 1792 1246 1850 conceptioni
1273 1790 1647 1849 praeambulum:
1681 1792 1850 1835 tertium
1878 1799 2032 1834 autem
2060 1799 2221 1831 conce-

251 1861 456 1920 ptionem
486 1860 802 1919 consequitur:
829 1860 1028 1918 primum
1048 1870 1200 1903 autem
1217 1873 1311 1903 non
1329 1860 1475 1917 potuit
1493 1873 1592 1902 esse
1618 1858 1665 1900 in
1690 1857 1902 1901 instanti:
1921 1856 2027 1915 quia
2042 1854 2134 1899 hoc
2153 1861 2220 1914 est

254 1939 413 1972 contra
444 1929 592 1987 ipsam
610 1928 836 1972 rationem
858 1937 1012 1971 motus
1029 1927 1190 1971 localis
1210 1926 1414 1985 corporis
1439 1926 1782 1984 cujuscumque,
1801 1925 1927 1983 cujus
1943 1932 2094 1983 partes
2119 1933 2222 1966 suc-

254 1999 424 2040 cessive
452 1996 705 2040 subintrant
729 1994 886 2039 locum
906 2011 917 2049 ;
945 1994 1152 2038 similiter
1171 2004 1215 2037 et
1235 1994 1419 2038 tertium
1442 2002 1622 2051 oportet
1639 2006 1738 2045 esse
1765 1991 2094 2038 successivum:
2118 1998 2220 2038 tum

252 2065 357 2122 quia
384 2073 683 2121 augmentum
709 2077 804 2106 non
838 2072 905 2106 est
931 2063 1027 2106 sine
1055 2072 1184 2105 motu
1211 2061 1374 2115 locali;
1401 2071 1500 2104 tum
1527 2060 1667 2104 etiam
1693 2059 1800 2118 quia
1825 2058 2034 2118 procedit
2058 2070 2115 2108 ex
2137 2055 2223 2099 vir-

251 2141 346 2176 tute
380 2132 560 2174 animae
594 2132 686 2188 jam
717 2130 763 2173 in
799 2144 990 2188 corpore
1023 2129 1223 2173 formato
1258 2128 1501 2187 operantis,
1535 2141 1651 2186 quae
1684 2141 1778 2170 non
1812 2135 2026 2184 operatur
2055 2122 2144 2168 nisi
2172 2122 2220 2166 in

250 2208 482 2256 tempore;
510 2198 588 2242 sed
613 2198 709 2256 ipsa
735 2196 952 2242 formatio
982 2196 1202 2255 corporis,
1228 2195 1274 2239 in
1302 2210 1391 2254 qua
1417 2193 1726 2253 principaliter
1762 2193 1878 2237 ratio
1905 2189 2221 2251 conceptionis

185 2262 187 2264 ’
212 2276 214 2279 ·
251 2266 472 2318 consistit,
490 2264 571 2308 fuit
587 2264 631 2307 in
651 2264 849 2317 instanti,
871 2263 1038 2322 duplici
1056 2264 1251 2306 ratione:
1267 2265 1409 2322 primo
1423 2261 1625 2320 quidem,
1642 2270 1825 2320 propter
1849 2260 2065 2304 virtutem
2083 2270 2222 2315 agen-

251 2333 307 2377 tis
324 2333 561 2385 infinitam,
580 2331 755 2375 scilicet
793 2331 985 2389 Spiritus
1022 2331 1192 2384 Sancti,
1218 2344 1297 2389 per
1324 2343 1461 2388 quem
1485 2342 1650 2387 corpus
1674 2328 1845 2373 Christi
1871 2336 1939 2371 est
1954 2325 2220 2379 formatum,

252 2410 301 2443 ut
326 2413 462 2458 supra
484 2399 655 2442 dictum
684 2409 752 2442 est
777 2400 834 2456 (q.
863 2407 1006 2457 praec.
1034 2404 1111 2442 art.
1140 2399 1195 2454 1.)
1211 2412 1228 2452 ,·
1246 2407 1374 2441 tanto
1394 2398 1517 2441 enim
1545 2394 1730 2454 aliquod
1757 2408 1897 2454 agens
1924 2393 2054 2438 citius
2069 2399 2223 2451 potest

252 2468 494 2511 materiam
526 2465 782 2524 disponere,
810 2475 980 2524 quanto
1018 2466 1207 2523 maj0ris
1233 2464 1410 2508 virtutis
1453 2473 1543 2507 est:
1572 2462 1691 2506 unde
1730 2476 1870 2520 agens
1904 2459 2106 2505 infinitae
2137 2458 2222 2503 vir-

251 2534 359 2579 tutis
385 2543 535 2592 potest
565 2533 612 2576 in
644 2533 829 2576 instanti
860 2532 1101 2576 materiam
1129 2532 1370 2590 disponere
1398 2530 1454 2574 ad
1488 2529 1688 2574 debitam
1713 2527 1934 2573 formam:
1958 2525 2132 2573 secundo
2164 2539 2221 2571 ex

251 2610 380 2661 parte
406 2614 628 2659 personae
654 2599 770 2654 Filii,
798 2601 924 2658 cujus
952 2613 1117 2676 corpus
1143 2598 1448 2652 formabatur3
1476 2611 1570 2641 non
1605 2596 1729 2640 enirn
1756 2605 1852 2640 erat
1884 2607 2141 2654 congruum
2171 2601 2222 2637 ut

253 2682 419 2728 corpus
445 2668 700 2711 humanum
724 2677 988 2721 assumeret,
1005 2667 1093 2710 nisi
1109 2666 1383 2710 formatum:
1410 2665 1448 2709 si
1476 2674 1628 2708 autem
1656 2672 1759 2707 ante
1775 2662 2102 2706 formationem
2124 2673 2220 2718 per-

252 2734 422 2780 fectam
450 2734 634 2793 aliquod
660 2744 839 2791 tempus
868 2733 1182 2792 conceptionis
1209 2732 1528 2791 praecessisset
1553 2745 1646 2775 non
1674 2738 1829 2788 posset
1854 2738 1951 2774 tota
1978 2727 2218 2786 conceptio

255 2802 432 2867 attribui
459 2801 574 2846 Filio
606 2801 708 2854 Dei,
736 2815 851 2859 quae
884 2815 978 2844 non
1006 2800 1259 2844 attribuitur
1285 2800 1342 2853 ei,
1369 2798 1457 2842 nisi
1473 2799 1648 2842 ratione
1667 2795 2016 2855 assumptionis3
2043 2803 2089 2840 et
2112 2793 2234 2838 ideo⁴

251 2870 299 2914 in
326 2863 474 2928 primo
507 2868 705 2921 instanti,
732 2882 823 2926 quo
851 2868 1040 2911 materia
1064 2867 1260 2911 adunata
1282 2866 1485 2925 pervenit
1513 2864 1568 2908 ad
1601 2864 1758 2909 locum
1786 2861 2105 2923 generationis,
2134 2861 2219 2907 fuit

251 2936 450 2996 perfecte
476 2935 724 2980 formatum
753 2949 918 2994 corpus
947 2935 1132 2988 Christi,
1171 2943 1215 2978 et
1251 2942 1563 2991 assumptum:
1607 2942 1652 2976 et
1688 2946 1768 2990 per
1807 2931 1899 2976 hoc
1932 2928 2132 2981 dicitur
2118 2942 2218 2988 ipse

252 3004 391 3048 Filius
423 3003 513 3047 Dei
539 3012 813 3060 conceptus;
841 3002 964 3060 quod
992 3001 1119 3045 aliter
1143 3001 1231 3044 dici
1257 3015 1351 3044 non
1378 3009 1546 3059 posset.
1944 3016 1947 3019 *

341 3071 417 3115 AD
443 3082 631 3115 PR1MUM
665 3082 775 3128 ergo
803 3069 1062 3123 dicendum,
1097 3067 1218 3126 quod
1250 3067 1439 3111 verbum
1471 3065 1718 3124 Augustini
1749 3064 1989 3124 utrobique
2018 3076 2115 3109 non
2144 3075 2214 3109 te-

252 3137 391 3182 fertur
426 3137 481 3181 ad
522 3136 670 3182 solam
703 3136 1028 3180 formationem
1062 3134 1266 3193 corporis
1301 3134 1486 3187 Christi,
1519 3133 1597 3177 sed
1632 3133 1687 3176 ad
1718 3132 2047 3178 formationem
2077 3128 2216 3178 simul

252 3220 357 3249 cum
385 3204 686 3249 determinato
714 3214 962 3262 augmento
990 3216 1132 3261 usque
1160 3202 1215 3245 ad
1242 3211 1424 3260 tempus
1453 3211 1631 3260 partus;
1658 3200 1778 3244 unde
1809 3198 2062 3245 secundum
2083 3197 2220 3244 ratio·

251 3287 359 3317 nem
386 3273 506 3316 illius
534 3273 714 3316 numeri
737 3271 846 3316 dicit
862 3270 1018 3330 perfici
1043 3280 1224 3328 tempus
1252 3283 1423 3313 novem
1450 3269 1696 3321 mensium,
1714 3281 1805 3327 quo
1833 3267 2045 3313 Christus
2065 3264 2151 3311 fuit
2169 3265 2218 3311 in

253 3350 382 3384 utero
409 3340 625 3398 Virginis.

344 3407 420 3451 An
448 3420 710 3452 SECUNDUM
738 3404 998 3459 dicendum,
1032 3404 1153 3463 quod
1188 3413 1340 3448 motus
1373 3403 1448 3448 ille
1483 3402 1646 3448 localis
1683 3417 1777 3447 non
1815 3398 2252 3460 comprehenditur·

253 3473 403 3518 infra'
393 3489 541 3533 ipsam
569 3473 944 3532 conceptionem:
973 3471 1052 3516 sed
1079 3482 1148 3516 est
1174 3471 1467 3530 conceptioni
1492 3469 1828 3530 praeambulus.

344 3542 420 3586 An
454 3553 670 3587 TERTmM
697 3541 956 3593 dicendum,
983 3539 1105 3599 quod
1138 3553 1231 3582 non
1258 3549 1325 3583 est
1352 3539 1581 3597 assignare
1609 3538 1820 3582 ultimum
1846 3537 2032 3590 instans,
2054 3534 2100 3581 in
2123 3547 2215 3595 quo

255 3609 445 3653 materia
463 3608 539 3653 illa
556 3608 639 3654 suit
655 3609 852 3667 sanguis,
875 3607 952 3652 sed
976 3617 1043 3652 est
1069 3605 1298 3665 assignare
1318 3604 1530 3650 ultimum
1557 3616 1754 3665 tempus,
1777 3604 1900 3664 quod
1923 3605 2216 3650 continuatur
