2352 3926
0 1150 25 1421 x’vm-Qunggmwst*
0 1099 16 1145 urs
0 1086 10 1094 :⁴
0 1045 10 1071 r>
0 1037 6 1039 v
0 1019 4 1031 ⁷
9 961 11 963 .
5 942 7 945 -

657 181 936 228 ouans-rto
977 180 1102 220 Lxx.
1144 179 1452 221 tumemus
1491 179 1546 217 11.
1989 164 2052 216 61
2070 178 2089 216 1

137 284 343 348 instituta
368 283 658 329 circumcisio
684 283 740 329 ad
762 282 1068 344 profitendum
1094 282 1249 338 fidem,
1266 292 1312 328 et
1328 281 1383 327 ad
1411 279 1712 326 minuendum
1739 277 1971 324 carnalem
1998 292 2103 323 con-

139 350 482 413 cupiscentiam.

156 456 165 474 „
228 418 305 465 AD
331 431 593 463 SECUNDUM
624 417 883 472 dicendum,
914 417 1038 477 quod
1063 416 1223 477 legalis
1249 416 1538 462 observantia
1568 414 1685 459 tradi
1709 427 1803 461 non
1835 412 1990 459 debuit
2014 411 2102 457 nisi

138 480 341 546 populo'
331 499 422 544 Jam
451 494 748 544 congregato,
784 487 889 544 quia
915 484 986 529 lex
1013 485 1247 529 ordinatur
1268 484 1323 528 ad
1353 484 1526 528 bonum
1550 482 1797 542 publicum,
1815 490 1865 525 ut
1894 480 1942 524 in
1969 492 2009 524 2.
2037 466 2101 523 d'i-

139 562 264 597 ctum
297 564 364 597 est
406 552 502 609 (r-.2
537 568 574 611 q.
609 568 679 612 90.
712 558 792 596 art.
826 567 850 596 2
855 551 916 609 .:)
960 551 1155 611 populus
1197 561 1351 595 autem
1382 550 1584 594 fidelium
1623 547 1973 607 congregandus
2005 556 2101 590 erat

138 618 291 679 aliquo
317 619 450 678 signo
477 618 850 678 sensibili3-quod
879 629 948 663 est
972 618 1283 662 necessarium
1305 618 1361 661 ad
1393 618 1499 670 hoc,
1527 617 1649 675 quod
1676 615 1890 660 homines
1916 614 1961 658 in
1995 627 2099 673 qua-

138 700 335 746 cumque
377 680 598 745 religione
641 686 907 738 adunentur,
945 685 1062 729 sicut
1086 685 1279 743 August.
1322 684 1432 728 dicit
1465 694 1623 727 contra
1649 683 1867 727 Faustum
1905 681 2000 740 (lib.
2032 696 2099 742 19.

138 761 228 814 cap.
257 769 318 800 Π.
344 755 391 797 in
410 754 539 812 fin.).·
562 763 606 797 et
631 752 735 797 ideo
763 752 963 812 oportuit
988 751 1110 809 prius
1136 751 1307 796 institui
1333 751 1747 804 circumcisionem,
1773 764 1911 809 quam
1934 748 2008 794 lex
2029 748 2102 792 da-

138 830 272 866 retur.
304 818 377 864 Illi
401 829 555 864 autem
581 819 754 873 Patres,
787 819 865 878 qui
901 818 1082 862 fuerunt
1107 828 1211 862 ante
1238 817 1406 876 legem,
1439 817 1634 862 familias
1666 831 1770 862 suas
1795 817 2102 861 instruxerunt

138 886 194 931 de
217 885 351 931 rebus
373 886 551 940 divinis,
577 901 657 946 per
683 887 873 930 modum
900 894 1115 945 paternae
1143 885 1494 939 admonitionis3
1522 885 1639 928 unde
1667 895 1712 929 et
1735 884 1966 928 Dominus
1993 882 2101 928 dicit

137 953 195 999 de
219 953 456 999 Abraham
475 954 604 1012 (Gen.
621 955 725 1012 18).-
754 953 865 1008 Scio‚
897 952 1005 1012 quod
1019 959 1319 1013 praecepturus
1339 954 1391 997 sit
1404 953 1510 1011 filiis
1540 954 1638 1007 suis,
1660 958 1698 996 et
1722 951 1864 996 domui
1894 965 1990 997 suae
2008 956 2101 1010 post

136 1035 191 1076 se,
207 1026 254 1066 ut
283 1020 514 1066 custodiant
533 1022 650 1066 viam
677 1021 868 1065 Domini.

226 1087 305 1134 AD
333 1100 549 1134 TERTIUM
574 1087 834 1142 dicendum,
867 1086 991 1146 quod
1023 1086 1274 1146 baptismus
1305 1086 1352 1131 in
1378 1100 1426 1131 se
1453 1086 1657 1131 continet
1682 1085 2010 1144 perfectionem
2035 1098 2101 1130 sa-

136 1152 258 1210 lutis,
283 1153 340 1200 ad
371 1168 511 1214 quam
535 1155 662 1200 Deus
696 1169 859 1199 omnes
880 1154 1093 1199 homines
1119 1163 1268 1209 vocat,
1294 1153 1547 1199 secundum
1578 1152 1689 1197 illud
1720 1167 1756 1212 3.
1783 1151 1990 1197 Timoth.
2024 1164 2064 1196 2.
2089 1167 2099 1196 z

139 1221 230 1280 Qui
259 1221 350 1267 vult
380 1236 518 1268 omnes
542 1221 722 1267 homines
745 1222 881 1267 salvos
901 1222 1023 1280 fieri}
1051 1230 1097 1266 et
1126 1221 1231 1266 ideo
1262 1221 1513 1280 baptismus
1545 1220 1758 1265 omnibus
1790 1219 1970 1278 populis
2002 1233 2103 1278 pro·

136 1290 342 1349 ponitur:
369 1288 657 1335 circumcisio
684 1298 838 1334 autem
852 1303 947 1333 non
970 1289 1232 1333 continebat
1251 1283 1577 1348 perfectionem
1596 1287 1768 1341 salutis,
1786 1286 1865 1331 sed
1881 1285 2103 1345 figurabat

137 1356 283 1416 ipsam
308 1365 358 1400 ut
381 1354 579 1400 fiendam
606 1370 686 1416 per
711 1356 963 1410 Christum,
990 1356 1067 1415 qui
1098 1365 1195 1401 erat
1226 1370 1282 1401 ex
1300 1355 1577 1413 Judaeorum
1610 1353 1784 1414 populo
1817 1353 2100 1406 nasciturus;

138 1433 184 1468 et
206 1422 313 1468 ideo
334 1422 402 1468 illi
418 1422 506 1468 soli
530 1423 704 1482 populo
721 1423 826 1467 data
851 1433 919 1468 est
941 1423 1245 1468 circumcisio.

226 1490 304 1535 An
330 1503 568 1541 QUARTUM
600 1489 859 1544 dicendum,
891 1490 1013 1549 quod
1041 1489 1330 1535 circumcisio
1368 1489 1570 1535 instituta
1602 1499 1670 1534 est
1704 1498 1753 1533 ut
1782 1488 1965 1547 signum
1996 1486 2102 1532 fidei

138 1557 368 1611 Abrahae,
394 1557 472 1616 qui
497 1557 685 1602 credidit
710 1571 758 1602 se
779 1567 953 1617 patrem
979 1555 1181 1602 futurum
1206 1557 1374 1602 Christi
1395 1557 1480 1601 sibi
1506 1555 1794 1616 repromissi;
1816 1554 1976 1600 etideo
1995 1567 2100 1598 con-

137 1625 372 1670 venienter
396 1624 507 1669 solis
532 1625 732 1668 maribus
760 1624 1068 1683 competebat:
1096 1634 1337 1684 peccatum
1364 1624 1502 1668 etiam
1529 1622 1766 1682 originale,
1794 1632 1953 1666 contra
1979 1620 2101 1680 quod

138 1691 395 1752 specialiter
430 1692 718 1736 circumcisio
746 1692 1051 1746 ordinabatur,
1079 1707 1104 1735 a
1142 1702 1267 1750 patre
1293 1691 1499 1746 trahitur,
1524 1705 1619 1735 non
1653 1705 1678 1734 a
1704 1701 1865 1744 matre,
1907 1699 1957 1733 ut
1986 1690 2032 1732 in
2059 1701 2099 1733 2.

138 1760 311 1805 dictum
337 1769 406 1804 est
421 1761 518 1818 (1-2.
541 1775 580 1818 q.
606 1761 678 1805 81..
697 1766 776 1804 art.
800 1775 836 1818 5.
864 1761 908 1803 in
931 1767 1050 1818 corp.
1076 1766 1114 1804 et
1145 1759 1198 1803 ad
1224 1759 1314 1817 2.).·
1341 1758 1418 1802 sed
1452 1758 1703 1816 baptismus
1737 1756 1941 1801 continet
1967 1755 2102 1799 virtu·

137 1837 232 1873 tem
250 1826 436 1882 Christi,
457 1826 534 1887 qui
551 1837 619 1871 est
640 1826 904 1871 universalis
932 1841 1068 1870 causa
1094 1826 1250 1870 salutis
1274 1826 1498 1879 omnium,
1518 1835 1562 1869 et
1588 1824 1868 1869 remissionis
1892 1823 2102 1867 omnium

137 1905 446 1955 peccatorum.

843 2026 1276 2100 ARTICULUS
1312 2042 1413 2097 111.
2014 2054 2101 2108 408

361 2127 555 2203 UTRU‘M
594 2163 752 2203 RITUS
794 2164 1239 2204 CIRCUMCISIONIS
1272 2163 1469 2202 FUERIT
1513 2161 1878 2201 CONVENIENS.

537 2257 597 2315 (4.
623 2259 734 2303 Dist.
762 2273 796 2303 r.
823 2273 862 2317 q.
889 2272 929 2303 2.
956 2264 1048 2304 art:
1058 2273 1095 2317 3.
1121 2273 1160 2317 q.
1187 2272 1227 2303 2.
1254 2263 1290 2302 et
1315 2263 1396 2302 art.
1420 2271 1456 2315 3.
1483 2271 1530 2315 q:
1549 2271 1588 2302 2.
1618 2262 1655 2301 et
1677 2270 1713 2315 3.

685 2333 722 2370 et
731 2325 856 2382 Joan.
874 2338 912 2384 7.
930 2325 1016 2372 lect.
1039 2339 1080 2370 2.
1098 2331 1138 2370 et
1151 2326 1271 2371 Rom.
1289 2338 1331 2382 4.
1355 2325 1443 2369 lect.
1466 2325 1545 2382 2.).

229 2429 306 2475 ΑΙ)
332 2441 548 2475 TERTIUM
575 2429 639 2474 sic
653 2429 935 2489 proceditur.
962 2428 1167 2484 Videtur,
1193 2428 1316 2488 quod
1334 2428 1441 2473 ritus
1467 2427 1829 2472 circumcisionis
1850 2441 1945 2472 non
1969 2425 2104 2471 fuerit

142 2495 442 2541 conveniens:
470 2495 759 2541 circumcisio
786 2495 924 2550 enim,
946 2497 1063 2541 sicut
1080 2496 1253 2540 dictum
1271 2505 1339 2540 est
1353 2496 1457 2554 (art.
1479 2508 1515 2539 1.
1537 2501 1573 2539 et
1590 2509 1630 2540 2.
1645 2495 1827 2554 praec),
1845 2493 1950 2556 fidei
1971 2508 2103 2553 quac-

142 2561 248 2608 dam
284 2560 505 2622 professio
541 2572 633 2609 est:
670 2563 749 2608 sed
784 2562 894 2608 fides
926 2563 973 2607 in
1004 2563 1050 2607 vi
1083 2562 1411 2640 apprehensiva
1447 2561 1608 2616 existit,
1646 2563 1775 2621 cujus
1813 2561 2102 2620 operationes

143 2628 342 2674 maxime
367 2639 584 2689 apparent
618 2630 664 2674 in
691 2630 866 2690 capite;
895 2645 1005 2690 ergo
1039 2630 1185 2689 magis
1217 2629 1370 2674 debuit
1401 2629 1582 2688 signum
1617 2628 1979 2673 circumcisionis
2006 2627 2102 2672 dari

143 2694 190 2739 in
217 2696 362 2755 capite
388 2710 527 2755 quam
550 2696 598 2740 in
623 2697 831 2741 membro
858 2697 1181 2756 generationis.

234 2774 274 2806 2.
301 2761 598 2808 PRAETEREA.
625 2763 698 2808 Ad
724 2778 857 2808 usum
883 2775 1277 2809 sacramentorum
1296 2764 1569 2823 assumimus
1592 2777 1660 2818 ea,
1683 2777 1878 2822 quorum
1897 2772 1963 2806 est
1980 2775 2103 2805 com-

144 2829 328 2873 munior
353 2843 485 2884 usus;
511 2829 628 2874 sicut
649 2844 814 2890 aquam
841 2830 897 2875 ad
923 2830 1215 2886 abluendum,
1242 2842 1286 2875 et
1316 2845 1481 2891 panem
1509 2830 1564 2874 ad
1591 2829 1915 2875 reficiendum:
1939 2827 2017 2871 sed
2045 2827 2100 2871 ad

143 2895 436 2940 incidendum
463 2864 753 2941 dommunius
785 2898 954 2941 utimur
980 2897 1164 2942 cultello
1191 2897 1355 2953 ferreo,
1382 2913 1520 2958 quam
1547 2897 1748 2957 petrin03
1777 2910 1886 2954 ergo
1914 2895 2102 2939 circum-

144 2963 256 3008 cisio
282 2976 375 3007 non
402 2962 556 3007 debuit
570 2962 668 3007 fieri
689 2963 874 3008 cultello
901 2964 1091 3023 petrino.

237 3044 273 3089 3.
301 3029 597 3074 PRAETEREA.
618 3029 744 3074 Sicut
758 3030 1008 3089 baptismus
1034 3032 1278 3076 instituitur
1295 3033 1341 3077 in
1359 3032 1611 3076 remedium
1642 3029 1874 3088 originalis
1913 3029 2100 3088 peccati,

143 3097 206 3142 ita
223 3096 686 3151 etiamcircumcisio,
704 3096 819 3141 sicut
841 3097 964 3141 Beda
985 3098 1094 3143 dicit
1115 3099 1182 3157 (in
1204 3100 1313 3150 hom.
1335 3100 1578 3145 Circumcis.
1593 3106 1749 3157 parum
1768 3111 1793 3140 a
1809 3097 1970 3155 princ.)
1986 3111 1999 3140 .·
2023 3097 2101 3139 sed

143 3163 394 3223 baptismus
420 3177 514 3207 non
532 3162 733 3207 differtur
749 3178 891 3223 usque
909 3165 964 3208 ad
982 3175 1197 3209 octavum
1224 3166 1360 3220 diem,
1387 3180 1443 3209 ne
1468 3165 1616 3224 pueris
1640 3162 1891 3222 periculum
1919 3163 2102 3206 damna-

142 3230 281 3274 tionis
306 3230 546 3274 immineat
577 3239 759 3288 propter
789 3230 1011 3289 originale
1038 3241 1291 3290 peccatum,
1319 3233 1355 3276 si
1387 3232 1592 3276 nondum
1620 3229 1829 3288 baptizati
1855 3228 2099 3273 decedant:

145 3296 418 3356 quandoque
445 3296 582 3341 etiam
604 3297 792 3340 traditur
816 3297 1066 3356 baptismus
1082 3310 1184 3358 post
1204 3310 1418 3344 octavum
1453 3299 1598 3351 diem3
1626 3311 1734 3355 ergo
1763 3296 2102 3340 circumcisioni

144 3377 240 3410 non
265 3363 418 3408 debuit
442 3363 734 3408 determinari
760 3373 948 3408 octavus
966 3365 1074 3419 dies,
1097 3365 1174 3410 sed
1202 3366 1394 3411 debebat
1411 3365 1681 3424 quandoque
1700 3363 1967 3423 praeveniri,
1985 3362 2101 3407 sicut

146 3430 285 3476 etiam
311 3430 584 3490 quandoque
610 3430 887 3476 tardabatur.

186 3541 191 3546 .
237 3494 332 3542 SED
359 3510 555 3543 CONTRA
573 3508 653 3551 est,
671 3497 794 3556 quod
813 3496 948 3542 Rom.
970 3511 1013 3554 4.
1030 3513 1164 3558 super
1184 3499 1318 3544 illud:
1337 3500 1393 3545 Et
1409 3501 1569 3556 signum
1587 3498 1742 3557 accepit
1773 3497 2101 3542 circumcisionis

146 3562 471 3609 determinatur
496 3563 542 3608 in
570 3562 721 3609 Gloss.
748 3561 886 3625 (ord.)
912 3564 1166 3624 praedictus
1188 3565 1549 3611 circumcisionis
1577 3563 1702 3608 ritus.
