2352 3926
30 3427 39 3453 i

28 3467 38 3482 ιχ,

20 3638 41 3706 ἓ.

22 3708 49 3728 3¹«

24 3728 48 3749 11¹(

24 3748 39 3771 ἦ

702 219 980 268 αυΑΒετιο
1017 219 1127 259 Lxx.
1166 217 1477 260 Ani-mutus
1515 217 1574 258 11.
2030 219 2133 275 493

270 325 348 373 AD
364 337 553 371 ramum
578 337 690 383 ergo
715 323 975 377 dicendum,
992 323 1115 382 quod
1140 321 1360 381 judicium
1377 321 1570 380 pertinet
1595 320 1652 365 ad
1672 319 1925 374 veritatem,
1943 322 2060 365 sicut
2082 320 2138 365 ad

182 391 390 452 regulam
416 391 593 450 judicii:
621 391 700 436 sed
728 391 783 435 ad
809 390 1066 443 hominem,
1092 389 1169 449 qui
1195 399 1262 435 est
1291 390 1479 435 veritate
1511 389 1726 444 imbutus,
1750 389 1958 449 pertinet,
1985 402 2141 433 secun-

180 459 289 505 dum
317 459 441 519 quod
467 468 535 503 est
556 473 698 502 unum
724 457 1071 517 quodammodo
1099 471 1206 501 cum
1232 457 1330 516 ipsa
1352 457 1555 510 veritate,
1581 456 1711 515 quasi
1735 455 1962 516 quaedam
1987 454 2074 509 lex,
2096 465 2141 500 et

180 527 407 586 quaedam
446 525 614 585 justitia
654 525 882 579 animata;
915 525 1033 568 unde
1070 534 1115 568 et
1149 523 1318 567 ibidem
1359 524 1479 582 Aug.
1520 523 1781 578 introducit,
1822 522 1945 583 quod
1977 522 2141 567 dicitur

186 607 223 640 1.
251 593 359 639 Cor.
387 607 452 638 2.:
475 593 722 652 Spiritualis
741 592 908 651 judicat
923 593 1065 636 omnia
1075 605 1092 643 ;
1118 591 1270 634 anima
1298 599 1451 634 autem
1476 589 1647 635 Christi
1672 604 1779 649 prae
1802 591 1992 634 caeteris
2021 603 2142 634 crea·

180 662 291 707 turis
317 661 464 720 magis
489 658 574 704 fuit
598 659 723 703 unita
748 659 941 712 veritati,
969 667 1014 702 et
1040 657 1187 714 magis
1214 671 1266 701 ea
1294 656 1479 715 repleta,
1506 657 1759 701 secundum
1786 656 1896 701 illud
1917 656 2048 715 Joan.
2081 670 2139 702 1.:

189 727 375 773 Vidimus
400 742 492 773 eum
515 727 687 786 plenum
700 727 876 784 gratiae,
901 731 938 769 et
952 725 1142 770 veritatis
1150 738 1167 776 ;
1192 733 1236 768 et
1260 724 1514 768 secundum
1539 724 1630 768 hoc
1659 723 1715 768 ad
1742 724 1945 768 animam
1964 722 2138 769 Christi

181 794 381 840 maxime
407 794 601 853 pertinet
626 793 783 837 omnia
803 792 1020 851 judicare.

269 862 346 906 An
373 873 633 906 SECUNDUM
660 859 918 914 dicendum,
945 857 1067 917 quod
1099 857 1241 902 solius
1266 857 1356 901 Dei
1388 867 1468 911 est,
1495 859 1563 902 sui
1589 858 1936 918 participatione
1963 858 2140 903 animas

179 928 335 974 beatas
357 928 532 973 facere:
553 927 633 972 sed
659 926 882 972 adducere
908 925 1122 971 homines
1155 924 1212 969 ad
1243 925 1573 970 beatitudinem
1600 928 1814 970 convenit
1841 926 2044 980 Christo,
2075 925 2139 969 in-

181 1005 402 1056 quantum
429 1005 496 1040 est
520 1004 670 1054 caput,
696 1004 742 1038 et
773 1004 932 1038 auctor
972 992 1128 1038 salutis
1157 1006 1333 1046 eorum,
1360 992 1614 1036 secundum
1640 992 1751 1037 illud
1779 993 1916 1037 Hebr.
1951 1005 2018 1038 2.:
2047 994 2140 1051 Qui

179 1063 329 1109 multos
353 1062 468 1122 filios
492 1063 537 1106 in
571 1061 751 1120 gloriam
777 1060 1023 1114 adduxerat,
1059 1066 1273 1105 auctorem
1310 1060 1453 1105 salutis
1487 1075 1631 1104 eorum
1666 1068 1745 1120 per
1779 1062 2015 1119 passionem
2047 1075 2141 1105 con-

177 1143 395 1176 summan.

266 1196 343 1242 AD
361 1208 579 1242 TERTmM
604 1194 864 1250 dicendum,
890 1195 1012 1254 quod
1040 1208 1323 1254 cognoscere
1348 1193 1531 1239 occulta
1557 1193 1781 1248 cordium,
1808 1204 1853 1239 et
1875 1194 2138 1252 dijudicare,

141 1291 145 1294 -
178 1278 260 1324 per
282 1278 332 1310 se
357 1263 543 1323 quidem
568 1264 762 1323 pertinet
787 1263 842 1307 ad
869 1262 1021 1307 solum
1043 1263 1196 1306 Deum
1211 1278 1223 1317 ;
1240 1261 1319 1306 sed
1347 1276 1401 1306 ex
1433 1261 1670 1306 refluentia
1696 1262 1942 1307 divinitatis
1969 1263 2024 1306 ad
2047 1262 2139 1307 ani-

178 1345 306 1376 mam
331 1331 516 1385 Christi,
543 1330 758 1375 convenit
784 1329 923 1374 etiam
949 1330 991 1373 ei
1018 1343 1316 1389 cognoscere,
1343 1339 1388 1373 et
1411 1329 1613 1388 judicare
1640 1328 1822 1373 occulta
1846 1329 2069 1384 cordium,
2091 1339 2140 1374 ut

178 1411 313 1457 supra
338 1398 511 1442 dictum
537 1407 618 1451 est,
646 1411 753 1440 cum
771 1397 825 1441 de
846 1396 1036 1441 scientia
1060 1396 1231 1441 Christi
1257 1405 1465 1456 ageretur
1484 1395 1542 1455 (q.
1569 1412 1619 1442 10
1646 1403 1728 1441 art.
1756 1396 1847 1454 2.);
1877 1406 1922 1440 et
1952 1396 2056 1440 ideo
2080 1397 2143 1440 di-

179 1465 295 1510 citur
318 1464 455 1510 Rom.
483 1477 547 1508 2.:
574 1464 627 1509 In
644 1464 726 1520 die,
750 1479 844 1509 cum
856 1463 1066 1522 judicabit
1081 1465 1196 1509 Deus
1212 1464 1373 1509 occulta
1390 1464 1648 1509 hominum...
1659 1471 1737 1524 per
1748 1465 1889 1522 Jesum
1910 1463 2140 1510 Christum.

891 1625 1325 1684 ARTICULUS
1370 1626 1469 1682 ΙΙΙ.
2059 1653 2142 1702 322

483 1763 678 1803 UTRUM
712 1763 978 1802 CHRISTUS
1014 1764 1084 1802 EX
1116 1764 1336 1803 MERITIS
1364 1763 1616 1802 ADEPTUS
1642 1764 1840 1803 FUERIT

775 1845 1132 1900 JUDICIARIAM
1158 1845 1544 1885 POTESTATEM.

223 1957 287 2016 (4.
310 1956 423 2002 Dist.
446 1957 488 2002 8.
510 1970 548 2015 q.
570 1971 606 2001 1.
629 1961 710 2000 art.
733 1971 768 2001 1.
787 1961 822 2000 et
848 1956 919 2000 lib.
935 1968 979 2013 4.
999 1955 1147 2001 Contr.
1163 1970 1202 2014 g.
1225 1963 1318 2016 cap.
1337 1970 1400 2015 95.
1412 1957 1554 2016 princ.
1574 1962 1610 2000 et
1625 1963 1762 2015 opusc..
1784 1970 1824 2001 2.
1842 1963 1933 2016 cap.
1951 1952 2091 2016 249).

266 2068 344 2114 ΑΙ)
359 2081 587 2115 'TERTIUM
613 2068 678 2113 sic
704 2068 976 2128 proceditur.
1003 2067 1207 2122 Videtur,
1236 2067 1358 2126 quod
1377 2066 1589 2112 Christus
1614 2080 1708 2110 non
1735 2080 1790 2111 ex
1811 2067 1985 2111 meritis
2009 2066 2144 2111 fuerit

178 2135 366 2196 adeptus
398 2136 684 2195 judiciariam
709 2145 1006 2195 potestatem:
1033 2134 1271 2194 judiciaria
1297 2134 1418 2179 enim
1438 2144 1638 2193 potestas
1658 2134 1950 2193 consequitur
1967 2134 2142 2192 regiam

177 2202 460 2263 dignitatem,
486 2202 740 2248 secundum
765 2201 877 2247 illud
901 2202 1116 2248 Proverb.
1141 2216 1235 2248 20.:
1265 2205 1366 2256 Rex,
1385 2204 1458 2261 qui
1480 2202 1585 2247 sedet
1606 2204 1650 2246 in
1666 2203 1766 2246 solio
1786 2202 1954 2260 judicii,
1972 2202 2144 2261 dissipat

175 2284 296 2315 omne
315 2270 474 2314 malum
492 2272 646 2315 intuitu
669 2285 741 2315 suo
754 2286 770 2324 ,·
799 2270 878 2314 sed
894 2270 1069 2329 regiam
1087 2271 1354 2329 dignitatem
1376 2270 1584 2315 Christus
1606 2270 1801 2314 obtinuit
1827 2270 1996 2330 absque
2013 2270 2143 2315 meri-

175 2336 253 2392 tis:
273 2339 494 2396 competit
511 2337 632 2382 enim
652 2337 695 2382 ei
712 2352 767 2382 ex
783 2337 875 2382 hoc
892 2337 1007 2396 ipso,
1019 2338 1143 2396 quod
1160 2348 1227 2381 est
1243 2338 1502 2397 unigenitus
1518 2338 1628 2382 Dei:
1648 2337 1811 2381 dicitur
1823 2338 1948 2382 enim
1962 2338 2072 2382 Luc.
2090 2351 2140 2382 1.:

175 2405 313 2450 Dabit
336 2406 375 2449 ei
395 2405 607 2449 Dominus
626 2406 743 2450 Deus
771 2404 903 2450 sedem
936 2405 1086 2450 David
1114 2407 1252 2464 patris
1283 2408 1384 2464 ejus,
1418 2412 1456 2450 et
1490 2406 1679 2463 regnabit
1711 2407 1757 2449 in
1788 2405 1908 2449 domo
1933 2406 2065 2462 Jacob
2098 2407 2143 2449 in

176 2477 388 2517 aeternum
397 2487 416 2530 ,·
443 2485 554 2531 ergo
582 2471 791 2518 Christus
817 2472 1103 2531 judiciariam
1129 2482 1404 2532 potestatem
1429 2487 1525 2517 non
1552 2474 1746 2517 obtinuit
1771 2488 1825 2518 ex
1851 2474 2038 2518 meritis.

266 2552 307 2583 2.
333 2538 630 2584 Pugnant.
659 2539 787 2584 Sicut
813 2539 985 2584 dictum
1013 2550 1081 2584 est
1108 2540 1210 2597 (art.
1231 2541 1408 2600 praee),
1434 2540 1671 2599 judiciaria
1697 2550 1896 2600 potestas
1919 2541 2143 2600 competit

177 2605 380 2660 Christe,
397 2606 666 2666 inquantum
683 2617 752 2652 est
769 2617 904 2665 caput
919 2617 1149 2653 nostrum:
1167 2608 1247 2653 sed
1265 2608 1410 2666 gratia
1426 2608 1585 2667 capitis
1603 2622 1698 2652 non
1715 2610 1935 2668 competit
1954 2608 2141 2653 Christo

176 2685 231 2716 ex
257 2673 444 2726 meritis,
472 2672 550 2717 sed
577 2674 868 2733 consequitur
893 2674 1184 2733 personalem
1211 2676 1432 2719 unionem
1459 2675 1653 2729 divinae,
1681 2685 1725 2720 et
1749 2676 1980 2720 humanae
2013 2685 2139 2719 natu·

178 2754 271 2794 rae,
295 2740 549 2784 secundum
573 2740 684 2785 illud
711 2741 841 2799 Joan.
880 2755 940 2787 1.:
986 2742 1174 2787 Vidimus
1203 2743 1385 2801 gloriam
1417 2745 1517 2801 ejus,
1556 2744 1674 2801 quasi
1705 2745 1909 2801 unigeniti
1939 2757 1967 2786 a
1999 2744 2139 2797 Patre,

170 2808 344 2867 plenum
366 2809 544 2866 gratiae,
566 2814 604 2852 et
622 2810 838 2854 veritatis:
862 2815 899 2854 et
923 2809 969 2854 de
993 2809 1250 2868 plenitudine
1268 2812 1355 2868 ejus
1371 2825 1443 2854 nos
1460 2825 1597 2855 omnes
1618 2812 1875 2869 accepimus:
1905 2811 2027 2869 quod
2049 2824 2143 2869 per-

176 2874 288 2919 tinet
314 2874 370 2918 ad
396 2874 620 2919 rationem
653 2876 836 2934 capitis;
864 2890 974 2935 ergo
999 2877 1190 2931 videtur,
1218 2878 1340 2936 quod
1369 2877 1579 2922 Christus
1605 2892 1699 2922 non
1721 2878 1932 2922 habuerit
1964 2892 2018 2922 ex
2050 2891 2142 2921 me-

175 2940 270 2984 ritis
296 2940 582 2999 judiciariam
609 2951 898 3001 potestatem.

269 3021 305 3067 3.
332 3007 631 3053 Pais-rnna.
670 3010 830 3068 Apost.
864 3009 973 3055 dicit
1003 3023 1040 3054 1.
1068 3011 1124 3055 ad
1158 3011 1268 3057 Cor.
1297 3024 1361 3057 2.:
1393 3012 1636 3071 Spiritualis
1660 3011 1827 3070 judicat
1852 3012 2027 3056 omnia:
2061 3011 2139 3056 sed

175 3073 321 3118 homo
345 3073 538 3119 efficitur
562 3075 807 3134 spiritualis
834 3090 913 3135 per
941 3078 1148 3136 gratiam,
1177 3094 1292 3138 quae
1318 3094 1411 3123 non
1440 3090 1508 3124 est
1534 3095 1587 3124 ex
1615 3079 1811 3123 meritis:
1839 3079 2027 3136 alloquin
2046 3081 2140 3136 jam

175 3156 259 3186 non
283 3148 377 3186 esset
401 3144 558 3200 gratia,
586 3152 636 3186 ut
660 3142 823 3187 dicitur
853 3143 990 3188 Rom.
1022 3158 1110 3199 11.;
1148 3160 1258 3205 ergo
1294 3146 1485 3200 videtur,
1521 3146 1642 3205 quod
1675 3145 1910 3203 judiciaria
1942 3155 2142 3204 potestas

174 3222 269 3253 non
296 3210 541 3254 conveniat
565 3224 650 3254 nec
679 3209 880 3264 Christo,
905 3226 991 3255 nec
1017 3211 1114 3256 aliis
1141 3227 1197 3257 ex
1223 3214 1409 3268 meritis,
1438 3215 1514 3258 sed
1543 3229 1598 3258 ex
1625 3213 1724 3257 sola
1751 3213 1908 3270 gratia.

265 3275 361 3320 SED
388 3289 586 3321 CONTRA
613 3287 695 3331 est,
729 3277 850 3335 quod
876 3277 1041 3323 dicitur
1059 3279 1145 3337 Job
1177 3279 1266 3339 36.:
1299 3282 1437 3326 Causa
1464 3287 1536 3325 tua
1559 3281 1676 3338 quasi
1702 3281 1823 3338 impii
1843 3278 2036 3337 judicata
2057 3286 2112 3324 est
2123 3295 2141 3333 ‚-

175 3355 359 3397 causam,
378 3343 667 3402 judiciumque
691 3346 875 3403 recipies,
894 3355 939 3390 et
955 3345 1074 3405 Aug.
1102 3347 1224 3391 dicit.
1252 3348 1297 3391 in
1324 3348 1399 3392 lib.
1428 3348 1482 3391 de
1509 3347 1671 3391 Verbis
1699 3346 1891 3390 Domini
1910 3345 2049 3402 (serm.
2067 3348 2141 3393 ult.

177 3418 268 3469 cap.
291 3423 330 3468 7.
349 3411 446 3455 circ.
470 3410 624 3468 med.):
655 3428 678 3452 «
697 3410 882 3456 Sedebit
905 3412 1052 3469 judex,
1078 3416 1153 3472 qui
1176 3415 1298 3459 stetit
1323 3415 1403 3459 sub
1430 3414 1604 3472 judice:
1633 3413 1867 3457 damnabit
1887 3427 1998 3457 vero
2021 3427 2139 3469 reos,

180 3477 258 3535 qui
282 3474 399 3521 falso
424 3475 571 3538 factus
597 3487 665 3521 est
689 3492 791 3522 reus
809 3494 852 3522 n.

266 3542 555 3589 stponnsso
583 3544 842 3599 dicendum,
869 3546 991 3604 quod
1016 3546 1131 3592 nihil
1152 3548 1375 3607 prohibet,
1400 3561 1541 3592 unum
1559 3557 1604 3592 et
1621 3547 1742 3591 idem
1759 3546 1911 3592 deberi
1933 3547 2070 3593 alicui
2087 3562 2141 3593 ex

177 3611 327 3655 causis
352 3610 560 3655 diversis:
587 3611 704 3656 sicut
729 3610 876 3670 gloria
892 3614 1096 3672 corporis
1114 3617 1388 3674 resurgentis
1406 3614 1555 3658 debita
1572 3613 1652 3658 fuit
1673 3612 1859 3659 Christo
1877 3628 1972 3659 non
1989 3614 2140 3660 solum
