2352 3926
273 238 337 275 22
845 229 1118 276 QUAESTIO
1160 227 1195 265 1.
1235 221 1542 282 ARTICULUS
1583 220 1638 258 11.

270 350 417 382 turam
436 335 588 380 multis
607 334 703 378 aliis
721 332 868 376 modis
886 343 1117 390 reparare:
1133 326 1304 374 secundo
1323 334 1475 370 autem
1491 320 1612 372 modo
1624 317 1935 371 necessarium
1951 317 2051 380 fuit,
2064 317 2220 382 Deum

270 404 493 447 incarnari
521 402 575 445 ad
602 402 829 444 humanae
855 407 1040 441 naturae
1067 394 1420 454 reparationem3
1447 389 1565 433 unde
1598 387 1792 445 August.
1825 384 1934 434 dicit
1961 381 2138 449 ¹41²(ssss
2160 384 2220 434 de

274 470 434 514 Trinjt,
451 470 560 527 (cap.
587 467 701 523 10.).·
733 481 756 506 «
773 464 947 508 Verum
963 463 1099 507 etiam
1128 461 1434 511 ostendamus,
1460 470 1554 500 non
1577 453 1719 498 alium
1745 450 2222 518 modumpossibilepa

272 538 373 580 Deo
401 535 606 587 defuisse,
634 533 758 589 cujus
791 530 1003 589 potestati
1034 529 1189 573 omnia
1222 524 1468 585 aequaliter
1500 521 1747 580 subjacent,
1780 517 1858 563 sed
1890 516 2119 579 sanandae
2209 542 2225 552 ·

273 603 413 647 seriae
441 611 620 644 nostrae
649 597 1068 642 convenientiorem
1101 594 1240 638 alium
1267 592 1457 636 modum
1482 603 1575 632 non
1606 586 1803 631 fuisse».
1830 583 1887 631 Et
1915 584 2014 631 hoc.
2037 599 2068 651 q

276 669 547 712 considerari
576 675 724 724 potest
750 674 969 723 quantum
997 663 1051 707 ad
1078 660 1416 721 promotionem
1443 653 1645 700 hominis
1670 653 1717 697 in
1742 652 1941 700 bonum:
1959 653 2108 716 primo
2128 650 2227 718 qni·

273 736 377 779 deni
411 743 627 792 quantum
657 732 711 774 ad
736 731 889 784 fidem,
922 743 1037 788 quae
1071 728 1216 787 magis
1249 724 1518 770 certificatur
1546 735 1600 765 ex
1625 720 1732 774 hoc,
1764 714 1889 782 quod
1917 716 2006 787 ipsi
2035 712 2228 782 1)qu
2257 732 2259 735 ’

274 802 425 859 quenti
453 800 612 852 credit;
640 797 758 842 unde
790 797 980 854 August.
1009 796 1116 839 dicit
1146 808 1212 838 11.
1240 794 1296 837 de
1319 791 1419 836 Civ.
1446 791 1536 834 Dei
1558 790 1668 848 (cap.
1684 787 1772 846 2.)·'
1800 801 1824 828 c<
1843 784 1908 835 Ut
1921 779 2228 851 hnmofiden-

274 870 358 911 tius
386 865 635 910 ambularet
662 864 716 907 ad
743 866 993 916 veritatem,
1020 862 1115 920 ipsa
1147 859 1310 905 veritas
1335 858 1424 902 Dei
1454 855 1608 909 Filius,
1640 853 1831 901 homine
1857 859 2228 917 assumptq'qon-

273 934 425 987 stituit,
470 942 600 990 atque
634 931 838 974 fundavit
871 929 1068 973 fidem»:
1111 926 1283 972 secundo
1322 934 1540 984 quantum
1587 922 1641 965 ad
1678 934 1822 979 spem,
1862 933 1980 984 quae
2017 922 2102 985 pet
2116 918 2225 986 QG

274 1002 468 1043 maxime
484 999 687 1057 erigitur:
716 998 833 1040 unde
859 997 1049 1054 August.
1078 994 1185 1037 dicit
1210 993 1283 1036 lib.
1317 1006 1381 1050 13.
1410 991 1464 1034 de
1483 989 1646 1033 Trinit.
1668 988 1766 1046 (loc.
1791 988 1911 1046 cit.).‘
1938 1002 1962 1028 ε(
1981 980 2112 1030 Nihil
2129 995 2227 1031 tam

275 1067 577 1111 necessarium
604 1064 685 1108 fuit
707 1065 761 1107 ad
789 1063 1048 1121 erigendam
1071 1075 1198 1120 spem
1216 1069 1436 1112 nostram,
1454 1071 1592 1116 quam
1615 1065 1664 1099 ut
1679 1054 2065 1098 demonstraretur
2079 1051 2227 1108 nobis,

273 1144 491 1193 quantum
509 1132 714 1190 diligeret
731 1145 814 1174 nos
831 1130 968 1173 Deus.
984 1129 1107 1180 Quid
1119 1141 1228 1171 vero
1241 1126 1374 1184 hujus
1397 1124 1464 1168 rei
1481 1126 1566 1168 isto
1585 1122 1754 1166 indicio
1773 1119 2071 1176 manifestius,
2087 1133 2227 1180 quam

272 1201 393 1259 quod
411 1200 499 1243 Dei
511 1198 648 1242 Filius
665 1207 852 1241 naturae
862 1206 1042 1239 nostrae
1057 1195 1264 1253 dignatus
1282 1202 1349 1237 est
1365 1192 1478 1235 inire
1497 1189 1780 1235 consortium
1796 1205 1820 1230 2>
1839 1204 1848 1233 :
1874 1188 1992 1249 tertio
2006 1196 2226 1253 ςῃειῐξῃξω

275 1269 328 1310 ad
357 1267 638 1319 charitatem,
665 1278 779 1323 quae
807 1263 1004 1306 maxime
1031 1277 1109 1320 per
1129 1262 1219 1305 hoc
1247 1261 1487 1313 excitatur;
1514 1257 1634 1302 unde
1660 1256 1855 1316 August.
1873 1254 1983 1300 dicit
2005 1251 2228 1301 ialin->de

276 1333 505 1377 Catechiz.
533 1332 647 1375 Rud.
677 1331 786 1390 (cap.
813 1330 902 1387 4.):
935 1327 962 1370 «‘
978 1329 1111 1381 Quae
1144 1330 1291 1386 maior
1318 1337 1385 1371 est
1411 1340 1548 1370 causa
1575 1325 1793 1369 adventus
1824 1321 2032 1379 Domini,
2060 1322 2151 1369 nisi
2178 1332 2230 1367 ut

275 1401 534 1444 ostenderet
548 1399 674 1442 Deus
693 1397 985 1441 dilectionem
1007 1411 1137 1440 suam
1163 1397 1210 1439 in
1226 1395 1389 1439 nobis?
1409 1411 1431 1436 »
1449 1410 1459 1449 ;
1495 1403 1540 1438 et
1560 1402 1719 1452 postea
1744 1389 1895 1453 subdit
1904 1406 1916 1454 ς
1945 1405 1972 1433 α
1992 1389 2055 1449 5ἰρ
2073 1403 2229 1436 amare

276 1467 469 1525 pigebat,
497 1465 659 1510 saltem
685 1464 919 1508 redamare
945 1476 1038 1507 non
1065 1463 1216 1523 pigeat
1231 1477 1281 1505 »:
1305 1467 1452 1521 quarto
1480 1469 1699 1519 quantum
1727 1457 1783 1501 ad
1809 1464 1983 1503 rectam
2008 1455 2232 1521 dperatio-

274 1548 396 1586 nem,
415 1533 459 1576 in
478 1547 565 1591 qua
583 1532 713 1575 nobis
731 1530 990 1589 exemplum
1017 1544 1064 1574 se
1096 1529 1323 1588 praebuit,
1349 1528 1468 1572 unde
1496 1527 1690 1585 August.
1718 1525 1828 1570 dicit
1851 1525 1900 1569 in
1925 1523 2126 1586 quodam
2141 1537 2232 1570 ser-

277 1614 415 1643 mone
443 1599 497 1643 de
519 1599 667 1642 Nativ.
694 1598 832 1641 Dom.
860 1599 946 1654 (22.
980 1597 1026 1641 de
1066 1596 1256 1655 Temp.).·
1288 1611 1311 1637 «
1334 1595 1490 1639 Homo
1523 1592 1779 1653 sequendus
1805 1605 1903 1641 non
1933 1599 2043 1653 erat,
2067 1590 2148 1653 qui
2165 1590 2233 1649 ,vi—

277 1666 371 1710 deri
394 1675 588 1724 poterat:
615 1665 739 1708 Deus
766 1664 1018 1722 sequendus
1036 1673 1143 1716 erat,
1167 1663 1242 1722 qui
1253 1662 1396 1706 videri
1412 1675 1506 1712 non
1524 1671 1724 1720 poterat3
1747 1668 1795 1708 ut
1812 1657 2233 1721 &goe-{habetem

280 1732 469 1785 homini,
494 1743 537 1775 et
563 1733 637 1789 qui
668 1723 893 1774 videretur
920 1730 972 1773 ab
999 1730 1202 1784 homine,
1229 1739 1273 1774 et
1299 1743 1435 1788 quem
1461 1729 1607 1772 homo
1634 1737 1909 1787 sequeretur,
1933 1725 2062 1788 Deug
2082 1722 2231 1792 βαρςιιβ

283 1810 348 1843 est
374 1799 515 1842 homo
534 1816 555 1839 »
575 1813 584 1841 ε
610 1800 750 1856 quinto
769 1807 987 1856 quantum
1016 1797 1070 1841 ad
1095 1796 1275 1856 plenam
1295 1795 1690 1856 participationem
1705 1793 1969 1854 divinitatis,
1986 1805 2107 1856 qua&
2117 1805 2230 1856 atera

283 1877 349 1910 est
374 1866 573 1909 hominis
598 1865 843 1919 beatitudo,
867 1874 910 1908 et
926 1864 1026 1908 finis
1052 1865 1282 1908 humanae
1306 1863 1450 1918 vitae3
1477 1872 1521 1906 et
1545 1863 1635 1907 hoc
1659 1861 1881 1913 collatum,
1903 1869 1975 1914 est
1993 1858 2233 1923 nobisper

280 1932 451 1976 Christi
481 1931 835 1986 humanitatem;
867 1931 976 1975 dicit
1014 1931 1136 1975 enim
1168 1931 1360 1989 August.
1393 1930 1440 1974 in
1471 1929 1672 1989 quodam
1703 1942 1919 1984 sermone
1947 1926 2007 1982 de
2042 1925 2230 1987 Nativit.

281 1999 420 2042 Dom.
456 1999 528 2056 (13.
550 1998 596 2042 de
625 1998 814 2057 Temp.).·
851 1998 1054 2043 «Factus
1086 2007 1153 2041 est
1183 1997 1309 2041 Deus
1333 1996 1494 2051 homo,
1527 2007 1576 2040 ut
1606 1996 1752 2040 homo
1783 1987 1915 2055 fieret
1940 1988 2068 2056 Deus
2089 2009 2132 2040 a.
2155 1992 2234 2054 si-

282 2065 447 2109 militer
474 2074 517 2108 et
548 2065 638 2108 hoc
664 2063 772 2107 utile
797 2063 878 2108 fuit
905 2063 961 2110 ad
985 2064 1292 2109 remotionem
1318 2063 1450 2107 mali:
1468 2065 1613 2123 primo
1640 2065 1764 2108 enim
1780 2077 1860 2124 per
1883 2060 1976 2115 heic
2001 2060 2234 2123 hmin-

279 2132 475 2185 struitur,
494 2145 550 2175 ne
568 2130 652 2174 sibi
667 2129 899 2174 diabolum
922 2130 1155 2189 praeferat,
1183 2140 1225 2175 et
1248 2145 1352 2175 eum
1376 2140 1631 2184 veneratur,
1658 2130 1736 2190 qui
1757 2140 1824 2176 est
1850 2122 2011 2187 aucto:
2034 2127 2232 2191 peeqag’g

277 2200 395 2241 unde
423 2197 715 2256 Augustinus.
735 2197 842 2242 dicit
869 2210 932 2256 13.
960 2197 1015 2240 de
1043 2195 1205 2241 Trinit.
1229 2197 1341 2256 (cap.
1368 2199 1476 2256 17.).·
1508 2214 1531 2239 <c
1551 2197 1842 2259 Quandoque
1868 2194 2232 2261 sxcpoffiuptheo

281 2264 498 2322 conjungi
523 2264 723 2307 humana
747 2274 922 2317 natura,
948 2274 998 2308 ut
1022 2262 1149 2308 fieret
1174 2278 1264 2307 una
1289 2278 1496 2323 persona,
1523 2265 1706 2324 superbi
1735 2265 1801 2310 illi
1832 2254 2233 2326 mhgmsphws

279 2346 372 2374 non
398 2331 501 2374 ideo
529 2345 576 2374 se
600 2330 794 2374 audeant
814 2330 993 2374 homini
1010 2345 1305 2390 praeponere,
1331 2331 1436 2391 quia
1460 2345 1555 2375 non
1580 2331 1751 2377 habent
1775 2322 1963 2384 carnem
1978 2345 2032 2387 a:
2051 2329 2232 2391 κεφηᾴο

280 2412 358 2457 per
376 2398 465 2441 hoc
483 2397 759 2451 instruimur,
777 2407 944 2456 quanta
970 2397 1027 2442 sit
1052 2397 1246 2456 dignitas
1272 2397 1501 2443 humanae
1518 2408 1720 2454 naturae,
1745 2412 1804 2445 ne
1828 2397 2122 2460 inquinemus
2133 2410 2237 2458 pec-

282 2465 449 2517 cando;
483 2464 599 2508 unde
633 2464 824 2522 August.
859 2463 967 2508 dicit
991 2464 1038 2507 in
1064 2464 1139 2508 lib.
1167 2464 1222 2508 de
1248 2464 1356 2508 Ver.
1388 2464 1533 2524 Relig.
1563 2465 1674 2525 (cap.
1701 2465 1818 2524 16.).·
1848 2454 2236 2527 «Demonsfigavjt

279 2531 409 2575 nobis
435 2531 574 2584 Deus,
601 2545 737 2589 quam
760 2530 989 2575 excelsum
1011 2530 1168 2574 locum
1189 2531 1305 2576 inter
1323 2540 1550 2576 creaturas
1577 2532 1742 2577 habeat
1762 2531 1966 2579 humana
1989 2541 2167 2594 BQ&
2184 2531 2234 2583 in

279 2599 366 2643 hoc
387 2598 507 2656 quod
526 2597 787 2641 hominibus
803 2598 848 2641 in
865 2612 972 2642 vero
991 2597 1178 2642 homine
1197 2599 1402 2657 apparuit
1418 2614 1441 2639 »
1459 2613 1471 2652 ;
1497 2607 1542 2642 et
1563 2598 1659 2642 Leo
1676 2598 1801 2658 Papa
1818 2599 1928 2645 dicit
1949 2599 1998 2657 in
2013 2589 2151 2649 serm.
2172 2596 2234 2647 de

278 2665 461 2709 Nativit.
474 2665 568 2722 (1.):
585 2681 607 2706 «
621 2664 849 2723 Agnosce,
864 2678 891 2708 o
905 2664 1178 2718 Christiane,
1195 2664 1462 2723 dignitatem
1479 2674 1626 2709 tuam:
1641 2674 1686 2709 et
1696 2665 1874 2710 divinae
1886 2655 2078 2724 consors
2087 2657 2234 2717 factus

280 2742 481 2785 naturae,
496 2730 591 2774 noli
614 2732 657 2774 in
679 2740 880 2774 veterem
906 2730 1125 2775 vilitatem
1144 2731 1358 2790 degeneri
1376 2733 1720 2776 conversatione
1738 2731 1882 2776 redire
1898 2747 1949 2777 »ι
1968 2733 2105 2790 tertio,
2126 2730 2234 2794 quia

281 2816 304 2841 «
324 2800 379 2843 ad
405 2798 823 2857 praesumptionem
859 2798 1038 2842 homini
1073 2797 1324 2842 tollendam
1358 2798 1502 2858 gratia
1533 2798 1635 2854 Dei,
1662 2798 1798 2843 nullis
1824 2800 1869 2844 in
1901 2798 2034 2848 nobis
2058 2797 2234 2860 metitis

278 2865 662 2925 praecedentibus,
689 2866 733 2908 in
760 2865 948 2909 homine
983 2865 1167 2909 Christo
1202 2875 1538 2910 commentatur
1555 2883 1595 2919 »,
1623 2876 1671 2910 ut
1703 2866 1811 2910 dicit
1835 2866 2030 2926 August.
2051 2865 2114 2921 de
2135 2863 2235 2921 Tri-

278 2932 416 2976 nitate
439 2933 550 2990 (cap.
575 2932 661 2990 17.)
674 2947 687 2975 .·
711 2938 877 2989 quarto,
904 2933 1008 2990 quia
1034 2932 1277 2991 «superbia
1296 2932 1512 2987 hominis,
1541 2947 1656 2991 quae
1679 2933 1876 2978 maxime
1903 2933 2232 2994 impedimento

278 3009 345 3043 est
370 3012 427 3043 ne
454 2998 741 3042 inhaereatur
771 2998 887 3051 Deo,
915 3013 993 3057 per
1019 3009 1190 3042 tantam
1224 2999 1311 3043 Dei
1337 2999 1643 3044 humilitatem
1676 2998 1887 3059 redargui
1910 3009 2077 3060 potest,
2098 3009 2233 3061 atque

277 3066 483 3118 sanari»,
514 3075 561 3108 ut
588 3065 695 3108 dicit
722 3065 912 3122 August.
940 3065 1132 3109 ibidem:
1160 3067 1300 3124 quinto
1320 3065 1374 3108 ad
1397 3065 1680 3110 liberandum
1704 3066 1945 3112 hominem
1968 3080 1995 3111 a
2019 3066 2234 3123 servitute

279 3132 472 3190 peccati:
502 3131 621 3190 quod
649 3131 845 3190 quidem,
874 3141 921 3175 ut
946 3132 1138 3189 August.
1167 3132 1275 3176 dicit
1306 3146 1369 3189 13.
1390 3132 1444 3176 de
1465 3130 1626 3177 Trinit.
1659 3133 1773 3193 (cap.
1796 3134 1891 3194 13),
1920 3150 1944 3176 α
1962 3133 2060 3180 fieri
2081 3133 2236 3181 debuit

277 3198 355 3252 sic,
384 3209 430 3242 ut
457 3197 660 3242 diabolus
688 3198 854 3255 justitia
882 3198 1080 3242 hominis
1102 3199 1207 3256 Jesu
1240 3198 1410 3243 Christi
1443 3209 1729 3259 superaretur
1754 3217 1795 3255 »,
1821 3200 1943 3260 quod
1966 3200 2142 3246 factum
2166 3210 2236 3255 est

278 3265 461 3308 Christo
489 3263 789 3308 satisfaciente
817 3279 897 3324 pro
924 3265 1077 3308 nobis:
1105 3265 1249 3309 homo
1285 3275 1435 3310 autem
1468 3280 1604 3324 purus
1638 3266 1896 3313 satisfacere
1931 3281 2033 3317 non*
2055 3278 2237 3328 poterat

278 3346 357 3390 pro
386 3342 482 3375 toto
511 3332 713 3375 humano
741 3346 932 3390 genere:
962 3332 1086 3376 Deus
1124 3342 1275 3376 autem
1303 3331 1560 3377 satisfacere
1592 3346 1686 3378 non
1720 3333 1931 3390 debebat3
1955 3335 2077 3384 unde
2102 3349 2236 3396 opot-

277 3399 411 3452 tcbat,
440 3399 588 3443 Deum
622 3408 667 3443 et
691 3398 931 3443 hominem
958 3413 1055 3443 esse
1077 3398 1232 3457 Jesum
1267 3399 1527 3455 Christum;
1555 3400 1673 3446 unde
1700 3411 1744 3446 et
1769 3400 1867 3447 Leo
1897 3401 2027 3463 Papa
2046 3401 2158 3458 dicit
2185 3400 2233 3449 in

276 3479 410 3509 serm.
438 3465 490 3508 dc
525 3465 707 3509 Nativit.
738 3465 835 3521 (loc.
862 3465 983 3523 cit.):
1014 3483 1037 3508 «
1058 3465 1308 3524 Suscipitur
1334 3480 1359 3510 a
1380 3466 1543 3512 virtute
1563 3466 1816 3523 infirmitaS,
1841 3482 1868 3513 a
1893 3470 2136 3531 maiestate
2152 3469 2234 3521 hu-

275 3531 438 3575 militas
472 3531 524 3574 ab
560 3531 819 3576 aeternitate
854 3530 1119 3587 mortalitas,
1146 3542 1194 3577 ut
1226 3531 1347 3592 quod
1380 3532 1525 3578 nostri
1555 3534 1768 3580 remediis
1789 3526 2090 3596 congrue-Bas.
2114 3549 2233 3588 unus

274 3608 406 3656 atque
434 3599 553 3643 idem
580 3598 682 3653 Dei,
709 3609 753 3644 ct
780 3597 1021 3644 hominum
1048 3599 1286 3655 mediator,
1313 3610 1357 3645 et
1384 3601 1501 3646 mori
1528 3614 1583 3645 ex
1608 3615 1716 3655 uno,
1744 3612 1787 3648 et
1812 3598 2047 3664 resurgere
2070 3594 2237 3665 posset
2265 3647 2272 3655 ,
