2352 3926
313 249 419 318 „2368
858 262 1133 313 QUAESTIQ
1174 263 1260 301 Lv.
1301 263 1611 302 ARTICULUS
1649 264 1702 309 v,

402 366 690 410 RESPONDEO
728 363 987 418 dicendum,
1024 364 1147 423 quod
1190 374 1510 423 argumentum
1548 364 1712 409 dicitur
1746 364 1994 427 dupliciter:
2029 367 2274 428 quandoque

311 433 474 476 dicitur
516 440 835 489 argumentum
868 445 1184 491 quaecumque
1218 434 1333 476 ratio
1361 432 1426 476 rei
1457 432 1620 476 dubiae
1642 432 1815 477 faciens
1846 434 2009 479 fidem:
2031 435 2277 496 quandoque

314 510 466 542 autem
495 499 657 541 dicitur
685 508 1006 556 argumentum
1034 498 1218 557 aliquod
1244 498 1456 561 sensibile
1489 499 1686 558 signum,
1719 501 1840 559 quod
1867 501 2094 553 inducitur
2119 501 2278 553 adrali-

314 569 440 624 cujus
466 566 666 609 veritatis
685 564 1119 620 manifestationem,
1135 566 1251 610 sicut
1274 566 1412 610 etiam
1429 566 1698 611 Aristoteles
1716 567 1761 610 in
1779 566 1904 612 libris
1925 569 2017 612 suis
2033 568 2278 629 aliquando

315 636 452 676 utitur
474 633 663 675 nomine
683 633 941 690 argumenti
961 633 1024 688 (ut
1041 633 1111 678 lib.
1130 633 1419 678 deRhetorica
1445 633 1498 677 ad
1520 633 1726 678 Alexand.
1743 642 1833 694 cap.
1851 648 1917 692 14.
1943 642 1982 681 et
1997 635 2090 694 ιφ).
2121 636 2278 682 Primo

313 701 447 758 igitur
474 699 614 742 modo
644 700 911 758 accipiendo
940 710 1277 759 argumentum,
1307 701 1516 745 Christus
1542 715 1636 744 non
1663 701 1871 759 probavit
1895 701 2127 761 discipulis
2147 717 2278 748 suam

313 767 697 811 resurrectionem
716 781 793 825 per
816 777 1110 825 argumenta:
1130 768 1235 826 quia
1256 767 1358 811 talis
1377 768 1585 826 probatio
1605 769 1969 826 argumentativa
1984 770 2281 827 processisset

315 850 367 878 'tx
394 834 618 892 aliquibus
652 834 900 893 principiis,
929 849 1045 893 quae
1078 835 1118 878 si
1148 849 1242 878 non
1277 845 1427 879 essent
1457 845 1568 878 nota
1600 835 1847 893 discipulis,
1879 836 1993 881 nihil
2018 850 2098 896 per
2129 851 2183 885 ea
2214 839 2290 882 eis>

311 901 699 956 manifestaretur3
735 902 841 960 quia
868 916 920 945 ex
948 902 1114 960 ignotis
1141 916 1236 945 non
1265 912 1415 960 potest
1441 901 1610 960 aliquid
1636 902 1733 946 fieri
1758 912 1943 947 notum:
1970 904 2007 947 si
2034 913 2188 948 autem
2214 918 2282 949 es·

312 980 412 1013 sent
438 970 502 1013 eis
524 979 649 1022 nota,
675 984 770 1013 non
796 971 1170 1014 transcenderent
1195 970 1420 1013 rationem
1446 970 1715 1025 humanam,
1743 980 1788 1014 et
1819 970 1881 1014 ita
1912 985 2007 1017 non
2034 979 2191 1022 ,essent
2221 971 2280 1016 ef-

311 1036 472 1080 ficacia
501 1036 555 1079 ad
583 1036 721 1080 fidem
745 1037 1086 1080 resurrectionis
1113 1037 1448 1090 adstruendam,
1476 1051 1592 1095 quae
1621 1038 1846 1082 rationem
1871 1037 2127 1083 humanam
2153 1052 2280 1084 exce·

314 1104 398 1158 dit;
427 1113 608 1162 oportet
630 1103 751 1146 enim
779 1103 998 1162 principia
1023 1117 1076 1146 ex
1103 1103 1266 1147 eodem
1291 1118 1458 1162 genere
1487 1104 1671 1158 assumi,
1698 1115 1747 1148 ut
1769 1104 1931 1148 dicitur
1954 1105 2002 1149 in
2033 1119 2071 1149 1.
2102 1105 2278 1151 Poster.

313 1177 415 1228 (tex.
439 1186 508 1215 20.
508 1171 546 1228 ).
585 1170 802 1214 Probavit
828 1181 980 1214 autem
1009 1171 1073 1214 eis
1099 1171 1480 1225 resurrectionem
1501 1185 1634 1214 suam
1666 1186 1747 1229 per
1773 1171 2091 1216 auctoritatem
2121 1186 2278 1218 sacrae

314 1238 588 1297 Scripturae,
626 1252 742 1296 quae
780 1248 848 1281 est
882 1238 987 1281 fidei
1022 1237 1386 1291 fundamentum,
1416 1252 1521 1280 cum
1548 1238 1679 1282 dixit:
1722 1239 1894 1297 Oportet
1919 1233 2085 1298 impleri
2116 1241 2276 1294 omnia,

311 1321 414 1364 quae
439 1308 595 1365 scripta
625 1312 720 1349 sunt
752 1307 795 1349 in
829 1306 924 1363 lege,
960 1311 997 1349 et
1023 1305 1212 1364 psalmis,
1247 1311 1284 1348 et
1308 1305 1522 1364 prophetis
1553 1305 1598 1349 de
1639 1321 1715 1354 me,
1749 1315 1798 1348 ut
1829 1305 2020 1350 habetur
2050 1306 2162 1351 Luc.
2194 1306 2276 1351 ult.

308 1373 365 1418 Si
391 1383 543 1416 autem
572 1373 820 1431 accipiatur
847 1372 1049 1416 secundo
1084 1372 1224 1414 modo
1253 1382 1590 1429 argumentum,
1618 1372 1681 1430 sic
1710 1372 1873 1415 dicitur
1901 1371 2111 1417 Christus
2141 1387 2274 1418 suam

313 1440 693 1484 resurrectionem
733 1439 1013 1498 argumentis
1053 1438 1324 1491 declarasse,
1361 1439 1632 1496 inquantum
1674 1453 1754 1496 per
1789 1439 2014 1498 quaedam
2051 1439 2278 1485 evidentia

312 1508 442 1565 signa
469 1521 516 1550 se
539 1522 644 1550 vere
662 1507 956 1550 resurrexisse
980 1506 1199 1559 ostendit3
1224 1506 1342 1548 unde
1360 1505 1405 1547 in
1429 1519 1597 1562 graeco
1616 1506 1691 1548 ubi
1708 1520 1793 1550 nos
1811 1505 2047 1550 habemus:
2067 1507 2119 1552 In
2135 1508 2299 1552 multis«

312 1576 580 1632 argumentis,
610 1573 716 1617 loco
746 1573 1003 1631 argumenti
1034 1573 1218 1631 ponitur
1243 1573 1509 1633 τεχμήριον,
1537 1574 1659 1631 quod
1694 1583 1761 1617 est
1794 1573 1976 1631 signum
2001 1573 2188 1619 evidens
2220 1576 2277 1624 ad

316 1641 628 1700 probandum3
667 1655 782 1698 quae
816 1641 1002 1699 quidem
1040 1640 1169 1698 signa
1209 1640 1554 1683 resurrectionis
1583 1640 1791 1684 Christus
1819 1640 2017 1685 ostendit
2047 1641 2279 1700 discipulis

313 1718 496 1767 propter
523 1707 601 1750 duo
619 1725 633 1750 .·
657 1709 798 1766 primo
835 1707 1034 1766 quidem,
1062 1708 1166 1765 quia
1192 1722 1286 1750 non
1314 1718 1440 1751 erant
1474 1707 1612 1751 corda
1640 1722 1800 1751 eorum
1833 1707 2053 1766 disposita
2085 1709 2142 1753 ad
2168 1708 2275 1764 hoc,

314 1776 435 1834 quod
463 1775 517 1818 de
544 1774 666 1818 facili
693 1774 830 1818 fidem
852 1774 1196 1818 resurrectionis
1224 1775 1504 1832 acciperent3
1529 1774 1647 1818 unde
1680 1774 1776 1833 ipse
1809 1774 1920 1819 dicit
1940 1777 2004 1820 eis
2032 1775 2143 1821 Luc.
2169 1776 2275 1821 ult.:

315 1843 354 1887 Ο
393 1842 521 1896 stulti,
548 1849 587 1886 et
613 1842 723 1886 tardi
749 1841 867 1885 corde
889 1841 943 1884 ad
969 1841 1229 1895 credendum,
1255 1851 1298 1884 et
1326 1842 1465 1885 Marc.
1493 1841 1595 1885 ult.:
1623 1843 1915 1900 Exprobravit
1938 1841 2022 1887 illis
2046 1842 2274 1893 increduli-

313 1916 439 1954 tatem
463 1924 622 1962 eorum,
656 1915 691 1952 et
722 1908 925 1952 duritiam
952 1908 1112 1952 cordis:
1144 1908 1332 1961 secundo,
1361 1918 1410 1951 ut
1436 1922 1515 1967 per
1546 1908 1810 1966 hujusmodi
1842 1909 1972 1966 signa
1998 1909 2064 1953 eis
2090 1918 2275 1958 ostensa

313 1977 542 2021 efficacius
570 1991 730 2020 eorum
758 1976 1073 2020 testimonium
1099 1975 1375 2028 redderetur,
1397 1975 1649 2019 secundum
1674 1974 1784 2019 illud
1807 1975 2121 2034 (1.Joan.1.):
2151 1975 2277 2034 Quod

311 2061 339 2088 t
344 2045 507 2097 idimns,
537 2051 571 2088 et
594 2044 847 2097 audivimus,
878 2050 913 2087 et
934 2058 1081 2086 manus
1102 2049 1264 2086 nostrae
1288 2049 1646 2087 contrectaverunt
1650 2076 1719 2086 .....
1738 2043 1811 2087 hoc
1839 2049 2050 2089 testamur.

403 2113 477 2155 AD
511 2125 699 2155 PRIMUM
734 2125 844 2169 ergo
873 2111 1133 2163 dicendum,
1161 2110 1283 2168 quod
1311 2110 1582 2153 Ambrosius
1609 2110 1669 2152 ibi
1687 2109 1887 2167 loquitur
1913 2110 1968 2154 de
1997 2090 2276 2170 argumentis

316 2180 567 2222 secundum
591 2179 816 2222 rationem
843 2178 1095 2221 humanam
1123 2177 1485 2235 procedentibus,
1512 2191 1626 2235 quae
1653 2177 1852 2220 invalida
1877 2187 1982 2221 sunt
2006 2179 2061 2222 ad
2089 2191 2276 2238 eaquae

314 2256 419 2290 sunt
443 2246 547 2288 fidei
575 2246 871 2298 ostendenda,
898 2245 1015 2288 sicut
1041 2254 1275 2288 ostensum
1303 2254 1369 2287 est
1396 2245 1462 2301 (in
1485 2252 1600 2303 corp.
1619 2245 1738 2302 art).

404 2314 479 2356 AD
508 2326 767 2356 SECUNDUM
794 2312 1053 2364 dicendum,
1082 2311 1203 2369 quod
1231 2312 1444 2354 meritum
1472 2311 1576 2354 fidei
1604 2323 1671 2355 est
1697 2326 1750 2355 ex
1775 2311 1882 2365 hoc,
1905 2311 2033 2374 quod)
2054 2311 2201 2370 homo
2221 2326 2275 2356 ex

316 2381 535 2423 mandato
563 2380 651 2423 Dei
681 2380 821 2423 credit
848 2379 970 2455 quod
1006 2393 1101 2421 non
1127 2377 1272 2431 videt3
1299 2379 1418 2422 unde
1445 2378 1523 2421 illa
1549 2379 1648 2422 sola
1675 2379 1790 2422 ratio
1822 2377 2046 2424 meritum*
2063 2371 2276 2434 excludit,

316 2462 431 2523 quae
458 2446 566 2490 facit
591 2447 732 2490 videri
759 2461 838 2505 per
864 2446 1101 2489 scientiam
1129 2446 1186 2501 id,
1215 2445 1337 2503 quod
1366 2445 1641 2489 credendum
1674 2447 1970 2505 proponitur:
2006 2457 2051 2491 et
2072 2446 2174 2491 talis
2209 2460 2277 2492 est

315 2515 429 2558 ratio
458 2514 835 2557 demonstrativa:
864 2512 1128 2570 hujusmodi
1156 2523 1307 2555 autem
1342 2513 1539 2556 rationes
1569 2513 1776 2558 Christus
1802 2527 1896 2558 non
1921 2513 2095 2558 induxit
2120 2514 2175 2579 ad
2206 2529 2275 2561 re-

313 2582 643 2626 surrectionem
671 2595 801 2624 suam
829 2580 1165 2623 declarandam.

403 2650 477 2693 AD
506 2661 723 2694 TERTmM
750 2648 1009 2701 dicendum,
1037 2647 1174 2705 quod,
1202 2647 1318 2690 sicut
1344 2648 1516 2691 dictum
1543 2658 1610 2692 est
1630 2648 1692 2703 (in
1717 2648 1834 2693 solut.
1854 2648 2036 2710 prusa),
2060 2647 2273 2693 meritum

312 2716 617 2769 beatitudinis,
653 2716 775 2774 quod
814 2725 970 2758 causat
1002 2714 1128 2768 fides,
1161 2729 1253 2757 non
1291 2715 1490 2758 totaliter
1529 2715 1794 2768 excluditur,
1834 2715 1923 2760 nisi
1952 2716 2098 2762 homo
2129 2715 2276 2761 nollet

314 2785 499 2838 credere
527 2783 613 2827 nisi
640 2797 693 2826 ea
727 2796 843 2840 quae
870 2782 1014 2825 videt:
1049 2782 1128 2825 sed
1164 2781 1285 2839 quod
1315 2782 1475 2840 aliquis
1504 2797 1556 2826 ea
1590 2797 1705 2841 quae
1737 2796 1830 2827 non
1859 2782 1979 2828 videt
2009 2782 2164 2828 credat
2194 2796 2274 2842 per

314 2852 466 2911 aliqua
502 2853 630 2910 signa
663 2850 773 2903 visa,
800 2864 892 2893 non
921 2849 1120 2892 totaliter
1152 2849 1289 2892 fidem
1317 2860 1520 2903 evacuat,
1562 2865 1646 2894 nec
1677 2850 1906 2894 meritumv
1927 2851 2046 2909 eius:
2086 2850 2204 2895 sicut
2227 2861 2275 2897 et

315 2919 542 2972 Thomas,
571 2918 644 2962 cui
671 2917 842 2960 dictum
868 2926 935 2960 est
958 2916 1089 2973 Joan.
1118 2929 1213 2960 20.:
1245 2918 1361 2972 Quia
1393 2918 1535 2961 vidisti
1562 2923 1638 2970 me,
1668 2917 1891 2972 credidisti,
1919 2915 2043 2967 aliud
2072 2917 2197 2972 vidit,
2229 2928 2274 2962 et

312 2987 433 3031 aliud
454 2976 665 3030 credidit:
685 2985 795 3028 vidit
816 2983 1018 3036 vulnera,
1039 2993 1082 3026 et
1101 2984 1286 3027 credidit
1304 2984 1471 3027 Deum.
1492 2984 1570 3028 Est
1587 2994 1738 3029 autern
1757 2984 2039 3044 perfectioris
2059 2983 2180 3039 fidei,
2194 2986 2274 3045 qui

311 3069 406 3098 non
433 3051 893 3113 requirithujusmodi
920 3049 1085 3094 auxilia
1111 3051 1165 3093 ad
1186 3051 1487 3104 credendum;
1515 3052 1633 3096 unde
1659 3052 1715 3096 ad
1734 3050 2022 3111 arguendum-
2042 3050 2271 3102 defectum

312 3121 414 3165 fidei
442 3122 485 3164 in
526 3119 794 3179 quibusdam
822 3117 1051 3161 Dominus
1078 3117 1182 3160 dicit
1204 3117 1334 3174 Joan.
1374 3131 1439 3172 4..
1478 3119 1575 3163 Nisi
1608 3121 1741 3176 signa,
1769 3125 1807 3165 et
1825 3118 2027 3180 prodigia
2064 3115 2269 3173 videritis,

312 3197 393 3225 non
421 3180 610 3232 credztis;
637 3189 680 3224 et
706 3178 958 3223 secundum
980 3177 1071 3221 hoc
1096 3187 1245 3253 potest
1271 3177 1479 3254 intelligi,
1499 3179 1619 3237 quod
1644 3178 1709 3222 illi
1735 3180 1811 3239 qui
1838 3187 1942 3224 sunt
1961 3188 2056 3241 tam
2073 3180 2271 3241 prompti

313 3249 467 3302 mimi,
495 3258 544 3292 ut
570 3246 756 3291 credant
772 3246 891 3299 Deo,
919 3244 1054 3288 etiam
1075 3244 1215 3301 signis
1242 3259 1334 3287 non
1360 3245 1483 3299 visis,
1510 3245 1600 3290 sint
1625 3245 1745 3290 beati
1770 3259 1850 3305 per
1874 3239 2268 3306 comparationem

312 3317 366 3359 ad
391 3315 508 3370 illos,
536 3315 611 3375 qui
639 3328 732 3359 non
756 3312 958 3367 credunt,
985 3311 1071 3356 nisi
1097 3311 1204 3355 talia
1232 3312 1426 3357 videant.

2314 3662 2348 3839 -ar-xssibiaefwffgffu
2315 3615 2343 3656 52⁶-ss
2316 3535 2344 3597 J..
2330 3518 2334 3527 U

2303 3843 2335 3926 ’esseae
2313 3815 2327 3820 :

2327 3317 2352 3518 a'ssss'fflmm-
2348 3299 2352 3309 Π
2350 3285 2352 3287 ,
2346 3260 2350 3270 -
2349 3190 2351 3192 ,
