2352 3926
643 171 922 226 Quansrlo
960 179 1089 217 xxv.
1131 178 1438 219 ARTmuLth
1478 178 1514 216 1.
1859 172 1862 173 ’
1959 178 2060 232 223

19 272 45 287 ἦ
44 282 216 328 viter
238 288 390 327 essent
406 280 556 341 plures
575 281 889 326 adorationes:
909 290 952 325 et
972 281 1063 325 hoc
1083 290 1151 325 est
1166 281 1317 340 quod
1306 295 1352 324 m
1376 279 1575 340 Synodis
1597 278 1885 339 reprobatur3
1904 277 2067 322 dicitur

40 348 263 401 ζώω
249 362 296 393 ιιι
314 346 524 408 capitulis
550 346 714 407 Cyrilli
736 347 853 405 (hab.
881 349 925 391 in
951 351 1037 406 ejus
1058 349 1171 407 epist.
1197 348 1251 392 ad
1273 348 1439 393 Nestor.
1463 350 1506 391 in
1527 345 1687 391 Concil.
1706 346 1855 406 Ephef.
1879 360 2015 404 gener.
2028 360 2064 404 3.

22 414 57 479 ,ζ
74 419 210 477 thm.
234 419 271 461 ι.
298 423 391 475 cap.
418 414 543 472 26)
577 413 679 458 «Si
705 414 806 472 quis
844 413 978 457 audet
1014 413 1178 469 dicere,
1223 423 1510 472 assumptum
1551 413 1790 457 hominem
1826 411 2067 456 coadorari

49 485 311 547 oportere
326 481 430 525 Deo
447 480 616 534 Verbo,
633 480 763 539 quasi
782 478 976 524 alterum
995 479 1137 534 alteri,
1155 489 1199 523 et
1215 493 1309 523 non
1327 481 1476 539 potius
1495 495 1584 524 una
1602 479 1868 524 adoratione
1885 479 2068 523 honori-

17 545 52 594 s
85 538 207 594 ficut
220 546 588 601 Emmanuelem,
615 547 866 591 secundum
883 546 1007 606 quod
1033 545 1238 590 Verbum
1258 561 1365 590 caro
1382 546 1554 590 factum
1573 557 1653 600 est,
1672 546 1917 591 anathema
1942 545 2000 590 sit
2024 561 2066 589 ».

18 650 25 658 ,.
178 615 267 660 An
292 622 482 660 PRIMUM
508 628 618 672 ergo
641 606 902 689 dicendum,
938 612 1097 672 quod
1087 628 1133 656 in
1161 612 1386 657 Trinitate
1421 624 1525 657 sunt
1549 623 1638 658 tres
1665 613 1742 672 qui
1766 613 2065 666 honorantur,

87 680 180 727 med
195 690 275 726 ²est
299 695 390 725 una
411 693 549 724 causa
574 679 824 723 honoris:
814 694 860 722 ln
883 679 1103 738 mysterio
1138 689 1291 723 autem
1315 679 1647 723 Incarnationis
1677 690 1745 724 est
1771 694 1795 724 e
1818 692 2063 724 converso:

15 757 38 777 ³
92 747 271 794 'evideo
298 747 390 791 alio
418 747 559 791 modo
581 756 650 790 est
675 760 791 790 unus
817 746 970 790 honor
1003 745 1253 801 Trinitatis,
1287 756 1331 789 et
1368 745 1458 790 alio
1496 747 1637 790 modo
1666 758 1733 791 est
1769 761 1884 791 unus
1914 747 2067 791 honor

18 816 21 818 ⁴
88 813 288 860 christi.

11 938 15 939 ⁷
181 881 268 926 AD
299 891 559 925 SECUNDUM
583 879 843 933 dicendum,
870 879 993 938 quod
1017 879 1222 939 operatio
1249 893 1343 922 non
1372 890 1440 923 est
1465 894 1581 938 quae
1603 879 1870 934 honoratur,
1893 880 1972 924 sed
1999 889 2066 924 est

86 943 216 993 ‘ratio
242 946 460 991 honoris:
495 956 539 990 et
563 946 667 990 ideo
695 961 775 1005 per
800 946 890 990 hoc
917 947 1040 1005 quod
1068 947 1113 989 in
1137 946 1324 990 Christo
1352 956 1457 990 sunt
1488 947 1603 990 duae
1637 947 1939 1004 operationes,
1970 961 2064 991 non

11 1014 14 1023 ἶ
81 1014 353 1060 'ostenditur
368 1012 493 1072 quod
518 1013 607 1057 sint
624 1013 739 1057 duae
759 1013 1064 1066 adorationes,
1092 1013 1170 1057 sed
1197 1013 1319 1071 quod
1340 1013 1428 1056 sint
1445 1013 1560 1057 duae
1584 1013 1861 1057 adorationis
1881 1027 2063 1058 cuusae.

188 1081 266 1126 AD
299 1093 516 1125 TERTIUM
540 1079 800 1133 dicendum,
819 1080 942 1139 quod
970 1080 1124 1123 anima
1146 1079 1334 1133 Christi,
1353 1080 1392 1123 si
1407 1093 1501 1124 non
1520 1090 1637 1124 esset
1654 1080 1778 1123 unita
1794 1080 2064 1136 DeiVerbo,

18 1141 26 1164 ‘³
92 1150 219 1193 *esset
243 1146 288 1192 id
314 1147 438 1206 quod
464 1157 531 1191 est
557 1146 992 1206 principalissimum
1019 1147 1065 1190 in
1093 1147 1282 1191 homine
1309 1146 1414 1191 illo:
1443 1157 1487 1191 et
1511 1147 1616 1191 ideo
1635 1147 1719 1191 sibi
1734 1147 1975 1206 praecipue
1994 1148 2066 1191 de-

23 1246 33 1258 .-
97 1214 278 1260 beretur
297 1213 470 1258 honor:
500 1215 604 1273 quia
630 1213 775 1257 homo
803 1223 871 1257 est
895 1214 940 1257 id
967 1214 1090 1273 quod
1118 1223 1186 1258 est
1211 1214 1502 1273 potissimum
1525 1216 1570 1258 in
1598 1228 1678 1258 eo:
1698 1215 1776 1258 sed
1795 1214 1899 1273 quia
1913 1214 2065 1258 anima

16 1283 30 1336 ζ
88 1275 271 1327 Christi
298 1292 366 1326 est
405 1281 531 1325 unita
557 1295 782 1340 personae
814 1280 1026 1340 digniori,
1062 1280 1128 1324 illi
1161 1294 1384 1340 personae
1415 1282 1657 1340 praecipue
1685 1281 1874 1326 debetur
1899 1281 2065 1336 honor,

88 1349 351 1394 -eubanima
379 1348 553 1394 Christi
585 1349 757 1392 unitur:
796 1362 881 1391 nec
920 1362 998 1406 per
1030 1348 1122 1392 hoc
1155 1359 1311 1392 tamen
1349 1349 1615 1394 diminuitur
1653 1348 1850 1407 dignitas
1884 1349 2065 1393 animae

8 1416 29 1451 ἓ
98 1415 287 1470 Christi,
313 1416 391 1470 sed
425 1425 629 1475 augetur,
656 1425 704 1460 ut
729 1415 870 1459 etiam
897 1429 1033 1473 supra
1061 1415 1235 1459 dictum
1262 1426 1330 1459 est
1355 1415 1417 1474 (q.
1446 1431 1484 1460 2.
1513 1422 1593 1460 art.
1620 1430 1660 1460 2.
1687 1415 1741 1459 ad
1762 1415 1840 1473 2.).

814 1593 1250 1651 ARTICULUS
1294 1594 1365 1648 11.
1983 1619 2060 1665 145

9 1710 27 1787 J
100 1729 294 1770 UTRUM
334 1729 656 1769 HUMANITAS
698 1730 918 1768 CHRISTI
951 1730 1259 1770 ADORANDA
1293 1731 1378 1769 SIT
1411 1730 1777 1768 ADORATIONE
1811 1729 2062 1767 LATRIAE.

561 1839 613 1898 (3.
636 1839 747 1884 Dist.
775 1854 816 1898 9.
844 1854 883 1898 q.
910 1855 944 1884 r.
972 1845 1053 1883 art.
1079 1854 1119 1884 2.
1145 1854 1183 1898 q.
1217 1856 1252 1884 I.
1275 1846 1314 1884 et
1334 1854 1372 1898 q.
1395 1853 1438 1896 4.
1461 1839 1515 1883 ad
1536 1840 1606 1895 L).

186 1952 264 1997 AD
296 1965 557 1998 SECUNDUM
588 1951 652 1996 sic
679 1952 953 2010 proceditur.
986 1951 1193 2006 Videtur,
1231 1952 1354 2011 quod
1388 1952 1650 1996 humanitas
1678 1951 1852 1996 Christi
1883 1965 1977 1995 non
2010 1951 2066 1995 sit

99 2019 330 2064 adoranda
356 2018 622 2063 adoratione
649 2018 830 2063 latriae:
859 2019 965 2078 quia
991 2033 1125 2078 super
1151 2019 1271 2063 Psal.
1299 2019 1396 2079 98.:
1439 2018 1628 2063 Adorate
1667 2019 1888 2063 scabellum
1913 2018 2066 2077 pedum

97 2087 200 2145 ejm,
218 2086 418 2144 quoniam
442 2090 629 2131 sanctum
651 2092 722 2140 est,
749 2085 859 2130 dicit
873 2084 1003 2130 Glos.
1025 2085 1134 2141 (ord.
1152 2087 1264 2145 Aug.
1262 2085 1305 2144 ):
1328 2103 1352 2127 «
1367 2085 1493 2130 Caro
1512 2100 1537 2129 a
1553 2085 1709 2129 Verbo
1727 2085 1817 2128 Dei
1834 2094 2066 2144 assumpta
2130 2133 2131 2136 ¹

97 2151 197 2197 sine
220 2152 454 2213 impietate
480 2151 696 2196 adoratur
728 2167 754 2195 a
785 2153 942 2206 nobis;
971 2152 1076 2211 quia
1102 2166 1241 2196 nemo
1270 2167 1456 2197 carnem
1490 2154 1585 2211 ejus
1625 2151 1917 2211 spiritualiter
1942 2166 2068 2195 man-

68 2209 79 2222 “
97 2217 248 2272 ducat,
273 2219 360 2264 nisi
385 2219 508 2278 prius
535 2218 716 2273 adoret;
741 2233 837 2264 non
862 2218 942 2263 illa
975 2219 1079 2263 dico
1107 2219 1389 2273 adoratione,
1417 2234 1533 2278 quae
1560 2218 1691 2263 latria
1719 2229 1798 2273 est,
1832 2233 1947 2278 quae
1980 2217 2067 2262 soli

5 2286 38 2330 <15
99 2284 311 2330 Creatori
337 2285 575 2331 debetur»:
604 2300 711 2330 caro
736 2296 890 2330 autem
917 2285 1091 2330 Christi
1117 2296 1185 2330 est
1209 2301 1312 2344 pars
1330 2286 1650 2341 humanitatis;
1678 2300 1788 2345 ergo
1806 2285 2066 2330 humanitas

25 2366 31 2382 ²
69 2351 275 2397 :Christi
298 2365 395 2397 non
421 2362 489 2398 est
514 2353 747 2397 adoranda
774 2353 1041 2398 adoratione
1068 2353 1241 2398 latriae.

183 2431 228 2464 2.
254 2416 552 2465 PRAETEREA.
581 2418 747 2464 Cultus
772 2419 931 2465 latriae
957 2419 1072 2464 nulli
1099 2430 1332 2465 creaturae
1352 2420 1566 2466 debetur:
1595 2435 1648 2466 ex
1666 2422 1756 2466 hoc
1775 2421 1900 2466 enirn
1919 2435 2068 2480 repro-

37 2509 52 2546 ,ς
95 2484 263 2530 bantur
299 2485 522 2541 Gentiles,
554 2486 678 2545 quod
714 2487 943 2541 coluerunt,
978 2494 1016 2532 et
1046 2489 1280 2533 servierunt
1304 2495 1534 2539 creaturae,
1570 2499 1619 2533 ut
1646 2489 1808 2533 dicitur
1838 2489 1975 2534 Rom.
2014 2501 2065 2532 1.:

36 2550 54 2613 ’ᾗ
98 2553 178 2598 sed
203 2552 465 2598 humanitas
493 2553 666 2598 Christi
692 2564 760 2598 est
780 2563 1008 2609 creatura;
1029 2569 1140 2613 ergo
1158 2569 1253 2599 non
1270 2565 1338 2599 est
1359 2556 1590 2599 adoranda
1610 2556 1875 2600 adoratione
1892 2555 2064 2601 latriae.

35 2657 47 2664 ,
83 2629 95 2635 ’“
194 2632 230 2678 3.
258 2619 557 2666 PRAETEREA.
586 2620 810 2664 Adoratio
843 2620 1002 2665 latriae
1034 2621 1222 2666 debetur
1252 2622 1356 2666 Deo
1392 2622 1438 2665 in
1475 2623 1838 2681 recognitionem
1877 2622 2066 2666 maximi

31 2685 308 2740 ‘³dominii,
333 2686 588 2731 secundum
613 2686 725 2732 illud
751 2687 1003 2732 Deuteron.
1031 2687 1086 2733 6.:
1115 2689 1351 2733 Dominum
1379 2690 1520 2734 Deum
1543 2696 1662 2734 tuum
1698 2690 1907 2744 adorabis,
1942 2696 1977 2734 et
2002 2690 2067 2733 illi

43 2746 177 2816 [seseli
195 2755 373 2798 servies:
399 2753 479 2798 sed
507 2753 732 2808 Christus,
758 2754 1011 2798 secundum
1039 2755 1161 2814 quod
1190 2765 1256 2799 est
1281 2755 1442 2810 homo,
1469 2766 1537 2800 est
1573 2756 1727 2800 minor
1762 2757 1917 2811 Patre3
1954 2770 2064 2815 ergo

0 2841 2 2844 >
47 2817 360 2871 &humanitas
385 2822 484 2880 ejus
508 2834 603 2865 non
630 2830 699 2866 est
723 2821 991 2866 adoratione
1013 2821 1171 2866 latriae
1199 2822 1443 2867 adoranda.

0 2914 1 2921 ι
122 2908 134 2912 v
190 2886 286 2931 SED
310 2899 507 2932 CONTRA
533 2896 614 2942 est,
637 2888 761 2947 quod
783 2888 1000 2933 Damasc.
1029 2888 1259 2944 d1c1t1n4
1278 2888 1354 2933 lib.
1384 2889 1530 2946 (Orth.
1554 2889 1648 2934 Fid.
1673 2898 1762 2949 cap
1785 2905 1807 2966 3
1812 2890 1871 2947 .):
1903 2889 2065 2932 «Ado

49 2938 222 2998 &iratur
247 2947 401 2998 autem
427 2968 534 2998 caro
568 2953 740 2999 Christi
770 2955 1009 2999 incarnato
1048 2955 1203 3000 Verbo
1245 2957 1364 3010 Deo,
1396 2970 1490 3000 non
1523 2966 1708 3015 propter
1739 2957 1951 3014 seipsam,
1985 2956 2062 2999 sed

28 3013 69 3058 ἐϊ-
62 3016 283 3085 ι,.ῑρίἰηιῐει·
307 3020 486 3064 unitum
512 3020 554 3065 ei
579 3021 832 3065 secundum
849 3021 1133 3080 hypostasim
1152 3021 1358 3066 Verbum
1374 3023 1464 3066 Dei
1480 3038 1521 3066 »z
1542 3032 1585 3067 et
1601 3037 1736 3081 super
1752 3022 1862 3066 illud
1886 3023 1957 3065 Ps.
1977 3023 2063 3081 93*

44 3104 72 3129 .·
62 3085 287 3132 Adorate
307 3087 527 3132 scabellum
538 3087 693 3165 pedum
714 3091 815 3146 ejus,
834 3088 944 3132 dicit
972 3087 1124 3132 Gloss.
1155 3090 1264 3145 (ord.
1284 3091 1447 3165 August
1450 3090 1511 3147 .).·
1544 3106 1567 3131 «
1588 3090 1684 3141 Qui
1713 3090 1871 3132 adorat
1898 3102 2063 3164 corpus

43 3155 81 3213 ,ἒ
73 3145 286 3208 ehrisfi,
313 3162 407 3198 non
433 3163 602 3199 terram
627 3155 841 3209 intuetur,
868 3155 947 3199 sed
974 3155 1105 3200 illum
1131 3156 1298 3215 potius,
1326 3158 1453 3215 cujus
1480 3156 1732 3200 scabellum
1759 3165 1840 3208 est,
1868 3156 1913 3198 in
1933 3156 2061 3212 cujus

36 3216 57 3249 Γ
64 3226 99 3255 f
93 3216 276 3265 honore
302 3219 554 3266 scabellum
577 3222 736 3266 adorat
753 3236 796 3266 »·
822 3223 901 3267 sed
928 3222 1132 3267 Verbum
1159 3224 1447 3268 incarnatum
1476 3225 1690 3267 adoratur
1716 3222 1984 3266 adoratione
2002 3221 2064 3265 la-

0 3317 1 3322 =
26 3335 28 3337 ,
50 3279 232 3340 -l‘mae3
259 3298 370 3346 ergo
396 3297 441 3332 et
466 3301 631 3348 corpus
657 3289 768 3346 ejus,
794 3288 890 3333 sive
916 3290 1012 3347 ejus
1039 3289 1316 3333 humanitas.

78 3356 79 3359 ’
188 3320 478 3399 R’ESPONDEO
505 3354 764 3408 dicendum,
791 3355 928 3414 quod,
956 3356 1073 3399 sicut
1093 3370 1228 3414 supra
1262 3357 1435 3400 dictum
1463 3366 1530 3399 est
1561 3356 1662 3414 (art.
1699 3363 1827 3414 praec
1833 3355 1880 3412 .‚)
1909 3354 2060 3398 honor

49 3414 65 3460 Ϊ
101 3417 378 3464 adorationis
406 3423 587 3480 proprie
613 3421 800 3466 debetur
817 3423 1054 3481 hypostasi
1079 3423 1361 3467 subsistenti:
1384 3433 1538 3466 tamen
1565 3421 1682 3465 ratio
1700 3421 1892 3465 honoris
1909 3430 2063 3498 potest

0 3484 2 3496 '
63 3490 200 3531 «εῦῦε
225 3484 394 3545 aliquid
418 3500 514 3531 non
539 3488 802 3542 subsistens,
828 3497 1013 3547 propter
1039 3490 1162 3548 quod
1189 3489 1443 3532 honoratur
1468 3502 1676 3546 persona,
1697 3488 1769 3531 cui
1786 3486 1928 3531 illud
1916 3498 2059 3534 mest:

0 3597 1 3604 ,
36 3576 40 3587 ›
51 3548 341 3616 ,adoratis
328 3552 465 3611 igitur
485 3552 782 3599 humanitatis
810 3553 982 3598 Christi
1007 3554 1227 3614 dupliciter
1252 3565 1401 3613 potest
1422 3554 1634 3612 intelligi:
1664 3569 1746 3598 uno
1769 3554 1904 3608 modo,
1929 3565 1977 3599 ut
1998 3555 2053 3599 sit
