2352 3926
400 188 425 214 ⁹
646 196 925 252 Qufflsno
965 200 1091 243 m.
1133 200 1440 243 Anrrcunus
1471 202 1517 243 11.
1959 191 2062 259 609

817 401 1253 461 ARTICULUS
1294 402 1333 459 Ι.
1627 448 1629 451 -
1792 449 1795 451 >
1974 415 2063 473 406

415 539 609 579 UTRUM
648 538 1005 579 CIRCUMCISIO
1046 539 1244 578 FUERIT
1284 537 1754 589 PRAEPARATORIA,

710 621 782 660 ET
814 621 1150 660 FIGURATIVA
1182 620 1452 659 BAPTISMI.

0 761 13 799 ἱ
223 732 368 792 (Supr.
399 747 438 791 q.
473 733 544 778 68.
574 700 660 777 ¹art.
691 747 728 778 r.
764 731 819 776 ad
852 746 887 777 1.
924 738 962 776 et
995 746 1074 776 1·2.
1101 745 1139 789 q.
1171 745 1264 775 102.
1298 737 1378 775 art.
1401 744 1437 789 5.
1473 738 1588 790 corp.
1620 737 1657 775 et
1691 730 1746 775 ad
1773 746 1808 776 r.
1841 737 1881 776 et
1906 746 1942 790 3.

9 804 11 806 ’
305 806 342 845 et
361 813 404 857 4.
427 801 540 844 Dist.
566 815 601 845 r.
628 814 666 858 q.
692 813 732 844 2.
759 804 841 844 art.
866 814 901 843 1.
925 814 964 857 q.
987 813 1022 843 r.
1046 805 1161 857 corp.
1188 804 1227 842 ct
1251 798 1364 842 Dist.
1386 812 1426 842 2.
1454 812 1493 856 q.
1518 813 1553 842 r.
1577 805 1660 843 art.
1686 814 1720 844 1.
1748 798 1802 842 ad
1822 813 1860 857 5.

0 810 14 938 i
778 871 816 910 et
841 867 961 911 Rom.
993 879 1034 910 2.
1068 865 1154 909 lect.
1177 879 1217 909 2.
1245 870 1281 909 et
1304 864 1384 922 4.).

0 974 8 1029 {t
191 977 268 1023 AD
294 990 483 1023 PR1MUM
509 977 573 1022 sic
601 976 874 1037 proceditur.
901 975 1107 1030 Videtur,
1133 975 1255 1034 quod
1283 974 1574 1019 circumcisio
1600 989 1695 1018 non
1720 974 1854 1020 fuerit
1880 991 2064 1036 praepa-

0 1059 2 1062 ·
101 1045 284 1099 ratoria,
312 1054 358 1090 et
381 1044 620 1104 figurativa
649 1043 884 1103 baptismi:
914 1044 1063 1087 omnis
1091 1042 1214 1087 enim
1241 1042 1385 1101 figura
1418 1042 1555 1086 habet
1581 1043 1781 1102 aliqua-m
1814 1043 2066 1088 similitudi-

0 1101 8 1129 *
99 1124 208 1156 nem
241 1125 348 1156 cum
379 1126 464 1156 suo
499 1111 718 1171 figurato:
756 1110 835 1155 sed
873 1110 1163 1155 circumcisio
1199 1109 1374 1153 nullam
1403 1110 1541 1154 habet
1575 1109 1922 1156 similitudinem
1955 1125 2063 1156 cum

0 1162 9 1194 ²
100 1177 352 1239 baptism03
378 1192 489 1238 ergo
514 1178 705 1232 videtur,
723 1177 845 1237 quod
867 1192 961 1222 non
978 1176 1112 1222 fuerit
1128 1178 1480 1236 praeparatoria,
1503 1187 1548 1221 et
1562 1176 1802 1236 figurativa
1822 1178 2048 1238 baptismi.

0 1218 23 1336 f
191 1255 232 1291 2.
259 1245 557 1292 PRAETEREA.
597 1245 850 1306 Apostolus
888 1245 997 1289 dicit
1035 1259 1069 1288 1.
1109 1243 1320 1289 Corinth.
1358 1257 1424 1289 10.
1452 1244 1507 1288 de
1545 1244 1741 1304 antiquis
1766 1245 1976 1290 Patribus
2000 1244 2065 1290 lo-

0 1345 10 1371 ,
101 1327 259 1374 quens,
286 1313 409 1373 quod
431 1328 567 1359 omnes
586 1315 633 1358 in
663 1315 784 1367 nube,
812 1315 924 1358 etin
950 1314 1064 1357 mari
1090 1313 1293 1372 baptizati
1315 1318 1434 1358 sunt.-
1461 1325 1556 1356 non
1594 1322 1748 1356 autem
1786 1312 1909 1367 dicit,
1941 1311 2063 1372 quod

0 1373 21 1434 t·
99 1381 147 1425 in
175 1381 523 1426 circumcisione
547 1381 761 1439 baptizati
786 1382 898 1435 sint3
926 1394 1037 1439 ergo
1063 1379 1288 1438 protectio
1322 1379 1566 1423 columnae
1600 1379 1747 1439 nubis,
1774 1389 1819 1424 et
1849 1380 2063 1424 transitus

98 1448 238 1494 maris
263 1448 406 1492 Rubri
430 1448 579 1526 magis
604 1447 786 1492 fuerunt
811 1447 1148 1507 praeparatoria
1172 1447 1227 1490 ad
1259 1446 1551 1506 baptismum,
1579 1456 1624 1491 et
1645 1414 1919 1505 figurativa
1907 1447 2062 1506 ipsius,

16 1517 18 1522 “
98 1528 236 1575 quam
269 1515 572 1560 circumcisio.

6 1629 12 1637 „
191 1597 229 1642 3.
270 1583 569 1627 PRAETEREA.
599 1582 746 1642 Supra
773 1582 948 1627 dictum
983 1590 1050 1626 est
1089 1581 1145 1640 (q.
1175 1582 1240 1641 38.
1274 1587 1355 1626 art.
1383 1598 1431 1627 r.·
1451 1580 1506 1625 ad
1536 1581 1608 1638 r.),
1648 1581 1770 1640 quod
1811 1563 2062 1659 baptismus

0 1567 24 1736 ἒ
90 1649 280 1708 Joannis
302 1649 385 1694 fuit
410 1650 772 1709 praeparatorius
800 1650 855 1694 ad
881 1649 1158 1708 baptismum
1186 1648 1378 1692 Christi:
1407 1648 1445 1691 si
1462 1662 1572 1706 ergo
1601 1648 1739 1692 etiam
1767 1649 2056 1694 circumcisio

0 1745 26 1781 i
96 1715 181 1761 fuit
196 1718 548 1777 praeparatoria,
566 1727 610 1761 et
625 1716 864 1775 figurativa
884 1713 1099 1775 baptismi
1117 1715 1304 1769 Christi,
1321 1715 1500 1759 videtur
1517 1715 1640 1774 quod
1657 1715 1907 1792 baptismus
1930 1716 2064 1774 Joan-

0 1788 24 1886 ξ’
97 1784 167 1828 nis
192 1783 326 1828 fuerit
346 1783 622 1843 superfluus;
650 1783 772 1842 quod
800 1794 868 1827 est
892 1784 1246 1838 inconveniens3
1272 1797 1366 1826 non
1385 1797 1494 1841 ergo
1514 1782 1804 1826 circumcisio
1831 1782 1914 1827 fuit
1936 1797 2061 1842 prae-

92 1851 335 1910 paratoria,
362 1860 407 1895 et
429 1850 670 1910 figurativa
695 1851 922 1910 baptismi.

186 1918 280 1964 SED
308 1931 502 1964 CONTRA
529 1929 610 1972 est,
628 1918 767 1978 quod
773 1919 934 1978 Apost.
954 1918 1063 1963 dicit
1081 1918 1263 1963 Coloss.
1283 1930 1347 1962 2.:
1369 1917 1622 1962 Circumcisi
1642 1920 1729 1963 estis
1747 1920 2060 1964 circumcisione

23 1987 38 2047 ’ζ
93 1998 177 2030 non
201 1987 464 2045 manufacta,
496 1988 542 2030 in
572 1986 847 2046 expoliatione
884 1987 1072 2046 corporis
1103 1988 1258 2039 carnis,
1280 1985 1348 2030 sed
1373 1987 1684 2030 circumcisione
1717 1985 1889 2040 Christi,
1923 2001 2059 2032 conse-

87 2053 199 2112 pulti
223 2055 261 2098 ei
280 2055 327 2098 in
353 2054 569 2113 baptismo.
2036 2069 2045 2077 *

27 2164 34 2167 ,
92 2121 103 2127 ”
181 2119 474 2166 RESPONDEO
501 2120 758 2175 dicendum,
777 2120 899 2180 quod
917 2121 1167 2180 baptismus
1186 2120 1350 2165 dicitur
1366 2130 1706 2165 sacramentum
1724 2120 1843 2175 fidei,
1872 2120 2056 2180 inquan-

92 2195 191 2232 tum
214 2186 390 2232 scilicet
414 2187 462 2231 in
486 2187 715 2247 baptismo
741 2187 791 2232 fit
827 2188 1052 2247 quaedam
1087 2187 1193 2232 fidei
1224 2186 1462 2247 professio,
1496 2197 1540 2232 et
1571 2202 1650 2247 per
1676 2187 1951 2246 baptism-um
1986 2203 2058 2248 ag-

22 2266 34 2275 *
92 2263 308 2314 gregatur
339 2254 485 2299 homo
527 2255 875 2314 congregationi
911 2254 1137 2300 fidelium:
1174 2255 1337 2299 eadem
1371 2265 1523 2299 autem
1554 2265 1624 2299 est
1663 2254 1776 2300 fides
1807 2265 1978 2310 nostra,
2013 2266 2058 2300 et

17 2350 30 2375 ς,
93 2321 384 2381 antiquorum
410 2322 612 2376 Patrum,
639 2322 894 2367 secundum
919 2321 1030 2367 illud
1050 2323 1211 2382 Apost.
1240 2335 1279 2367 2.
1309 2322 1419 2366 Cor.
1446 2334 1510 2377 4.:
1534 2323 1745 2367 Habentes
1770 2323 1955 2367 eumdem
1976 2325 2057 2382 spi·

89 2390 221 2434 ritum
231 2388 335 2448 fidei
366 2388 582 2434 credimus.
609 2389 913 2435 Circumcisio
942 2399 1210 2435 autemverat
1226 2389 1453 2448 quaedam
1479 2389 1746 2448 protestatio
1774 2389 1901 2445 fidei3
1934 2390 2054 2435 unde

91 2455 253 2500 dicitur
267 2456 404 2501 Rom.
421 2469 464 2511 4.
483 2456 604 2516 quod
623 2457 846 2502 Abrabam
871 2459 1028 2517 accipit
1043 2459 1416 2511 circumcisionem,
1437 2462 1634 2515 tanquam
1650 2457 1910 2515 signaculum
1921 2457 2046 2516 fidei,
2042 2472 2050 2483 ·

91 2522 211 2567 unde
238 2532 284 2567 et
305 2536 386 2582 per
412 2523 812 2587 circumcisionem
841 2524 1014 2583 antiqui
1047 2524 1414 2583 aggregabantur
1441 2523 1639 2583 collegio
1672 2523 1890 2568 fidelium.
1919 2524 2053 2568 Unde

91 2587 385 2634 manifestum
412 2600 494 2644 est,
527 2590 648 2650 quod
677 2586 967 2636 circumcisio
995 2590 1078 2636 fuit
1102 2591 1440 2651 praeparatoria
1470 2591 1524 2635 ad
1549 2581 1846 2669 baptismum,
1865 2601 1909 2635 et
1929 2605 2052 2649 prae-

0 2662 13 2713 {2
90 2649 366 2716 figurativa
355 2657 509 2716 ipsius,
536 2658 788 2702 secundum
814 2658 937 2717 quod
963 2658 1159 2735 antiquis
1190 2658 1399 2703 Patribus
1433 2658 1590 2702 omnia
1618 2660 1662 2702 in
1690 2658 1882 2717 figuram
1915 2657 2053 2702 futuri

2 2728 29 2787 ³:ss
92 2722 431 2783 contingebant,
457 2734 506 2768 ut
531 2724 691 2769 dicitur
727 2739 763 2769 1.
793 2725 902 2770 Cor.
934 2739 1017 2780 10.,
1044 2726 1161 2770 sicut
1188 2736 1231 2770 et
1257 2725 1367 2769 fides
1395 2739 1555 2770 eorum
1589 2735 1684 2769 erat
1706 2725 1761 2769 de
1782 2725 1947 2769 futuro.

180 2791 257 2835 An
283 2803 471 2835 PRIMUM
498 2804 608 2850 ergo
625 2792 883 2846 dicendum,
906 2792 1028 2851 quod
1052 2793 1342 2836 circumcisio
1358 2792 1556 2836 habebat
1572 2791 1917 2836 similitudinem
1945 2806 2050 2835 cum

6 2852 26 2885 ⁴⁵
88 2857 331 2918 baptism0,
354 2867 572 2917 quantum
601 2858 655 2902 ad
679 2859 961 2918 spiritualem
988 2858 1202 2904 effectum
1227 2859 1464 2919 baptismi;
1493 2874 1602 2903 narn
1624 2860 1740 2903 sicut
1755 2874 1836 2917 per
1862 2860 2051 2902 circum-

22 2921 29 2926 ’
91 2924 314 2970 cisionem
341 2923 626 2969 auferebatur
651 2925 876 2984 quaedam
909 2926 1102 2971 carnalis
1138 2926 1366 2986 pellicula,
1393 2927 1455 2971 ita
1481 2941 1560 2984 per
1594 2926 1871 2986 baptismum
1904 2926 2049 2970 homo

90 2990 342 3052 expoliatur
368 3005 393 3035 a
421 2990 589 3035 carnali
613 2993 976 3037 conversatione.
2049 3024 2054 3030 -

41 3055 44 3058 ’
179 3059 255 3104 An
283 3071 544 3103 SECUNDUM
580 3059 839 3114 dicendum,
869 3060 996 3119 quod
1033 3061 1257 3120 protectio
1296 3060 1540 3105 columnae
1576 3060 1722 3113 nubis,
1761 3069 1804 3102 et
1835 3059 2048 3103 transitus

23 3143 33 3170 ;
88 3126 228 3171 maris
263 3125 404 3170 Rubri
441 3124 622 3170 fuerunt
658 3125 882 3185 quaedam
919 3125 1090 3186 figurae
1115 3129 1259 3172 nostri
1290 3128 1517 3188 baptismi,
1554 3141 1645 3185 quo
1683 3126 1962 3169 renascimur
1994 3140 2047 3169 ex

10 3188 43 3242 f·
88 3206 206 3253 aqua
228 3192 481 3252 significata
499 3206 577 3252 per
594 3206 720 3236 mare
735 3192 956 3248 Rubrum,
974 3203 1018 3238 et
1036 3194 1203 3253 Spiritu
1224 3194 1394 3239 Sancto
1413 3193 1667 3253 significato
1686 3206 1764 3251 per
1782 3191 2048 3236 columnam

24 3256 42 3315 ’
85 3259 239 3305 nubis:
265 3273 359 3304 non
386 3269 541 3304 tamen
568 3274 648 3319 per
672 3259 789 3304 haec
816 3258 953 3304 fiebat
979 3260 1129 3320 aliqua
1155 3261 1377 3320 professio
1405 3261 1523 3318 fidei,
1551 3260 1667 3304 sicut
1699 3273 1778 3318 per
1811 3259 2046 3303 circumci-

28 3327 40 3350 ·³
87 3326 281 3381 sionem,
313 3337 358 3371 et
381 3326 486 3371 ideo
510 3326 738 3386 praedicta
764 3325 855 3370 duo
882 3337 1010 3372 erant
1033 3337 1212 3372 tantum
1239 3328 1426 3387 figurae,
1450 3338 1494 3371 et
1510 3340 1603 3370 non
1632 3335 1942 3370 sacramenta:
1967 3326 2047 3370 cir·

31 3411 34 3420 2
88 3393 308 3438 cumcisio
347 3403 499 3438 autem
547 3402 641 3437 erat
678 3393 815 3437 etiam
852 3404 1189 3439 sacramentum
1226 3395 1613 3455 praeparatorium
1653 3393 1707 3435 ad
1744 3392 2043 3451 baptismum3

24 3512 28 3519 q
87 3459 238 3505 minus
272 3470 427 3505 tamen
469 3474 677 3520 expresse
718 3459 918 3518 figurans
955 3461 1249 3520 baptismum,
1286 3471 1505 3520 quantum
1539 3459 1593 3503 ad
1627 3458 1863 3516 exteriora,
1905 3472 2044 3518 quam

85 3526 329 3587 praedicta.
353 3527 411 3572 Et
441 3526 545 3572 ideo
572 3525 824 3586 Apostolus
846 3526 996 3586 potius
1020 3526 1129 3573 fecit
1148 3528 1429 3573 mentionem
1456 3527 1511 3571 de
1539 3525 1795 3585 praedictis,
1817 3539 1954 3584 quam
1987 3525 2043 3570 de

27 3616 30 3623 v
87 3594 449 3639 circumcisione.

266 3695 302 3731 S.
328 3695 481 3730 Tuomn
508 3695 639 3731 Summa
672 3695 874 3741 Tbeologica.
902 3695 983 3731 Vol.
1009 3695 1070 3730 lv.
1825 3705 1865 3739 39
