<?xml version="1.0" encoding="UTF-8"?>
<!DOCTYPE html PUBLIC "-//W3C//DTD XHTML 1.0 Transitional//EN"
    "http://www.w3.org/TR/xhtml1/DTD/xhtml1-transitional.dtd">
<html xmlns="http://www.w3.org/1999/xhtml" xml:lang="en" lang="en">
 <head>
  <title>
</title>
<meta http-equiv="Content-Type" content="text/html;charset=utf-8" />
  <meta name='ocr-system' content='tesseract 3.04.00' />
  <meta name='ocr-capabilities' content='ocr_page ocr_carea ocr_par ocr_line ocrx_word'/>
</head>
<body>
  <div class='ocr_page' id='page_1' title='image "./divithomaeaquina04thom_0582.png"; bbox 0 0 2352 3926; ppageno 0'>
   <div class='ocr_carea' id='block_1_1' title="bbox 323 212 1779 283">
    <p class='ocr_par' dir='ltr' id='par_1_1' title="bbox 323 212 1779 283">
     <span class='ocr_line' id='line_1_1' title="bbox 323 212 1779 283; baseline -0.002 -17"><span class='ocrx_word' id='word_1_1' title='bbox 323 212 430 283; x_wconf 81' lang='lat'><strong>578</strong></span> <span class='ocrx_word' id='word_1_2' title='bbox 815 224 1091 270; x_wconf 82' lang='lat' dir='ltr'><strong>QUAESTIO</strong></span> <span class='ocrx_word' id='word_1_3' title='bbox 1130 224 1296 262; x_wconf 82' lang='lat' dir='ltr'><strong>vau.</strong></span> <span class='ocrx_word' id='word_1_4' title='bbox 1324 223 1646 263; x_wconf 59' lang='lat' dir='ltr'><strong>annotans</strong></span> <span class='ocrx_word' id='word_1_5' title='bbox 1666 225 1779 263; x_wconf 55' lang='lat' dir='ltr'><strong>2V11.</strong></span> 
     </span>
    </p>
   </div>
   <div class='ocr_carea' id='block_1_2' title="bbox 315 323 2352 3481">
    <p class='ocr_par' dir='ltr' id='par_1_2' title="bbox 315 323 2286 589">
     <span class='ocr_line' id='line_1_2' title="bbox 320 323 2286 388; baseline 0 -15"><span class='ocrx_word' id='word_1_6' title='bbox 320 329 598 388; x_wconf 89' lang='lat' dir='ltr'><strong>baptismum</strong></span> <span class='ocrx_word' id='word_1_7' title='bbox 625 323 798 372; x_wconf 88' lang='lat' dir='ltr'><strong>Christi</strong></span> <span class='ocrx_word' id='word_1_8' title='bbox 834 335 1144 383; x_wconf 87' lang='lat' dir='ltr'><strong>consecratur,</strong></span> <span class='ocrx_word' id='word_1_9' title='bbox 1171 335 1216 370; x_wconf 90' lang='lat' dir='ltr'><strong>et</strong></span> <span class='ocrx_word' id='word_1_10' title='bbox 1247 325 1290 370; x_wconf 92' lang='lat' dir='ltr'><strong>ei</strong></span> <span class='ocrx_word' id='word_1_11' title='bbox 1321 324 1658 371; x_wconf 83' lang='lat' dir='ltr'><strong>conformatur:</strong></span> <span class='ocrx_word' id='word_1_12' title='bbox 1691 324 1770 370; x_wconf 88' lang='lat' dir='ltr'><strong>sed</strong></span> <span class='ocrx_word' id='word_1_13' title='bbox 1796 324 2006 372; x_wconf 85' lang='lat' dir='ltr'><strong>Christus</strong></span> <span class='ocrx_word' id='word_1_14' title='bbox 2030 327 2286 387; x_wconf 68' lang='lat' dir='ltr'><strong>baptizatus</strong></span> 
     </span>
     <span class='ocr_line' id='line_1_3' title="bbox 320 391 2284 454; baseline -0.001 -13"><span class='ocrx_word' id='word_1_15' title='bbox 320 410 416 441; x_wconf 89' lang='lat' dir='ltr'><strong>non</strong></span> <span class='ocrx_word' id='word_1_16' title='bbox 442 406 510 440; x_wconf 90' lang='lat' dir='ltr'><strong>est</strong></span> <span class='ocrx_word' id='word_1_17' title='bbox 535 395 588 438; x_wconf 89' lang='lat' dir='ltr'><strong>ab</strong></span> <span class='ocrx_word' id='word_1_18' title='bbox 617 393 769 452; x_wconf 91' lang='lat' dir='ltr'><strong>aliquo</strong></span> <span class='ocrx_word' id='word_1_19' title='bbox 797 392 852 436; x_wconf 91' lang='lat' dir='ltr'><strong>de</strong></span> <span class='ocrx_word' id='word_1_20' title='bbox 878 391 1007 437; x_wconf 90' lang='lat' dir='ltr'><strong>fonte</strong></span> <span class='ocrx_word' id='word_1_21' title='bbox 1033 402 1269 452; x_wconf 91' lang='lat' dir='ltr'><strong>susceptus</strong></span> <span class='ocrx_word' id='word_1_22' title='bbox 1280 408 1296 447; x_wconf 79' lang='lat'>3</span> <span class='ocrx_word' id='word_1_23' title='bbox 1323 392 1416 448; x_wconf 89' lang='lat' dir='ltr'><strong>sed,</strong></span> <span class='ocrx_word' id='word_1_24' title='bbox 1442 392 1561 437; x_wconf 91' lang='lat' dir='ltr'><strong>sicut</strong></span> <span class='ocrx_word' id='word_1_25' title='bbox 1586 391 1750 437; x_wconf 88' lang='lat' dir='ltr'><strong>dicitur</strong></span> <span class='ocrx_word' id='word_1_26' title='bbox 1774 392 1936 439; x_wconf 86' lang='lat' dir='ltr'><strong>Matth.</strong></span> <span class='ocrx_word' id='word_1_27' title='bbox 1966 407 2021 452; x_wconf 87' lang='lat'><strong>3.‚</strong></span> <span class='ocrx_word' id='word_1_28' title='bbox 2056 395 2284 454; x_wconf 62' lang='lat' dir='ltr'><strong>baptizatus</strong></span> 
     </span>
     <span class='ocr_line' id='line_1_4' title="bbox 315 459 2283 522; baseline -0.001 -14"><span class='ocrx_word' id='word_1_29' title='bbox 315 464 429 520; x_wconf 78' lang='lat' dir='ltr'><strong>Iesus</strong></span> <span class='ocrx_word' id='word_1_30' title='bbox 454 462 666 520; x_wconf 81' lang='lat' dir='ltr'><strong><em>confestim</em></strong></span> <span class='ocrx_word' id='word_1_31' title='bbox 691 459 874 505; x_wconf 80' lang='lat' dir='ltr'><strong>ascendit</strong></span> <span class='ocrx_word' id='word_1_32' title='bbox 917 459 963 504; x_wconf 78' lang='lat' dir='ltr'><strong>de</strong></span> <span class='ocrx_word' id='word_1_33' title='bbox 996 474 1134 518; x_wconf 84' lang='lat' dir='ltr'><strong>aqua;</strong></span> <span class='ocrx_word' id='word_1_34' title='bbox 1161 473 1272 519; x_wconf 90' lang='lat' dir='ltr'><strong>ergo</strong></span> <span class='ocrx_word' id='word_1_35' title='bbox 1299 459 1476 504; x_wconf 89' lang='lat' dir='ltr'><strong>videtur</strong></span> <span class='ocrx_word' id='word_1_36' title='bbox 1502 459 1625 519; x_wconf 91' lang='lat' dir='ltr'><strong>quod</strong></span> <span class='ocrx_word' id='word_1_37' title='bbox 1650 473 1736 504; x_wconf 90' lang='lat' dir='ltr'><strong>nec</strong></span> <span class='ocrx_word' id='word_1_38' title='bbox 1762 460 1808 503; x_wconf 89' lang='lat' dir='ltr'><strong>in</strong></span> <span class='ocrx_word' id='word_1_39' title='bbox 1835 459 2030 504; x_wconf 85' lang='lat' dir='ltr'><strong>aliorum</strong></span> <span class='ocrx_word' id='word_1_40' title='bbox 2054 460 2283 522; x_wconf 69' lang='lat' dir='ltr'><strong>baptismo</strong></span> 
     </span>
     <span class='ocr_line' id='line_1_5' title="bbox 321 525 1832 589; baseline -0.002 -15"><span class='ocrx_word' id='word_1_41' title='bbox 321 530 572 589; x_wconf 87' lang='lat' dir='ltr'><strong>requiratur</strong></span> <span class='ocrx_word' id='word_1_42' title='bbox 599 527 776 586; x_wconf 87' lang='lat' dir='ltr'><strong>aliquis,</strong></span> <span class='ocrx_word' id='word_1_43' title='bbox 805 527 881 585; x_wconf 94' lang='lat' dir='ltr'><strong>qui</strong></span> <span class='ocrx_word' id='word_1_44' title='bbox 906 527 1185 584; x_wconf 86' lang='lat' dir='ltr'><strong>baptizatum</strong></span> <span class='ocrx_word' id='word_1_45' title='bbox 1211 527 1266 571; x_wconf 92' lang='lat' dir='ltr'><strong>de</strong></span> <span class='ocrx_word' id='word_1_46' title='bbox 1294 541 1425 571; x_wconf 89' lang='lat' dir='ltr'><strong>sacro</strong></span> <span class='ocrx_word' id='word_1_47' title='bbox 1451 525 1578 571; x_wconf 90' lang='lat' dir='ltr'><strong>fonte</strong></span> <span class='ocrx_word' id='word_1_48' title='bbox 1603 526 1832 585; x_wconf 89' lang='lat' dir='ltr'><strong>suscipiat.</strong></span> 
     </span>
    </p>

    <p class='ocr_par' dir='ltr' id='par_1_3' title="bbox 320 593 2292 1044">
     <span class='ocr_line' id='line_1_6' title="bbox 411 593 2286 655; baseline -0.001 -15"><span class='ocrx_word' id='word_1_49' title='bbox 411 609 451 640; x_wconf 88' lang='lat'><strong>2.</strong></span> <span class='ocrx_word' id='word_1_50' title='bbox 475 596 772 639; x_wconf 81' lang='lat' dir='ltr'><strong>PRAETEREA.</strong></span> <span class='ocrx_word' id='word_1_51' title='bbox 787 594 1047 652; x_wconf 86' lang='lat' dir='ltr'><strong>Baptismus</strong></span> <span class='ocrx_word' id='word_1_52' title='bbox 1074 604 1142 638; x_wconf 90' lang='lat' dir='ltr'><strong>est</strong></span> <span class='ocrx_word' id='word_1_53' title='bbox 1166 593 1410 653; x_wconf 88' lang='lat' dir='ltr'><strong>spiritualis</strong></span> <span class='ocrx_word' id='word_1_54' title='bbox 1436 593 1738 652; x_wconf 85' lang='lat' dir='ltr'><strong>regeneratio,</strong></span> <span class='ocrx_word' id='word_1_55' title='bbox 1764 604 1814 638; x_wconf 91' lang='lat' dir='ltr'><strong>ut</strong></span> <span class='ocrx_word' id='word_1_56' title='bbox 1839 593 2013 639; x_wconf 84' lang='lat' dir='ltr'><strong>dictum</strong></span> <span class='ocrx_word' id='word_1_57' title='bbox 2038 602 2106 639; x_wconf 89' lang='lat' dir='ltr'><strong>est</strong></span> <span class='ocrx_word' id='word_1_58' title='bbox 2124 593 2231 652; x_wconf 83' lang='lat' dir='ltr'><strong>(art.</strong></span> <span class='ocrx_word' id='word_1_59' title='bbox 2249 610 2286 655; x_wconf 84' lang='lat'><strong>3.</strong></span> 
     </span>
     <span class='ocr_line' id='line_1_7' title="bbox 322 660 2286 722; baseline -0.001 -14"><span class='ocrx_word' id='word_1_60' title='bbox 322 665 408 722; x_wconf 87' lang='lat' dir='ltr'><strong>huj.</strong></span> <span class='ocrx_word' id='word_1_61' title='bbox 436 663 498 721; x_wconf 83' lang='lat' dir='ltr'><strong>q.)</strong></span> <span class='ocrx_word' id='word_1_62' title='bbox 512 678 525 707; x_wconf 85' lang='lat'><strong>.·</strong></span> <span class='ocrx_word' id='word_1_63' title='bbox 552 662 631 706; x_wconf 91' lang='lat' dir='ltr'><strong>sed</strong></span> <span class='ocrx_word' id='word_1_64' title='bbox 657 662 704 705; x_wconf 92' lang='lat' dir='ltr'><strong>in</strong></span> <span class='ocrx_word' id='word_1_65' title='bbox 732 660 905 705; x_wconf 88' lang='lat' dir='ltr'><strong>carnali</strong></span> <span class='ocrx_word' id='word_1_66' title='bbox 931 661 1226 720; x_wconf 87' lang='lat' dir='ltr'><strong>generatione</strong></span> <span class='ocrx_word' id='word_1_67' title='bbox 1252 675 1347 704; x_wconf 91' lang='lat' dir='ltr'><strong>non</strong></span> <span class='ocrx_word' id='word_1_68' title='bbox 1378 661 1620 720; x_wconf 88' lang='lat' dir='ltr'><strong>requiritur</strong></span> <span class='ocrx_word' id='word_1_69' title='bbox 1650 660 1738 704; x_wconf 90' lang='lat' dir='ltr'><strong>nisi</strong></span> <span class='ocrx_word' id='word_1_70' title='bbox 1769 660 2044 720; x_wconf 90' lang='lat' dir='ltr'><strong>principium</strong></span> <span class='ocrx_word' id='word_1_71' title='bbox 2069 662 2286 718; x_wconf 86' lang='lat' dir='ltr'><strong>activum,</strong></span> 
     </span>
     <span class='ocr_line' id='line_1_8' title="bbox 320 727 2292 789; baseline 0.001 -16"><span class='ocrx_word' id='word_1_72' title='bbox 320 730 443 789; x_wconf 92' lang='lat' dir='ltr'><strong>quod</strong></span> <span class='ocrx_word' id='word_1_73' title='bbox 470 739 537 773; x_wconf 91' lang='lat' dir='ltr'><strong>est</strong></span> <span class='ocrx_word' id='word_1_74' title='bbox 562 739 702 787; x_wconf 90' lang='lat' dir='ltr'><strong>pater,</strong></span> <span class='ocrx_word' id='word_1_75' title='bbox 730 738 774 773; x_wconf 84' lang='lat' dir='ltr'><strong>et</strong></span> <span class='ocrx_word' id='word_1_76' title='bbox 799 728 1074 787; x_wconf 90' lang='lat' dir='ltr'><strong>principium</strong></span> <span class='ocrx_word' id='word_1_77' title='bbox 1106 728 1355 786; x_wconf 90' lang='lat' dir='ltr'><strong>passivum,</strong></span> <span class='ocrx_word' id='word_1_78' title='bbox 1382 728 1505 787; x_wconf 93' lang='lat' dir='ltr'><strong>quod</strong></span> <span class='ocrx_word' id='word_1_79' title='bbox 1539 737 1606 772; x_wconf 88' lang='lat' dir='ltr'><strong>est</strong></span> <span class='ocrx_word' id='word_1_80' title='bbox 1637 738 1806 783; x_wconf 88' lang='lat' dir='ltr'><strong>mater;</strong></span> <span class='ocrx_word' id='word_1_81' title='bbox 1831 727 1968 787; x_wconf 92' lang='lat' dir='ltr'><strong>igitur</strong></span> <span class='ocrx_word' id='word_1_82' title='bbox 2000 742 2108 773; x_wconf 91' lang='lat' dir='ltr'><strong>cum</strong></span> <span class='ocrx_word' id='word_1_83' title='bbox 2131 729 2179 774; x_wconf 91' lang='lat' dir='ltr'><strong>in</strong></span> <span class='ocrx_word' id='word_1_84' title='bbox 2215 729 2292 774; x_wconf 89' lang='lat' dir='ltr'><strong>ba-</strong></span> 
     </span>
     <span class='ocr_line' id='line_1_9' title="bbox 320 794 2289 856; baseline 0.001 -16"><span class='ocrx_word' id='word_1_85' title='bbox 320 797 487 856; x_wconf 90' lang='lat' dir='ltr'><strong>ptismo</strong></span> <span class='ocrx_word' id='word_1_86' title='bbox 515 795 672 840; x_wconf 89' lang='lat' dir='ltr'><strong>locum</strong></span> <span class='ocrx_word' id='word_1_87' title='bbox 697 797 836 854; x_wconf 90' lang='lat' dir='ltr'><strong>patris</strong></span> <span class='ocrx_word' id='word_1_88' title='bbox 863 796 1065 839; x_wconf 88' lang='lat' dir='ltr'><strong>obtineat</strong></span> <span class='ocrx_word' id='word_1_89' title='bbox 1087 794 1162 839; x_wconf 92' lang='lat' dir='ltr'><strong>ille</strong></span> <span class='ocrx_word' id='word_1_90' title='bbox 1189 795 1266 854; x_wconf 93' lang='lat' dir='ltr'><strong>qui</strong></span> <span class='ocrx_word' id='word_1_91' title='bbox 1284 795 1496 854; x_wconf 87' lang='lat' dir='ltr'><strong>baptizat,</strong></span> <span class='ocrx_word' id='word_1_92' title='bbox 1514 794 1672 839; x_wconf 89' lang='lat' dir='ltr'><strong>locum</strong></span> <span class='ocrx_word' id='word_1_93' title='bbox 1694 804 1847 839; x_wconf 90' lang='lat' dir='ltr'><strong>autem</strong></span> <span class='ocrx_word' id='word_1_94' title='bbox 1870 795 2028 840; x_wconf 88' lang='lat' dir='ltr'><strong>matris</strong></span> <span class='ocrx_word' id='word_1_95' title='bbox 2049 795 2148 856; x_wconf 91' lang='lat' dir='ltr'><strong>ipsa</strong></span> <span class='ocrx_word' id='word_1_96' title='bbox 2169 810 2289 856; x_wconf 89' lang='lat' dir='ltr'><strong>aqua</strong></span> 
     </span>
     <span class='ocr_line' id='line_1_10' title="bbox 320 862 2286 923; baseline 0 -15"><span class='ocrx_word' id='word_1_97' title='bbox 320 864 547 923; x_wconf 87' lang='lat' dir='ltr'><strong>baptismi,</strong></span> <span class='ocrx_word' id='word_1_98' title='bbox 565 873 614 908; x_wconf 93' lang='lat' dir='ltr'><strong>ut</strong></span> <span class='ocrx_word' id='word_1_99' title='bbox 627 863 820 922; x_wconf 88' lang='lat' dir='ltr'><strong>August.</strong></span> <span class='ocrx_word' id='word_1_100' title='bbox 835 863 943 906; x_wconf 91' lang='lat' dir='ltr'><strong>dicit</strong></span> <span class='ocrx_word' id='word_1_101' title='bbox 959 862 1006 906; x_wconf 89' lang='lat' dir='ltr'><strong>in</strong></span> <span class='ocrx_word' id='word_1_102' title='bbox 1024 863 1225 921; x_wconf 91' lang='lat' dir='ltr'><strong>quodam</strong></span> <span class='ocrx_word' id='word_1_103' title='bbox 1247 877 1461 907; x_wconf 89' lang='lat' dir='ltr'><strong>sermone</strong></span> <span class='ocrx_word' id='word_1_104' title='bbox 1476 862 1759 922; x_wconf 87' lang='lat' dir='ltr'><strong>Epiphaniae</strong></span> <span class='ocrx_word' id='word_1_105' title='bbox 1783 862 1876 921; x_wconf 80' lang='lat' dir='ltr'><strong>(qui</strong></span> <span class='ocrx_word' id='word_1_106' title='bbox 1890 869 1948 908; x_wconf 78' lang='lat' dir='ltr'><strong>est</strong></span> <span class='ocrx_word' id='word_1_107' title='bbox 1958 863 2027 922; x_wconf 82' lang='lat'><strong>36.</strong></span> <span class='ocrx_word' id='word_1_108' title='bbox 2039 863 2087 908; x_wconf 78' lang='lat' dir='ltr'><strong>de</strong></span> <span class='ocrx_word' id='word_1_109' title='bbox 2105 863 2286 923; x_wconf 62' lang='lat' dir='ltr'><strong>Temp),</strong></span> 
     </span>
     <span class='ocr_line' id='line_1_11' title="bbox 320 929 2287 990; baseline 0.001 -16"><span class='ocrx_word' id='word_1_110' title='bbox 320 932 510 985; x_wconf 88' lang='lat' dir='ltr'><strong>videtur,</strong></span> <span class='ocrx_word' id='word_1_111' title='bbox 552 930 676 990; x_wconf 92' lang='lat' dir='ltr'><strong>quod</strong></span> <span class='ocrx_word' id='word_1_112' title='bbox 698 944 802 975; x_wconf 88' lang='lat' dir='ltr'><strong>non</strong></span> <span class='ocrx_word' id='word_1_113' title='bbox 834 930 1088 989; x_wconf 89' lang='lat' dir='ltr'><strong>requiratur</strong></span> <span class='ocrx_word' id='word_1_114' title='bbox 1119 929 1281 989; x_wconf 90' lang='lat' dir='ltr'><strong>aliquis</strong></span> <span class='ocrx_word' id='word_1_115' title='bbox 1325 929 1452 984; x_wconf 91' lang='lat' dir='ltr'><strong>alius,</strong></span> <span class='ocrx_word' id='word_1_116' title='bbox 1486 930 1562 989; x_wconf 87' lang='lat' dir='ltr'><strong>qui</strong></span> <span class='ocrx_word' id='word_1_117' title='bbox 1593 929 1871 989; x_wconf 88' lang='lat' dir='ltr'><strong>baptizatum</strong></span> <span class='ocrx_word' id='word_1_118' title='bbox 1909 929 1965 975; x_wconf 87' lang='lat' dir='ltr'><strong>de</strong></span> <span class='ocrx_word' id='word_1_119' title='bbox 1996 929 2287 976; x_wconf 84' lang='lat' dir='ltr'><strong>sacro-fonte</strong></span> 
     </span>
     <span class='ocr_line' id='line_1_12' title="bbox 321 998 454 1044; baseline -0.015 0"><span class='ocrx_word' id='word_1_120' title='bbox 321 998 454 1044; x_wconf 91' lang='lat' dir='ltr'><strong>levet.</strong></span> 
     </span>
    </p>

    <p class='ocr_par' dir='ltr' id='par_1_4' title="bbox 321 1062 2290 1384">
     <span class='ocr_line' id='line_1_13' title="bbox 415 1062 2289 1126; baseline 0 -16"><span class='ocrx_word' id='word_1_121' title='bbox 415 1080 451 1126; x_wconf 86' lang='lat'><strong>3.</strong></span> <span class='ocrx_word' id='word_1_122' title='bbox 479 1065 777 1110; x_wconf 79' lang='lat' dir='ltr'><strong>PRAETEREA.</strong></span> <span class='ocrx_word' id='word_1_123' title='bbox 806 1065 858 1108; x_wconf 91' lang='lat' dir='ltr'><strong>In</strong></span> <span class='ocrx_word' id='word_1_124' title='bbox 884 1064 1182 1108; x_wconf 85' lang='lat' dir='ltr'><strong>sacramentis</strong></span> <span class='ocrx_word' id='word_1_125' title='bbox 1209 1062 1443 1108; x_wconf 87' lang='lat' dir='ltr'><strong>Ecclesiae</strong></span> <span class='ocrx_word' id='word_1_126' title='bbox 1466 1062 1580 1107; x_wconf 90' lang='lat' dir='ltr'><strong>nihil</strong></span> <span class='ocrx_word' id='word_1_127' title='bbox 1606 1063 1877 1108; x_wconf 89' lang='lat' dir='ltr'><strong>derisorium</strong></span> <span class='ocrx_word' id='word_1_128' title='bbox 1901 1062 2002 1108; x_wconf 89' lang='lat' dir='ltr'><strong>fieri</strong></span> <span class='ocrx_word' id='word_1_129' title='bbox 2026 1063 2289 1110; x_wconf 79' lang='lat' dir='ltr'><strong>debetzsed</strong></span> 
     </span>
     <span class='ocr_line' id='line_1_14' title="bbox 322 1130 2289 1191; baseline -0.001 -13"><span class='ocrx_word' id='word_1_130' title='bbox 322 1134 412 1179; x_wconf 91' lang='lat' dir='ltr'><strong>hoc</strong></span> <span class='ocrx_word' id='word_1_131' title='bbox 439 1132 712 1177; x_wconf 89' lang='lat' dir='ltr'><strong>derisorium</strong></span> <span class='ocrx_word' id='word_1_132' title='bbox 738 1132 929 1186; x_wconf 90' lang='lat' dir='ltr'><strong>videtur,</strong></span> <span class='ocrx_word' id='word_1_133' title='bbox 948 1131 1070 1191; x_wconf 92' lang='lat' dir='ltr'><strong>quod</strong></span> <span class='ocrx_word' id='word_1_134' title='bbox 1098 1130 1239 1175; x_wconf 90' lang='lat' dir='ltr'><strong>adulti</strong></span> <span class='ocrx_word' id='word_1_135' title='bbox 1263 1131 1490 1190; x_wconf 89' lang='lat' dir='ltr'><strong>baptizati,</strong></span> <span class='ocrx_word' id='word_1_136' title='bbox 1509 1131 1586 1190; x_wconf 91' lang='lat' dir='ltr'><strong>qui</strong></span> <span class='ocrx_word' id='word_1_137' title='bbox 1607 1131 1781 1190; x_wconf 87' lang='lat' dir='ltr'><strong>seipsos</strong></span> <span class='ocrx_word' id='word_1_138' title='bbox 1807 1141 2059 1176; x_wconf 87' lang='lat' dir='ltr'><strong>sustentare</strong></span> <span class='ocrx_word' id='word_1_139' title='bbox 2084 1142 2289 1191; x_wconf 82' lang='lat' dir='ltr'><strong>possunt,</strong></span> 
     </span>
     <span class='ocr_line' id='line_1_15' title="bbox 323 1199 2290 1259; baseline -0.002 -11"><span class='ocrx_word' id='word_1_140' title='bbox 323 1213 368 1248; x_wconf 90' lang='lat' dir='ltr'><strong>et</strong></span> <span class='ocrx_word' id='word_1_141' title='bbox 392 1203 448 1248; x_wconf 91' lang='lat' dir='ltr'><strong>de</strong></span> <span class='ocrx_word' id='word_1_142' title='bbox 473 1217 606 1247; x_wconf 89' lang='lat' dir='ltr'><strong>sacro</strong></span> <span class='ocrx_word' id='word_1_143' title='bbox 631 1201 758 1247; x_wconf 87' lang='lat' dir='ltr'><strong>fonte</strong></span> <span class='ocrx_word' id='word_1_144' title='bbox 791 1202 927 1255; x_wconf 87' lang='lat' dir='ltr'><strong>exire,</strong></span> <span class='ocrx_word' id='word_1_145' title='bbox 955 1201 1008 1244; x_wconf 87' lang='lat' dir='ltr'><strong>ab</strong></span> <span class='ocrx_word' id='word_1_146' title='bbox 1037 1199 1128 1243; x_wconf 90' lang='lat' dir='ltr'><strong>alio</strong></span> <span class='ocrx_word' id='word_1_147' title='bbox 1162 1200 1487 1258; x_wconf 81' lang='lat' dir='ltr'><strong>suscipiantur3</strong></span> <span class='ocrx_word' id='word_1_148' title='bbox 1516 1213 1626 1258; x_wconf 91' lang='lat' dir='ltr'><strong>ergo</strong></span> <span class='ocrx_word' id='word_1_149' title='bbox 1653 1199 1844 1253; x_wconf 89' lang='lat' dir='ltr'><strong>videtur,</strong></span> <span class='ocrx_word' id='word_1_150' title='bbox 1870 1199 1994 1259; x_wconf 90' lang='lat' dir='ltr'><strong>quod</strong></span> <span class='ocrx_word' id='word_1_151' title='bbox 2019 1213 2115 1244; x_wconf 88' lang='lat' dir='ltr'><strong>non</strong></span> <span class='ocrx_word' id='word_1_152' title='bbox 2145 1200 2290 1259; x_wconf 86' lang='lat' dir='ltr'><strong>requi-</strong></span> 
     </span>
     <span class='ocr_line' id='line_1_16' title="bbox 321 1266 2289 1330; baseline -0.002 -15"><span class='ocrx_word' id='word_1_153' title='bbox 321 1279 445 1315; x_wconf 90' lang='lat' dir='ltr'><strong>ratur</strong></span> <span class='ocrx_word' id='word_1_154' title='bbox 472 1269 650 1330; x_wconf 90' lang='lat' dir='ltr'><strong>aliquis,</strong></span> <span class='ocrx_word' id='word_1_155' title='bbox 675 1269 917 1329; x_wconf 86' lang='lat' dir='ltr'><strong>praecipue</strong></span> <span class='ocrx_word' id='word_1_156' title='bbox 938 1267 985 1312; x_wconf 91' lang='lat' dir='ltr'><strong>in</strong></span> <span class='ocrx_word' id='word_1_157' title='bbox 1008 1267 1234 1326; x_wconf 88' lang='lat' dir='ltr'><strong>baptismo</strong></span> <span class='ocrx_word' id='word_1_158' title='bbox 1259 1266 1535 1320; x_wconf 88' lang='lat' dir='ltr'><strong>adultorum,</strong></span> <span class='ocrx_word' id='word_1_159' title='bbox 1547 1267 1625 1326; x_wconf 88' lang='lat' dir='ltr'><strong>qui</strong></span> <span class='ocrx_word' id='word_1_160' title='bbox 1639 1266 1919 1326; x_wconf 84' lang='lat' dir='ltr'><strong>baptizatum</strong></span> <span class='ocrx_word' id='word_1_161' title='bbox 1933 1267 1991 1312; x_wconf 84' lang='lat' dir='ltr'><strong>de</strong></span> <span class='ocrx_word' id='word_1_162' title='bbox 2009 1280 2141 1312; x_wconf 87' lang='lat' dir='ltr'><strong>sacro</strong></span> <span class='ocrx_word' id='word_1_163' title='bbox 2162 1267 2289 1312; x_wconf 83' lang='lat' dir='ltr'><strong>fonte</strong></span> 
     </span>
     <span class='ocr_line' id='line_1_17' title="bbox 324 1338 460 1384; baseline 0.007 -1"><span class='ocrx_word' id='word_1_164' title='bbox 324 1338 460 1384; x_wconf 89' lang='lat' dir='ltr'><strong>levet.</strong></span> 
     </span>
    </p>

    <p class='ocr_par' dir='ltr' id='par_1_5' title="bbox 324 1393 2352 1599">
     <span class='ocr_line' id='line_1_18' title="bbox 415 1393 2352 1461; baseline -0.002 -11"><span class='ocrx_word' id='word_1_165' title='bbox 415 1405 511 1450; x_wconf 78' lang='lat' dir='ltr'><strong>SED</strong></span> <span class='ocrx_word' id='word_1_166' title='bbox 539 1417 735 1449; x_wconf 78' lang='lat' dir='ltr'>CONTRA</span> <span class='ocrx_word' id='word_1_167' title='bbox 763 1413 843 1457; x_wconf 89' lang='lat' dir='ltr'><strong>est,</strong></span> <span class='ocrx_word' id='word_1_168' title='bbox 873 1401 995 1461; x_wconf 93' lang='lat' dir='ltr'><strong>quod</strong></span> <span class='ocrx_word' id='word_1_169' title='bbox 1021 1401 1214 1460; x_wconf 87' lang='lat' dir='ltr'><strong>Dionys.</strong></span> <span class='ocrx_word' id='word_1_170' title='bbox 1239 1400 1347 1445; x_wconf 92' lang='lat' dir='ltr'><strong>dicit</strong></span> <span class='ocrx_word' id='word_1_171' title='bbox 1373 1413 1413 1444; x_wconf 90' lang='lat'><strong>2.</strong></span> <span class='ocrx_word' id='word_1_172' title='bbox 1442 1414 1540 1459; x_wconf 92' lang='lat' dir='ltr'><strong>cap.</strong></span> <span class='ocrx_word' id='word_1_173' title='bbox 1567 1393 1691 1444; x_wconf 86' lang='lat' dir='ltr'><strong>Eccl.</strong></span> <span class='ocrx_word' id='word_1_174' title='bbox 1718 1400 1842 1445; x_wconf 90' lang='lat' dir='ltr'><strong>Hier.</strong></span> <span class='ocrx_word' id='word_1_175' title='bbox 1870 1401 1989 1459; x_wconf 78' lang='lat' dir='ltr'><strong>(ante</strong></span> <span class='ocrx_word' id='word_1_176' title='bbox 2012 1400 2290 1461; x_wconf 52' lang='grc' dir='ltr'><strong>’καθ-(μισεῖ</strong></span> <span class='ocrx_word' id='word_1_177' title='bbox 2348 1424 2352 1455; x_wconf 78' lang='lat'><em>5</em></span> 
     </span>
     <span class='ocr_line' id='line_1_19' title="bbox 329 1467 2352 1528; baseline -0 -15"><span class='ocrx_word' id='word_1_178' title='bbox 329 1489 351 1514; x_wconf 73' lang='grc' dir='ltr'><strong>(ε</strong></span> <span class='ocrx_word' id='word_1_179' title='bbox 377 1471 638 1517; x_wconf 88' lang='lat' dir='ltr'><strong>sacerdotes</strong></span> <span class='ocrx_word' id='word_1_180' title='bbox 671 1479 956 1516; x_wconf 88' lang='lat' dir='ltr'><strong>assumentes</strong></span> <span class='ocrx_word' id='word_1_181' title='bbox 972 1469 1268 1527; x_wconf 89' lang='lat' dir='ltr'><strong>baptizatum,</strong></span> <span class='ocrx_word' id='word_1_182' title='bbox 1285 1467 1468 1512; x_wconf 88' lang='lat' dir='ltr'><strong>tradunt</strong></span> <span class='ocrx_word' id='word_1_183' title='bbox 1485 1480 1591 1512; x_wconf 89' lang='lat' dir='ltr'><strong>eum</strong></span> <span class='ocrx_word' id='word_1_184' title='bbox 1610 1467 1667 1511; x_wconf 90' lang='lat' dir='ltr'><strong>ad</strong></span> <span class='ocrx_word' id='word_1_185' title='bbox 1684 1467 2006 1513; x_wconf 84' lang='lat' dir='ltr'><strong>educationem</strong></span> <span class='ocrx_word' id='word_1_186' title='bbox 2023 1468 2290 1528; x_wconf 77' lang='lat' dir='ltr'><strong>susceptori,</strong></span> <span class='ocrx_word' id='word_1_187' title='bbox 2349 1487 2352 1523; x_wconf 69' lang='lat'><em>2</em></span> 
     </span>
     <span class='ocr_line' id='line_1_20' title="bbox 324 1540 2352 1599; baseline -0.001 -15"><span class='ocrx_word' id='word_1_188' title='bbox 324 1550 369 1584; x_wconf 87' lang='lat' dir='ltr'><strong>et</strong></span> <span class='ocrx_word' id='word_1_189' title='bbox 394 1540 500 1584; x_wconf 84' lang='lat' dir='ltr'><strong>duci</strong></span> <span class='ocrx_word' id='word_1_190' title='bbox 521 1557 560 1583; x_wconf 88' lang='grc'><strong>&gt;).</strong></span> <span class='ocrx_word' id='word_1_191' title='bbox 1333 1555 1336 1558; x_wconf 81' lang='grc'><strong>’</strong></span> <span class='ocrx_word' id='word_1_192' title='bbox 2343 1566 2352 1599; x_wconf 64' lang='lat'>3</span> 
     </span>
    </p>

    <p class='ocr_par' dir='ltr' id='par_1_6' title="bbox 318 1601 2352 2678">
     <span class='ocr_line' id='line_1_21' title="bbox 411 1601 2286 1663; baseline -0.002 -12"><span class='ocrx_word' id='word_1_193' title='bbox 411 1607 700 1651; x_wconf 83' lang='lat' dir='ltr'><strong>RESPONDEO</strong></span> <span class='ocrx_word' id='word_1_194' title='bbox 719 1604 977 1658; x_wconf 87' lang='lat' dir='ltr'><strong>dicendum,</strong></span> <span class='ocrx_word' id='word_1_195' title='bbox 989 1603 1111 1663; x_wconf 92' lang='lat' dir='ltr'><strong>quod</strong></span> <span class='ocrx_word' id='word_1_196' title='bbox 1129 1601 1371 1663; x_wconf 87' lang='lat' dir='ltr'><strong>spiritualis</strong></span> <span class='ocrx_word' id='word_1_197' title='bbox 1382 1602 1682 1661; x_wconf 89' lang='lat' dir='ltr'><strong>regeneratio,</strong></span> <span class='ocrx_word' id='word_1_198' title='bbox 1694 1616 1814 1662; x_wconf 86' lang='lat' dir='ltr'><strong>quae</strong></span> <span class='ocrx_word' id='word_1_199' title='bbox 1832 1601 1883 1648; x_wconf 88' lang='lat' dir='ltr'><strong>fit</strong></span> <span class='ocrx_word' id='word_1_200' title='bbox 1898 1615 1979 1662; x_wconf 87' lang='lat' dir='ltr'><strong>per</strong></span> <span class='ocrx_word' id='word_1_201' title='bbox 1993 1602 2286 1662; x_wconf 81' lang='lat' dir='ltr'><strong>baptismum,</strong></span> 
     </span>
     <span class='ocr_line' id='line_1_22' title="bbox 324 1669 2352 1732; baseline -0.001 -13"><span class='ocrx_word' id='word_1_202' title='bbox 324 1674 599 1723; x_wconf 87' lang='lat' dir='ltr'><strong>assimilatur</strong></span> <span class='ocrx_word' id='word_1_203' title='bbox 622 1671 972 1732; x_wconf 60' lang='lat' dir='ltr'><strong>‘quodammodo</strong></span> <span class='ocrx_word' id='word_1_204' title='bbox 1000 1670 1287 1730; x_wconf 83' lang='lat' dir='ltr'><strong>generationi</strong></span> <span class='ocrx_word' id='word_1_205' title='bbox 1305 1670 1499 1716; x_wconf 88' lang='lat' dir='ltr'><strong>carnali:</strong></span> <span class='ocrx_word' id='word_1_206' title='bbox 1522 1669 1643 1714; x_wconf 92' lang='lat' dir='ltr'><strong>unde</strong></span> <span class='ocrx_word' id='word_1_207' title='bbox 1675 1670 1838 1714; x_wconf 85' lang='lat' dir='ltr'><strong>dicitur</strong></span> <span class='ocrx_word' id='word_1_208' title='bbox 1875 1683 1910 1714; x_wconf 91' lang='lat'><strong>1.</strong></span> <span class='ocrx_word' id='word_1_209' title='bbox 1937 1669 2060 1714; x_wconf 87' lang='lat' dir='ltr'><strong>Petri</strong></span> <span class='ocrx_word' id='word_1_210' title='bbox 2079 1683 2143 1716; x_wconf 83' lang='lat'><strong>2.:</strong></span> <span class='ocrx_word' id='word_1_211' title='bbox 2174 1671 2292 1716; x_wconf 81' lang='lat' dir='ltr'><strong>Sicut</strong></span> <span class='ocrx_word' id='word_1_212' title='bbox 2341 1671 2352 1703; x_wconf 62' lang='lat'><strong>¹</strong></span> 
     </span>
     <span class='ocr_line' id='line_1_23' title="bbox 322 1737 2291 1800; baseline -0.002 -14"><span class='ocrx_word' id='word_1_213' title='bbox 322 1742 442 1787; x_wconf 87' lang='lat' dir='ltr'><strong>modo</strong></span> <span class='ocrx_word' id='word_1_214' title='bbox 473 1742 602 1800; x_wconf 79' lang='lat' dir='ltr'><strong>geniti</strong></span> <span class='ocrx_word' id='word_1_215' title='bbox 633 1741 828 1796; x_wconf 77' lang='lat' dir='ltr'><strong>infantes,</strong></span> <span class='ocrx_word' id='word_1_216' title='bbox 861 1738 1146 1793; x_wconf 79' lang='lat' dir='ltr'><strong>rationabiles,</strong></span> <span class='ocrx_word' id='word_1_217' title='bbox 1170 1739 1257 1782; x_wconf 82' lang='lat' dir='ltr'><strong>sine</strong></span> <span class='ocrx_word' id='word_1_218' title='bbox 1288 1737 1396 1792; x_wconf 83' lang='lat' dir='ltr'><strong>dolo,</strong></span> <span class='ocrx_word' id='word_1_219' title='bbox 1422 1737 1486 1782; x_wconf 83' lang='lat' dir='ltr'><strong>lac</strong></span> <span class='ocrx_word' id='word_1_220' title='bbox 1509 1738 1796 1797; x_wconf 81' lang='lat' dir='ltr'><strong>concupiscite.</strong></span> <span class='ocrx_word' id='word_1_221' title='bbox 1817 1737 1871 1781; x_wconf 90' lang='lat' dir='ltr'><strong>In</strong></span> <span class='ocrx_word' id='word_1_222' title='bbox 1896 1738 2191 1796; x_wconf 76' lang='lat' dir='ltr'><strong>generatione</strong></span> <span class='ocrx_word' id='word_1_223' title='bbox 2217 1752 2291 1782; x_wconf 87' lang='lat' dir='ltr'><strong>au·</strong></span> 
     </span>
     <span class='ocr_line' id='line_1_24' title="bbox 322 1803 2292 1866; baseline -0.002 -13"><span class='ocrx_word' id='word_1_224' title='bbox 322 1819 418 1854; x_wconf 91' lang='lat' dir='ltr'><strong>tem</strong></span> <span class='ocrx_word' id='word_1_225' title='bbox 457 1807 628 1852; x_wconf 90' lang='lat' dir='ltr'><strong>carnali</strong></span> <span class='ocrx_word' id='word_1_226' title='bbox 664 1805 878 1866; x_wconf 87' lang='lat' dir='ltr'><strong>parvulus</strong></span> <span class='ocrx_word' id='word_1_227' title='bbox 907 1820 1052 1865; x_wconf 86' lang='lat' dir='ltr'><strong>nuper</strong></span> <span class='ocrx_word' id='word_1_228' title='bbox 1087 1814 1221 1849; x_wconf 90' lang='lat' dir='ltr'><strong>natus</strong></span> <span class='ocrx_word' id='word_1_229' title='bbox 1253 1805 1427 1863; x_wconf 88' lang='lat' dir='ltr'><strong>indiget</strong></span> <span class='ocrx_word' id='word_1_230' title='bbox 1462 1804 1653 1858; x_wconf 91' lang='lat' dir='ltr'><strong>nutrice,</strong></span> <span class='ocrx_word' id='word_1_231' title='bbox 1687 1814 1732 1848; x_wconf 93' lang='lat' dir='ltr'><strong>et</strong></span> <span class='ocrx_word' id='word_1_232' title='bbox 1766 1803 2064 1863; x_wconf 86' lang='lat' dir='ltr'><strong>paedagogo;</strong></span> <span class='ocrx_word' id='word_1_233' title='bbox 2099 1804 2220 1850; x_wconf 81' lang='lat' dir='ltr'><strong>unde</strong></span> <span class='ocrx_word' id='word_1_234' title='bbox 2246 1814 2292 1850; x_wconf 88' lang='lat' dir='ltr'><strong>et</strong></span> 
     </span>
     <span class='ocr_line' id='line_1_25' title="bbox 322 1870 2291 1934; baseline -0.002 -14"><span class='ocrx_word' id='word_1_235' title='bbox 322 1877 374 1920; x_wconf 71' lang='lat' dir='ltr'><strong>in‘</strong></span> <span class='ocrx_word' id='word_1_236' title='bbox 412 1875 633 1934; x_wconf 87' lang='lat' dir='ltr'><strong>spirituali</strong></span> <span class='ocrx_word' id='word_1_237' title='bbox 674 1874 968 1932; x_wconf 88' lang='lat' dir='ltr'><strong>generatione</strong></span> <span class='ocrx_word' id='word_1_238' title='bbox 999 1873 1214 1931; x_wconf 88' lang='lat' dir='ltr'><strong>baptismi</strong></span> <span class='ocrx_word' id='word_1_239' title='bbox 1245 1872 1486 1930; x_wconf 88' lang='lat' dir='ltr'><strong>requiritur</strong></span> <span class='ocrx_word' id='word_1_240' title='bbox 1518 1871 1696 1930; x_wconf 89' lang='lat' dir='ltr'><strong>aliquis,</strong></span> <span class='ocrx_word' id='word_1_241' title='bbox 1727 1872 1805 1931; x_wconf 92' lang='lat' dir='ltr'><strong>qui</strong></span> <span class='ocrx_word' id='word_1_242' title='bbox 1835 1870 2047 1930; x_wconf 85' lang='lat' dir='ltr'><strong>fungatur</strong></span> <span class='ocrx_word' id='word_1_243' title='bbox 2076 1871 2178 1921; x_wconf 84' lang='lat' dir='ltr'><strong>vice</strong></span> <span class='ocrx_word' id='word_1_244' title='bbox 2211 1886 2291 1916; x_wconf 84' lang='lat' dir='ltr'><strong>nu-</strong></span> 
     </span>
     <span class='ocr_line' id='line_1_26' title="bbox 323 1938 2289 2017; baseline -0.003 -29"><span class='ocrx_word' id='word_1_245' title='bbox 323 1944 460 1998; x_wconf 89' lang='lat' dir='ltr'><strong>tricis,</strong></span> <span class='ocrx_word' id='word_1_246' title='bbox 487 1954 532 1987; x_wconf 90' lang='lat' dir='ltr'><strong>et</strong></span> <span class='ocrx_word' id='word_1_247' title='bbox 557 1941 828 2017; x_wconf 81' lang='lat' dir='ltr'><strong>paedagogi,</strong></span> <span class='ocrx_word' id='word_1_248' title='bbox 854 1940 1162 1994; x_wconf 89' lang='lat' dir='ltr'><strong>informando,</strong></span> <span class='ocrx_word' id='word_1_249' title='bbox 1189 1949 1233 1984; x_wconf 94' lang='lat' dir='ltr'><strong>et</strong></span> <span class='ocrx_word' id='word_1_250' title='bbox 1258 1939 1520 1983; x_wconf 84' lang='lat' dir='ltr'><strong>instruendo</strong></span> <span class='ocrx_word' id='word_1_251' title='bbox 1555 1953 1676 1994; x_wconf 88' lang='lat' dir='ltr'><strong>eum,</strong></span> <span class='ocrx_word' id='word_1_252' title='bbox 1709 1938 1839 1998; x_wconf 86' lang='lat' dir='ltr'><strong>quasi</strong></span> <span class='ocrx_word' id='word_1_253' title='bbox 1862 1938 2088 1983; x_wconf 89' lang='lat' dir='ltr'><strong>noviti-um</strong></span> <span class='ocrx_word' id='word_1_254' title='bbox 2114 1939 2162 1982; x_wconf 88' lang='lat' dir='ltr'><strong>in</strong></span> <span class='ocrx_word' id='word_1_255' title='bbox 2186 1939 2289 1995; x_wconf 87' lang='lat' dir='ltr'><strong>fide,</strong></span> 
     </span>
     <span class='ocr_line' id='line_1_27' title="bbox 325 2005 2291 2069; baseline -0.003 -14"><span class='ocrx_word' id='word_1_256' title='bbox 325 2011 380 2055; x_wconf 92' lang='lat' dir='ltr'><strong>de</strong></span> <span class='ocrx_word' id='word_1_257' title='bbox 406 2011 477 2054; x_wconf 91' lang='lat' dir='ltr'><strong>his</strong></span> <span class='ocrx_word' id='word_1_258' title='bbox 505 2024 620 2069; x_wconf 89' lang='lat' dir='ltr'><strong>quae</strong></span> <span class='ocrx_word' id='word_1_259' title='bbox 643 2009 869 2068; x_wconf 90' lang='lat' dir='ltr'><strong>pertinent</strong></span> <span class='ocrx_word' id='word_1_260' title='bbox 895 2008 949 2051; x_wconf 90' lang='lat' dir='ltr'><strong>ad</strong></span> <span class='ocrx_word' id='word_1_261' title='bbox 976 2008 1128 2061; x_wconf 89' lang='lat' dir='ltr'><strong>fidem,</strong></span> <span class='ocrx_word' id='word_1_262' title='bbox 1157 2017 1201 2052; x_wconf 91' lang='lat' dir='ltr'><strong>et</strong></span> <span class='ocrx_word' id='word_1_263' title='bbox 1225 2007 1366 2051; x_wconf 89' lang='lat' dir='ltr'><strong>vitam</strong></span> <span class='ocrx_word' id='word_1_264' title='bbox 1411 2006 1730 2060; x_wconf 81' lang='lat' dir='ltr'><strong>christianam3</strong></span> <span class='ocrx_word' id='word_1_265' title='bbox 1757 2006 1813 2050; x_wconf 90' lang='lat' dir='ltr'><strong>ad</strong></span> <span class='ocrx_word' id='word_1_266' title='bbox 1839 2005 1962 2064; x_wconf 90' lang='lat' dir='ltr'><strong>quod</strong></span> <span class='ocrx_word' id='word_1_267' title='bbox 1987 2005 2178 2065; x_wconf 85' lang='lat' dir='ltr'><strong>praelati</strong></span> <span class='ocrx_word' id='word_1_268' title='bbox 2209 2006 2291 2050; x_wconf 86' lang='lat' dir='ltr'><strong>Ec-</strong></span> 
     </span>
     <span class='ocr_line' id='line_1_28' title="bbox 327 2073 2292 2135; baseline -0.002 -13"><span class='ocrx_word' id='word_1_269' title='bbox 327 2078 493 2123; x_wconf 89' lang='lat' dir='ltr'><strong>clesiae</strong></span> <span class='ocrx_word' id='word_1_270' title='bbox 509 2091 673 2121; x_wconf 87' lang='lat' dir='ltr'><strong>vacare</strong></span> <span class='ocrx_word' id='word_1_271' title='bbox 690 2091 784 2120; x_wconf 93' lang='lat' dir='ltr'><strong>non</strong></span> <span class='ocrx_word' id='word_1_272' title='bbox 802 2086 1006 2135; x_wconf 89' lang='lat' dir='ltr'><strong>possunt,</strong></span> <span class='ocrx_word' id='word_1_273' title='bbox 1026 2077 1146 2119; x_wconf 87' lang='lat' dir='ltr'><strong>circa</strong></span> <span class='ocrx_word' id='word_1_274' title='bbox 1173 2089 1470 2119; x_wconf 90' lang='lat' dir='ltr'><strong>communem</strong></span> <span class='ocrx_word' id='word_1_275' title='bbox 1499 2088 1655 2118; x_wconf 88' lang='lat' dir='ltr'><strong>curam</strong></span> <span class='ocrx_word' id='word_1_276' title='bbox 1678 2073 1837 2133; x_wconf 89' lang='lat' dir='ltr'><strong>populi</strong></span> <span class='ocrx_word' id='word_1_277' title='bbox 1854 2074 2090 2133; x_wconf 81' lang='lat' dir='ltr'><strong>occupati;</strong></span> <span class='ocrx_word' id='word_1_278' title='bbox 2104 2074 2292 2135; x_wconf 75' lang='lat' dir='ltr'><strong>parvuli</strong></span> 
     </span>
     <span class='ocr_line' id='line_1_29' title="bbox 330 2140 2288 2219; baseline -0.002 -30"><span class='ocrx_word' id='word_1_279' title='bbox 330 2146 453 2189; x_wconf 88' lang='lat' dir='ltr'><strong>enim</strong></span> <span class='ocrx_word' id='word_1_280' title='bbox 476 2155 520 2189; x_wconf 93' lang='lat' dir='ltr'><strong>et</strong></span> <span class='ocrx_word' id='word_1_281' title='bbox 535 2144 696 2188; x_wconf 87' lang='lat' dir='ltr'><strong>novitii</strong></span> <span class='ocrx_word' id='word_1_282' title='bbox 712 2143 919 2219; x_wconf 88' lang='lat' dir='ltr'><strong>indigent</strong></span> <span class='ocrx_word' id='word_1_283' title='bbox 944 2142 1131 2202; x_wconf 89' lang='lat' dir='ltr'><strong>speciali</strong></span> <span class='ocrx_word' id='word_1_284' title='bbox 1157 2157 1264 2186; x_wconf 88' lang='lat' dir='ltr'><strong>cura</strong></span> <span class='ocrx_word' id='word_1_285' title='bbox 1291 2151 1468 2201; x_wconf 89' lang='lat' dir='ltr'><strong>praeter</strong></span> <span class='ocrx_word' id='word_1_286' title='bbox 1494 2155 1819 2186; x_wconf 88' lang='lat' dir='ltr'><strong>communem:</strong></span> <span class='ocrx_word' id='word_1_287' title='bbox 1842 2150 1888 2185; x_wconf 90' lang='lat' dir='ltr'><strong>et</strong></span> <span class='ocrx_word' id='word_1_288' title='bbox 1905 2140 2014 2185; x_wconf 85' lang='lat' dir='ltr'><strong>ideo</strong></span> <span class='ocrx_word' id='word_1_289' title='bbox 2033 2141 2288 2201; x_wconf 86' lang='lat' dir='ltr'><strong>requiritur,</strong></span> 
     </span>
     <span class='ocr_line' id='line_1_30' title="bbox 320 2207 2290 2271; baseline 0.001 -19"><span class='ocrx_word' id='word_1_290' title='bbox 320 2213 452 2271; x_wconf 92' lang='lat' dir='ltr'><strong>.quod</strong></span> <span class='ocrx_word' id='word_1_291' title='bbox 471 2211 632 2270; x_wconf 90' lang='lat' dir='ltr'><strong>aliquis</strong></span> <span class='ocrx_word' id='word_1_292' title='bbox 655 2210 872 2269; x_wconf 90' lang='lat' dir='ltr'><strong>suscipiat</strong></span> <span class='ocrx_word' id='word_1_293' title='bbox 886 2210 1166 2268; x_wconf 88' lang='lat' dir='ltr'><strong>baptizatum</strong></span> <span class='ocrx_word' id='word_1_294' title='bbox 1184 2210 1239 2253; x_wconf 90' lang='lat' dir='ltr'><strong>de</strong></span> <span class='ocrx_word' id='word_1_295' title='bbox 1257 2223 1386 2253; x_wconf 87' lang='lat' dir='ltr'><strong>sacro</strong></span> <span class='ocrx_word' id='word_1_296' title='bbox 1413 2209 1554 2263; x_wconf 91' lang='lat' dir='ltr'><strong>fonte,</strong></span> <span class='ocrx_word' id='word_1_297' title='bbox 1573 2208 1702 2267; x_wconf 88' lang='lat' dir='ltr'><strong>quasi</strong></span> <span class='ocrx_word' id='word_1_298' title='bbox 1717 2208 1764 2252; x_wconf 89' lang='lat' dir='ltr'><strong>in</strong></span> <span class='ocrx_word' id='word_1_299' title='bbox 1781 2220 1912 2252; x_wconf 84' lang='lat' dir='ltr'><strong>suam</strong></span> <span class='ocrx_word' id='word_1_300' title='bbox 1928 2207 2290 2264; x_wconf 77' lang='lat' dir='ltr'><strong>instructionem,</strong></span> 
     </span>
     <span class='ocr_line' id='line_1_31' title="bbox 329 2275 2290 2336; baseline -0.001 -12"><span class='ocrx_word' id='word_1_301' title='bbox 329 2290 374 2324; x_wconf 89' lang='lat' dir='ltr'><strong>et</strong></span> <span class='ocrx_word' id='word_1_302' title='bbox 397 2278 610 2332; x_wconf 83' lang='lat' dir='ltr'><strong>tutelam3</strong></span> <span class='ocrx_word' id='word_1_303' title='bbox 638 2288 682 2322; x_wconf 91' lang='lat' dir='ltr'><strong>et</strong></span> <span class='ocrx_word' id='word_1_304' title='bbox 707 2278 797 2321; x_wconf 93' lang='lat' dir='ltr'><strong>hoc</strong></span> <span class='ocrx_word' id='word_1_305' title='bbox 826 2287 894 2322; x_wconf 92' lang='lat' dir='ltr'><strong>est</strong></span> <span class='ocrx_word' id='word_1_306' title='bbox 919 2278 1040 2336; x_wconf 92' lang='lat' dir='ltr'><strong>quod</strong></span> <span class='ocrx_word' id='word_1_307' title='bbox 1066 2278 1259 2336; x_wconf 90' lang='lat' dir='ltr'><strong>Dionys.</strong></span> <span class='ocrx_word' id='word_1_308' title='bbox 1288 2277 1396 2320; x_wconf 91' lang='lat' dir='ltr'><strong>dicit</strong></span> <span class='ocrx_word' id='word_1_309' title='bbox 1422 2276 1499 2320; x_wconf 89' lang='lat' dir='ltr'><strong>ult.</strong></span> <span class='ocrx_word' id='word_1_310' title='bbox 1535 2291 1632 2335; x_wconf 88' lang='lat' dir='ltr'><strong>cap.</strong></span> <span class='ocrx_word' id='word_1_311' title='bbox 1660 2276 1834 2321; x_wconf 82' lang='lat' dir='ltr'><strong>Eccles.</strong></span> <span class='ocrx_word' id='word_1_312' title='bbox 1861 2275 2099 2322; x_wconf 77' lang='lat' dir='ltr'><strong>Hierarch.</strong></span> <span class='ocrx_word' id='word_1_313' title='bbox 2126 2276 2290 2334; x_wconf 76' lang='lat' dir='ltr'><strong>(versus</strong></span> 
     </span>
     <span class='ocr_line' id='line_1_32' title="bbox 318 2343 2290 2407; baseline -0.001 -16"><span class='ocrx_word' id='word_1_314' title='bbox 318 2348 440 2407; x_wconf 86' lang='lat' dir='ltr'><strong>fin.).·</strong></span> <span class='ocrx_word' id='word_1_315' title='bbox 467 2362 491 2387; x_wconf 71' lang='lat' dir='ltr'><strong>&lt;c</strong></span> <span class='ocrx_word' id='word_1_316' title='bbox 511 2345 690 2389; x_wconf 92' lang='lat' dir='ltr'><strong>Divinis</strong></span> <span class='ocrx_word' id='word_1_317' title='bbox 716 2345 882 2389; x_wconf 88' lang='lat' dir='ltr'><strong>nostris</strong></span> <span class='ocrx_word' id='word_1_318' title='bbox 900 2345 1086 2388; x_wconf 87' lang='lat' dir='ltr'><strong>ducibus</strong></span> <span class='ocrx_word' id='word_1_319' title='bbox 1106 2345 1242 2402; x_wconf 88' lang='lat' dir='ltr'><strong>(idest</strong></span> <span class='ocrx_word' id='word_1_320' title='bbox 1257 2343 1498 2403; x_wconf 88' lang='lat' dir='ltr'><strong>apostolis)</strong></span> <span class='ocrx_word' id='word_1_321' title='bbox 1526 2343 1582 2387; x_wconf 92' lang='lat' dir='ltr'><strong>ad</strong></span> <span class='ocrx_word' id='word_1_322' title='bbox 1608 2353 1810 2388; x_wconf 88' lang='lat' dir='ltr'><strong>mentem</strong></span> <span class='ocrx_word' id='word_1_323' title='bbox 1826 2343 1964 2397; x_wconf 84' lang='lat' dir='ltr'><strong>venit,</strong></span> <span class='ocrx_word' id='word_1_324' title='bbox 1983 2353 2028 2388; x_wconf 88' lang='lat' dir='ltr'><strong>et</strong></span> <span class='ocrx_word' id='word_1_325' title='bbox 2047 2343 2199 2390; x_wconf 88' lang='lat' dir='ltr'><strong>visum</strong></span> <span class='ocrx_word' id='word_1_326' title='bbox 2220 2354 2290 2390; x_wconf 91' lang='lat' dir='ltr'><strong>est</strong></span> 
     </span>
     <span class='ocr_line' id='line_1_33' title="bbox 328 2410 2291 2473; baseline -0.002 -14"><span class='ocrx_word' id='word_1_327' title='bbox 328 2414 558 2473; x_wconf 87' lang='lat' dir='ltr'><strong>suscipere</strong></span> <span class='ocrx_word' id='word_1_328' title='bbox 583 2411 776 2456; x_wconf 90' lang='lat' dir='ltr'><strong>infantes</strong></span> <span class='ocrx_word' id='word_1_329' title='bbox 809 2412 1064 2458; x_wconf 89' lang='lat' dir='ltr'><strong>secundum</strong></span> <span class='ocrx_word' id='word_1_330' title='bbox 1096 2413 1232 2456; x_wconf 89' lang='lat' dir='ltr'><strong>istum</strong></span> <span class='ocrx_word' id='word_1_331' title='bbox 1265 2420 1473 2456; x_wconf 87' lang='lat' dir='ltr'><strong>sanctum</strong></span> <span class='ocrx_word' id='word_1_332' title='bbox 1505 2410 1712 2464; x_wconf 89' lang='lat' dir='ltr'><strong>modum,</strong></span> <span class='ocrx_word' id='word_1_333' title='bbox 1746 2411 1868 2469; x_wconf 90' lang='lat' dir='ltr'><strong>quod</strong></span> <span class='ocrx_word' id='word_1_334' title='bbox 1896 2410 2129 2456; x_wconf 83' lang='lat' dir='ltr'><strong>naturales</strong></span> <span class='ocrx_word' id='word_1_335' title='bbox 2161 2411 2291 2470; x_wconf 89' lang='lat' dir='ltr'><strong>pueri</strong></span> 
     </span>
     <span class='ocr_line' id='line_1_34' title="bbox 329 2478 2290 2542; baseline -0.001 -16"><span class='ocrx_word' id='word_1_336' title='bbox 329 2491 537 2542; x_wconf 89' lang='lat' dir='ltr'><strong>parentes</strong></span> <span class='ocrx_word' id='word_1_337' title='bbox 563 2479 792 2524; x_wconf 89' lang='lat' dir='ltr'><strong>traderent</strong></span> <span class='ocrx_word' id='word_1_338' title='bbox 817 2494 1010 2538; x_wconf 90' lang='lat' dir='ltr'><strong>puer-um</strong></span> <span class='ocrx_word' id='word_1_339' title='bbox 1037 2479 1219 2523; x_wconf 88' lang='lat' dir='ltr'><strong>cuidam</strong></span> <span class='ocrx_word' id='word_1_340' title='bbox 1246 2478 1383 2523; x_wconf 92' lang='lat' dir='ltr'><strong>docto</strong></span> <span class='ocrx_word' id='word_1_341' title='bbox 1411 2479 1458 2521; x_wconf 90' lang='lat' dir='ltr'><strong>in</strong></span> <span class='ocrx_word' id='word_1_342' title='bbox 1484 2478 1647 2522; x_wconf 89' lang='lat' dir='ltr'><strong>divinis</strong></span> <span class='ocrx_word' id='word_1_343' title='bbox 1679 2478 1968 2537; x_wconf 90' lang='lat' dir='ltr'><strong>paedagogo,</strong></span> <span class='ocrx_word' id='word_1_344' title='bbox 1994 2486 2038 2522; x_wconf 88' lang='lat' dir='ltr'><strong>et</strong></span> <span class='ocrx_word' id='word_1_345' title='bbox 2062 2478 2290 2539; x_wconf 84' lang='lat' dir='ltr'><strong>reliquum</strong></span> 
     </span>
     <span class='ocr_line' id='line_1_35' title="bbox 326 2544 2292 2628; baseline -0.001 -34"><span class='ocrx_word' id='word_1_346' title='bbox 326 2551 408 2595; x_wconf 92' lang='lat' dir='ltr'><strong>sub</strong></span> <span class='ocrx_word' id='word_1_347' title='bbox 441 2551 539 2608; x_wconf 89' lang='lat' dir='ltr'><strong>ipso</strong></span> <span class='ocrx_word' id='word_1_348' title='bbox 572 2561 685 2606; x_wconf 87' lang='lat' dir='ltr'><strong>puer</strong></span> <span class='ocrx_word' id='word_1_349' title='bbox 717 2556 886 2606; x_wconf 91' lang='lat' dir='ltr'><strong>ageret,</strong></span> <span class='ocrx_word' id='word_1_350' title='bbox 918 2547 1036 2590; x_wconf 90' lang='lat' dir='ltr'><strong>sicut</strong></span> <span class='ocrx_word' id='word_1_351' title='bbox 1071 2546 1152 2590; x_wconf 91' lang='lat' dir='ltr'><strong>sub</strong></span> <span class='ocrx_word' id='word_1_352' title='bbox 1190 2545 1344 2590; x_wconf 91' lang='lat' dir='ltr'><strong>divino</strong></span> <span class='ocrx_word' id='word_1_353' title='bbox 1377 2555 1517 2605; x_wconf 89' lang='lat' dir='ltr'><strong>patre,</strong></span> <span class='ocrx_word' id='word_1_354' title='bbox 1554 2554 1599 2590; x_wconf 86' lang='lat' dir='ltr'><strong>et</strong></span> <span class='ocrx_word' id='word_1_355' title='bbox 1634 2544 1898 2590; x_wconf 87' lang='lat' dir='ltr'><strong>salvationis</strong></span> <span class='ocrx_word' id='word_1_356' title='bbox 1928 2555 2114 2592; x_wconf 81' lang='lat' dir='ltr'><strong>sanctae</strong></span> <span class='ocrx_word' id='word_1_357' title='bbox 2144 2560 2292 2628; x_wconf 75' lang='lat' dir='ltr'><strong>susce·</strong></span> 
     </span>
     <span class='ocr_line' id='line_1_36' title="bbox 328 2628 525 2678; baseline -0.02 -16"><span class='ocrx_word' id='word_1_358' title='bbox 328 2628 458 2678; x_wconf 83' lang='lat' dir='ltr'><strong>ptore</strong></span> <span class='ocrx_word' id='word_1_359' title='bbox 484 2633 525 2659; x_wconf 87' lang='grc'><strong>)).</strong></span> 
     </span>
    </p>

    <p class='ocr_par' dir='ltr' id='par_1_7' title="bbox 316 2679 2352 2895">
     <span class='ocr_line' id='line_1_37' title="bbox 415 2679 2352 2742; baseline -0.001 -13"><span class='ocrx_word' id='word_1_360' title='bbox 415 2685 492 2729; x_wconf 86' lang='lat' dir='ltr'><strong>AD</strong></span> <span class='ocrx_word' id='word_1_361' title='bbox 523 2696 712 2728; x_wconf 82' lang='lat' dir='ltr'><strong>PRIMUM</strong></span> <span class='ocrx_word' id='word_1_362' title='bbox 744 2696 854 2741; x_wconf 74' lang='lat' dir='ltr'><strong>engo</strong></span> <span class='ocrx_word' id='word_1_363' title='bbox 889 2681 1150 2734; x_wconf 89' lang='lat' dir='ltr'><strong>dicendum,</strong></span> <span class='ocrx_word' id='word_1_364' title='bbox 1185 2680 1306 2740; x_wconf 89' lang='lat' dir='ltr'><strong>quod</strong></span> <span class='ocrx_word' id='word_1_365' title='bbox 1350 2679 1557 2724; x_wconf 88' lang='lat' dir='ltr'><strong>Christus</strong></span> <span class='ocrx_word' id='word_1_366' title='bbox 1589 2694 1683 2724; x_wconf 92' lang='lat' dir='ltr'><strong>non</strong></span> <span class='ocrx_word' id='word_1_367' title='bbox 1717 2689 1783 2725; x_wconf 91' lang='lat' dir='ltr'><strong>est</strong></span> <span class='ocrx_word' id='word_1_368' title='bbox 1813 2680 2080 2740; x_wconf 82' lang='lat' dir='ltr'><strong>baptizatus,</strong></span> <span class='ocrx_word' id='word_1_369' title='bbox 2107 2690 2161 2727; x_wconf 89' lang='lat' dir='ltr'><strong>ut</strong></span> <span class='ocrx_word' id='word_1_370' title='bbox 2186 2681 2288 2742; x_wconf 83' lang='lat' dir='ltr'><strong>ipse</strong></span> <span class='ocrx_word' id='word_1_371' title='bbox 2334 2694 2352 2727; x_wconf 58' lang='lat'>³</span> 
     </span>
     <span class='ocr_line' id='line_1_38' title="bbox 326 2741 2352 2818; baseline -0.001 -21"><span class='ocrx_word' id='word_1_372' title='bbox 326 2761 684 2810; x_wconf 85' lang='lat' dir='ltr'><strong>regeneraretur,</strong></span> <span class='ocrx_word' id='word_1_373' title='bbox 711 2749 789 2794; x_wconf 93' lang='lat' dir='ltr'><strong>sed</strong></span> <span class='ocrx_word' id='word_1_374' title='bbox 816 2758 864 2792; x_wconf 91' lang='lat' dir='ltr'><strong>ut</strong></span> <span class='ocrx_word' id='word_1_375' title='bbox 892 2747 1005 2792; x_wconf 86' lang='lat' dir='ltr'><strong>alios</strong></span> <span class='ocrx_word' id='word_1_376' title='bbox 1031 2757 1344 2807; x_wconf 89' lang='lat' dir='ltr'><strong>regeneraret;</strong></span> <span class='ocrx_word' id='word_1_377' title='bbox 1362 2757 1406 2791; x_wconf 91' lang='lat' dir='ltr'><strong>et</strong></span> <span class='ocrx_word' id='word_1_378' title='bbox 1427 2748 1529 2792; x_wconf 88' lang='lat' dir='ltr'><strong>ideo</strong></span> <span class='ocrx_word' id='word_1_379' title='bbox 1554 2757 1658 2807; x_wconf 93' lang='lat' dir='ltr'><strong>post</strong></span> <span class='ocrx_word' id='word_1_380' title='bbox 1682 2747 1958 2807; x_wconf 89' lang='lat' dir='ltr'><strong>baptismum</strong></span> <span class='ocrx_word' id='word_1_381' title='bbox 1980 2762 2076 2794; x_wconf 88' lang='lat' dir='ltr'><strong>non</strong></span> <span class='ocrx_word' id='word_1_382' title='bbox 2094 2748 2345 2818; x_wconf 80' lang='lat' dir='ltr'><strong>indiguit</strong></span> <span class='ocrx_word' id='word_1_383' title='bbox 2326 2741 2352 2801; x_wconf 90' lang='lat'><em>5</em></span> 
     </span>
     <span class='ocr_line' id='line_1_39' title="bbox 316 2810 2347 2895; baseline -0.006 -31"><span class='ocrx_word' id='word_1_384' title='bbox 316 2810 613 2880; x_wconf 85' lang='lat' dir='ltr'><strong>paedagogo,</strong></span> <span class='ocrx_word' id='word_1_385' title='bbox 640 2827 857 2876; x_wconf 89' lang='lat' dir='ltr'><strong>tanquam</strong></span> <span class='ocrx_word' id='word_1_386' title='bbox 885 2814 1110 2875; x_wconf 90' lang='lat' dir='ltr'><strong>parvulus.</strong></span> <span class='ocrx_word' id='word_1_387' title='bbox 2322 2824 2347 2895; x_wconf 58' lang='grc' dir='ltr'>Ξ</span> 
     </span>
    </p>

    <p class='ocr_par' dir='ltr' id='par_1_8' title="bbox 326 2881 2352 3268">
     <span class='ocr_line' id='line_1_40' title="bbox 419 2881 2341 2942; baseline -0.001 -11"><span class='ocrx_word' id='word_1_388' title='bbox 419 2887 494 2931; x_wconf 87' lang='lat' dir='ltr'><strong>AD</strong></span> <span class='ocrx_word' id='word_1_389' title='bbox 522 2898 782 2931; x_wconf 78' lang='lat' dir='ltr'>SECUNDUM</span> <span class='ocrx_word' id='word_1_390' title='bbox 809 2882 1068 2936; x_wconf 89' lang='lat' dir='ltr'><strong>dicendum,</strong></span> <span class='ocrx_word' id='word_1_391' title='bbox 1096 2882 1218 2941; x_wconf 91' lang='lat' dir='ltr'><strong>quod</strong></span> <span class='ocrx_word' id='word_1_392' title='bbox 1251 2883 1294 2925; x_wconf 89' lang='lat' dir='ltr'><strong>in</strong></span> <span class='ocrx_word' id='word_1_393' title='bbox 1322 2882 1616 2940; x_wconf 84' lang='lat' dir='ltr'><strong>generatione</strong></span> <span class='ocrx_word' id='word_1_394' title='bbox 1644 2881 1816 2926; x_wconf 87' lang='lat' dir='ltr'><strong>carnali</strong></span> <span class='ocrx_word' id='word_1_395' title='bbox 1840 2895 1936 2927; x_wconf 88' lang='lat' dir='ltr'><strong>non</strong></span> <span class='ocrx_word' id='word_1_396' title='bbox 1960 2882 2203 2942; x_wconf 81' lang='lat' dir='ltr'><strong>requiritur</strong></span> <span class='ocrx_word' id='word_1_397' title='bbox 2223 2897 2289 2929; x_wconf 84' lang='lat' dir='ltr'><strong>ex</strong></span> <span class='ocrx_word' id='word_1_398' title='bbox 2329 2890 2341 2941; x_wconf 87' lang='lat'>3</span> 
     </span>
     <span class='ocr_line' id='line_1_41' title="bbox 326 2948 2290 3027; baseline -0.002 -28"><span class='ocrx_word' id='word_1_399' title='bbox 326 2953 598 2999; x_wconf 89' lang='lat' dir='ltr'><strong>necessitate</strong></span> <span class='ocrx_word' id='word_1_400' title='bbox 624 2952 710 2996; x_wconf 87' lang='lat' dir='ltr'><strong>nisi</strong></span> <span class='ocrx_word' id='word_1_401' title='bbox 736 2961 876 3027; x_wconf 70' lang='lat' dir='ltr'><strong>pater,</strong></span> <span class='ocrx_word' id='word_1_402' title='bbox 895 2960 938 2994; x_wconf 91' lang='lat' dir='ltr'><strong>et</strong></span> <span class='ocrx_word' id='word_1_403' title='bbox 956 2959 1122 2994; x_wconf 86' lang='lat' dir='ltr'><strong>mater:</strong></span> <span class='ocrx_word' id='word_1_404' title='bbox 1143 2950 1221 2993; x_wconf 91' lang='lat' dir='ltr'><strong>sed</strong></span> <span class='ocrx_word' id='word_1_405' title='bbox 1249 2949 1303 2993; x_wconf 88' lang='lat' dir='ltr'><strong>ad</strong></span> <span class='ocrx_word' id='word_1_406' title='bbox 1331 2948 1512 2992; x_wconf 89' lang='lat' dir='ltr'><strong>facilem</strong></span> <span class='ocrx_word' id='word_1_407' title='bbox 1540 2959 1734 3007; x_wconf 87' lang='lat' dir='ltr'><strong>partum,</strong></span> <span class='ocrx_word' id='word_1_408' title='bbox 1753 2959 1798 2994; x_wconf 90' lang='lat' dir='ltr'><strong>et</strong></span> <span class='ocrx_word' id='word_1_409' title='bbox 1819 2949 2140 2995; x_wconf 84' lang='lat' dir='ltr'><strong>educationem</strong></span> <span class='ocrx_word' id='word_1_410' title='bbox 2159 2950 2290 3027; x_wconf 83' lang='lat' dir='ltr'><strong>pueri</strong></span> 
     </span>
     <span class='ocr_line' id='line_1_42' title="bbox 328 3016 2333 3077; baseline -0 -11"><span class='ocrx_word' id='word_1_411' title='bbox 328 3021 679 3066; x_wconf 85' lang='lat' dir='ltr'><strong>convenientem</strong></span> <span class='ocrx_word' id='word_1_412' title='bbox 706 3018 945 3077; x_wconf 88' lang='lat' dir='ltr'><strong>requiritur</strong></span> <span class='ocrx_word' id='word_1_413' title='bbox 973 3016 1200 3070; x_wconf 85' lang='lat' dir='ltr'><strong>obstetrix,</strong></span> <span class='ocrx_word' id='word_1_414' title='bbox 1229 3027 1270 3060; x_wconf 89' lang='lat' dir='ltr'><strong>et</strong></span> <span class='ocrx_word' id='word_1_415' title='bbox 1297 3017 1459 3070; x_wconf 87' lang='lat' dir='ltr'><strong>nutrix,</strong></span> <span class='ocrx_word' id='word_1_416' title='bbox 1488 3027 1532 3060; x_wconf 91' lang='lat' dir='ltr'><strong>et</strong></span> <span class='ocrx_word' id='word_1_417' title='bbox 1564 3016 1881 3075; x_wconf 85' lang='lat' dir='ltr'><strong>paedagogus:</strong></span> <span class='ocrx_word' id='word_1_418' title='bbox 1908 3030 2107 3076; x_wconf 87' lang='lat' dir='ltr'><strong>quorum</strong></span> <span class='ocrx_word' id='word_1_419' title='bbox 2136 3017 2288 3063; x_wconf 80' lang='lat' dir='ltr'><strong>vicem</strong></span> <span class='ocrx_word' id='word_1_420' title='bbox 2324 3023 2333 3066; x_wconf 71' lang='grc' dir='ltr'>ἑ</span> 
     </span>
     <span class='ocr_line' id='line_1_43' title="bbox 329 3083 2289 3148; baseline -0.002 -15"><span class='ocrx_word' id='word_1_421' title='bbox 329 3088 489 3148; x_wconf 86' lang='lat' dir='ltr'><strong>implet</strong></span> <span class='ocrx_word' id='word_1_422' title='bbox 520 3088 567 3131; x_wconf 92' lang='lat' dir='ltr'><strong>in</strong></span> <span class='ocrx_word' id='word_1_423' title='bbox 593 3087 819 3146; x_wconf 88' lang='lat' dir='ltr'><strong>baptismo</strong></span> <span class='ocrx_word' id='word_1_424' title='bbox 847 3083 937 3139; x_wconf 88' lang='lat' dir='ltr'><strong>ille,</strong></span> <span class='ocrx_word' id='word_1_425' title='bbox 971 3084 1046 3142; x_wconf 89' lang='lat' dir='ltr'><strong>qui</strong></span> <span class='ocrx_word' id='word_1_426' title='bbox 1079 3098 1269 3142; x_wconf 88' lang='lat' dir='ltr'><strong>puerum</strong></span> <span class='ocrx_word' id='word_1_427' title='bbox 1297 3083 1351 3127; x_wconf 89' lang='lat' dir='ltr'><strong>de</strong></span> <span class='ocrx_word' id='word_1_428' title='bbox 1384 3098 1514 3127; x_wconf 89' lang='lat' dir='ltr'><strong>sacro</strong></span> <span class='ocrx_word' id='word_1_429' title='bbox 1542 3083 1667 3127; x_wconf 91' lang='lat' dir='ltr'><strong>fonte</strong></span> <span class='ocrx_word' id='word_1_430' title='bbox 1694 3083 1837 3128; x_wconf 85' lang='lat' dir='ltr'><strong>levat:</strong></span> <span class='ocrx_word' id='word_1_431' title='bbox 1865 3084 1983 3128; x_wconf 91' lang='lat' dir='ltr'><strong>unde</strong></span> <span class='ocrx_word' id='word_1_432' title='bbox 2009 3097 2103 3128; x_wconf 91' lang='lat' dir='ltr'><strong>non</strong></span> <span class='ocrx_word' id='word_1_433' title='bbox 2134 3094 2204 3130; x_wconf 85' lang='lat' dir='ltr'><strong>est</strong></span> <span class='ocrx_word' id='word_1_434' title='bbox 2232 3085 2289 3130; x_wconf 89' lang='lat' dir='ltr'><strong>de</strong></span> 
     </span>
     <span class='ocr_line' id='line_1_44' title="bbox 328 3150 2289 3210; baseline -0.001 -10"><span class='ocrx_word' id='word_1_435' title='bbox 328 3155 598 3200; x_wconf 89' lang='lat' dir='ltr'><strong>necessitate</strong></span> <span class='ocrx_word' id='word_1_436' title='bbox 625 3151 918 3206; x_wconf 87' lang='lat' dir='ltr'><strong>sacramenti;</strong></span> <span class='ocrx_word' id='word_1_437' title='bbox 945 3152 1022 3195; x_wconf 86' lang='lat' dir='ltr'><strong>sed</strong></span> <span class='ocrx_word' id='word_1_438' title='bbox 1050 3165 1164 3194; x_wconf 86' lang='lat' dir='ltr'><strong>unus</strong></span> <span class='ocrx_word' id='word_1_439' title='bbox 1192 3150 1316 3195; x_wconf 88' lang='lat' dir='ltr'><strong>solus</strong></span> <span class='ocrx_word' id='word_1_440' title='bbox 1348 3160 1496 3209; x_wconf 90' lang='lat' dir='ltr'><strong>potest</strong></span> <span class='ocrx_word' id='word_1_441' title='bbox 1523 3152 1567 3195; x_wconf 91' lang='lat' dir='ltr'><strong>in</strong></span> <span class='ocrx_word' id='word_1_442' title='bbox 1596 3164 1712 3209; x_wconf 88' lang='lat' dir='ltr'><strong>aqua</strong></span> <span class='ocrx_word' id='word_1_443' title='bbox 1744 3150 1985 3210; x_wconf 86' lang='lat' dir='ltr'><strong>baptizare,</strong></span> <span class='ocrx_word' id='word_1_444' title='bbox 2016 3151 2289 3197; x_wconf 81' lang='lat' dir='ltr'><strong>necessitate</strong></span> 
     </span>
     <span class='ocr_line' id='line_1_45' title="bbox 330 3223 612 3268; baseline -0.011 0"><span class='ocrx_word' id='word_1_445' title='bbox 330 3223 612 3268; x_wconf 87' lang='lat' dir='ltr'><strong>imminente.</strong></span> 
     </span>
    </p>

    <p class='ocr_par' dir='ltr' id='par_1_9' title="bbox 329 3284 2288 3481">
     <span class='ocr_line' id='line_1_46' title="bbox 414 3284 2288 3344; baseline -0.003 -9"><span class='ocrx_word' id='word_1_446' title='bbox 414 3292 488 3335; x_wconf 85' lang='lat' dir='ltr'><strong>AD</strong></span> <span class='ocrx_word' id='word_1_447' title='bbox 512 3302 726 3335; x_wconf 76' lang='lat' dir='ltr'><strong>TERTmM</strong></span> <span class='ocrx_word' id='word_1_448' title='bbox 752 3286 1009 3339; x_wconf 86' lang='lat' dir='ltr'><strong>dicendum,</strong></span> <span class='ocrx_word' id='word_1_449' title='bbox 1027 3285 1147 3344; x_wconf 88' lang='lat' dir='ltr'><strong>quod</strong></span> <span class='ocrx_word' id='word_1_450' title='bbox 1166 3285 1414 3344; x_wconf 86' lang='lat' dir='ltr'><strong>baptizatus</strong></span> <span class='ocrx_word' id='word_1_451' title='bbox 1442 3299 1534 3329; x_wconf 90' lang='lat' dir='ltr'><strong>non</strong></span> <span class='ocrx_word' id='word_1_452' title='bbox 1563 3285 1803 3344; x_wconf 87' lang='lat' dir='ltr'><strong>suscipitur</strong></span> <span class='ocrx_word' id='word_1_453' title='bbox 1829 3299 1855 3329; x_wconf 88' lang='lat' dir='ltr'><strong>a</strong></span> <span class='ocrx_word' id='word_1_454' title='bbox 1875 3285 2053 3344; x_wconf 76' lang='lat' dir='ltr'><strong>patrino</strong></span> <span class='ocrx_word' id='word_1_455' title='bbox 2077 3284 2133 3330; x_wconf 93' lang='lat' dir='ltr'><strong>de</strong></span> <span class='ocrx_word' id='word_1_456' title='bbox 2155 3299 2288 3330; x_wconf 85' lang='lat' dir='ltr'><strong>sacro</strong></span> 
     </span>
     <span class='ocr_line' id='line_1_47' title="bbox 329 3351 2288 3417; baseline -0.003 -15"><span class='ocrx_word' id='word_1_457' title='bbox 329 3359 453 3402; x_wconf 85' lang='lat' dir='ltr'><strong>sonte</strong></span> <span class='ocrx_word' id='word_1_458' title='bbox 481 3368 664 3417; x_wconf 88' lang='lat' dir='ltr'><strong>propter</strong></span> <span class='ocrx_word' id='word_1_459' title='bbox 690 3353 1049 3400; x_wconf 86' lang='lat' dir='ltr'><strong>imbecillitatem</strong></span> <span class='ocrx_word' id='word_1_460' title='bbox 1078 3351 1380 3411; x_wconf 87' lang='lat' dir='ltr'><strong>corporalem,</strong></span> <span class='ocrx_word' id='word_1_461' title='bbox 1398 3353 1475 3396; x_wconf 90' lang='lat' dir='ltr'><strong>sed</strong></span> <span class='ocrx_word' id='word_1_462' title='bbox 1497 3364 1681 3412; x_wconf 85' lang='lat' dir='ltr'><strong>propter</strong></span> <span class='ocrx_word' id='word_1_463' title='bbox 1703 3351 2065 3398; x_wconf 87' lang='lat' dir='ltr'><strong>imbecillitatem</strong></span> <span class='ocrx_word' id='word_1_464' title='bbox 2086 3352 2288 3412; x_wconf 86' lang='lat' dir='ltr'><strong>spiritua·</strong></span> 
     </span>
     <span class='ocr_line' id='line_1_48' title="bbox 329 3422 1170 3481; baseline -0.008 -12"><span class='ocrx_word' id='word_1_465' title='bbox 329 3425 437 3481; x_wconf 90' lang='lat' dir='ltr'><strong>lern,</strong></span> <span class='ocrx_word' id='word_1_466' title='bbox 464 3435 513 3469; x_wconf 92' lang='lat' dir='ltr'><strong>ut</strong></span> <span class='ocrx_word' id='word_1_467' title='bbox 538 3425 711 3468; x_wconf 89' lang='lat' dir='ltr'><strong>dictum</strong></span> <span class='ocrx_word' id='word_1_468' title='bbox 741 3433 808 3468; x_wconf 88' lang='lat' dir='ltr'><strong>est</strong></span> <span class='ocrx_word' id='word_1_469' title='bbox 833 3422 900 3480; x_wconf 87' lang='lat' dir='ltr'><strong>(in</strong></span> <span class='ocrx_word' id='word_1_470' title='bbox 922 3428 1034 3480; x_wconf 88' lang='lat' dir='ltr'><strong>corp.</strong></span> <span class='ocrx_word' id='word_1_471' title='bbox 1053 3422 1170 3478; x_wconf 86' lang='lat' dir='ltr'><strong>art.).</strong></span> 
     </span>
    </p>
   </div>
   <div class='ocr_carea' id='block_1_3' title="bbox 2334 2005 2352 2073">
    <p class='ocr_par' dir='ltr' id='par_1_10' title="bbox 2334 2005 2352 2073">
     <span class='ocr_line' id='line_1_49' title="bbox 2334 2005 2352 2073; textangle 90"><span class='ocrx_word' id='word_1_472' title='bbox 2334 2031 2352 2073; x_wconf 55' lang='grc' dir='ltr'><strong>Μὴ</strong></span> <span class='ocrx_word' id='word_1_473' title='bbox 2349 2005 2352 2008; x_wconf 93' lang='grc'><em>.</em></span> 
     </span>
    </p>
   </div>
   <div class='ocr_carea' id='block_1_4' title="bbox 2330 2075 2352 2740">
    <p class='ocr_par' dir='ltr' id='par_1_11' title="bbox 2327 2075 2352 2740">
     <span class='ocr_line' id='line_1_50' title="bbox 2330 2075 2352 2740; textangle 90"><span class='ocrx_word' id='word_1_474' title='bbox 2342 2721 2352 2740; x_wconf 73' lang='lat' dir='ltr'><strong>n·</strong></span> <span class='ocrx_word' id='word_1_475' title='bbox 2330 2440 2352 2687; x_wconf 51' lang='lat' dir='ltr'><strong>Wssfflfflx‘fflffi</strong></span> <span class='ocrx_word' id='word_1_476' title='bbox 2336 2382 2352 2436; x_wconf 47' lang='lat' dir='ltr'><strong>mx</strong></span> <span class='ocrx_word' id='word_1_477' title='bbox 2339 2334 2352 2372; x_wconf 58' lang='lat' dir='ltr'><strong>Amr.</strong></span> <span class='ocrx_word' id='word_1_478' title='bbox 2338 2138 2352 2329; x_wconf 39' lang='lat' dir='ltr'><strong>amssa-hamma</strong></span> <span class='ocrx_word' id='word_1_479' title='bbox 2350 2123 2352 2126; x_wconf 97' lang='lat'><strong>.</strong></span> <span class='ocrx_word' id='word_1_480' title='bbox 2337 2075 2352 2116; x_wconf 46' lang='grc' dir='ltr'><strong>«Α</strong></span> 
     </span>
    </p>
   </div>
   <div class='ocr_carea' id='block_1_5' title="bbox 2314 2947 2352 3545">
    <p class='ocr_par' dir='ltr' id='par_1_12' title="bbox 2314 2947 2352 3545">
     <span class='ocr_line' id='line_1_51' title="bbox 2314 2947 2352 3545; baseline 0 381"><span class='ocrx_word' id='word_1_481' title='bbox 2314 2947 2352 3545; x_wconf 95' lang='lat' dir='ltr'><strong> </strong></span> 
     </span>
    </p>
   </div>
  </div>
 </body>
</html>
