2352 3926
644 223 923 270 QUAESTIO
965 223 1075 262 XIV.
1117 221 1426 262 ARTICULUS
1465 221 1502 262 1.
1950 221 2044 277 141

50 326 223 376 nobis
245 326 443 380 exhibet,
468 325 719 386 passiones,
760 334 804 370 et
830 323 1031 369 defectus
1057 325 1285 370 humanos
1310 325 1487 370 fortiter
1511 324 1777 379 tolerand03
1803 324 1922 369 unde
1947 324 2054 369 dici-

91 403 173 441 tur
193 394 331 439 Hebr.
365 407 445 438 12.:
471 394 677 439 Sustinuit
706 406 733 436 α
756 393 1047 452 peccatoribus
1080 391 1274 437 adversus
1307 394 1563 452 semetipsum
1594 391 1978 446 contradictionem,
2009 398 2056 437 ut

65 475 175 509 *m
194 462 440 522 fatigemini
463 461 618 505 animis
641 461 787 505 vestris
811 458 1045 518 deficientes.

46 528 75 578 Ῐ
145 528 253 574 .-An
283 541 472 574 PmMUM
504 541 614 586 ergo
641 526 900 579 dicendum,
940 525 1062 584 quod
1098 524 1345 569 satisfactio
1373 539 1454 583 pro
1481 526 1682 584 peccatis
1708 525 1890 571 alterius
1916 525 2055 570 habet

40 588 289 656 quidem,
315 596 443 654 quasi
468 595 723 647 materiam,
749 606 921 653 poenas
962 606 1074 651 quas
1118 591 1279 650 aliquis
1305 606 1387 650 pro
1415 602 1604 650 peccato
1632 592 1814 638 alterius
1839 592 2052 638 sustinet:

59 661 167 709 *sed
206 676 290 722 pro
315 662 538 721 principio
580 661 718 705 habet
758 660 968 704 habitum
1006 659 1202 711 animae,
1241 673 1295 702 ex
1335 673 1426 717 quo
1454 659 1696 703 inclinatur
1722 660 1778 705 ad
1803 659 2055 705 volendum

44 727 60 788 ἐξ
86 728 346 779 satisfacere
373 743 456 788 pro
503 727 609 782 alio,
636 738 680 772 et
706 742 759 772 ex
785 741 876 786 quo
904 725 1152 771 satisfactio
1190 724 1443 770 efficaciam
1479 726 1640 780 habet;
1667 741 1760 771 non
1787 728 1911 772 enim
1936 737 2055 772 esset

46 794 68 832 J‘
86 794 246 842 efficax
263 795 524 849 satisfactio,
549 795 637 839 nisi
663 809 718 839 ex
742 794 963 838 charitate
992 792 1272 852 procederet,
1298 803 1347 837 ut
1372 791 1486 836 infra
1513 793 1687 837 dicetur
1713 794 1819 852 (vid.
1838 795 2051 855 Supplem·

45 855 62 887 Ὗ
85 877 125 923 φ
153 876 216 919 τ4.
241 868 325 908 art.
349 862 431 920 a.);
458 872 503 907 et
536 862 642 906 ideo
670 861 887 919 oportuit,
913 860 1116 904 animam
1144 859 1317 904 Christi
1343 858 1590 918 perfectam
1624 875 1720 905 esse
1747 872 1968 920 quantum
1995 862 2052 908 ad

41 928 59 989 ,J
85 929 293 975 habitum
313 929 621 982 scientiarum,
639 939 684 973 et
695 929 928 981 virtutum,
948 938 997 971 ut
1021 927 1210 972 haberet
1234 926 1498 971 facultatem
1516 927 1841 983 satisfaciendi;
1859 938 1902 973 et
1928 928 2052 988 quod

39 990 51 1056 ᾖ
86 1009 252 1055 corpus
293 997 390 1056 ejus
430 1007 550 1040 esset
588 996 843 1054 subjectum
884 994 1235 1048 infirmitatibus,
1262 1004 1310 1038 ut
1336 994 1378 1038 ei
1409 993 1728 1039 satisfactionis
1742 996 1931 1040 materia
1956 1010 2051 1042 non

45 1098 47 1102 .
86 1062 278 1109 deesset.

41 1137 46 1143 ⁴
174 1130 251 1175 AD
279 1143 541 1175 SECUNDUM
576 1129 835 1182 dicendum,
863 1128 984 1188 quod
1012 1128 1264 1173 secundum
1297 1127 1552 1172 naturalem
1578 1128 1907 1183 habitudinem,
1934 1145 2051 1190 quae

38 1192 55 1255 ,Γ
85 1207 155 1249 est
183 1198 302 1242 inter
333 1198 551 1252 animam,
579 1207 622 1242 et
650 1211 828 1256 corpus,
857 1211 911 1240 ex
944 1196 1090 1255 gloria
1122 1196 1303 1240 animae
1335 1195 1558 1240 redundat
1588 1195 1736 1255 gloria
1769 1196 1823 1240 ad
1857 1210 2051 1255 corpus:

85 1264 171 1310 sed
189 1264 304 1309 haec
324 1263 542 1309 naturalis
569 1264 788 1309 habitudo
805 1264 852 1307 in
871 1263 1056 1308 Christo
1084 1263 1346 1321 subjacebat
1370 1262 1595 1307 voluntati
1620 1263 1868 1307 divinitatis
1893 1264 2050 1322 ipsius,

39 1327 52 1378 :⁵
85 1344 141 1375 ex
157 1345 247 1390 qua
260 1330 433 1376 factum
459 1341 528 1375 est
552 1331 674 1390 quod
705 1331 938 1375 beatitudo
971 1341 1227 1375 remaneret
1252 1330 1298 1373 in
1313 1330 1480 1383 anima,
1508 1340 1552 1374 et
1572 1344 1666 1374 non
1684 1330 1962 1374 derivaretur
1995 1332 2050 1375 ad

85 1411 274 1456 corpus:
300 1397 379 1442 sed
396 1412 504 1442 caro
526 1407 766 1457 pateretur,
789 1413 905 1457 quae
923 1398 1201 1442 conveniunt
1226 1408 1413 1441 naturae
1430 1396 1645 1456 passibili,
1663 1398 1915 1442 secundum
1937 1397 2050 1442 illud

42 1458 62 1514 s
85 1465 208 1524 quod
233 1465 450 1509 Damasc.
477 1465 586 1509 dicit
625 1466 718 1521 (lib.
738 1481 773 1524 3.
805 1465 928 1510 Orth.
958 1465 1055 1510 fid.
1083 1472 1173 1524 cap.
1211 1466 1308 1523 15.),
1346 1464 1467 1523 quod
1509 1481 1531 1505 ε(
1557 1463 1842 1522 beneplacito
1870 1465 2050 1514 divinae

42 1526 49 1541 ’“’
82 1531 330 1577 voluntatis
356 1532 698 1591 permittebatur
725 1532 849 1576 carni
881 1532 989 1590 pati,
1016 1541 1060 1576 et
1085 1532 1264 1591 operari
1290 1546 1406 1590 quae
1434 1532 1615 1589 propria
1633 1548 1674 1574 ›>.

174 1598 252 1643 AD
277 1611 494 1643 TERTluM
521 1599 780 1653 dicendum,
807 1598 929 1658 quod
956 1612 1105 1658 poena
1143 1613 1323 1657 semper
1355 1599 1555 1657 sequitur
1589 1598 1772 1658 culpam
1807 1599 2050 1655 actualem,

38 1679 46 1699 1
84 1665 160 1710 vel
181 1665 469 1724 originalem,
486 1666 728 1725 quandoque
745 1666 930 1725 quidem
957 1667 1053 1723 ejus
1079 1666 1157 1724 qui
1182 1666 1378 1724 punitur,
1397 1666 1639 1724 quandoque
1667 1676 1819 1710 autem
1849 1666 2049 1722 alterius,

32 1747 44 1754 ·
83 1747 168 1793 pro
194 1746 285 1791 quo
310 1731 387 1776 ille
421 1733 499 1791 qui
528 1747 700 1791 poenas
737 1733 916 1791 patitur,
943 1731 1184 1786 satisfacit3
1211 1743 1255 1776 et
1288 1733 1349 1776 ita
1376 1733 1540 1777 accidit
1570 1733 1616 1776 in
1659 1732 1862 1788 Christo,
1889 1748 2050 1778 secun-

33 1854 36 1859 ·
84 1800 195 1844 dum
227 1799 340 1844 illud
365 1799 452 1845 Isa.
482 1812 573 1859 53.;
615 1800 704 1859 Ipse
749 1800 990 1844 vulneratus
1031 1806 1086 1844 est
1116 1806 1293 1859 propter
1324 1801 1562 1858 iniquitates
1588 1807 1763 1854 nostras,
1798 1802 1966 1846 attritus
1991 1807 2046 1846 est

36 1912 38 1916 ,
78 1873 256 1928 propter
280 1866 432 1912 scelera
447 1873 604 1912 nostra.

26 1940 37 1988 J
173 1934 250 1979 AD
277 1946 512 1984 QUARTUM
545 1933 803 1986 dicendum,
837 1933 959 1992 quod
986 1933 1222 1977 infirmitas
1256 1943 1488 1992 assumpta
1516 1949 1540 1978 a
1565 1933 1752 1978 Christo
1779 1948 1874 1978 non
1906 1934 2047 1994 impe-

32 1995 47 2060 ’ἦ
84 2001 196 2047 divit
218 2001 359 2046 finem
383 2001 730 2055 Incarnationis,
753 2001 831 2046 sed
858 2001 1057 2046 maxime
1083 2001 1330 2060 promovit,
1349 2011 1397 2045 ut
1423 2002 1594 2045 dictum
1622 2012 1689 2046 est
1709 2002 1775 2058 (in
1792 2010 1903 2062 corp.
1922 2003 2045 2060 art)

31 2079 43 2108 ,ῑ
84 2079 131 2114 et
145 2068 352 2128 quamvis
377 2083 457 2126 per
481 2068 744 2127 hujusmodi
775 2068 1061 2113 infirmitates
1094 2068 1446 2113 absconderetur
1474 2070 1569 2127 ejus
1596 2069 1830 2123 divinitas3
1864 2069 2049 2116 manife-

38 2137 45 2171 ἱ
82 2136 293 2189 sabatur
305 2145 462 2180 tamen
486 2136 761 2188 humanitas,
779 2150 895 2194 quae
914 2145 982 2180 est
996 2137 1069 2179 via
1087 2135 1144 2179 ad
1161 2135 1445 2179 divinitatem
1471 2136 1778 2194 perveniendi,
1796 2137 2048 2182 secundum

46 2195 53 2214 ”
76 2193 195 2248 >illud
220 2203 356 2248 Rom.
378 2216 439 2260 5..
473 2204 691 2248 Accessum
723 2204 917 2248 habemus
942 2211 1018 2262 per
1037 2204 1177 2260 Jesum
1206 2203 1420 2248 Christum
1452 2204 1506 2248 ad
1531 2205 1692 2248 Deum:
1727 2204 2044 2249 desiderabant

36 2265 47 2319 ξ
83 2281 236 2316 autem
263 2270 436 2330 antiqui
460 2271 654 2315 Patres
643 2285 690 2314 m
717 2270 904 2315 Christo
936 2285 1028 2315 non
1066 2271 1251 2329 quidem
1276 2270 1589 2315 fortitudinem
1623 2271 1927 2331 corporalem,
1962 2271 2040 2316 sed

82 2338 380 2399 spiritualem,
400 2353 481 2398 per
506 2353 643 2398 quam
671 2348 716 2383 et
742 2338 977 2383 diabolum
1003 2338 1126 2392 vicit,
1145 2348 1189 2382 et
1213 2339 1466 2382 humanam
1489 2338 1802 2383 infirmitatem
1828 2339 2018 2384 sanavit.

800 2522 1234 2581 ARTICULUS
1278 2524 1348 2579 Π.
1990 2539 2046 2598 87

70 2695 86 2722 ,oe
159 2674 350 2714 UTRUM
391 2674 657 2713 CHRISTUS
691 2674 1109 2714 NECESSITATEM
1142 2675 1230 2712 HIS
1271 2676 1610 2714 DEFECTIBUS
1641 2676 1969 2731 SUBJACENDI

871 2757 1254 2795 ASSUMPSERIT.

409 2879 543 2940 (Infr.
576 2895 614 2940 q.
646 2893 703 2940 15.
735 2886 816 2926 art.
844 2894 881 2941 5.
906 2880 960 2925 ad
984 2897 1019 2927 ι.
1047 2887 1085 2926 et
1112 2896 1147 2941 3.
1175 2882 1288 2927 Dist.
1323 2896 1378 2941 15.
1411 2897 1449 2940 q.
1477 2899 1513 2927 ι.
1541 2887 1620 2927 art.
1645 2883 1714 2939 1.).

44 3044 64 3073 5,
174 3006 250 3053 ΑΒ
276 3021 536 3053 SECUNDUM
568 3008 632 3052 sic
659 3009 930 3068 proceditur.
963 3009 1167 3064 Videtur,
1195 3011 1317 3071 quod
1337 3010 1546 3055 Christus
1573 3025 1667 3055 non
1694 3025 1748 3055 ex
1774 3011 2044 3056 necessitate

16 3071 157 3119 “ff-lus
121 3072 425 3119 'defectibus
447 3075 740 3133 subjacuerit:
769 3076 932 3120 dicitur
958 3077 1080 3121 enim
1113 3078 1196 3122 Isa.
1230 3092 1310 3137 53..
1342 3078 1514 3123 Oblatus
1545 3085 1614 3133 est,
1648 3081 1747 3137 quia
1774 3081 1853 3138 ipse
1875 3079 2041 3131 voluit;

44 3148 146 3188 et.
154 3138 356 3200 loquitur
380 3141 436 3186 de
462 3142 693 3188 oblatione
730 3143 784 3187 ad
812 3145 1096 3202 passionem.
1126 3146 1206 3190 sed
1239 3145 1451 3193 voluntas
1484 3147 1729 3205 opponitur
1754 3146 2043 3200 necessitati,

17 3212 196 3265 sergo
219 3206 428 3254 Christus
448 3223 542 3254 non
560 3223 615 3254 ex
632 3210 900 3255 necessitate
926 3211 1151 3271 subjacuit
1182 3213 1493 3272 corporalibus
1526 3213 1788 3258 defectibus.

102 3305 106 3309 3
174 3285 215 3318 2.
236 3273 532 3323 PRAETEREA.
554 3276 770 3321 Damasc.
798 3277 943 3323 dicit
931 3293 978 3322 m
1008 3292 1044 3336 3.
1064 3278 1138 3323 lib.
1167 3280 1316 3337 (Orth.
1342 3280 1438 3324 Fid.
1466 3288 1558 3340 cap.
1586 3295 1640 3325 20
1644 3280 1713 3337 ..·)
1743 3278 1916 3323 «Nihil
1942 3293 2045 3323 coa-

14 3337 47 3356 ²
85 3347 209 3386 etum
233 3339 281 3384 in
307 3340 493 3386 Christo
520 3343 842 3399 consideratur,
861 3346 940 3391 sed
963 3347 1120 3390 omnia
1145 3346 1403 3392 voluntaria
1429 3363 1469 3392 »ε
1498 3347 1576 3391 sed
1594 3347 1714 3406 quod
1743 3357 1810 3390 est
1840 3346 2044 3391 volunta-

57 3405 219 3460 rium,
243 3421 337 3451 non
363 3418 431 3452 est
453 3410 783 3466 necessarium;
811 3425 922 3471 ergo
949 3413 1212 3471 hujusmodi
1239 3413 1440 3459 defectus
1470 3428 1564 3457 non
1599 3413 1780 3457 fuerunt
1811 3426 1865 3456 ex
1890 3427 2043 3458 neces-

14 3478 57 3503 l
57 3471 218 3519 sitate
242 3474 289 3519 in
316 3473 516 3519 Christo.

11 3540 61 3598 {ss
180 3554 217 3599 3.
245 3540 542 3587 PRAETEREA.
570 3542 826 3589 Necessitas
852 3545 1039 3591 infertur
1057 3547 1110 3591 ab
1128 3546 1282 3606 aliquo
1300 3547 1566 3606 potentiori:
1586 3546 1663 3590 sed
1689 3546 1814 3590 nulla
1837 3558 2042 3592 creatura

12 3630 55 3667 3.
87 3614 159 3655 est
180 3607 422 3665 potentior,
448 3622 584 3667 quam
606 3610 758 3656 anima
785 3611 971 3666 Christi,
995 3613 1049 3657 ad
1067 3627 1204 3671 quam
1232 3614 1483 3672 pertinebat
1500 3613 1732 3672 proprium
1755 3627 1918 3672 corpus
1936 3628 2042 3659 con-
