2352 3926
254 211 323 283 98
808 224 1088 271 QUAESTIO
1128 224 1246 265 v111.
1288 225 1599 266 ARTICULUS
1638 226 1675 266 1.

903 505 1350 583 QUAESTIO
1401 507 1560 567 VIII.

266 663 346 702 DE
379 660 602 701 GRATIA
636 659 890 710 CHRISTI,
927 660 1256 702 SECUNDUM
1289 661 1458 712 QUOD
1490 662 1597 703 EST
1629 661 1822 703 CAPUT
1852 661 2192 714 mensum,
2263 641 2266 646 ’

798 749 865 789 ΙΝ
898 749 1052 791 OCTo
1086 749 1416 792 ARTICULos
1448 750 1668 791 DIVISA.

335 925 514 970 Deinde
541 926 924 971 considerandum
956 936 1024 970 est
1055 927 1109 971 de
1144 927 1291 985 gratia
1325 925 1511 980 Christi,
1544 925 1798 970 secundum
1825 925 1948 985 quod
1986 934 2056 972 est
2079 937 2217 987 caput

248 992 494 1038 Ecclesiae.

872 1101 929 1146 Et
954 1102 1069 1146 circa
1094 1101 1169 1146 hoc
1197 1106 1460 1160 quaeruntur
1485 1106 1588 1145 octo.

334 1198 505 1242 Primo.
534 1195 703 1241 Utrum
731 1196 942 1242 Christus
967 1197 1025 1242 sit
1051 1207 1186 1256 caput
1211 1195 1459 1241 Ecclesiae.

227 1311 230 1315 ,
334 1266 561 1310 Secundo.
577 1265 745 1309 Utrum
762 1265 819 1310 sit
834 1276 970 1324 caput
987 1266 1233 1310 hominum
1251 1273 1474 1324 quantum
1494 1265 1547 1308 ad
1571 1278 1780 1324 corpora,
1799 1262 1874 1309 vel
1897 1262 2051 1310 solum
2075 1278 2214 1324 quan·

243 1343 342 1378 tum
371 1334 425 1376 ad
453 1334 644 1377 animas.

335 1400 508 1445 Tertio.
544 1401 711 1444 Utrum
738 1401 794 1445 sit
821 1411 956 1459 caput
982 1401 1192 1445 omnium
1217 1400 1476 1445 hominum.

332 1468 525 1520 Quarto.
554 1468 721 1512 Utrum
747 1469 804 1513 sit
831 1479 966 1528 caput
994 1468 1280 1526 angelorum.
1639 1503 1644 1507 .

333 1535 524 1587 Quinto.
559 1536 726 1580 Utrum
759 1536 903 1595 gratia
937 1535 1124 1589 Christi,
1157 1535 1411 1579 secundum
1444 1548 1583 1593 quam
1617 1543 1685 1579 est
1711 1543 1848 1594 caput
1872 1533 2121 1589 Ecclesiae,
2152 1534 2212 1580 sit

242 1604 403 1647 eadem
426 1618 530 1647 cum
551 1604 696 1661 gratia
712 1603 933 1647 habituali
951 1604 1061 1661 ejus,
1079 1603 1333 1647 secundum
1352 1602 1475 1661 quod
1493 1611 1560 1646 est
1578 1601 1764 1660 quidam
1786 1601 1932 1646 homo
1950 1600 2208 1660 singularis.

335 1670 486 1714 Sexto.
515 1670 683 1714 Utrum
710 1685 807 1714 esse
835 1680 970 1730 caput
995 1669 1229 1714 Ecclesiae
1256 1670 1313 1713 sit
1338 1669 1575 1728 proprium
1603 1669 1804 1713 Christo.

335 1737 556 1796 Septimo.
585 1737 753 1781 Utrum
779 1737 987 1781 diabolus
1014 1737 1071 1781 sit
1097 1746 1233 1795 caput
1259 1737 1470 1780 omnium
1499 1736 1744 1780 malorum.

263 1814 266 1817 ’
335 1804 532 1850 Octavo.
561 1805 728 1849 Utrum
754 1804 1063 1849 Antichristus
1091 1803 1230 1848 etiam
1253 1804 1398 1863 possit
1424 1803 1514 1848 dici
1540 1812 1676 1862 caput
1701 1804 1912 1848 omnium
1938 1801 2186 1849 malorum.

965 1982 1402 2041 ARTICULUS
1438 1982 1481 2039 Ι.
2147 1997 2202 2058 5⁶

613 2119 805 2158 UTRUM
846 2119 1114 2159 CHRISTUS
1157 2120 1241 2159 SIT
1282 2120 1462 2160 CAPUT
1501 2119 1822 2159 ECCLESIAE.

319 2233 450 2292 (Infr.
478 2247 516 2291 q.
542 2234 614 2290 48.
641 2238 722 2278 art.
751 2249 786 2278 I.
813 2239 926 2292 corp.
953 2238 992 2278 et
1016 2248 1055 2292 q.
1082 2246 1154 2291 49.
1182 2238 1265 2277 art.
1292 2249 1327 2278 1.
1355 2240 1471 2293 corp.
1499 2239 1539 2277 et
1554 2247 1590 2292 3.
1618 2233 1731 2277 Dist.
1757 2246 1813 2291 13.
1839 2245 1879 2290 q.
1905 2244 1946 2276 2.
1973 2235 2056 2277 art.
2082 2246 2120 2278 1.

716 2307 755 2345 et
789 2301 898 2345 Veri.
927 2314 965 2358 q.
992 2314 1062 2359 29.
1090 2306 1170 2344 art.
1198 2315 1230 2357 3.
1258 2308 1369 2359 corp.
1397 2306 1434 2344 et
1458 2306 1538 2344 art.
1565 2314 1609 2357 4.
1636 2305 1673 2344 et
1692 2313 1730 2359 5.

365 2374 404 2412 et
420 2374 556 2427 opusc.
575 2382 614 2412 2.
638 2375 729 2427 cap.
749 2382 831 2426 213.
856 2373 894 2412 et
910 2374 1046 2426 opusc.
1072 2367 1143 2412 60.
1162 2374 1253 2426 cap.
1266 2382 1302 2426 3.
1320 2373 1357 2411 et
1372 2383 1406 2412 I.
1430 2368 1529 2412 Cor.
1551 2382 1609 2412 II.
1629 2366 1715 2411 lect.
1736 2381 1770 2411 1.
1789 2371 1828 2411 et
1846 2364 1993 2425 Ephes.
2010 2364 2085 2423 1.).

325 2480 402 2524 AD
434 2493 623 2525 PRIMUM
655 2481 719 2524 sic
752 2480 1026 2539 proceditur.
1060 2479 1265 2533 Videtur,
1297 2478 1420 2538 quod
1454 2479 1656 2532 Christo,
1690 2478 1942 2523 secundum
1981 2480 2104 2539 quod
2137 2490 2207 2526 est

237 2547 398 2601 homo,
426 2561 522 2592 non
549 2557 782 2606 competat
817 2562 915 2591 esse
954 2556 1087 2605 caput
1123 2546 1380 2590 Ecclesiae:
1417 2555 1552 2604 caput
1589 2546 1711 2589 enim
1747 2545 1895 2590 influit
1928 2561 2128 2602 sensum,
2159 2557 2206 2593 et

238 2626 417 2658 motum
443 2614 489 2658 in
517 2615 743 2658 membra:
769 2629 925 2658 sensus
954 2624 1120 2667 autem,
1148 2623 1192 2657 et
1217 2623 1370 2657 motus
1397 2612 1654 2672 spirituali8‚
1687 2613 1763 2671 qui
1790 2623 1857 2658 est
1881 2628 1962 2672 per
1993 2615 2203 2673 gratiam,

232 2695 327 2725 non
352 2681 552 2725 influitur
577 2682 708 2726 nobis
736 2696 761 2724 a
789 2681 973 2725 Christo
997 2681 1210 2724 homine:
1238 2680 1357 2739 quia,
1382 2680 1498 2724 sicut
1530 2679 1722 2738 August.
1752 2680 1859 2724 dicit
1883 2681 1930 2724 in
1962 2680 2038 2725 lib.
2071 2695 2108 2726 1.
2145 2682 2202 2727 de

237 2747 399 2792 Trinit.
429 2749 540 2806 (cap.
568 2764 632 2794 12.
659 2755 695 2792 et
716 2749 786 2792 lib.
814 2762 870 2807 15.
899 2756 990 2808 cap.
1016 2748 1124 2802 26),
1155 2763 1178 2788 ι(
1203 2761 1289 2791 nec
1313 2747 1451 2791 etiam
1472 2747 1965 2800 Christus‚secundum
1987 2748 2108 2807 quod
2134 2757 2204 2794 est

233 2815 394 2870 homo,
418 2815 495 2859 dat
518 2815 736 2875 Spiritum
761 2815 996 2867 Sanctum,
1020 2814 1097 2858 sed
1115 2813 1266 2858 solum
1292 2814 1562 2873 inquantum
1590 2824 1658 2858 est
1682 2815 1809 2859 Deus
1834 2830 1886 2870 »3
1909 2829 2022 2874 ergo
2049 2815 2106 2871 ei,
2131 2829 2200 2862 se-

234 2883 435 2934 cundum
456 2883 579 2942 quod
606 2892 673 2927 est
698 2883 859 2936 homo,
886 2896 981 2926 non
1009 2882 1227 2940 competit
1249 2894 1346 2925 esse
1373 2891 1509 2940 caput
1534 2881 1781 2926 Ecclesiae.

322 2962 362 2994 2.
380 2950 679 2995 PRAETEREA.
710 2949 884 3008 Capitis
900 2963 995 2992 non
1013 2949 1190 2992 videtur
1208 2962 1307 2992 esse
1326 2947 1447 2991 aliud
1466 2958 1619 3007 caput:
1639 2948 1717 2992 sed
1737 2948 1924 3004 Christi,
1945 2949 2199 2995 secundum

235 3016 360 3076 quod
386 3026 456 3062 est
480 3016 641 3071 homo,
669 3026 736 3061 est
759 3026 894 3074 caput
914 3015 1056 3069 Deus,
1089 3015 1340 3059 secundum
1371 3013 1484 3059 illud
1522 3029 1558 3059 1.
1594 3014 1703 3059 Cor.
1742 3028 1834 3061 11.:
1868 3015 2011 3077 Caput
2043 3017 2202 3062 Christi

232 3085 348 3129 Deus
359 3099 375 3137 ,·
405 3098 515 3143 ergo
541 3084 636 3143 ipse
666 3083 876 3128 Christus
902 3096 996 3126 non
1024 3093 1090 3127 est
1117 3091 1264 3140 caput.

329 3166 365 3211 3.
393 3151 691 3196 PRAETEREA.
721 3150 872 3210 Caput
897 3150 944 3193 in
970 3149 1159 3193 homine
1187 3158 1252 3194 est
1282 3148 1511 3208 quoddam
1539 3149 1810 3208 particulare
1835 3149 2112 3206 membrum,
2138 3150 2201 3196 in-

231 3219 466 3263 fluentiam
493 3218 717 3278 recipiens
744 3233 769 3262 a
797 3217 956 3261 corde:
991 3217 1068 3261 sed
1107 3216 1317 3261 Christus
1353 3226 1421 3261 est
1456 3216 1711 3261 universale
1747 3217 2021 3278 principium
2056 3217 2195 3264 totius

230 3285 487 3341 Ecclesiae3
515 3299 624 3345 ergo
650 3299 743 3330 non
772 3294 838 3330 est
863 3283 1096 3329 Ecclesiae
1124 3293 1272 3343 caput.

323 3354 417 3399 SED
446 3366 641 3399 CONTRA
668 3362 749 3407 est,
777 3353 897 3412 quod
936 3351 1099 3397 dicitur
1130 3350 1292 3411 Ephes.
1326 3364 1386 3396 1.:
1419 3351 1559 3411 Ipsum
1591 3351 1700 3397 dedit
1730 3358 1853 3412 caput
1881 3359 2006 3414 super
2034 3366 2199 3398 omnem

231 3423 474 3467 Ecclesiam.

322 3489 613 3534 REsPounsso
641 3487 899 3542 dicendum,
927 3487 1048 3547 quod
1076 3487 1194 3531 sicut
1213 3495 1310 3531 tota
1337 3485 1541 3531 Ecclesia
1567 3486 1730 3531 dicitur
1755 3501 1896 3532 unum
1919 3500 2084 3548 corpus
2102 3500 2196 3547 my·

230 3556 395 3601 sticum
413 3571 493 3615 per
515 3555 860 3600 similitudinem
884 3555 938 3599 ad
956 3554 1162 3599 naturale
1181 3568 1345 3614 corpus
1363 3553 1580 3607 hominis,
1608 3555 1728 3613 quod
1745 3554 1997 3599 secundum
2018 3553 2196 3599 diversa

234 3623 439 3668 membra
463 3623 600 3669 habet
626 3623 829 3669 diversos
857 3632 998 3677 actus,
1021 3632 1070 3667 ut
1095 3620 1348 3681 Apostolus
1366 3621 1501 3666 docet
1519 3622 1651 3667 Rom.
1683 3634 1763 3676 12.,
1780 3630 1825 3666 et
1845 3636 1880 3666 1.
1899 3620 1957 3666 ad
1978 3619 2087 3667 Cor.
2112 3632 2194 3680 12.,
