<?xml version="1.0" encoding="UTF-8"?>
<!DOCTYPE html PUBLIC "-//W3C//DTD XHTML 1.0 Transitional//EN"
    "http://www.w3.org/TR/xhtml1/DTD/xhtml1-transitional.dtd">
<html xmlns="http://www.w3.org/1999/xhtml" xml:lang="en" lang="en">
 <head>
  <title>
</title>
<meta http-equiv="Content-Type" content="text/html;charset=utf-8" />
  <meta name='ocr-system' content='tesseract 3.04.00' />
  <meta name='ocr-capabilities' content='ocr_page ocr_carea ocr_par ocr_line ocrx_word'/>
</head>
<body>
  <div class='ocr_page' id='page_1' title='image "./divithomaeaquina04thom_0362.png"; bbox 0 0 2352 3926; ppageno 0'>
   <div class='ocr_carea' id='block_1_1' title="bbox 276 210 1711 280">
    <p class='ocr_par' dir='ltr' id='par_1_1' title="bbox 276 210 1711 280">
     <span class='ocr_line' id='line_1_1' title="bbox 276 210 1711 280; baseline 0 -17"><span class='ocrx_word' id='word_1_1' title='bbox 276 210 381 280; x_wconf 79' lang='lat'>358</span> <span class='ocrx_word' id='word_1_2' title='bbox 809 224 1084 269; x_wconf 87' lang='lat' dir='ltr'><strong>QUAEST10</strong></span> <span class='ocrx_word' id='word_1_3' title='bbox 1124 225 1254 263; x_wconf 74' lang='lat' dir='ltr'>xm.</span> <span class='ocrx_word' id='word_1_4' title='bbox 1288 214 1596 271; x_wconf 64' lang='lat' dir='ltr'>ARTICU‘LUS</span> <span class='ocrx_word' id='word_1_5' title='bbox 1636 226 1711 264; x_wconf 88' lang='lat' dir='ltr'>1v.</span> 
     </span>
    </p>
   </div>
   <div class='ocr_carea' id='block_1_2' title="bbox 267 326 2250 3681">
    <p class='ocr_par' dir='ltr' id='par_1_2' title="bbox 270 326 2237 589">
     <span class='ocr_line' id='line_1_2' title="bbox 272 326 2236 378; baseline -0.001 -5"><span class='ocrx_word' id='word_1_6' title='bbox 272 328 621 373; x_wconf 82' lang='lat' dir='ltr'><strong>commendetur</strong></span> <span class='ocrx_word' id='word_1_7' title='bbox 648 328 900 371; x_wconf 85' lang='lat' dir='ltr'>memoriae</span> <span class='ocrx_word' id='word_1_8' title='bbox 936 327 983 370; x_wconf 91' lang='lat' dir='ltr'>in</span> <span class='ocrx_word' id='word_1_9' title='bbox 1009 326 1234 372; x_wconf 89' lang='lat' dir='ltr'>futurum:</span> <span class='ocrx_word' id='word_1_10' title='bbox 1268 329 1348 372; x_wconf 91' lang='lat' dir='ltr'>sed</span> <span class='ocrx_word' id='word_1_11' title='bbox 1383 328 1589 372; x_wconf 91' lang='lat' dir='ltr'>doctrina</span> <span class='ocrx_word' id='word_1_12' title='bbox 1617 327 1790 372; x_wconf 82' lang='lat' dir='ltr'><strong>Christi</strong></span> <span class='ocrx_word' id='word_1_13' title='bbox 1821 327 2034 378; x_wconf 76' lang='lat' dir='ltr'>duratura</span> <span class='ocrx_word' id='word_1_14' title='bbox 2059 327 2236 378; x_wconf 35' lang='lat' dir='ltr'>euntia]</span> 
     </span>
     <span class='ocr_line' id='line_1_3' title="bbox 271 394 2236 449; baseline -0.001 -8"><span class='ocrx_word' id='word_1_15' title='bbox 271 407 521 449; x_wconf 89' lang='lat' dir='ltr'>aeternum,</span> <span class='ocrx_word' id='word_1_16' title='bbox 550 395 801 438; x_wconf 89' lang='lat' dir='ltr'>secundum</span> <span class='ocrx_word' id='word_1_17' title='bbox 828 394 939 437; x_wconf 88' lang='lat' dir='ltr'>illud</span> <span class='ocrx_word' id='word_1_18' title='bbox 967 394 1077 438; x_wconf 92' lang='lat' dir='ltr'>Luc.</span> <span class='ocrx_word' id='word_1_19' title='bbox 1113 407 1198 439; x_wconf 89' lang='lat'>21.:</span> <span class='ocrx_word' id='word_1_20' title='bbox 1229 395 1415 448; x_wconf 79' lang='lat' dir='ltr'>Coelum,</span> <span class='ocrx_word' id='word_1_21' title='bbox 1448 401 1486 439; x_wconf 79' lang='lat' dir='ltr'>et</span> <span class='ocrx_word' id='word_1_22' title='bbox 1517 401 1630 440; x_wconf 79' lang='lat' dir='ltr'>terra</span> <span class='ocrx_word' id='word_1_23' title='bbox 1662 396 1912 448; x_wconf 85' lang='lat' dir='ltr'>transibunt,</span> <span class='ocrx_word' id='word_1_24' title='bbox 1939 396 2069 443; x_wconf 72' lang='lat' dir='ltr'>verba</span> <span class='ocrx_word' id='word_1_25' title='bbox 2099 401 2236 445; x_wconf 67' lang='lat' dir='ltr'>amem</span> 
     </span>
     <span class='ocr_line' id='line_1_4' title="bbox 270 459 2237 521; baseline -0.001 -13"><span class='ocrx_word' id='word_1_26' title='bbox 270 478 361 508; x_wconf 78' lang='lat' dir='ltr'>mea</span> <span class='ocrx_word' id='word_1_27' title='bbox 394 479 474 506; x_wconf 87' lang='lat' dir='ltr'>non</span> <span class='ocrx_word' id='word_1_28' title='bbox 502 463 766 514; x_wconf 75' lang='grc' dir='ltr'>ί)αιιςι’1)ιιηι,·</span> <span class='ocrx_word' id='word_1_29' title='bbox 803 475 913 520; x_wconf 86' lang='lat' dir='ltr'>ergo</span> <span class='ocrx_word' id='word_1_30' title='bbox 947 461 1137 516; x_wconf 89' lang='lat' dir='ltr'>videtur,</span> <span class='ocrx_word' id='word_1_31' title='bbox 1174 459 1297 521; x_wconf 87' lang='lat' dir='ltr'>quod</span> <span class='ocrx_word' id='word_1_32' title='bbox 1331 462 1542 506; x_wconf 88' lang='lat' dir='ltr'>Christus</span> <span class='ocrx_word' id='word_1_33' title='bbox 1583 462 1789 507; x_wconf 86' lang='lat' dir='ltr'>debuerit</span> <span class='ocrx_word' id='word_1_34' title='bbox 1823 474 1954 510; x_wconf 81' lang='lat' dir='ltr'>suam</span> <span class='ocrx_word' id='word_1_35' title='bbox 1979 461 2237 511; x_wconf 64' lang='lat' dir='ltr'>doctrinam</span> 
     </span>
     <span class='ocr_line' id='line_1_5' title="bbox 271 529 2162 589; baseline -0.002 -14"><span class='ocrx_word' id='word_1_36' title='bbox 271 533 440 589; x_wconf 88' lang='lat' dir='ltr'>scripto</span> <span class='ocrx_word' id='word_1_37' title='bbox 466 529 696 572; x_wconf 87' lang='lat' dir='ltr'>mandare.</span> <span class='ocrx_word' id='word_1_38' title='bbox 2160 552 2162 554; x_wconf 32' lang='lat' dir='ltr'>v</span> 
     </span>
    </p>

    <p class='ocr_par' dir='ltr' id='par_1_3' title="bbox 269 595 2242 910">
     <span class='ocr_line' id='line_1_6' title="bbox 363 595 2238 656; baseline 0.002 -16"><span class='ocrx_word' id='word_1_39' title='bbox 363 611 402 640; x_wconf 89' lang='lat'>2.</span> <span class='ocrx_word' id='word_1_40' title='bbox 431 597 728 640; x_wconf 77' lang='lat' dir='ltr'>PRAETEREA.</span> <span class='ocrx_word' id='word_1_41' title='bbox 764 596 860 640; x_wconf 86' lang='lat' dir='ltr'>Lex</span> <span class='ocrx_word' id='word_1_42' title='bbox 885 605 1014 639; x_wconf 91' lang='lat' dir='ltr'>vetus</span> <span class='ocrx_word' id='word_1_43' title='bbox 1055 596 1101 640; x_wconf 92' lang='lat' dir='ltr'>in</span> <span class='ocrx_word' id='word_1_44' title='bbox 1137 596 1282 655; x_wconf 87' lang='lat' dir='ltr'>figura</span> <span class='ocrx_word' id='word_1_45' title='bbox 1319 597 1492 642; x_wconf 84' lang='lat' dir='ltr'><strong>Christi</strong></span> <span class='ocrx_word' id='word_1_46' title='bbox 1534 596 1793 656; x_wconf 86' lang='lat' dir='ltr'>praecessit,</span> <span class='ocrx_word' id='word_1_47' title='bbox 1834 595 2088 644; x_wconf 81' lang='lat' dir='ltr'>secundum</span> <span class='ocrx_word' id='word_1_48' title='bbox 2126 595 2238 645; x_wconf 81' lang='lat' dir='ltr'>illud</span> 
     </span>
     <span class='ocr_line' id='line_1_7' title="bbox 272 663 2239 722; baseline 0 -14"><span class='ocrx_word' id='word_1_49' title='bbox 272 665 407 708; x_wconf 91' lang='lat' dir='ltr'>Hebr.</span> <span class='ocrx_word' id='word_1_50' title='bbox 449 677 511 707; x_wconf 92' lang='lat'>10.</span> <span class='ocrx_word' id='word_1_51' title='bbox 594 664 799 707; x_wconf 80' lang='lat' dir='ltr'><strong><em>Umbram</em></strong></span> <span class='ocrx_word' id='word_1_52' title='bbox 831 664 982 707; x_wconf 77' lang='lat' dir='ltr'>habens</span> <span class='ocrx_word' id='word_1_53' title='bbox 1018 663 1084 707; x_wconf 75' lang='lat' dir='ltr'>lex</span> <span class='ocrx_word' id='word_1_54' title='bbox 1110 664 1362 722; x_wconf 83' lang='lat' dir='ltr'>futurorum</span> <span class='ocrx_word' id='word_1_55' title='bbox 1406 666 1643 708; x_wconf 86' lang='lat' dir='ltr'>bonorum:</span> <span class='ocrx_word' id='word_1_56' title='bbox 1681 664 1760 708; x_wconf 90' lang='lat' dir='ltr'>sed</span> <span class='ocrx_word' id='word_1_57' title='bbox 1790 663 1864 708; x_wconf 83' lang='lat' dir='ltr'>lex</span> <span class='ocrx_word' id='word_1_58' title='bbox 1902 674 2033 709; x_wconf 85' lang='lat' dir='ltr'>vetus</span> <span class='ocrx_word' id='word_1_59' title='bbox 2075 677 2102 708; x_wconf 88' lang='lat' dir='ltr'>a</span> <span class='ocrx_word' id='word_1_60' title='bbox 2135 663 2239 710; x_wconf 80' lang='lat' dir='ltr'>Deo</span> 
     </span>
     <span class='ocr_line' id='line_1_8' title="bbox 269 730 2242 791; baseline 0.001 -17"><span class='ocrx_word' id='word_1_61' title='bbox 269 731 351 774; x_wconf 91' lang='lat' dir='ltr'>fuit</span> <span class='ocrx_word' id='word_1_62' title='bbox 390 730 629 788; x_wconf 88' lang='lat' dir='ltr'>descripta,</span> <span class='ocrx_word' id='word_1_63' title='bbox 656 730 909 774; x_wconf 91' lang='lat' dir='ltr'>secundum</span> <span class='ocrx_word' id='word_1_64' title='bbox 941 730 1052 774; x_wconf 90' lang='lat' dir='ltr'>illud</span> <span class='ocrx_word' id='word_1_65' title='bbox 1085 730 1232 775; x_wconf 84' lang='lat' dir='ltr'>Exodi</span> <span class='ocrx_word' id='word_1_66' title='bbox 1258 743 1351 785; x_wconf 88' lang='lat'><strong>24.:</strong></span> <span class='ocrx_word' id='word_1_67' title='bbox 1397 733 1523 775; x_wconf 84' lang='lat' dir='ltr'><em>Dabo</em></span> <span class='ocrx_word' id='word_1_68' title='bbox 1552 733 1628 776; x_wconf 85' lang='lat' dir='ltr'>tibi</span> <span class='ocrx_word' id='word_1_69' title='bbox 1653 730 1754 776; x_wconf 85' lang='lat' dir='ltr'>duas</span> <span class='ocrx_word' id='word_1_70' title='bbox 1791 731 1951 778; x_wconf 78' lang='lat' dir='ltr'>tabulas</span> <span class='ocrx_word' id='word_1_71' title='bbox 1977 730 2176 791; x_wconf 73' lang='lat' dir='ltr'>lapideas,</span> <span class='ocrx_word' id='word_1_72' title='bbox 2203 737 2242 776; x_wconf 77' lang='lat' dir='ltr'>et</span> 
     </span>
     <span class='ocr_line' id='line_1_9' title="bbox 270 797 2239 858; baseline 0 -15"><span class='ocrx_word' id='word_1_73' title='bbox 270 800 303 843; x_wconf 87' lang='grc' dir='ltr'><em>Ζ</em></span> <span class='ocrx_word' id='word_1_74' title='bbox 286 814 409 857; x_wconf 62' lang='lat' dir='ltr'>egem,</span> <span class='ocrx_word' id='word_1_75' title='bbox 438 812 486 842; x_wconf 82' lang='lat' dir='ltr'>ac</span> <span class='ocrx_word' id='word_1_76' title='bbox 512 797 727 851; x_wconf 86' lang='lat' dir='ltr'>mandata,</span> <span class='ocrx_word' id='word_1_77' title='bbox 757 813 860 856; x_wconf 79' lang='lat' dir='ltr'>quae</span> <span class='ocrx_word' id='word_1_78' title='bbox 884 800 1059 858; x_wconf 82' lang='lat' dir='ltr'>scripsi,·</span> <span class='ocrx_word' id='word_1_79' title='bbox 1089 812 1199 857; x_wconf 87' lang='lat' dir='ltr'>ergo</span> <span class='ocrx_word' id='word_1_80' title='bbox 1222 798 1414 853; x_wconf 89' lang='lat' dir='ltr'>videtur,</span> <span class='ocrx_word' id='word_1_81' title='bbox 1432 800 1554 858; x_wconf 92' lang='lat' dir='ltr'>quod</span> <span class='ocrx_word' id='word_1_82' title='bbox 1583 799 1724 843; x_wconf 90' lang='lat' dir='ltr'>etiam</span> <span class='ocrx_word' id='word_1_83' title='bbox 1750 798 1962 845; x_wconf 89' lang='lat' dir='ltr'>Christus</span> <span class='ocrx_word' id='word_1_84' title='bbox 1983 798 2239 844; x_wconf 83' lang='lat' dir='ltr'>doctrinam</span> 
     </span>
     <span class='ocr_line' id='line_1_10' title="bbox 271 865 2177 910; baseline -0.001 0"><span class='ocrx_word' id='word_1_85' title='bbox 271 880 402 910; x_wconf 91' lang='lat' dir='ltr'>suam</span> <span class='ocrx_word' id='word_1_86' title='bbox 428 865 626 909; x_wconf 90' lang='lat' dir='ltr'>scribere</span> <span class='ocrx_word' id='word_1_87' title='bbox 655 865 869 910; x_wconf 86' lang='lat' dir='ltr'>debuerit.</span> <span class='ocrx_word' id='word_1_88' title='bbox 2174 897 2177 901; x_wconf 62' lang='grc'><em>»</em></span> 
     </span>
    </p>

    <p class='ocr_par' dir='ltr' id='par_1_4' title="bbox 269 932 2247 1782">
     <span class='ocr_line' id='line_1_11' title="bbox 362 932 2242 992; baseline 0.001 -16"><span class='ocrx_word' id='word_1_89' title='bbox 362 948 398 991; x_wconf 78' lang='lat'>3.</span> <span class='ocrx_word' id='word_1_90' title='bbox 432 933 731 978; x_wconf 76' lang='lat' dir='ltr'>PRAETEREA.</span> <span class='ocrx_word' id='word_1_91' title='bbox 759 932 831 976; x_wconf 92' lang='lat' dir='ltr'>Ad</span> <span class='ocrx_word' id='word_1_92' title='bbox 861 932 1115 986; x_wconf 85' lang='lat' dir='ltr'>Christum,</span> <span class='ocrx_word' id='word_1_93' title='bbox 1142 932 1220 991; x_wconf 87' lang='lat' dir='ltr'>qui</span> <span class='ocrx_word' id='word_1_94' title='bbox 1245 943 1433 992; x_wconf 84' lang='lat' dir='ltr'>venerat</span> <span class='ocrx_word' id='word_1_95' title='bbox 1458 933 1700 978; x_wconf 76' lang='lat' dir='ltr'>illuminare</span> <span class='ocrx_word' id='word_1_96' title='bbox 1722 934 1798 988; x_wconf 84' lang='lat' dir='ltr'>his,</span> <span class='ocrx_word' id='word_1_97' title='bbox 1826 935 1899 992; x_wconf 86' lang='lat' dir='ltr'>qui</span> <span class='ocrx_word' id='word_1_98' title='bbox 1923 935 1969 979; x_wconf 86' lang='lat' dir='ltr'>in</span> <span class='ocrx_word' id='word_1_99' title='bbox 1995 933 2185 986; x_wconf 73' lang='lat' dir='ltr'>tenebris,</span> <span class='ocrx_word' id='word_1_100' title='bbox 2202 938 2242 977; x_wconf 82' lang='lat' dir='ltr'>et</span> 
     </span>
     <span class='ocr_line' id='line_1_12' title="bbox 269 998 2241 1059; baseline 0.001 -15"><span class='ocrx_word' id='word_1_101' title='bbox 269 1002 422 1044; x_wconf 82' lang='lat' dir='ltr'>umbra</span> <span class='ocrx_word' id='word_1_102' title='bbox 440 1002 585 1044; x_wconf 74' lang='lat' dir='ltr'>mortis</span> <span class='ocrx_word' id='word_1_103' title='bbox 601 999 747 1052; x_wconf 64' lang='lat' dir='ltr'>sedent,</span> <span class='ocrx_word' id='word_1_104' title='bbox 773 1009 822 1043; x_wconf 92' lang='lat' dir='ltr'>ut</span> <span class='ocrx_word' id='word_1_105' title='bbox 843 999 1007 1044; x_wconf 89' lang='lat' dir='ltr'>dicitur</span> <span class='ocrx_word' id='word_1_106' title='bbox 1030 1000 1140 1043; x_wconf 93' lang='lat' dir='ltr'>Luc.</span> <span class='ocrx_word' id='word_1_107' title='bbox 1165 1013 1216 1054; x_wconf 86' lang='lat'>1.,</span> <span class='ocrx_word' id='word_1_108' title='bbox 1235 1000 1487 1059; x_wconf 86' lang='lat' dir='ltr'>pertinebat</span> <span class='ocrx_word' id='word_1_109' title='bbox 1509 1001 1674 1044; x_wconf 90' lang='lat' dir='ltr'>erroris</span> <span class='ocrx_word' id='word_1_110' title='bbox 1698 1000 1966 1047; x_wconf 79' lang='lat' dir='ltr'>occasiones</span> <span class='ocrx_word' id='word_1_111' title='bbox 1985 998 2241 1053; x_wconf 82' lang='lat' dir='ltr'>excludere,</span> 
     </span>
     <span class='ocr_line' id='line_1_13' title="bbox 270 1066 2241 1124; baseline 0 -13"><span class='ocrx_word' id='word_1_112' title='bbox 270 1077 314 1111; x_wconf 89' lang='lat' dir='ltr'>et</span> <span class='ocrx_word' id='word_1_113' title='bbox 340 1067 462 1111; x_wconf 88' lang='lat' dir='ltr'>viam</span> <span class='ocrx_word' id='word_1_114' title='bbox 491 1067 595 1110; x_wconf 87' lang='lat' dir='ltr'>fidei</span> <span class='ocrx_word' id='word_1_115' title='bbox 622 1067 818 1124; x_wconf 87' lang='lat' dir='ltr'>aperire:</span> <span class='ocrx_word' id='word_1_116' title='bbox 846 1067 924 1110; x_wconf 90' lang='lat' dir='ltr'>sed</span> <span class='ocrx_word' id='word_1_117' title='bbox 944 1067 1034 1110; x_wconf 91' lang='lat' dir='ltr'>hoc</span> <span class='ocrx_word' id='word_1_118' title='bbox 1061 1066 1243 1111; x_wconf 90' lang='lat' dir='ltr'>fecisset</span> <span class='ocrx_word' id='word_1_119' title='bbox 1268 1067 1524 1111; x_wconf 87' lang='lat' dir='ltr'>doctrinam</span> <span class='ocrx_word' id='word_1_120' title='bbox 1548 1082 1678 1111; x_wconf 89' lang='lat' dir='ltr'>suam</span> <span class='ocrx_word' id='word_1_121' title='bbox 1700 1067 1966 1122; x_wconf 81' lang='lat' dir='ltr'>scribend03</span> <span class='ocrx_word' id='word_1_122' title='bbox 1987 1066 2098 1113; x_wconf 83' lang='lat' dir='ltr'>dicit</span> <span class='ocrx_word' id='word_1_123' title='bbox 2117 1066 2241 1112; x_wconf 85' lang='lat' dir='ltr'>enim</span> 
     </span>
     <span class='ocr_line' id='line_1_14' title="bbox 269 1131 2242 1193; baseline -0.001 -15"><span class='ocrx_word' id='word_1_124' title='bbox 269 1135 389 1193; x_wconf 87' lang='lat' dir='ltr'>Aug.</span> <span class='ocrx_word' id='word_1_125' title='bbox 422 1135 468 1178; x_wconf 90' lang='lat' dir='ltr'>in</span> <span class='ocrx_word' id='word_1_126' title='bbox 504 1149 539 1178; x_wconf 93' lang='lat'>1.</span> <span class='ocrx_word' id='word_1_127' title='bbox 574 1134 629 1178; x_wconf 89' lang='lat' dir='ltr'>de</span> <span class='ocrx_word' id='word_1_128' title='bbox 665 1133 905 1178; x_wconf 89' lang='lat' dir='ltr'>Consensu</span> <span class='ocrx_word' id='word_1_129' title='bbox 940 1134 1113 1191; x_wconf 87' lang='lat' dir='ltr'>Evang.</span> <span class='ocrx_word' id='word_1_130' title='bbox 1144 1133 1257 1193; x_wconf 80' lang='lat' dir='ltr'>(cap.</span> <span class='ocrx_word' id='word_1_131' title='bbox 1285 1148 1323 1192; x_wconf 89' lang='lat'>7.</span> <span class='ocrx_word' id='word_1_132' title='bbox 1351 1141 1445 1179; x_wconf 71' lang='lat' dir='ltr'>ante</span> <span class='ocrx_word' id='word_1_133' title='bbox 1477 1134 1623 1190; x_wconf 61' lang='lat' dir='ltr'>med),</span> <span class='ocrx_word' id='word_1_134' title='bbox 1654 1134 1774 1192; x_wconf 91' lang='lat' dir='ltr'>quod</span> <span class='ocrx_word' id='word_1_135' title='bbox 1807 1150 1830 1175; x_wconf 86' lang='lat'>«</span> <span class='ocrx_word' id='word_1_136' title='bbox 1853 1132 1971 1179; x_wconf 82' lang='lat' dir='ltr'>solet</span> <span class='ocrx_word' id='word_1_137' title='bbox 1995 1131 2242 1178; x_wconf 74' lang='lat' dir='ltr'>nonnuuos</span> 
     </span>
     <span class='ocr_line' id='line_1_15' title="bbox 269 1201 2241 1259; baseline -0.001 -14"><span class='ocrx_word' id='word_1_138' title='bbox 269 1216 471 1254; x_wconf 90' lang='lat' dir='ltr'>movere,</span> <span class='ocrx_word' id='word_1_139' title='bbox 501 1215 580 1244; x_wconf 91' lang='lat' dir='ltr'>cur</span> <span class='ocrx_word' id='word_1_140' title='bbox 605 1201 702 1259; x_wconf 90' lang='lat' dir='ltr'>ipse</span> <span class='ocrx_word' id='word_1_141' title='bbox 729 1201 957 1244; x_wconf 87' lang='lat' dir='ltr'>Dominus</span> <span class='ocrx_word' id='word_1_142' title='bbox 979 1201 1092 1244; x_wconf 87' lang='lat' dir='ltr'>nihil</span> <span class='ocrx_word' id='word_1_143' title='bbox 1117 1201 1359 1258; x_wconf 88' lang='lat' dir='ltr'>scripserit,</span> <span class='ocrx_word' id='word_1_144' title='bbox 1378 1211 1426 1244; x_wconf 92' lang='lat' dir='ltr'>ut</span> <span class='ocrx_word' id='word_1_145' title='bbox 1445 1201 1542 1245; x_wconf 89' lang='lat' dir='ltr'>aliis</span> <span class='ocrx_word' id='word_1_146' title='bbox 1563 1201 1617 1245; x_wconf 95' lang='lat' dir='ltr'>de</span> <span class='ocrx_word' id='word_1_147' title='bbox 1635 1201 1715 1244; x_wconf 91' lang='lat' dir='ltr'>illo</span> <span class='ocrx_word' id='word_1_148' title='bbox 1735 1201 2034 1246; x_wconf 77' lang='lat' dir='ltr'>scribentibus</span> <span class='ocrx_word' id='word_1_149' title='bbox 2051 1213 2241 1246; x_wconf 84' lang='lat' dir='ltr'>necesse</span> 
     </span>
     <span class='ocr_line' id='line_1_16' title="bbox 269 1266 2243 1326; baseline -0.001 -14"><span class='ocrx_word' id='word_1_150' title='bbox 269 1269 325 1312; x_wconf 90' lang='lat' dir='ltr'>sit</span> <span class='ocrx_word' id='word_1_151' title='bbox 352 1269 550 1321; x_wconf 90' lang='lat' dir='ltr'>credere,</span> <span class='ocrx_word' id='word_1_152' title='bbox 577 1268 667 1311; x_wconf 91' lang='lat' dir='ltr'>hoc</span> <span class='ocrx_word' id='word_1_153' title='bbox 695 1268 819 1311; x_wconf 91' lang='lat' dir='ltr'>enim</span> <span class='ocrx_word' id='word_1_154' title='bbox 846 1267 925 1321; x_wconf 90' lang='lat' dir='ltr'>illi,</span> <span class='ocrx_word' id='word_1_155' title='bbox 947 1278 991 1311; x_wconf 88' lang='lat' dir='ltr'>et</span> <span class='ocrx_word' id='word_1_156' title='bbox 1010 1268 1207 1310; x_wconf 84' lang='lat' dir='ltr'>maxime</span> <span class='ocrx_word' id='word_1_157' title='bbox 1234 1268 1401 1326; x_wconf 89' lang='lat' dir='ltr'>pagani</span> <span class='ocrx_word' id='word_1_158' title='bbox 1428 1277 1663 1326; x_wconf 87' lang='lat' dir='ltr'>quaerunt,</span> <span class='ocrx_word' id='word_1_159' title='bbox 1688 1268 1765 1326; x_wconf 90' lang='lat' dir='ltr'>qui</span> <span class='ocrx_word' id='word_1_160' title='bbox 1789 1267 2024 1315; x_wconf 80' lang='lat' dir='ltr'>Christum</span> <span class='ocrx_word' id='word_1_161' title='bbox 2043 1266 2243 1326; x_wconf 84' lang='lat' dir='ltr'>culpare,</span> 
     </span>
     <span class='ocr_line' id='line_1_17' title="bbox 271 1334 2243 1394; baseline -0.001 -15"><span class='ocrx_word' id='word_1_162' title='bbox 271 1346 348 1379; x_wconf 90' lang='lat' dir='ltr'>aut</span> <span class='ocrx_word' id='word_1_163' title='bbox 371 1335 691 1393; x_wconf 88' lang='lat' dir='ltr'>blasphemare</span> <span class='ocrx_word' id='word_1_164' title='bbox 718 1349 812 1378; x_wconf 92' lang='lat' dir='ltr'>non</span> <span class='ocrx_word' id='word_1_165' title='bbox 836 1335 1018 1388; x_wconf 83' lang='lat' dir='ltr'>audent,</span> <span class='ocrx_word' id='word_1_166' title='bbox 1037 1335 1169 1392; x_wconf 89' lang='lat' dir='ltr'>eique</span> <span class='ocrx_word' id='word_1_167' title='bbox 1187 1335 1388 1378; x_wconf 89' lang='lat' dir='ltr'>tribuunt</span> <span class='ocrx_word' id='word_1_168' title='bbox 1406 1334 1838 1378; x_wconf 85' lang='lat' dir='ltr'>excellentissimam</span> <span class='ocrx_word' id='word_1_169' title='bbox 1861 1334 2148 1394; x_wconf 83' lang='lat' dir='ltr'>sapientiam,</span> <span class='ocrx_word' id='word_1_170' title='bbox 2165 1335 2243 1379; x_wconf 91' lang='lat' dir='ltr'>sed</span> 
     </span>
     <span class='ocr_line' id='line_1_18' title="bbox 269 1401 2245 1460; baseline -0.001 -14"><span class='ocrx_word' id='word_1_171' title='bbox 269 1413 425 1446; x_wconf 90' lang='lat' dir='ltr'>tamen</span> <span class='ocrx_word' id='word_1_172' title='bbox 456 1412 675 1460; x_wconf 84' lang='lat' dir='ltr'>tanquam</span> <span class='ocrx_word' id='word_1_173' title='bbox 708 1402 900 1450; x_wconf 88' lang='lat' dir='ltr'>homini,</span> <span class='ocrx_word' id='word_1_174' title='bbox 934 1401 1180 1459; x_wconf 88' lang='lat' dir='ltr'>discipulos</span> <span class='ocrx_word' id='word_1_175' title='bbox 1216 1415 1323 1444; x_wconf 88' lang='lat' dir='ltr'>vero</span> <span class='ocrx_word' id='word_1_176' title='bbox 1358 1403 1453 1459; x_wconf 90' lang='lat' dir='ltr'>ejus</span> <span class='ocrx_word' id='word_1_177' title='bbox 1487 1402 1658 1446; x_wconf 58' lang='lat' dir='ltr'>dicunt*</span> <span class='ocrx_word' id='word_1_178' title='bbox 1683 1402 1905 1460; x_wconf 85' lang='lat' dir='ltr'>magistro</span> <span class='ocrx_word' id='word_1_179' title='bbox 1937 1415 2021 1447; x_wconf 89' lang='lat' dir='ltr'>suo</span> <span class='ocrx_word' id='word_1_180' title='bbox 2049 1401 2245 1460; x_wconf 80' lang='lat' dir='ltr'>amplius</span> 
     </span>
     <span class='ocr_line' id='line_1_19' title="bbox 271 1468 2243 1528; baseline -0.001 -14"><span class='ocrx_word' id='word_1_181' title='bbox 271 1470 494 1522; x_wconf 86' lang='lat' dir='ltr'>tribuisse,</span> <span class='ocrx_word' id='word_1_182' title='bbox 522 1484 660 1527; x_wconf 90' lang='lat' dir='ltr'>quam</span> <span class='ocrx_word' id='word_1_183' title='bbox 687 1481 796 1522; x_wconf 84' lang='lat' dir='ltr'>erat,</span> <span class='ocrx_word' id='word_1_184' title='bbox 823 1479 872 1512; x_wconf 89' lang='lat' dir='ltr'>ut</span> <span class='ocrx_word' id='word_1_185' title='bbox 898 1483 1003 1512; x_wconf 90' lang='lat' dir='ltr'>eum</span> <span class='ocrx_word' id='word_1_186' title='bbox 1029 1468 1194 1511; x_wconf 86' lang='lat' dir='ltr'>Filium</span> <span class='ocrx_word' id='word_1_187' title='bbox 1219 1468 1309 1511; x_wconf 91' lang='lat' dir='ltr'>Dei</span> <span class='ocrx_word' id='word_1_188' title='bbox 1334 1469 1551 1523; x_wconf 90' lang='lat' dir='ltr'>dicerent,</span> <span class='ocrx_word' id='word_1_189' title='bbox 1579 1478 1623 1512; x_wconf 90' lang='lat' dir='ltr'>et</span> <span class='ocrx_word' id='word_1_190' title='bbox 1649 1469 1854 1512; x_wconf 88' lang='lat' dir='ltr'>Verbum</span> <span class='ocrx_word' id='word_1_191' title='bbox 1882 1469 1985 1523; x_wconf 85' lang='lat' dir='ltr'>Dei,</span> <span class='ocrx_word' id='word_1_192' title='bbox 2017 1483 2096 1528; x_wconf 89' lang='lat' dir='ltr'>per</span> <span class='ocrx_word' id='word_1_193' title='bbox 2120 1469 2243 1528; x_wconf 89' lang='lat' dir='ltr'>quod</span> 
     </span>
     <span class='ocr_line' id='line_1_20' title="bbox 269 1534 2247 1594; baseline -0.001 -14"><span class='ocrx_word' id='word_1_194' title='bbox 269 1537 390 1581; x_wconf 91' lang='lat' dir='ltr'>facta</span> <span class='ocrx_word' id='word_1_195' title='bbox 416 1546 520 1580; x_wconf 90' lang='lat' dir='ltr'>sunt</span> <span class='ocrx_word' id='word_1_196' title='bbox 546 1537 701 1580; x_wconf 89' lang='lat' dir='ltr'>omnia</span> <span class='ocrx_word' id='word_1_197' title='bbox 719 1552 771 1590; x_wconf 81' lang='lat'>»3</span> <span class='ocrx_word' id='word_1_198' title='bbox 800 1546 843 1579; x_wconf 88' lang='lat' dir='ltr'>et</span> <span class='ocrx_word' id='word_1_199' title='bbox 859 1546 1019 1594; x_wconf 89' lang='lat' dir='ltr'>postea</span> <span class='ocrx_word' id='word_1_200' title='bbox 1037 1535 1207 1580; x_wconf 86' lang='lat' dir='ltr'>subdit:</span> <span class='ocrx_word' id='word_1_201' title='bbox 1238 1551 1261 1576; x_wconf 72' lang='grc' dir='ltr'>α</span> <span class='ocrx_word' id='word_1_202' title='bbox 1284 1536 1506 1580; x_wconf 88' lang='lat' dir='ltr'>Videntur</span> <span class='ocrx_word' id='word_1_203' title='bbox 1532 1537 1677 1594; x_wconf 90' lang='lat' dir='ltr'>parati</span> <span class='ocrx_word' id='word_1_204' title='bbox 1701 1535 1840 1580; x_wconf 87' lang='lat' dir='ltr'>fuisse</span> <span class='ocrx_word' id='word_1_205' title='bbox 1861 1536 1952 1580; x_wconf 84' lang='lat' dir='ltr'>hoc</span> <span class='ocrx_word' id='word_1_206' title='bbox 1970 1535 2027 1580; x_wconf 87' lang='lat' dir='ltr'>de</span> <span class='ocrx_word' id='word_1_207' title='bbox 2044 1534 2126 1581; x_wconf 83' lang='lat' dir='ltr'>illo</span> <span class='ocrx_word' id='word_1_208' title='bbox 2151 1548 2247 1581; x_wconf 87' lang='lat' dir='ltr'>cre-</span> 
     </span>
     <span class='ocr_line' id='line_1_21' title="bbox 272 1603 2243 1662; baseline 0 -14"><span class='ocrx_word' id='word_1_209' title='bbox 272 1604 391 1658; x_wconf 89' lang='lat' dir='ltr'>dere,</span> <span class='ocrx_word' id='word_1_210' title='bbox 410 1604 533 1662; x_wconf 92' lang='lat' dir='ltr'>quod</span> <span class='ocrx_word' id='word_1_211' title='bbox 561 1604 615 1647; x_wconf 90' lang='lat' dir='ltr'>de</span> <span class='ocrx_word' id='word_1_212' title='bbox 642 1618 690 1647; x_wconf 92' lang='lat' dir='ltr'>se</span> <span class='ocrx_word' id='word_1_213' title='bbox 716 1604 812 1661; x_wconf 89' lang='lat' dir='ltr'>ipse</span> <span class='ocrx_word' id='word_1_214' title='bbox 841 1603 1106 1661; x_wconf 89' lang='lat' dir='ltr'>scripsisset,</span> <span class='ocrx_word' id='word_1_215' title='bbox 1133 1617 1228 1646; x_wconf 92' lang='lat' dir='ltr'>non</span> <span class='ocrx_word' id='word_1_216' title='bbox 1247 1603 1369 1662; x_wconf 92' lang='lat' dir='ltr'>quod</span> <span class='ocrx_word' id='word_1_217' title='bbox 1398 1603 1471 1647; x_wconf 91' lang='lat' dir='ltr'>alii</span> <span class='ocrx_word' id='word_1_218' title='bbox 1500 1604 1554 1647; x_wconf 92' lang='lat' dir='ltr'>de</span> <span class='ocrx_word' id='word_1_219' title='bbox 1581 1603 1662 1647; x_wconf 91' lang='lat' dir='ltr'>illo</span> <span class='ocrx_word' id='word_1_220' title='bbox 1690 1618 1772 1662; x_wconf 94' lang='lat' dir='ltr'>pro</span> <span class='ocrx_word' id='word_1_221' title='bbox 1799 1617 1883 1648; x_wconf 90' lang='lat' dir='ltr'>suo</span> <span class='ocrx_word' id='word_1_222' title='bbox 1907 1603 2092 1648; x_wconf 87' lang='lat' dir='ltr'>arbitrio</span> <span class='ocrx_word' id='word_1_223' title='bbox 2118 1610 2243 1662; x_wconf 82' lang='lat' dir='ltr'>prae-</span> 
     </span>
     <span class='ocr_line' id='line_1_22' title="bbox 272 1669 2246 1730; baseline 0 -16"><span class='ocrx_word' id='word_1_224' title='bbox 272 1672 499 1715; x_wconf 86' lang='lat' dir='ltr'>dicassent</span> <span class='ocrx_word' id='word_1_225' title='bbox 520 1687 570 1725; x_wconf 82' lang='lat'>»3</span> <span class='ocrx_word' id='word_1_226' title='bbox 597 1685 706 1729; x_wconf 88' lang='lat' dir='ltr'>ergo</span> <span class='ocrx_word' id='word_1_227' title='bbox 730 1669 920 1724; x_wconf 90' lang='lat' dir='ltr'>videtur,</span> <span class='ocrx_word' id='word_1_228' title='bbox 951 1670 1074 1728; x_wconf 91' lang='lat' dir='ltr'>quod</span> <span class='ocrx_word' id='word_1_229' title='bbox 1097 1670 1307 1714; x_wconf 89' lang='lat' dir='ltr'>Christus</span> <span class='ocrx_word' id='word_1_230' title='bbox 1333 1671 1429 1730; x_wconf 91' lang='lat' dir='ltr'>ipse</span> <span class='ocrx_word' id='word_1_231' title='bbox 1453 1671 1710 1716; x_wconf 85' lang='lat' dir='ltr'>doctrinam</span> <span class='ocrx_word' id='word_1_232' title='bbox 1733 1685 1864 1717; x_wconf 88' lang='lat' dir='ltr'>suam</span> <span class='ocrx_word' id='word_1_233' title='bbox 1878 1671 2046 1730; x_wconf 82' lang='lat' dir='ltr'>scripto</span> <span class='ocrx_word' id='word_1_234' title='bbox 2068 1669 2246 1717; x_wconf 80' lang='lat' dir='ltr'>tradere</span> 
     </span>
     <span class='ocr_line' id='line_1_23' title="bbox 276 1738 2178 1782; baseline -0.001 0"><span class='ocrx_word' id='word_1_235' title='bbox 276 1738 495 1782; x_wconf 88' lang='lat' dir='ltr'>debuerit.</span> <span class='ocrx_word' id='word_1_236' title='bbox 2171 1758 2178 1772; x_wconf 52' lang='grc' dir='ltr'><em>π</em></span> 
     </span>
    </p>

    <p class='ocr_par' dir='ltr' id='par_1_5' title="bbox 363 1804 2245 1866">
     <span class='ocr_line' id='line_1_24' title="bbox 363 1804 2245 1866; baseline 0 -17"><span class='ocrx_word' id='word_1_237' title='bbox 363 1806 456 1850; x_wconf 80' lang='lat' dir='ltr'>SED</span> <span class='ocrx_word' id='word_1_238' title='bbox 477 1818 673 1849; x_wconf 81' lang='lat' dir='ltr'>CONTRA</span> <span class='ocrx_word' id='word_1_239' title='bbox 693 1815 774 1859; x_wconf 89' lang='lat' dir='ltr'>est,</span> <span class='ocrx_word' id='word_1_240' title='bbox 788 1805 910 1863; x_wconf 92' lang='lat' dir='ltr'>quod</span> <span class='ocrx_word' id='word_1_241' title='bbox 928 1804 1042 1848; x_wconf 91' lang='lat' dir='ltr'>nulli</span> <span class='ocrx_word' id='word_1_242' title='bbox 1059 1804 1161 1848; x_wconf 90' lang='lat' dir='ltr'>libri</span> <span class='ocrx_word' id='word_1_243' title='bbox 1176 1805 1229 1848; x_wconf 90' lang='lat' dir='ltr'>ab</span> <span class='ocrx_word' id='word_1_244' title='bbox 1244 1819 1300 1850; x_wconf 95' lang='lat' dir='ltr'>eo</span> <span class='ocrx_word' id='word_1_245' title='bbox 1315 1807 1467 1864; x_wconf 87' lang='lat' dir='ltr'>scripti</span> <span class='ocrx_word' id='word_1_246' title='bbox 1478 1806 1703 1851; x_wconf 87' lang='lat' dir='ltr'>habentur</span> <span class='ocrx_word' id='word_1_247' title='bbox 1716 1808 1761 1850; x_wconf 89' lang='lat' dir='ltr'>in</span> <span class='ocrx_word' id='word_1_248' title='bbox 1775 1819 1953 1851; x_wconf 81' lang='lat' dir='ltr'>canone</span> <span class='ocrx_word' id='word_1_249' title='bbox 1968 1805 2245 1866; x_wconf 78' lang='lat' dir='ltr'>Scriptutae.</span> 
     </span>
    </p>

    <p class='ocr_par' dir='ltr' id='par_1_6' title="bbox 267 1871 2250 3681">
     <span class='ocr_line' id='line_1_25' title="bbox 365 1871 2246 1926; baseline 0 -9"><span class='ocrx_word' id='word_1_250' title='bbox 365 1873 654 1917; x_wconf 76' lang='lat' dir='ltr'>RESPONDEO</span> <span class='ocrx_word' id='word_1_251' title='bbox 682 1872 941 1926; x_wconf 90' lang='lat' dir='ltr'>dicendum,</span> <span class='ocrx_word' id='word_1_252' title='bbox 970 1873 1248 1916; x_wconf 88' lang='lat' dir='ltr'>conveniens</span> <span class='ocrx_word' id='word_1_253' title='bbox 1276 1871 1412 1916; x_wconf 89' lang='lat' dir='ltr'>fuisse</span> <span class='ocrx_word' id='word_1_254' title='bbox 1442 1873 1678 1918; x_wconf 84' lang='lat' dir='ltr'>Christum</span> <span class='ocrx_word' id='word_1_255' title='bbox 1711 1874 1969 1918; x_wconf 86' lang='lat' dir='ltr'>doctrinam</span> <span class='ocrx_word' id='word_1_256' title='bbox 1994 1886 2125 1918; x_wconf 84' lang='lat' dir='ltr'>suam</span> <span class='ocrx_word' id='word_1_257' title='bbox 2151 1886 2246 1917; x_wconf 92' lang='lat' dir='ltr'>non</span> 
     </span>
     <span class='ocr_line' id='line_1_26' title="bbox 276 1939 2248 1999; baseline 0 -15"><span class='ocrx_word' id='word_1_258' title='bbox 276 1940 530 1999; x_wconf 87' lang='lat' dir='ltr'>scripsisse:</span> <span class='ocrx_word' id='word_1_259' title='bbox 551 1941 695 1999; x_wconf 85' lang='lat' dir='ltr'>primo</span> <span class='ocrx_word' id='word_1_260' title='bbox 720 1939 905 1998; x_wconf 89' lang='lat' dir='ltr'>quidem</span> <span class='ocrx_word' id='word_1_261' title='bbox 927 1949 1112 1998; x_wconf 89' lang='lat' dir='ltr'>propter</span> <span class='ocrx_word' id='word_1_262' title='bbox 1130 1940 1396 1999; x_wconf 90' lang='lat' dir='ltr'>dignitatem</span> <span class='ocrx_word' id='word_1_263' title='bbox 1415 1940 1578 1999; x_wconf 89' lang='lat' dir='ltr'>ipsius:</span> <span class='ocrx_word' id='word_1_264' title='bbox 1598 1940 1909 1987; x_wconf 89' lang='lat' dir='ltr'>excellentiori</span> <span class='ocrx_word' id='word_1_265' title='bbox 1926 1941 2052 1986; x_wconf 84' lang='lat' dir='ltr'>enim</span> <span class='ocrx_word' id='word_1_266' title='bbox 2067 1940 2248 1998; x_wconf 77' lang='lat' dir='ltr'>doctori</span> 
     </span>
     <span class='ocr_line' id='line_1_27' title="bbox 273 2006 2247 2068; baseline 0.001 -17"><span class='ocrx_word' id='word_1_267' title='bbox 273 2006 566 2051; x_wconf 89' lang='lat' dir='ltr'>excellentior</span> <span class='ocrx_word' id='word_1_268' title='bbox 592 2007 757 2050; x_wconf 91' lang='lat' dir='ltr'>modus</span> <span class='ocrx_word' id='word_1_269' title='bbox 795 2007 1030 2051; x_wconf 83' lang='lat' dir='ltr'>doctrinae</span> <span class='ocrx_word' id='word_1_270' title='bbox 1065 2007 1277 2062; x_wconf 83' lang='lat' dir='ltr'>debetur3</span> <span class='ocrx_word' id='word_1_271' title='bbox 1317 2018 1362 2052; x_wconf 93' lang='lat' dir='ltr'>et</span> <span class='ocrx_word' id='word_1_272' title='bbox 1395 2008 1500 2052; x_wconf 89' lang='lat' dir='ltr'>ideo</span> <span class='ocrx_word' id='word_1_273' title='bbox 1535 2008 1740 2063; x_wconf 91' lang='lat' dir='ltr'>Christo,</span> <span class='ocrx_word' id='word_1_274' title='bbox 1774 2019 1995 2068; x_wconf 86' lang='lat' dir='ltr'>tauquam</span> <span class='ocrx_word' id='word_1_275' title='bbox 2025 2008 2247 2054; x_wconf 82' lang='lat' dir='ltr'>excellen-</span> 
     </span>
     <span class='ocr_line' id='line_1_28' title="bbox 270 2074 2248 2134; baseline 0.001 -16"><span class='ocrx_word' id='word_1_276' title='bbox 270 2074 448 2119; x_wconf 89' lang='lat' dir='ltr'>tissimo</span> <span class='ocrx_word' id='word_1_277' title='bbox 476 2074 669 2128; x_wconf 91' lang='lat' dir='ltr'>doctori,</span> <span class='ocrx_word' id='word_1_278' title='bbox 696 2074 771 2117; x_wconf 92' lang='lat' dir='ltr'>hic</span> <span class='ocrx_word' id='word_1_279' title='bbox 804 2074 969 2118; x_wconf 92' lang='lat' dir='ltr'>modus</span> <span class='ocrx_word' id='word_1_280' title='bbox 997 2075 1300 2134; x_wconf 88' lang='lat' dir='ltr'>competebat,</span> <span class='ocrx_word' id='word_1_281' title='bbox 1329 2086 1377 2128; x_wconf 83' lang='lat' dir='ltr'>ut</span> <span class='ocrx_word' id='word_1_282' title='bbox 1402 2075 1660 2120; x_wconf 89' lang='lat' dir='ltr'>doctrinam</span> <span class='ocrx_word' id='word_1_283' title='bbox 1693 2091 1824 2120; x_wconf 87' lang='lat' dir='ltr'>suam</span> <span class='ocrx_word' id='word_1_284' title='bbox 1858 2076 2119 2121; x_wconf 86' lang='lat' dir='ltr'>auditorum</span> <span class='ocrx_word' id='word_1_285' title='bbox 2148 2089 2248 2120; x_wconf 81' lang='lat' dir='ltr'>cor-</span> 
     </span>
     <span class='ocr_line' id='line_1_29' title="bbox 273 2142 2248 2202; baseline 0.002 -17"><span class='ocrx_word' id='word_1_286' title='bbox 273 2142 402 2185; x_wconf 89' lang='lat' dir='ltr'>dibus</span> <span class='ocrx_word' id='word_1_287' title='bbox 429 2142 733 2199; x_wconf 88' lang='lat' dir='ltr'>imprimeret:</span> <span class='ocrx_word' id='word_1_288' title='bbox 764 2152 948 2200; x_wconf 90' lang='lat' dir='ltr'>propter</span> <span class='ocrx_word' id='word_1_289' title='bbox 977 2142 1100 2200; x_wconf 91' lang='lat' dir='ltr'>quod</span> <span class='ocrx_word' id='word_1_290' title='bbox 1128 2143 1290 2186; x_wconf 90' lang='lat' dir='ltr'>dicitur</span> <span class='ocrx_word' id='word_1_291' title='bbox 1317 2143 1478 2187; x_wconf 87' lang='lat' dir='ltr'>Matth.</span> <span class='ocrx_word' id='word_1_292' title='bbox 1514 2157 1553 2201; x_wconf 91' lang='lat'>7.</span> <span class='ocrx_word' id='word_1_293' title='bbox 1588 2144 1710 2202; x_wconf 92' lang='lat' dir='ltr'>quod</span> <span class='ocrx_word' id='word_1_294' title='bbox 1737 2151 1828 2189; x_wconf 78' lang='lat' dir='ltr'>erat</span> <span class='ocrx_word' id='word_1_295' title='bbox 1853 2143 1998 2189; x_wconf 76' lang='lat' dir='ltr'>docens</span> <span class='ocrx_word' id='word_1_296' title='bbox 2028 2157 2109 2197; x_wconf 72' lang='lat' dir='ltr'>aas,</span> <span class='ocrx_word' id='word_1_297' title='bbox 2140 2143 2248 2192; x_wconf 74' lang='lat' dir='ltr'>sicut</span> 
     </span>
     <span class='ocr_line' id='line_1_30' title="bbox 267 2208 2250 2270; baseline 0.001 -18"><span class='ocrx_word' id='word_1_298' title='bbox 267 2215 515 2268; x_wconf 76' lang='lat' dir='ltr'>potestatem</span> <span class='ocrx_word' id='word_1_299' title='bbox 538 2208 712 2252; x_wconf 83' lang='lat' dir='ltr'>habens:</span> <span class='ocrx_word' id='word_1_300' title='bbox 741 2209 860 2253; x_wconf 91' lang='lat' dir='ltr'>unde</span> <span class='ocrx_word' id='word_1_301' title='bbox 889 2209 1028 2252; x_wconf 90' lang='lat' dir='ltr'>etiam</span> <span class='ocrx_word' id='word_1_302' title='bbox 1057 2209 1174 2268; x_wconf 90' lang='lat' dir='ltr'>apud</span> <span class='ocrx_word' id='word_1_303' title='bbox 1204 2209 1410 2254; x_wconf 88' lang='lat' dir='ltr'>Gentiles</span> <span class='ocrx_word' id='word_1_304' title='bbox 1434 2211 1734 2269; x_wconf 85' lang='lat' dir='ltr'>Pythagoras,</span> <span class='ocrx_word' id='word_1_305' title='bbox 1753 2221 1798 2256; x_wconf 89' lang='lat' dir='ltr'>et</span> <span class='ocrx_word' id='word_1_306' title='bbox 1820 2210 2047 2264; x_wconf 82' lang='lat' dir='ltr'>Socrates,</span> <span class='ocrx_word' id='word_1_307' title='bbox 2064 2208 2250 2270; x_wconf 72' lang='lat' dir='ltr'>quisue-</span> 
     </span>
     <span class='ocr_line' id='line_1_31' title="bbox 276 2275 2249 2338; baseline 0.002 -20"><span class='ocrx_word' id='word_1_308' title='bbox 276 2286 381 2319; x_wconf 89' lang='lat' dir='ltr'>runt</span> <span class='ocrx_word' id='word_1_309' title='bbox 407 2275 777 2319; x_wconf 88' lang='lat' dir='ltr'>excellentissimi</span> <span class='ocrx_word' id='word_1_310' title='bbox 804 2276 1030 2330; x_wconf 91' lang='lat' dir='ltr'>doctores,</span> <span class='ocrx_word' id='word_1_311' title='bbox 1058 2275 1173 2320; x_wconf 90' lang='lat' dir='ltr'>nihil</span> <span class='ocrx_word' id='word_1_312' title='bbox 1199 2277 1396 2321; x_wconf 87' lang='lat' dir='ltr'>scribere</span> <span class='ocrx_word' id='word_1_313' title='bbox 1422 2277 1691 2323; x_wconf 88' lang='lat' dir='ltr'>voluerunt:</span> <span class='ocrx_word' id='word_1_314' title='bbox 1725 2280 1947 2338; x_wconf 81' lang='lat' dir='ltr'>scriptura</span> <span class='ocrx_word' id='word_1_315' title='bbox 1977 2277 2101 2323; x_wconf 85' lang='lat' dir='ltr'>enim</span> <span class='ocrx_word' id='word_1_316' title='bbox 2132 2276 2249 2322; x_wconf 78' lang='lat' dir='ltr'>ordi-</span> 
     </span>
     <span class='ocr_line' id='line_1_32' title="bbox 278 2343 2248 2400; baseline 0.002 -13"><span class='ocrx_word' id='word_1_317' title='bbox 278 2354 412 2387; x_wconf 89' lang='lat' dir='ltr'>natur</span> <span class='ocrx_word' id='word_1_318' title='bbox 438 2343 494 2386; x_wconf 90' lang='lat' dir='ltr'>ad</span> <span class='ocrx_word' id='word_1_319' title='bbox 520 2343 870 2400; x_wconf 90' lang='lat' dir='ltr'>impressionem</span> <span class='ocrx_word' id='word_1_320' title='bbox 898 2343 1134 2388; x_wconf 89' lang='lat' dir='ltr'>doctrinae</span> <span class='ocrx_word' id='word_1_321' title='bbox 1161 2344 1208 2387; x_wconf 90' lang='lat' dir='ltr'>in</span> <span class='ocrx_word' id='word_1_322' title='bbox 1235 2345 1446 2388; x_wconf 88' lang='lat' dir='ltr'>cordibus</span> <span class='ocrx_word' id='word_1_323' title='bbox 1475 2345 1751 2399; x_wconf 89' lang='lat' dir='ltr'>auditorum,</span> <span class='ocrx_word' id='word_1_324' title='bbox 1779 2347 1897 2390; x_wconf 88' lang='lat' dir='ltr'>sicut</span> <span class='ocrx_word' id='word_1_325' title='bbox 1922 2345 1983 2390; x_wconf 86' lang='lat' dir='ltr'>ad</span> <span class='ocrx_word' id='word_1_326' title='bbox 2004 2344 2168 2390; x_wconf 81' lang='lat' dir='ltr'>finem:</span> <span class='ocrx_word' id='word_1_327' title='bbox 2188 2359 2248 2390; x_wconf 80' lang='lat' dir='ltr'>se-</span> 
     </span>
     <span class='ocr_line' id='line_1_33' title="bbox 279 2410 2247 2472; baseline 0 -16"><span class='ocrx_word' id='word_1_328' title='bbox 279 2410 410 2456; x_wconf 82' lang='lat' dir='ltr'>cundo</span> <span class='ocrx_word' id='word_1_329' title='bbox 439 2420 622 2468; x_wconf 88' lang='lat' dir='ltr'>propter</span> <span class='ocrx_word' id='word_1_330' title='bbox 649 2410 966 2454; x_wconf 89' lang='lat' dir='ltr'>excellentiam</span> <span class='ocrx_word' id='word_1_331' title='bbox 993 2411 1227 2456; x_wconf 86' lang='lat' dir='ltr'>doctrinae</span> <span class='ocrx_word' id='word_1_332' title='bbox 1255 2411 1442 2465; x_wconf 89' lang='lat' dir='ltr'>Christi,</span> <span class='ocrx_word' id='word_1_333' title='bbox 1469 2427 1586 2471; x_wconf 87' lang='lat' dir='ltr'>quae</span> <span class='ocrx_word' id='word_1_334' title='bbox 1618 2412 1759 2458; x_wconf 89' lang='lat' dir='ltr'>literis</span> <span class='ocrx_word' id='word_1_335' title='bbox 1791 2411 2123 2472; x_wconf 75' lang='lat' dir='ltr'>comprehendi</span> <span class='ocrx_word' id='word_1_336' title='bbox 2149 2424 2247 2456; x_wconf 85' lang='lat' dir='ltr'>non</span> 
     </span>
     <span class='ocr_line' id='line_1_34' title="bbox 277 2478 2248 2540; baseline 0.001 -18"><span class='ocrx_word' id='word_1_337' title='bbox 277 2488 442 2536; x_wconf 90' lang='lat' dir='ltr'>potest,</span> <span class='ocrx_word' id='word_1_338' title='bbox 469 2478 721 2521; x_wconf 84' lang='lat' dir='ltr'>secundum</span> <span class='ocrx_word' id='word_1_339' title='bbox 757 2478 867 2521; x_wconf 90' lang='lat' dir='ltr'>illud</span> <span class='ocrx_word' id='word_1_340' title='bbox 903 2478 1034 2536; x_wconf 88' lang='lat' dir='ltr'>Joan.</span> <span class='ocrx_word' id='word_1_341' title='bbox 1064 2478 1166 2523; x_wconf 91' lang='lat' dir='ltr'>ult.:</span> <span class='ocrx_word' id='word_1_342' title='bbox 1195 2480 1298 2524; x_wconf 84' lang='lat' dir='ltr'>Sunt</span> <span class='ocrx_word' id='word_1_343' title='bbox 1324 2485 1359 2524; x_wconf 82' lang='lat' dir='ltr'>et</span> <span class='ocrx_word' id='word_1_344' title='bbox 1385 2481 1473 2525; x_wconf 88' lang='lat' dir='ltr'>alia</span> <span class='ocrx_word' id='word_1_345' title='bbox 1499 2481 1645 2534; x_wconf 85' lang='lat' dir='ltr'>multa,</span> <span class='ocrx_word' id='word_1_346' title='bbox 1673 2495 1777 2540; x_wconf 80' lang='lat' dir='ltr'>quae</span> <span class='ocrx_word' id='word_1_347' title='bbox 1794 2481 1899 2540; x_wconf 76' lang='lat' dir='ltr'>fecit</span> <span class='ocrx_word' id='word_1_348' title='bbox 1925 2481 2054 2538; x_wconf 74' lang='lat' dir='ltr'>Jesu5‚</span> <span class='ocrx_word' id='word_1_349' title='bbox 2080 2493 2187 2539; x_wconf 70' lang='lat' dir='ltr'>quae</span> <span class='ocrx_word' id='word_1_350' title='bbox 2209 2481 2248 2525; x_wconf 83' lang='lat' dir='ltr'>si</span> 
     </span>
     <span class='ocr_line' id='line_1_35' title="bbox 276 2545 2249 2607; baseline 0 -17"><span class='ocrx_word' id='word_1_351' title='bbox 276 2547 516 2590; x_wconf 81' lang='lat' dir='ltr'>scribantur</span> <span class='ocrx_word' id='word_1_352' title='bbox 535 2553 613 2604; x_wconf 82' lang='lat' dir='ltr'>per</span> <span class='ocrx_word' id='word_1_353' title='bbox 637 2545 815 2602; x_wconf 81' lang='lat' dir='ltr'>singula,</span> <span class='ocrx_word' id='word_1_354' title='bbox 842 2561 913 2589; x_wconf 81' lang='lat' dir='ltr'>nec</span> <span class='ocrx_word' id='word_1_355' title='bbox 940 2548 1075 2605; x_wconf 82' lang='lat' dir='ltr'>ipsam</span> <span class='ocrx_word' id='word_1_356' title='bbox 1101 2548 1291 2591; x_wconf 83' lang='lat' dir='ltr'>arbitror</span> <span class='ocrx_word' id='word_1_357' title='bbox 1316 2547 1517 2591; x_wconf 83' lang='lat' dir='ltr'>mundum</span> <span class='ocrx_word' id='word_1_358' title='bbox 1544 2556 1690 2607; x_wconf 80' lang='lat' dir='ltr'>capere</span> <span class='ocrx_word' id='word_1_359' title='bbox 1708 2555 1824 2607; x_wconf 79' lang='lat' dir='ltr'>posse</span> <span class='ocrx_word' id='word_1_360' title='bbox 1846 2562 1924 2601; x_wconf 79' lang='lat' dir='ltr'>eos,</span> <span class='ocrx_word' id='word_1_361' title='bbox 1947 2548 2021 2607; x_wconf 85' lang='lat' dir='ltr'>qui</span> <span class='ocrx_word' id='word_1_362' title='bbox 2039 2545 2249 2592; x_wconf 74' lang='lat' dir='ltr'>scribendi</span> 
     </span>
     <span class='ocr_line' id='line_1_36' title="bbox 277 2613 2246 2674; baseline 0 -16"><span class='ocrx_word' id='word_1_363' title='bbox 277 2619 385 2666; x_wconf 85' lang='lat' dir='ltr'>sunt,</span> <span class='ocrx_word' id='word_1_364' title='bbox 415 2613 567 2656; x_wconf 81' lang='lat' dir='ltr'>libros:</span> <span class='ocrx_word' id='word_1_365' title='bbox 597 2626 726 2670; x_wconf 89' lang='lat' dir='ltr'>quos,</span> <span class='ocrx_word' id='word_1_366' title='bbox 753 2613 869 2656; x_wconf 89' lang='lat' dir='ltr'>sicut</span> <span class='ocrx_word' id='word_1_367' title='bbox 895 2613 1088 2671; x_wconf 88' lang='lat' dir='ltr'>August.</span> <span class='ocrx_word' id='word_1_368' title='bbox 1117 2614 1226 2658; x_wconf 88' lang='lat' dir='ltr'>dicit</span> <span class='ocrx_word' id='word_1_369' title='bbox 1252 2615 1394 2672; x_wconf 83' lang='lat' dir='ltr'>(tract.</span> <span class='ocrx_word' id='word_1_370' title='bbox 1418 2615 1494 2659; x_wconf 88' lang='lat' dir='ltr'>ult.</span> <span class='ocrx_word' id='word_1_371' title='bbox 1518 2617 1562 2659; x_wconf 82' lang='lat' dir='ltr'>in</span> <span class='ocrx_word' id='word_1_372' title='bbox 1578 2616 1703 2672; x_wconf 84' lang='lat' dir='ltr'>Joan.</span> <span class='ocrx_word' id='word_1_373' title='bbox 1722 2615 1776 2659; x_wconf 86' lang='lat' dir='ltr'>ad</span> <span class='ocrx_word' id='word_1_374' title='bbox 1786 2616 1906 2674; x_wconf 68' lang='lat' dir='ltr'>fin),</span> <span class='ocrx_word' id='word_1_375' title='bbox 1934 2630 1957 2656; x_wconf 70' lang='grc' dir='ltr'><strong><em>κ</em></strong></span> <span class='ocrx_word' id='word_1_376' title='bbox 1977 2628 2074 2659; x_wconf 90' lang='lat' dir='ltr'>non</span> <span class='ocrx_word' id='word_1_377' title='bbox 2099 2615 2246 2674; x_wconf 78' lang='lat' dir='ltr'>spatio</span> 
     </span>
     <span class='ocr_line' id='line_1_37' title="bbox 277 2680 2245 2741; baseline 0.001 -17"><span class='ocrx_word' id='word_1_378' title='bbox 277 2680 489 2724; x_wconf 92' lang='lat' dir='ltr'>locorum</span> <span class='ocrx_word' id='word_1_379' title='bbox 510 2680 785 2723; x_wconf 88' lang='lat' dir='ltr'>credendum</span> <span class='ocrx_word' id='word_1_380' title='bbox 805 2691 871 2723; x_wconf 89' lang='lat' dir='ltr'>est</span> <span class='ocrx_word' id='word_1_381' title='bbox 894 2681 1116 2724; x_wconf 90' lang='lat' dir='ltr'>mundum</span> <span class='ocrx_word' id='word_1_382' title='bbox 1141 2695 1303 2740; x_wconf 86' lang='lat' dir='ltr'>capere</span> <span class='ocrx_word' id='word_1_383' title='bbox 1329 2696 1423 2725; x_wconf 90' lang='lat' dir='ltr'>non</span> <span class='ocrx_word' id='word_1_384' title='bbox 1447 2696 1596 2741; x_wconf 90' lang='lat' dir='ltr'>posse,</span> <span class='ocrx_word' id='word_1_385' title='bbox 1614 2682 1693 2726; x_wconf 91' lang='lat' dir='ltr'>sed</span> <span class='ocrx_word' id='word_1_386' title='bbox 1717 2680 2245 2741; x_wconf 67' lang='lat' dir='ltr'>capacitate‘legentium</span> 
     </span>
     <span class='ocr_line' id='line_1_38' title="bbox 279 2747 2249 2807; baseline 0 -15"><span class='ocrx_word' id='word_1_387' title='bbox 279 2747 608 2807; x_wconf 87' lang='lat' dir='ltr'>comprehendi</span> <span class='ocrx_word' id='word_1_388' title='bbox 635 2761 726 2790; x_wconf 92' lang='lat' dir='ltr'>non</span> <span class='ocrx_word' id='word_1_389' title='bbox 755 2761 889 2805; x_wconf 87' lang='lat' dir='ltr'>posse</span> <span class='ocrx_word' id='word_1_390' title='bbox 912 2764 962 2792; x_wconf 79' lang='lat' dir='ltr'>»z</span> <span class='ocrx_word' id='word_1_391' title='bbox 990 2748 1026 2791; x_wconf 90' lang='lat' dir='ltr'>si</span> <span class='ocrx_word' id='word_1_392' title='bbox 1054 2759 1206 2793; x_wconf 87' lang='lat' dir='ltr'>autem</span> <span class='ocrx_word' id='word_1_393' title='bbox 1235 2748 1445 2793; x_wconf 88' lang='lat' dir='ltr'>Christus</span> <span class='ocrx_word' id='word_1_394' title='bbox 1471 2749 1640 2807; x_wconf 90' lang='lat' dir='ltr'>scripto</span> <span class='ocrx_word' id='word_1_395' title='bbox 1674 2749 1932 2793; x_wconf 87' lang='lat' dir='ltr'>doctrinam</span> <span class='ocrx_word' id='word_1_396' title='bbox 1957 2762 2091 2793; x_wconf 88' lang='lat' dir='ltr'>suam</span> <span class='ocrx_word' id='word_1_397' title='bbox 2124 2762 2249 2793; x_wconf 88' lang='lat' dir='ltr'>man-</span> 
     </span>
     <span class='ocr_line' id='line_1_39' title="bbox 278 2814 2247 2876; baseline 0 -16"><span class='ocrx_word' id='word_1_398' title='bbox 278 2816 442 2869; x_wconf 85' lang='lat' dir='ltr'>dasset,</span> <span class='ocrx_word' id='word_1_399' title='bbox 465 2814 580 2858; x_wconf 90' lang='lat' dir='ltr'>nihil</span> <span class='ocrx_word' id='word_1_400' title='bbox 603 2814 722 2857; x_wconf 88' lang='lat' dir='ltr'>aliud</span> <span class='ocrx_word' id='word_1_401' title='bbox 746 2815 801 2857; x_wconf 93' lang='lat' dir='ltr'>de</span> <span class='ocrx_word' id='word_1_402' title='bbox 826 2816 920 2872; x_wconf 87' lang='lat' dir='ltr'>ejus</span> <span class='ocrx_word' id='word_1_403' title='bbox 940 2816 1144 2859; x_wconf 89' lang='lat' dir='ltr'>doctrina</span> <span class='ocrx_word' id='word_1_404' title='bbox 1162 2816 1375 2860; x_wconf 90' lang='lat' dir='ltr'>homines</span> <span class='ocrx_word' id='word_1_405' title='bbox 1402 2817 1708 2870; x_wconf 89' lang='lat' dir='ltr'>aestimarent,</span> <span class='ocrx_word' id='word_1_406' title='bbox 1727 2831 1864 2876; x_wconf 90' lang='lat' dir='ltr'>quam</span> <span class='ocrx_word' id='word_1_407' title='bbox 1882 2815 2005 2876; x_wconf 87' lang='lat' dir='ltr'>quod</span> <span class='ocrx_word' id='word_1_408' title='bbox 2026 2815 2247 2875; x_wconf 83' lang='lat' dir='ltr'>scriptura</span> 
     </span>
     <span class='ocr_line' id='line_1_40' title="bbox 280 2883 2246 2943; baseline 0 -15"><span class='ocrx_word' id='word_1_409' title='bbox 280 2884 557 2928; x_wconf 88' lang='lat' dir='ltr'>contineret:</span> <span class='ocrx_word' id='word_1_410' title='bbox 587 2884 719 2934; x_wconf 71' lang='lat' dir='ltr'>tertio,</span> <span class='ocrx_word' id='word_1_411' title='bbox 748 2892 797 2925; x_wconf 91' lang='lat' dir='ltr'>ut</span> <span class='ocrx_word' id='word_1_412' title='bbox 823 2883 981 2926; x_wconf 90' lang='lat' dir='ltr'>ordine</span> <span class='ocrx_word' id='word_1_413' title='bbox 1009 2884 1211 2941; x_wconf 90' lang='lat' dir='ltr'>quodam</span> <span class='ocrx_word' id='word_1_414' title='bbox 1239 2884 1291 2927; x_wconf 92' lang='lat' dir='ltr'>ab</span> <span class='ocrx_word' id='word_1_415' title='bbox 1319 2885 1419 2943; x_wconf 93' lang='lat' dir='ltr'>ipso</span> <span class='ocrx_word' id='word_1_416' title='bbox 1453 2884 1660 2928; x_wconf 87' lang='lat' dir='ltr'>doctrina</span> <span class='ocrx_word' id='word_1_417' title='bbox 1689 2884 1744 2927; x_wconf 89' lang='lat' dir='ltr'>ad</span> <span class='ocrx_word' id='word_1_418' title='bbox 1771 2897 1934 2928; x_wconf 87' lang='lat' dir='ltr'>omnes</span> <span class='ocrx_word' id='word_1_419' title='bbox 1966 2883 2246 2943; x_wconf 82' lang='lat' dir='ltr'>perveniret3</span> 
     </span>
     <span class='ocr_line' id='line_1_41' title="bbox 281 2948 2247 3010; baseline 0 -16"><span class='ocrx_word' id='word_1_420' title='bbox 281 2951 392 2995; x_wconf 89' lang='lat' dir='ltr'>dum</span> <span class='ocrx_word' id='word_1_421' title='bbox 426 2950 522 3009; x_wconf 85' lang='lat' dir='ltr'>ipse</span> <span class='ocrx_word' id='word_1_422' title='bbox 560 2949 733 2993; x_wconf 89' lang='lat' dir='ltr'>scilicet</span> <span class='ocrx_word' id='word_1_423' title='bbox 760 2949 1005 3007; x_wconf 88' lang='lat' dir='ltr'>discipulos</span> <span class='ocrx_word' id='word_1_424' title='bbox 1040 2965 1146 2994; x_wconf 91' lang='lat' dir='ltr'>suos</span> <span class='ocrx_word' id='word_1_425' title='bbox 1183 2951 1448 2995; x_wconf 86' lang='lat' dir='ltr'>immediate</span> <span class='ocrx_word' id='word_1_426' title='bbox 1486 2951 1654 3005; x_wconf 90' lang='lat' dir='ltr'>docuit,</span> <span class='ocrx_word' id='word_1_427' title='bbox 1693 2951 1770 3010; x_wconf 89' lang='lat' dir='ltr'>qui</span> <span class='ocrx_word' id='word_1_428' title='bbox 1802 2950 2099 3010; x_wconf 84' lang='lat' dir='ltr'>postmodum</span> <span class='ocrx_word' id='word_1_429' title='bbox 2130 2948 2247 2995; x_wconf 77' lang='lat' dir='ltr'>alios</span> 
     </span>
     <span class='ocr_line' id='line_1_42' title="bbox 280 3016 2248 3077; baseline 0.001 -16"><span class='ocrx_word' id='word_1_430' title='bbox 280 3018 436 3071; x_wconf 89' lang='lat' dir='ltr'>verbo,</span> <span class='ocrx_word' id='word_1_431' title='bbox 463 3027 507 3061; x_wconf 89' lang='lat' dir='ltr'>et</span> <span class='ocrx_word' id='word_1_432' title='bbox 533 3018 700 3074; x_wconf 88' lang='lat' dir='ltr'>scripto</span> <span class='ocrx_word' id='word_1_433' title='bbox 728 3016 1007 3061; x_wconf 87' lang='lat' dir='ltr'>docuerunt:</span> <span class='ocrx_word' id='word_1_434' title='bbox 1036 3018 1072 3060; x_wconf 88' lang='lat' dir='ltr'>si</span> <span class='ocrx_word' id='word_1_435' title='bbox 1101 3028 1253 3062; x_wconf 89' lang='lat' dir='ltr'>autem</span> <span class='ocrx_word' id='word_1_436' title='bbox 1286 3019 1479 3077; x_wconf 89' lang='lat' dir='ltr'>ipsemet</span> <span class='ocrx_word' id='word_1_437' title='bbox 1510 3019 1776 3076; x_wconf 88' lang='lat' dir='ltr'>scripsisset,</span> <span class='ocrx_word' id='word_1_438' title='bbox 1802 3019 1898 3076; x_wconf 85' lang='lat' dir='ltr'>ejus</span> <span class='ocrx_word' id='word_1_439' title='bbox 1924 3016 2131 3062; x_wconf 82' lang='lat' dir='ltr'>doctrina</span> <span class='ocrx_word' id='word_1_440' title='bbox 2162 3017 2248 3062; x_wconf 84' lang='lat' dir='ltr'>im-</span> 
     </span>
     <span class='ocr_line' id='line_1_43' title="bbox 281 3083 2247 3144; baseline 0.001 -16"><span class='ocrx_word' id='word_1_441' title='bbox 281 3086 476 3128; x_wconf 88' lang='lat' dir='ltr'>mediate</span> <span class='ocrx_word' id='word_1_442' title='bbox 505 3083 559 3128; x_wconf 88' lang='lat' dir='ltr'>ad</span> <span class='ocrx_word' id='word_1_443' title='bbox 588 3098 749 3128; x_wconf 91' lang='lat' dir='ltr'>omnes</span> <span class='ocrx_word' id='word_1_444' title='bbox 776 3086 1074 3142; x_wconf 86' lang='lat' dir='ltr'>pervenisset:</span> <span class='ocrx_word' id='word_1_445' title='bbox 1105 3086 1222 3128; x_wconf 87' lang='lat' dir='ltr'>unde</span> <span class='ocrx_word' id='word_1_446' title='bbox 1251 3095 1294 3129; x_wconf 92' lang='lat' dir='ltr'>et</span> <span class='ocrx_word' id='word_1_447' title='bbox 1321 3086 1375 3129; x_wconf 90' lang='lat' dir='ltr'>de</span> <span class='ocrx_word' id='word_1_448' title='bbox 1404 3086 1623 3144; x_wconf 88' lang='lat' dir='ltr'>sapientia</span> <span class='ocrx_word' id='word_1_449' title='bbox 1650 3085 1736 3129; x_wconf 91' lang='lat' dir='ltr'>Dei</span> <span class='ocrx_word' id='word_1_450' title='bbox 1763 3085 1926 3130; x_wconf 85' lang='lat' dir='ltr'>dicitur</span> <span class='ocrx_word' id='word_1_451' title='bbox 1950 3083 2167 3129; x_wconf 79' lang='lat' dir='ltr'>Proverb..</span> <span class='ocrx_word' id='word_1_452' title='bbox 2188 3097 2247 3144; x_wconf 84' lang='grc'>9.,</span> 
     </span>
     <span class='ocr_line' id='line_1_44' title="bbox 279 3148 2244 3211; baseline -0.001 -16"><span class='ocrx_word' id='word_1_453' title='bbox 279 3153 399 3211; x_wconf 91' lang='lat' dir='ltr'>quod</span> <span class='ocrx_word' id='word_1_454' title='bbox 434 3154 546 3196; x_wconf 83' lang='lat' dir='ltr'>misit</span> <span class='ocrx_word' id='word_1_455' title='bbox 577 3151 751 3196; x_wconf 81' lang='lat' dir='ltr'>ancillas</span> <span class='ocrx_word' id='word_1_456' title='bbox 782 3166 875 3195; x_wconf 79' lang='lat' dir='ltr'>suas</span> <span class='ocrx_word' id='word_1_457' title='bbox 911 3166 1063 3195; x_wconf 68' lang='lat' dir='ltr'>vocare</span> <span class='ocrx_word' id='word_1_458' title='bbox 1102 3152 1155 3194; x_wconf 83' lang='lat' dir='ltr'>ad</span> <span class='ocrx_word' id='word_1_459' title='bbox 1192 3167 1343 3196; x_wconf 80' lang='lat' dir='ltr'>arcem.</span> <span class='ocrx_word' id='word_1_460' title='bbox 1385 3153 1632 3196; x_wconf 86' lang='lat' dir='ltr'>Sciendum</span> <span class='ocrx_word' id='word_1_461' title='bbox 1670 3161 1823 3196; x_wconf 89' lang='lat' dir='ltr'>tamen</span> <span class='ocrx_word' id='word_1_462' title='bbox 1861 3161 1942 3206; x_wconf 84' lang='lat' dir='ltr'>est,</span> <span class='ocrx_word' id='word_1_463' title='bbox 1976 3151 2092 3196; x_wconf 85' lang='lat' dir='ltr'>sicut</span> <span class='ocrx_word' id='word_1_464' title='bbox 2123 3148 2244 3209; x_wconf 82' lang='lat' dir='ltr'>Aug.</span> 
     </span>
     <span class='ocr_line' id='line_1_45' title="bbox 278 3218 2248 3278; baseline -0.001 -15"><span class='ocrx_word' id='word_1_465' title='bbox 278 3220 387 3263; x_wconf 89' lang='lat' dir='ltr'>dicit</span> <span class='ocrx_word' id='word_1_466' title='bbox 413 3220 458 3262; x_wconf 93' lang='lat' dir='ltr'>in</span> <span class='ocrx_word' id='word_1_467' title='bbox 492 3233 525 3262; x_wconf 92' lang='lat'>1.</span> <span class='ocrx_word' id='word_1_468' title='bbox 555 3220 609 3262; x_wconf 92' lang='lat' dir='ltr'>de</span> <span class='ocrx_word' id='word_1_469' title='bbox 641 3219 881 3263; x_wconf 87' lang='lat' dir='ltr'>Consensu</span> <span class='ocrx_word' id='word_1_470' title='bbox 907 3218 1079 3275; x_wconf 81' lang='lat' dir='ltr'>Evang.</span> <span class='ocrx_word' id='word_1_471' title='bbox 1113 3219 1223 3277; x_wconf 78' lang='lat' dir='ltr'>(cap.</span> <span class='ocrx_word' id='word_1_472' title='bbox 1256 3234 1297 3277; x_wconf 87' lang='lat'>9.</span> <span class='ocrx_word' id='word_1_473' title='bbox 1322 3226 1359 3264; x_wconf 74' lang='lat' dir='ltr'>et</span> <span class='ocrx_word' id='word_1_474' title='bbox 1384 3220 1489 3275; x_wconf 70' lang='grc' dir='ltr'>ια),</span> <span class='ocrx_word' id='word_1_475' title='bbox 1518 3219 1695 3278; x_wconf 90' lang='lat' dir='ltr'>aliquos</span> <span class='ocrx_word' id='word_1_476' title='bbox 1720 3218 1924 3263; x_wconf 90' lang='lat' dir='ltr'>Gentiles</span> <span class='ocrx_word' id='word_1_477' title='bbox 1951 3218 2248 3272; x_wconf 83' lang='lat' dir='ltr'>existimasse,</span> 
     </span>
     <span class='ocr_line' id='line_1_46' title="bbox 279 3284 2250 3345; baseline -0.001 -15"><span class='ocrx_word' id='word_1_478' title='bbox 279 3286 516 3330; x_wconf 77' lang='lat' dir='ltr'>Christum</span> <span class='ocrx_word' id='word_1_479' title='bbox 544 3286 768 3344; x_wconf 87' lang='lat' dir='ltr'>quosdam</span> <span class='ocrx_word' id='word_1_480' title='bbox 795 3285 932 3329; x_wconf 86' lang='lat' dir='ltr'>libros</span> <span class='ocrx_word' id='word_1_481' title='bbox 961 3286 1191 3343; x_wconf 81' lang='lat' dir='ltr'>scripsisse</span> <span class='ocrx_word' id='word_1_482' title='bbox 1218 3286 1501 3330; x_wconf 86' lang='lat' dir='ltr'>continentes</span> <span class='ocrx_word' id='word_1_483' title='bbox 1525 3287 1751 3345; x_wconf 86' lang='lat' dir='ltr'>quaedam</span> <span class='ocrx_word' id='word_1_484' title='bbox 1774 3285 1971 3344; x_wconf 86' lang='lat' dir='ltr'>magica,</span> <span class='ocrx_word' id='word_1_485' title='bbox 1988 3284 2149 3344; x_wconf 87' lang='lat' dir='ltr'>quibus</span> <span class='ocrx_word' id='word_1_486' title='bbox 2168 3285 2250 3328; x_wconf 86' lang='lat' dir='ltr'>mi-</span> 
     </span>
     <span class='ocr_line' id='line_1_47' title="bbox 277 3349 2247 3411; baseline -0.002 -14"><span class='ocrx_word' id='word_1_487' title='bbox 277 3353 432 3397; x_wconf 87' lang='lat' dir='ltr'>racula</span> <span class='ocrx_word' id='word_1_488' title='bbox 466 3352 674 3407; x_wconf 88' lang='lat' dir='ltr'>faciebat,</span> <span class='ocrx_word' id='word_1_489' title='bbox 709 3367 824 3411; x_wconf 85' lang='lat' dir='ltr'>quae</span> <span class='ocrx_word' id='word_1_490' title='bbox 859 3352 1093 3409; x_wconf 87' lang='lat' dir='ltr'>disciplina</span> <span class='ocrx_word' id='word_1_491' title='bbox 1127 3352 1373 3396; x_wconf 86' lang='lat' dir='ltr'>christiana</span> <span class='ocrx_word' id='word_1_492' title='bbox 1407 3353 1706 3397; x_wconf 89' lang='lat' dir='ltr'>condemnat:</span> <span class='ocrx_word' id='word_1_493' title='bbox 1737 3370 1761 3395; x_wconf 84' lang='lat'><strong><em>«</em></strong></span> <span class='ocrx_word' id='word_1_494' title='bbox 1785 3362 1828 3397; x_wconf 91' lang='lat' dir='ltr'>et</span> <span class='ocrx_word' id='word_1_495' title='bbox 1859 3350 1928 3396; x_wconf 79' lang='lat' dir='ltr'>ini·</span> <span class='ocrx_word' id='word_1_496' title='bbox 1955 3359 2126 3405; x_wconf 82' lang='lat' dir='ltr'>tamen,</span> <span class='ocrx_word' id='word_1_497' title='bbox 2168 3349 2247 3410; x_wconf 89' lang='lat' dir='ltr'>qui</span> 
     </span>
     <span class='ocr_line' id='line_1_48' title="bbox 277 3416 2243 3479; baseline -0.001 -16"><span class='ocrx_word' id='word_1_498' title='bbox 277 3421 448 3464; x_wconf 88' lang='lat' dir='ltr'>Christi</span> <span class='ocrx_word' id='word_1_499' title='bbox 476 3420 614 3464; x_wconf 89' lang='lat' dir='ltr'>libros</span> <span class='ocrx_word' id='word_1_500' title='bbox 641 3420 754 3464; x_wconf 84' lang='lat' dir='ltr'>tales</span> <span class='ocrx_word' id='word_1_501' title='bbox 781 3434 829 3464; x_wconf 88' lang='lat' dir='ltr'>se</span> <span class='ocrx_word' id='word_1_502' title='bbox 859 3419 1021 3478; x_wconf 86' lang='lat' dir='ltr'>legisse</span> <span class='ocrx_word' id='word_1_503' title='bbox 1050 3418 1289 3473; x_wconf 88' lang='lat' dir='ltr'>affirmant,</span> <span class='ocrx_word' id='word_1_504' title='bbox 1307 3419 1433 3463; x_wconf 90' lang='lat' dir='ltr'>nulla</span> <span class='ocrx_word' id='word_1_505' title='bbox 1455 3420 1562 3471; x_wconf 79' lang='lat' dir='ltr'>talia</span> <span class='ocrx_word' id='word_1_506' title='bbox 1582 3419 1768 3475; x_wconf 87' lang='lat' dir='ltr'>faciunt,</span> <span class='ocrx_word' id='word_1_507' title='bbox 1786 3418 1937 3479; x_wconf 88' lang='lat' dir='ltr'>qualia</span> <span class='ocrx_word' id='word_1_508' title='bbox 1963 3416 2093 3463; x_wconf 85' lang='lat' dir='ltr'>illum</span> <span class='ocrx_word' id='word_1_509' title='bbox 2117 3417 2243 3463; x_wconf 88' lang='lat' dir='ltr'>libris</span> 
     </span>
     <span class='ocr_line' id='line_1_49' title="bbox 275 3484 2246 3544; baseline -0.001 -13"><span class='ocrx_word' id='word_1_510' title='bbox 275 3488 438 3532; x_wconf 87' lang='lat' dir='ltr'>talibus</span> <span class='ocrx_word' id='word_1_511' title='bbox 466 3487 627 3532; x_wconf 89' lang='lat' dir='ltr'>fecisse</span> <span class='ocrx_word' id='word_1_512' title='bbox 655 3489 896 3532; x_wconf 87' lang='lat' dir='ltr'>mirantur:</span> <span class='ocrx_word' id='word_1_513' title='bbox 924 3486 1078 3530; x_wconf 88' lang='lat' dir='ltr'>divino</span> <span class='ocrx_word' id='word_1_514' title='bbox 1107 3486 1228 3530; x_wconf 88' lang='lat' dir='ltr'>enim</span> <span class='ocrx_word' id='word_1_515' title='bbox 1258 3487 1427 3544; x_wconf 88' lang='lat' dir='ltr'>judicio</span> <span class='ocrx_word' id='word_1_516' title='bbox 1451 3487 1513 3531; x_wconf 90' lang='lat' dir='ltr'>sic</span> <span class='ocrx_word' id='word_1_517' title='bbox 1543 3498 1706 3541; x_wconf 85' lang='lat' dir='ltr'>errant,</span> <span class='ocrx_word' id='word_1_518' title='bbox 1734 3497 1783 3531; x_wconf 90' lang='lat' dir='ltr'>ut</span> <span class='ocrx_word' id='word_1_519' title='bbox 1808 3486 1999 3531; x_wconf 85' lang='lat' dir='ltr'>eosdem</span> <span class='ocrx_word' id='word_1_520' title='bbox 2020 3484 2162 3534; x_wconf 85' lang='lat' dir='ltr'>libros</span> <span class='ocrx_word' id='word_1_521' title='bbox 2189 3484 2246 3530; x_wconf 84' lang='lat' dir='ltr'>ad</span> 
     </span>
     <span class='ocr_line' id='line_1_50' title="bbox 278 3550 2244 3613; baseline -0.002 -14"><span class='ocrx_word' id='word_1_522' title='bbox 278 3557 478 3608; x_wconf 85' lang='lat' dir='ltr'>Petrum,</span> <span class='ocrx_word' id='word_1_523' title='bbox 513 3566 556 3599; x_wconf 90' lang='lat' dir='ltr'>et</span> <span class='ocrx_word' id='word_1_524' title='bbox 588 3555 783 3599; x_wconf 88' lang='lat' dir='ltr'>Paulum</span> <span class='ocrx_word' id='word_1_525' title='bbox 817 3556 969 3599; x_wconf 88' lang='lat' dir='ltr'>dicant</span> <span class='ocrx_word' id='word_1_526' title='bbox 1000 3564 1219 3613; x_wconf 85' lang='lat' dir='ltr'>tanquam</span> <span class='ocrx_word' id='word_1_527' title='bbox 1252 3553 1484 3612; x_wconf 89' lang='lat' dir='ltr'>epistolari</span> <span class='ocrx_word' id='word_1_528' title='bbox 1516 3554 1648 3598; x_wconf 88' lang='lat' dir='ltr'>titulo</span> <span class='ocrx_word' id='word_1_529' title='bbox 1683 3562 2018 3613; x_wconf 51' lang='lat' dir='ltr'>praenotatost.</span> <span class='ocrx_word' id='word_1_530' title='bbox 2033 3564 2091 3598; x_wconf 89' lang='lat' dir='ltr'>eo</span> <span class='ocrx_word' id='word_1_531' title='bbox 2120 3550 2244 3612; x_wconf 79' lang='lat' dir='ltr'>quod</span> 
     </span>
     <span class='ocr_line' id='line_1_51' title="bbox 278 3617 2245 3681; baseline -0.001 -16"><span class='ocrx_word' id='word_1_532' title='bbox 278 3623 323 3666; x_wconf 86' lang='lat' dir='ltr'>in</span> <span class='ocrx_word' id='word_1_533' title='bbox 356 3622 556 3681; x_wconf 86' lang='lat' dir='ltr'>pluribus</span> <span class='ocrx_word' id='word_1_534' title='bbox 584 3622 698 3667; x_wconf 89' lang='lat' dir='ltr'>locis</span> <span class='ocrx_word' id='word_1_535' title='bbox 724 3621 861 3666; x_wconf 90' lang='lat' dir='ltr'>simul</span> <span class='ocrx_word' id='word_1_536' title='bbox 893 3635 973 3667; x_wconf 92' lang='lat' dir='ltr'>eos</span> <span class='ocrx_word' id='word_1_537' title='bbox 1007 3635 1113 3666; x_wconf 88' lang='lat' dir='ltr'>curn</span> <span class='ocrx_word' id='word_1_538' title='bbox 1151 3620 1339 3665; x_wconf 89' lang='lat' dir='ltr'>Christo</span> <span class='ocrx_word' id='word_1_539' title='bbox 1373 3621 1520 3679; x_wconf 89' lang='lat' dir='ltr'>pictos</span> <span class='ocrx_word' id='word_1_540' title='bbox 1555 3621 1784 3665; x_wconf 85' lang='lat' dir='ltr'>viderunt:</span> <span class='ocrx_word' id='word_1_541' title='bbox 1821 3633 1908 3664; x_wconf 87' lang='lat' dir='ltr'>nec</span> <span class='ocrx_word' id='word_1_542' title='bbox 1945 3618 2129 3673; x_wconf 82' lang='lat' dir='ltr'>mirum,</span> <span class='ocrx_word' id='word_1_543' title='bbox 2154 3617 2193 3664; x_wconf 83' lang='lat' dir='ltr'>si</span> <span class='ocrx_word' id='word_1_544' title='bbox 2218 3632 2245 3663; x_wconf 80' lang='lat' dir='ltr'>a</span> 
     </span>
    </p>
   </div>
  </div>
 </body>
</html>
