2352 3926
707 207 983 254 QUAESTIO
1022 207 1150 247 Lv11.
1190 206 1498 248 ARTICULUS
1537 207 1574 246 1.
1999 206 2105 262 477

148 311 205 358 a'd
229 310 323 357 loci
348 310 621 365 decentiam,
648 310 771 371 quod
798 319 864 355 est
886 310 943 355 ad
967 310 1083 355 bene
1110 323 1208 354 esse
1236 308 1438 368 gloriae;
1464 322 1558 353 non
1582 307 1704 367 quod
1731 321 1896 368 corpus
1919 308 2015 365 ejus
2035 306 2110 351 ali-

149 379 257 439 quid
284 388 361 423 aut
392 378 697 438 perfectionis,
725 388 801 422 aut
827 377 1188 422 conservationis
1214 377 1468 435 acquireret
1494 391 1549 420 ex
1575 390 1766 434 corpore
1795 374 2008 428 coelesti;
2031 375 2109 418 sed

147 445 444 492 solummodo
470 455 655 504 propter
672 445 901 504 quandam
929 445 1210 498 decentiam3
1237 444 1326 487 hoc
1347 453 1497 487 autem
1523 443 1676 502 aliquo
1694 442 1836 487 modo
1854 442 2109 502 pertinebat

148 513 204 558 ed
231 514 326 570 ejus
355 512 570 572 gloriam:
602 521 646 556 et
671 513 726 556 de
753 512 839 555 hac
868 511 1075 555 decentia
1098 511 1315 569 gaudium
1343 511 1574 569 quoddam
1602 510 1785 563 habuit;
1803 523 1898 570 non
1923 509 2109 568 quidem

147 579 270 639 quod
296 589 402 623 tunc
441 579 495 623 de
522 592 645 622 novo
681 578 735 621 de
774 578 863 622 hoc
893 578 1089 635 gaudere
1117 577 1349 635 inciperet,
1376 578 1560 635 quando
1599 577 1645 620 in
1679 575 1863 620 coelum
1891 575 2110 628 ascendit,

147 646 226 691 sed
253 646 358 706 quia
389 659 513 689 novo
541 645 680 688 modo
717 645 771 688 de
805 644 896 688 hoc
935 643 1118 700 gavisus
1151 652 1231 697 est,
1269 643 1385 686 sicut
1411 643 1466 687 de
1500 657 1547 686 re
1584 643 1794 702 impleta:
1823 643 1942 687 unde
1976 656 2110 701 super

146 712 258 758 illud
271 713 344 758 Ps.
368 725 455 769 15.:
475 712 776 756 Delectationes
793 713 837 754 in
853 710 1019 754 dextera
1038 716 1109 753 tua
1125 724 1248 767 usque
1264 711 1309 752 in
1316 711 1464 768 finem,
1484 710 1592 754 dicit
1603 709 1755 754 Gloss.
1772 710 1882 765 (ord.
1900 707 2107 769 implic.):

151 795 176 821 α
199 778 472 832 Delectatio‚
499 788 544 822 et
579 777 751 822 laetitia
782 777 872 821 -erit
906 776 1019 820 mihi
1045 777 1091 820 in
1129 790 1346 820 consessu
1381 786 1474 829 tuo,
1506 776 1720 820 humanis
1753 777 1981 821 obtutibus
2013 776 2113 820 sub-

147 856 295 891 tracto
321 861 363 891 n.

236 913 312 957 AD
339 924 555 957 TERTIUM
593 910 854 964 dicendum,
887 910 1024 968 quod,
1060 909 1167 954 licet
1198 911 1453 969 praesentia
1494 910 1746 968 corporalis
1775 909 1944 954 Christi
1976 908 2111 954 fuerit

147 979 375 1024 subtracta
399 978 606 1022 fidelibus
632 991 712 1036 per
734 978 1067 1030 ascensionem,
1104 977 1359 1036 praesentia
1390 987 1545 1020 tamen
1569 977 1813 1020 divinitatis
1839 977 1978 1034 ipsius
1995 990 2111 1021 sem-

147 1060 228 1107 per
253 1046 380 1090 adest
404 1044 634 1098 fidelibus3
660 1044 914 1088 secundum
941 1045 1063 1102 quod
1089 1044 1186 1102 ipse
1213 1044 1322 1087 dicit
1339 1044 1501 1088 Matth.
1528 1043 1631 1087 ult.:
1656 1045 1759 1088 Ecce
1791 1059 1861 1102 ego
1894 1046 2109 1088 vobiscum

145 1128 237 1158 sum
253 1114 442 1157 omnibus
457 1112 594 1156 diebus
610 1126 731 1170 usqne
748 1111 800 1155 ad
817 1113 1214 1155 consummationem
1231 1112 1396 1155 saeculi.
1417 1110 1513 1163 Qui
1530 1111 1653 1154 enim
1674 1126 1697 1151 «
1716 1111 1920 1154 ascendit
1936 1113 1981 1154 in
2009 1125 2112 1155 coe-

148 1179 234 1234 los,
249 1193 344 1224 non
360 1179 527 1224 deserit
548 1180 789 1238 adoptatos
801 1189 903 1232 ›>,ut
927 1179 1024 1223 Leo
1052 1179 1175 1237 Papa
1203 1179 1311 1222 dicit
1339 1178 1477 1234 (serm.
1511 1193 1550 1224 2.
1569 1178 1615 1222 de
1633 1180 1861 1224 Resurrect.
1895 1187 1988 1238 cap.
2015 1195 2047 1235 3.
2066 1181 2111 1222 in

137 1248 239 1307 fin.)
254 1263 269 1292 .·
286 1247 364 1291 sed
386 1248 482 1306 ipsa
508 1247 714 1291 ascensio
745 1245 915 1290 Christi
933 1247 978 1289 in
997 1245 1195 1299 coelum,
1215 1260 1304 1303 qua
1331 1245 1620 1303 corporalem
1654 1260 1785 1289 suam
1808 1246 2111 1304 praesentiam

148 1314 282 1358 nobis
298 1313 686 1371 subtraxit,magis
699 1312 783 1357 fuit
803 1313 923 1357 utilis
941 1313 1087 1366 nobis,
1100 1327 1236 1371 quam
1248 1314 1501 1370 praesentia
1513 1313 1763 1372 corporalis
1780 1313 1938 1357 fuisset
1951 1314 2111 1372 :primo

148 1381 333 1440 quidem
361 1390 544 1439 propter
571 1379 675 1424 fidei
697 1390 1011 1438 augmentum,
1039 1394 1154 1438 quae
1181 1390 1247 1424 est
1265 1380 1320 1423 de
1337 1394 1431 1424 non
1457 1380 1588 1424 visis:
1612 1381 1731 1424 unde
1765 1380 1860 1438 ipse
1882 1380 2112 1424 Dominus

149 1447 260 1492 dicit
282 1446 515 1506 discipulis
540 1447 633 1490 suis
670 1447 802 1504 Joan.
835 1445 899 1490 16.
928 1446 1050 1505 quod
1079 1446 1270 1505 Spiritus
1299 1446 1492 1490 Sanctus
1522 1447 1768 1491 adveniens
1797 1455 1955 1505 arguet
1986 1462 2115 1491 mun-

149 1514 260 1558 dum
292 1514 348 1558 de
383 1513 567 1572 justitia,
600 1514 775 1558 scilicet
805 1527 964 1557 eorum
1007 1513 1084 1572 qui
1119 1514 1323 1566 credunt,
1357 1523 1406 1557 ut
1437 1514 1630 1572 August.
1664 1514 1774 1558 dicit
1809 1528 1944 1572 super
1978 1514 2110 1572 Joan.

150 1583 296 1641 (tract.
322 1596 384 1641 95.
416 1588 512 1627 ante
542 1582 646 1626 med.
646 1582 698 1638 ):
731 1582 873 1641 «Ipsa
899 1581 1064 1641 quippe
1080 1580 1283 1625 fidelium
1311 1582 1595 1640 comparatio
1621 1580 1874 1624 infidelium
1907 1591 1974 1625 est
2004 1582 2116 1625 vitu-

153 1650 327 1709 peratio
345 1665 388 1704 n,
411 1649 530 1693 unde
552 1649 722 1693 subdit:
742 1650 860 1705 Quia
881 1648 934 1692 ad
947 1650 1113 1693 Patrem
1134 1648 1259 1701 vado,
1278 1654 1313 1692 et
1325 1651 1420 1706 jam
1446 1663 1528 1692 non
1549 1648 1741 1693 videbitis
1756 1663 1834 1693 me.
1853 1649 1970 1692 Beati
1985 1650 2112 1702 enim,

150 1718 316 1776 quinon
326 1715 482 1769 vident,
495 1722 531 1761 et
542 1716 726 1760 credunt.
741 1715 836 1759 Erit
850 1715 987 1772 igitur
1003 1725 1152 1758 vestra
1170 1715 1352 1771 justitia,
1370 1716 1425 1758 de
1439 1730 1528 1773 qua
1546 1716 1743 1759 mundus
1761 1727 1988 1774 arguetur,
2005 1729 2114 1774 quo-

149 1783 275 1827 niam
297 1783 344 1827 in
369 1796 459 1836 me,
486 1797 622 1842 quem
650 1797 744 1826 non
770 1782 993 1835 videbitis,
1027 1782 1218 1826 credetis
1238 1799 1278 1827 2).
1309 1782 1495 1827 Secundo
1518 1782 1573 1826 ad
1600 1783 1696 1841 spei
1722 1782 2111 1828 sublevationem:

153 1850 272 1894 unde
290 1850 386 1908 ipse
407 1849 656 1907 dicitJoan.
680 1861 770 1903 14.:
797 1849 845 1893 Si
870 1851 1030 1902 abiero,
1043 1856 1081 1893 et
1084 1857 1404 1909 praeparavero
1418 1851 1535 1893 vobis
1552 1850 1702 1902 locum,
1716 1851 1867 1893 iterum
1878 1851 2113 1904 veniam‚et

152 1917 359 1976 accipiam
377 1930 454 1967 ‚vos
480 1916 534 1960 ad
558 1917 776 1975 meipsum,
804 1922 848 1960 ut
865 1917 937 1960 ubi
961 1930 1032 1974 ego
1049 1930 1153 1969 sum,
1174 1922 1211 1960 et
1234 1931 1310 1960 vos
1325 1918 1440 1961 sitis:
1469 1931 1549 1974 per
1574 1916 1664 1959 hoc
1689 1916 1812 1960 enim
1834 1917 1955 1975 quod
1984 1917 2115 1962 Chri-

151 1993 245 2028 stus
260 1983 514 2027 humanam
536 1992 744 2026 naturam
765 1993 1046 2040 assumptam
1073 1983 1118 2026 in
1135 1982 1269 2026 coelo
1293 1982 1552 2036 collocavit,
1571 1983 1693 2027 dedit
1707 1983 1839 2027 nobis
1854 1997 1987 2042 spem
2003 1983 2111 2028 illuc

151 2049 465 2110 perveniendi:
493 2050 600 2108 quia
630 2051 703 2094 ubi
710 2050 848 2108 suerit
872 2058 1038 2108 corpus,
1070 2049 1169 2093 illuc
1196 2051 1558 2107 congregabuntur
1589 2056 1626 2094 et
1652 2050 1829 2108 aquilae,
1867 2060 1917 2093 ut
1949 2050 2112 2095 dicitur

150 2116 312 2173 Matth.
330 2127 423 2171 24:
442 2116 562 2160 unde
587 2126 632 2161 et
657 2116 797 2160 Mich.
825 2128 866 2159 2.
893 2115 1081 2159 dicitur:
1113 2115 1305 2160 Ascendit
1318 2116 1505 2175 pandens
1527 2119 1607 2162 iter
1632 2123 1727 2161 ante
1757 2132 1844 2161 vos.
1880 2117 2019 2161 Tertio
2053 2118 2109 2162 ad

152 2182 421 2242 erigendum
453 2183 685 2227 charitatis
722 2181 938 2226 affectum
971 2183 1018 2226 in
1053 2182 1289 2227 coelestia:
1328 2183 1447 2227 unde
1484 2184 1593 2227 dicit
1631 2184 1794 2241 Apost.
1830 2182 2012 2228 Coloss.
2050 2198 2111 2243 3.:

154 2250 276 2307 Quae
298 2264 464 2295 sursum
497 2255 607 2302 sunt,
641 2251 842 2308 quaerite,
870 2251 943 2294 ubi
972 2249 1160 2294 Christus
1190 2255 1244 2294 cst
1265 2251 1310 2293 in
1336 2250 1503 2294 dextera
1528 2251 1612 2294 Dei
1636 2250 1770 2295 sedens
1780 2266 1796 2303 ,·
1824 2265 1927 2309 quae
1951 2266 2115 2296 sursum

149 2323 246 2361 sunt
263 2318 406 2376 sapite,
422 2331 507 2361 non
538 2331 640 2375 quae
661 2324 782 2375 super
808 2323 977 2362 terram.
1006 2316 1069 2360 Ut
1094 2316 1216 2360 enim
1244 2316 1407 2360 dicitur
1423 2317 1584 2362 Matth.
1607 2316 1669 2362 6.:
1705 2319 1787 2362 Ubi
1813 2324 1867 2362 est
1889 2318 2113 2373 thesaurus,

151 2384 291 2429 ibi.est
309 2389 347 2428 et
361 2397 435 2428 cor
460 2389 590 2428 tuum.
616 2383 673 2427 Et
698 2382 804 2442 quia
821 2383 1014 2442 Spiritus
1033 2383 1229 2427 Sanctus
1254 2394 1322 2428 est
1348 2397 1477 2428 amor
1494 2398 1580 2429 nos
1605 2385 1651 2428 in
1675 2383 1894 2445 coelestia
1919 2385 2113 2443 rapiens,

115 2470 117 2472 ·
150 2449 257 2501 ideo
282 2449 512 2496 Dominus
535 2450 644 2494 dicit
676 2450 908 2509 discipulis
926 2450 1059 2508 Joan.
1092 2448 1182 2494 16.:
1217 2451 1397 2510 Expedit
1420 2453 1555 2505 vobis,
1577 2458 1624 2496 ut
1649 2466 1717 2509 ego
1741 2452 1924 2504 vadam;
1951 2454 1986 2496 si
2002 2454 2113 2496 enim

150 2531 234 2573 non
257 2518 417 2571 abiero,
443 2517 686 2562 Paracletus
715 2532 800 2561 non
825 2519 962 2562 veniet
987 2517 1041 2561 ad
1072 2532 1145 2563 vos
1152 2533 1168 2570 ,·
1197 2520 1231 2562 si
1264 2524 1402 2562 autem
1433 2520 1591 2572 abiero,
1629 2523 1798 2564 mittam
1823 2533 1916 2563 eum
1948 2519 2001 2563 ad
2025 2534 2112 2563 vos.

155 2582 296 2641 Quod
317 2598 548 2643 exponens
573 2585 767 2643 August.
794 2599 928 2643 super
948 2585 1078 2642 Joan.
1108 2585 1252 2640 (tract.
1276 2599 1346 2644 94.
1374 2600 1400 2629 a
1422 2585 1546 2643 med.)
1581 2586 1711 2630 dicit:
1744 2602 1766 2626 ει
1785 2586 1892 2630 Non
1925 2586 2112 2645 potestis

155 2663 321 2709 capere
338 2650 587 2710 Spiritum,
619 2651 837 2710 quamdiu
884 2652 1137 2695 secundum
1179 2666 1364 2696 carnem
1401 2666 1536 2696 nosse
1579 2653 1814 2710 persistitis
1849 2652 2110 2697 Christum:

157 2717 343 2763 Christo
362 2729 514 2765 autem
541 2720 842 2765 descendente
869 2719 1180 2778 corporaliter,
1203 2733 1298 2763 non
1319 2719 1472 2764 solum
1500 2720 1692 2779 Spiritus
1720 2720 1931 2773 SanctuS,
1957 2720 2036 2764 sed
2068 2731 2114 2764 et

155 2784 303 2839 Pater,
324 2794 371 2829 et
393 2785 532 2830 Filius
557 2785 646 2830 illis
672 2785 799 2830 affuit
823 2785 1171 2844 spiritualiter».
1210 2802 1215 2809 ²

244 2851 320 2895 An
338 2864 577 2902 Quam-uu
590 2853 848 2906 dicendum,
861 2854 984 2911 quod
1002 2853 1108 2898 licet
1121 2853 1308 2898 Christo
1326 2854 1578 2911 resurgenti
1590 2854 1635 2897 in
1646 2854 1788 2898 vitam
1801 2852 2111 2898 immortalem

154 2918 564 2977 congrueretlocus
575 2919 974 2975 coelestis3tamen
992 2921 1311 2966 ascensionem
1327 2921 1511 2974 distulit,
1526 2931 1575 2965 ut
1590 2922 1753 2965 veritas
1767 2921 2111 2965 resurrectionis

156 2985 552 3043 comprobat-etun
580 2986 697 3030 unde
711 2987 882 3030 dicitur
899 2987 1002 3031 Act.
1026 3001 1077 3041 1.‚
1095 2988 1218 3046 quod
1235 2995 1332 3047 post
1342 2990 1579 3048 passionem
1599 3004 1717 3034 suam
1731 2991 1923 3047 praebuit
1936 2990 2112 3047 seipsum
2135 3031 2138 3034 .

153 3053 303 3097 vivum
315 3051 526 3110 discipulis
541 3053 587 3096 in
594 3052 735 3096 multis
747 3056 1014 3111 argumentis,
1018 3062 1095 3113 per
1106 3054 1189 3099 dies
1202 3055 1497 3113 quadraginta;
1512 3055 1587 3099 ubi
1597 3055 1706 3099 dicit
1718 3055 1943 3113 quaedam
1958 3053 2110 3099 Gloss.

155 3118 347 3176 (ordin),
360 3118 483 3176 quod
500 3133 523 3158 ‹<
539 3118 647 3177 quia
663 3132 742 3177 per
757 3119 1056 3178 quadraginta
1068 3121 1205 3165 horas
1219 3132 1425 3166 mortuus
1451 3121 1611 3175 fuerat,
1633 3121 1931 3180 quadraginta
1953 3121 2111 3166 diebus

154 3199 204 3230 se
228 3185 381 3230 vivere
396 3183 638 3230 confirmat
653 3199 702 3239 »3
727 3185 800 3229 vel
820 3201 844 3227 α
863 3200 942 3243 per
958 3188 1256 3246 quadraginta
1272 3189 1367 3232 dies
1383 3198 1516 3247 typus
1542 3188 1790 3247 praesentis
1817 3187 2001 3240 saeculi,
2019 3200 2109 3246 quo

157 3251 367 3298 Christus
393 3252 439 3295 in
466 3250 671 3296 Ecclesia
702 3262 1009 3306 conversatur,
1026 3264 1175 3312 potest
1191 3255 1383 3314 intelligi
1395 3271 1437 3310 »;
1460 3256 1532 3299 vel
1558 3256 1703 3314 «quia
1726 3255 1871 3298 homo
1895 3265 2110 3299 constans

154 3333 210 3365 ex
235 3329 431 3378 quatuor
452 3317 708 3372 elementis,
734 3318 934 3364 eruditur
965 3330 1124 3365 contra
1150 3322 1559 3380 transgressionem
1585 3321 1813 3379 Decalogi
1829 3337 1870 3366 ».
