2352 3926
662 241 940 288 QUAESTIO
981 241 1111 281 XLII.
1152 240 1463 282 ARTICULUS
1505 241 1578 280 IV.
1993 242 2097 297 359

84 342 421 405 plngentibus
441 343 662 403 fingentes
688 344 863 404 decepti
891 354 1008 398 sunt,
1033 353 1133 388 toto
1156 345 1278 388 enirn
1300 354 1521 403 tempooe,
1545 356 1636 402 quo
1661 341 1904 388 Christus·
1892 355 1939 387 in
1961 348 2097 387 'carne

32 423 52 469 ὲ.
134 411 319 456 mortali
343 425 448 455 cum
475 411 567 455 suis
593 410 824 470 discipulis
848 411 972 464 vixit,
999 410 1206 454 nondum
1233 421 1328 454 erat
1355 410 1522 454 Paulus
1550 409 1796 488 discipulus
1822 411 1918 468 ejus
1936 426 1977 454 n.

25 507 45 534 ;,
221 479 298 523 AD
323 490 510 524 anuM
537 492 647 537 ergo
670 477 927 531 dicendum,
961 478 1098 536 quod,
1127 477 1242 521 sicut
1268 478 1387 535 Aug.
1421 478 1530 521 dicit
1563 479 1607 521 in
1641 478 1808 522 eodem
1839 477 1955 522 libro
1982 479 2095 537 (cap.

40 544 42 546 ’
125 545 209 591 ult.
230 544 284 590 ad
296 546 364 605 fin
366 545 416 603 .,)
442 561 466 587 α
488 545 701 589 omnibus
729 543 960 621 discipulis
978 544 1069 588 suis
1087 554 1304 602 tanquam
1325 545 1540 588 membris
1562 545 1633 588 sui
1660 545 1865 603 corporis
1885 543 2095 589 Christus

29 609 40 621 “
133 620 271 675 caput
294 621 382 656 est:
409 612 561 671 itaque
585 626 690 657 cum
715 611 781 655 illi
807 611 1096 670 scripserunt,
1124 624 1239 670 quae
1265 610 1342 654 ille
1369 612 1579 664 ostendit,
1599 620 1642 655 et
1664 611 1787 666 dixit,
1805 615 2096 671 nequaquam

131 679 376 724 dicendum
405 689 485 732 est,
511 679 633 739 quod
660 679 755 738 ipse
781 691 875 722 non
902 677 1150 736 scripserit:
1174 677 1545 737 quandoquidem
1569 679 1776 722 membra
1798 681 1894 736 ejus
1920 678 1966 722 id
1994 691 2098 738 ope-

27 735 30 737 *
89 740 95 745 ”
134 756 230 791 rata
252 755 372 800 sunt,
395 746 516 805 quod
537 747 732 790 dictante
756 745 902 803 capite
926 755 1263 803 cognoverunt:
1293 744 1509 803 quidquid
1533 746 1655 788 enim
1675 745 1752 789 ille
1771 746 1826 789 de
1844 745 1935 790 suis
1954 744 2100 799 factis,

134 822 180 858 et
203 813 334 858 dictis
358 827 443 858 nos
467 813 621 873 legere
645 811 804 866 voluit,
830 812 921 856 hoc
948 812 1238 856 scribendum
1270 810 1374 866 illis,
1405 821 1626 870 tanquam
1665 811 1757 856 suis
1785 812 1994 857 manibus
2020 812 2102 856 im·

134 880 308 941 peravit
329 896 371 926 ».

222 947 299 992 An
331 959 591 992 SECUNDUM
624 946 882 1000 dicendum,
914 946 1037 1005 quod
1069 946 1174 1005 quia
1206 945 1278 990 lex
1310 955 1438 990 vetus
1470 944 1805 990 insensibilibus
1837 946 1993 1006 figuris
2026 945 2098 991 da-

133 1014 278 1068 batur,
303 1015 408 1060 ideo
435 1014 573 1059 etiam
600 1014 924 1058 convenienter
950 1012 1235 1058 sensibilibus
1272 1013 1413 1072 signis
1448 1013 1615 1072 scripta
1651 1011 1757 1057 fuit:
1786 1014 1864 1057 sed
1891 1010 2099 1058 doctrina

129 1081 322 1136 Christi,
348 1095 464 1141 quae
490 1091 560 1126 est
584 1081 650 1126 lex
671 1082 845 1141 spiritus
869 1082 996 1135 vitae,
1025 1080 1160 1124 scribi
1186 1081 1340 1124 debuit
1363 1095 1448 1124 non
1474 1086 1722 1134 atramento,
1750 1079 1816 1124 sed
1838 1082 1993 1140 spiritu
2016 1081 2102 1126 Dei

135 1150 259 1202 vitm
292 1163 376 1193 non
389 1150 446 1192 -in
473 1149 623 1193 tabulis
647 1148 832 1208 lapideis,
858 1147 925 1192 sed
946 1150 990 1192 in
1012 1148 1164 1192 tabulis
1188 1147 1324 1192 cordis
1355 1147 1611 1202 carnalibus,
1629 1155 1679 1190 ut
1708 1146 1961 1206 Apostolus
1990 1147 2098 1192 dicit

135 1214 412 1263 2.*Corinth.
444 1229 481 1274 3.

223 1282 300 1328 AD
324 1295 543 1328 TERTmM
570 1282 827 1336 dicendum,
855 1282 976 1341 quod
999 1281 1065 1325 illi
1092 1282 1169 1340 qui
1194 1281 1443 1341 scripturae
1469 1281 1804 1340 Apostolorum
1831 1280 1887 1325 de
1911 1281 2098 1325 Christo

29 1368 54 1404 5
135 1350 320 1395 credere
339 1349 598 1404 noluerunt,
615 1364 700 1394 nec
718 1349 802 1409 ipsi
826 1348 1013 1394 Christo
1036 1347 1248 1394 scribenti
1271 1349 1580 1404 credidissent,
1598 1349 1654 1393 de
1672 1363 1764 1409 quo
1782 1348 2099 1408 opinabantur,

37 1432 52 1470 j
135 1417 258 1477 quod
282 1417 476 1476 magicis
504 1417 672 1462 artibus
698 1416 879 1462 fecisset
904 1416 1140 1460 miracula.

989 1580 1233 1588 ——n—

757 1731 1204 1811 QUAESTIO
1247 1730 1466 1790 XLIII.

380 1886 461 1926 DE
492 1885 815 1927 MIRACULIS
847 1886 888 1925 A
918 1885 1174 1926 CHRISTO
1206 1885 1356 1925 FACT
1358 1885 1409 1926 IS
1442 1885 1508 1924 IN
1542 1884 1863 1935 GENERALI,

618 1976 683 2016 IN
715 1974 1002 2027 QUATUOR
1033 1973 1364 2016 ARTICULOS
1396 1974 1616 2015 DIVISA.

46 2181 66 2216 2&
222 2150 401 2196 Deinde
426 2150 808 2196 considerandum
836 2160 904 2195 est
928 2150 984 2195 de
1009 2150 1243 2195 miraculis
1275 2165 1300 2195 a
1329 2150 1516 2196 Christo
1542 2149 1696 2196 factis:
1721 2160 1766 2195 et
1783 2151 1926 2210 primo
1952 2150 1999 2194 in
2022 2165 2094 2210 ge-

132 2216 302 2262 nerali:
326 2218 501 2265 secundo
525 2218 571 2262 in
597 2217 784 2277 speciali
809 2218 865 2262 de
891 2218 1082 2276 singulis
1108 2217 1440 2262 miraculorum
1472 2218 1743 2278 generibus:
1777 2219 1898 2264 tertio
1924 2218 1971 2262 in
1998 2231 2095 2277 par-

20 2284 72 2347 „j
130 2283 311 2330 ticulari
333 2284 392 2330 de
413 2284 813 2344 transfiguratione
839 2285 992 2343 ipsius.

686 2398 815 2443 Circa
833 2399 1027 2458 primum
1052 2405 1313 2457 quaeruntur
1338 2406 1532 2458 quatuor.

166 2492 185 2511 ’·
221 2485 392 2532 Prima
418 2485 585 2531 Utrum
613 2486 824 2532 Christus
845 2487 1050 2532 debuerit
1073 2488 1297 2533 miracula
1321 2488 1487 2534 facere.

223 2552 453 2600 Secundo.
481 2553 647 2598 Utrum
678 2553 836 2599 fecerit
859 2569 913 2599 ea
937 2555 1102 2599 virtute
1127 2555 1294 2600 divina.

63 2612 88 2628 '
223 2618 399 2666 Tertio,
424 2620 533 2674 Quo
559 2631 767 2680 tempore
795 2623 1015 2680 inceperit
1041 2622 1260 2667 miracula
1282 2621 1447 2668 facere.

67 2710 74 2729 e
143 2696 164 2716 2*
225 2686 420 2740 Quarto.
448 2688 615 2733 Utrum
636 2702 716 2747 per
741 2688 963 2733 miracula
985 2687 1120 2734 fuerit
1145 2689 1422 2736 sufficienter
1448 2700 1633 2735 ostensa
1655 2691 1751 2750 ejus
1778 2690 2003 2736 divinitas.

862 2867 1296 2926 ARTICULUS
1329 2870 1372 2925 1.
2007 2895 2093 2942 234

164 2975 167 2979 -
238 3001 478 3040 UTRUM
518 3002 846 3042 CHRISTUS
888 3004 1252 3051 DEBUERIT
1291 3005 1554 3044 FACERE
1595 2967 1985 3044 MIRACULA.

374 3109 549 3170 (Opusc.
580 3125 621 3156 2.
649 3119 741 3171 cap.
770 3124 807 3170 7.
834 3118 873 3156 et
898 3120 1032 3171 opusc.
1055 3127 1090 3171 3.
1120 3120 1208 3171 cap.
1236 3127 1311 3172 135.
1332 3119 1370 3158 et
1400 3120 1536 3172 opusc.
1568 3125 1634 3156 11.
1668 3121 1758 3172 cap.
1791 3126 1854 3171 17.

737 3184 775 3222 et
806 3186 944 3238 opusc.
978 3178 1051 3224 60.
1084 3187 1174 3238 cap.
1210 3179 1272 3238 65.
1300 3181 1480 3239 princ).

225 3284 302 3332 AD
324 3299 513 3333 PRIMUM
539 3289 603 3333 sic
633 3290 906 3366 proceditur.
939 3290 1143 3345 Videtur,
1178 3292 1300 3351 quod
1336 3293 1545 3337 Christus
1571 3290 1792 3336 miracula
1818 3289 1967 3335 facere
1998 3303 2092 3335 non

137 3351 362 3398 debuerit.
388 3353 556 3400 factum
585 3357 706 3400 enim
735 3357 905 3402 Christi
927 3359 1105 3402 verbo
1094 3359 1234 3418 ipsius
1257 3359 1411 3403 debuit
1433 3359 1737 3403 concordare:
1767 3357 1843 3402 sed
1870 3357 1966 3416 ipse
1984 3357 2093 3402 dicit

136 3417 657 3467 Matth.12..Generatio
682 3425 811 3478 mala,
834 3430 871 3468 et
895 3423 1084 3470 adultera
1106 3428 1268 3485 signum
1292 3426 1484 3484 quaerit.-
1510 3432 1548 3470 εἰ
1571 3427 1734 3483 signum
1752 3439 1835 3468 non
1852 3423 2022 3469 dabitur
2038 3426 2090 3479 ei,

137 3486 219 3531 nisi
245 3486 409 3551 signum
427 3487 559 3545 Ionae
585 3480 840 3548 Prophetde;
868 3504 963 3534 non
989 3505 1099 3550 ergo
1123 3490 1279 3536 debuit
1301 3491 1522 3535 miracula
1544 3490 1708 3536 facere.

227 3561 270 3596 2.
286 3547 591 3599 Ρηετειιῐιᾼ.
618 3554 747 3600 Sicut
773 3555 983 3606 Christus
1010 3559 1055 3601 in
1076 3559 1279 3602 secundo
1308 3557 1504 3602 adventu
1530 3567 1746 3602 venturus
1773 3566 1840 3601 est
1865 3559 1910 3601 in
1933 3559 2092 3604 virtute

0 3642 2 3661 .
135 3627 312 3678 magna,
337 3624 376 3664 ct
394 3622 621 3679 majas-tate,
651 3630 698 3667 ut
718 3622 881 3667 dicitur
906 3622 1069 3668 Matth.
1097 3636 1194 3679 243
1216 3625 1276 3669 ita
1303 3626 1348 3669 in
1370 3625 1522 3683 primo
1545 3625 1742 3668 adventu
1758 3624 1884 3668 venit
1907 3623 1954 3668 in
1974 3623 2092 3669 infir-
