2352 3926
625 241 904 290 QUAESTlo
945 241 1168 280 LXXXIV.
1208 240 1516 281 ARTICULUS
1556 240 1632 281 111.
1999 227 2101 298 781

152 346 426 392 sacramenti
458 360 511 391 ex
543 355 668 406 parte
700 344 987 405 poenitentis,
1020 345 1146 402 cujus
1179 354 1306 389 actus
1344 342 1640 389 materialiter
1681 343 2027 404 quodammodo
2060 359 2109 391 se

152 413 321 458 habent
345 415 390 458 in
416 412 506 458 hoc
534 422 836 467 sacramento,
862 426 956 456 non
984 421 1136 456 autem
1168 412 1215 455 in
1240 411 1483 471 baptismo,
1510 411 1583 456 vel
1610 412 1657 455 in
1686 408 2046 456 confirmatione.

241 481 317 525 An
334 493 594 526 SECUNDUM
612 479 870 533 dicendum,
887 479 1009 538 quod
1029 479 1217 523 verbum
1235 478 1403 523 Leonis
1426 488 1494 523 est
1514 478 1862 538 intelligendum
1888 489 2109 539 quantum

76 602 83 607 ,
151 546 208 592 ad
234 547 620 607 deprecationem,
645 560 762 607 quae
787 545 1087 606 praemittitur
1120 544 1410 600 absolutioni,
1436 559 1530 590 non
1563 557 1717 591 autem
1749 556 1973 602 removet,
1999 547 2108 631 quin

150 614 410 658 sacerdotes
432 613 683 658 absolvant.

240 681 315 725 AD
341 693 557 726 TERTIUM
584 680 841 733 dicendum,
874 679 996 738 quod
1028 678 1152 723 solus
1179 679 1304 723 Deus
1336 693 1416 737 per
1452 679 1768 724 auctoritatem
1796 689 1839 725 et
1867 695 1893 724 a
1917 689 2108 741 peccato

151 747 358 801 absolvit,
381 758 426 792 et
445 758 686 807 peccatum
713 746 922 791 remittit:
950 747 1208 790 sacerdotes
1234 755 1388 790 tamen
1411 755 1653 806 utrumque
1679 746 1852 792 faciunt
1877 761 1954 806 per
1981 748 2108 792 mini-

148 816 352 868 sterium,
376 814 646 873 inquantum
673 813 849 858 scilicet
873 814 1010 856 verba
1037 813 1284 857 sacerdotis
1317 813 1363 856 in
1395 813 1486 857 hoc
1519 825 1807 858 sacramento
1833 814 2109 860 instrumen-

147 881 298 927 taliter
322 891 567 941 operantur
583 883 629 925 in
645 881 809 925 virtute
835 880 1001 932 divina,
1020 880 1134 924 sicut
1152 881 1292 923 etiam
1308 880 1355 923 in
1372 879 1471 924 aliis
1493 882 1815 936 sacramentis;
1837 896 1946 926 nam
1966 883 2107 927 virtus

148 949 301 994 divina
323 959 404 1004 est,
426 963 542 1008 quae
567 948 752 992 interius
770 956 983 1006 operatur
998 947 1046 990 in
1064 947 1276 990 omnibus
1305 947 1710 992 sacramentalibus
1728 949 1884 1007 signis,
1902 949 1997 995 sive
2018 950 2109 994 sint

149 1028 235 1068 res,
260 1014 356 1059 sive
379 1015 531 1067 verba,
558 1014 675 1059 sicut
697 1027 750 1057 ex
776 1014 1044 1072 supradictis
1066 1022 1190 1072 patet
1215 1013 1276 1071 (q.
1296 1013 1366 1058 62.
1394 1019 1474 1058 art.
1497 1027 1539 1071 4.
1562 1020 1599 1058 et
1623 1029 1662 1072 q.
1686 1014 1758 1071 64.
1785 1022 1864 1060 art.
1887 1031 1923 1061 Ι.
1949 1022 1989 1061 et
2011 1031 2052 1062 2.
2051 1015 2077 1075 )
2088 1031 2105 1069 ,-

148 1081 270 1127 unde
295 1091 346 1126 et‘
362 1082 591 1126 Dominus
619 1080 836 1140 expressit
862 1090 1119 1139 utrumque,
1141 1094 1251 1123 nam
1271 1080 1432 1124 Matth.
1461 1078 1526 1125 16.
1550 1081 1660 1124 dixit
1680 1082 1841 1126 Petro:
1870 1082 2108 1140 Quodcum-

147 1165 223 1210 que
244 1149 414 1195 solveris
434 1156 749 1211 superterram,
774 1158 874 1202 etc.,
903 1157 947 1192 et
967 1148 1095 1205 Joan.
1125 1160 1193 1192 20.
1222 1147 1331 1191 dixit
1357 1147 1611 1207 discipulis:
1641 1149 1836 1205 Quorum
1869 1151 2108 1195 remiseritis

142 1223 328 1278 peccata,
341 1218 612 1262 remittuntur
632 1218 717 1268 εἰη
745 1215 850 1259 ideo
876 1225 1031 1259 tamen
1058 1214 1270 1258 sacerdos
1292 1216 1442 1273 potius
1466 1215 1597 1259 dicit:
1620 1230 1642 1255 «
1664 1214 1763 1273 Ego
1785 1225 1829 1259 te
1858 1215 2105 1271 absolvo»,

147 1297 310 1344 quam:
339 1301 363 1326 «
388 1283 488 1343 Ego
514 1284 595 1327 tibi
626 1292 814 1342 peccata
845 1283 1029 1326 remitto
1056 1298 1098 1331 »,
1125 1281 1230 1340 quia
1256 1282 1345 1325 hoc
1372 1282 1520 1340 magis
1553 1283 1764 1340 congruit
1794 1283 1957 1338 verbis,
1990 1298 2107 1343 quae

147 1352 376 1396 Dominus
401 1351 525 1406 dixit,
549 1351 763 1395 virtutem
791 1349 990 1393 clavium
1024 1349 1282 1403 ostendens,
1309 1363 1389 1408 per
1415 1363 1527 1408 quas
1560 1349 1820 1395 sacerdotes
1848 1350 2105 1395 absolvunt.

149 1419 273 1472 Quia
296 1428 450 1464 tamen
476 1419 688 1462 sacerdos
716 1419 831 1461 sicut
857 1417 1062 1461 minister
1079 1415 1286 1469 absolvit,
1310 1417 1636 1461 convenienter
1654 1418 1895 1476 apponitur
1921 1418 2107 1478 aliquid,

147 1486 269 1547 quod
301 1488 524 1547 pertineat
556 1485 611 1529 ad
644 1485 840 1544 primam
872 1484 1191 1534 auctoritatem
1223 1483 1326 1537 Dei,
1358 1482 1533 1528 scilicet
1563 1494 1612 1528 ut
1643 1484 1842 1529 dicatur:
1873 1500 1897 1526 (ε
1930 1484 2029 1544 Ego
2061 1495 2105 1530 te

147 1553 337 1598 absolvo
359 1553 405 1597 in
430 1553 619 1597 nomine
641 1552 801 1605 Patris,
825 1561 869 1595 et
884 1550 999 1605 Filii,
1027 1562 1070 1595 et
1097 1550 1289 1609 Spiritus
1313 1551 1469 1595 Sancti
1494 1567 1543 1604 »3
1568 1551 1644 1596 vel
1669 1566 1750 1611 per
1769 1553 1984 1596 virtutem
2010 1567 2107 1611 pas-

147 1621 289 1666 sionis
316 1620 502 1675 Christi,
542 1620 614 1664 vel
654 1619 921 1663 auctoritate
947 1619 1049 1672 Dei,
1076 1618 1191 1662 sicut
1222 1614 1413 1677 Dionys.
1458 1619 1642 1678 exponit
1683 1633 1781 1677 cap.
1819 1633 1857 1677 3.
1902 1619 2102 1665 Coelest.

149 1688 387 1733 Hierarch.
417 1688 462 1744 (a
487 1687 591 1732 med.
618 1687 775 1746 implic.
796 1692 833 1731 et
858 1693 947 1745 cap.
976 1699 1014 1744 7.
1040 1686 1192 1730 Eccles.
1218 1686 1394 1729 Hierar.
1420 1700 1526 1730 vers.
1542 1687 1644 1745 fin.)
1658 1701 1674 1738 ;
1703 1686 1808 1745 quia
1834 1697 1990 1731 tamen
2014 1687 2105 1732 hoc

147 1769 241 1799 non
263 1764 332 1799 est
356 1754 707 1799 determinatum
735 1767 788 1797 ex
813 1753 960 1796 verbis
989 1751 1174 1805 Christi,
1202 1752 1318 1796 sicut
1333 1752 1380 1796 in
1399 1752 1639 1812 baptismo,
1657 1752 1759 1798 talis
1783 1754 2008 1813 appositio
2035 1768 2105 1799 re-

147 1822 363 1882 linquitur
389 1821 570 1866 arbitrio
598 1820 860 1864 sacerdotis.

235 1890 313 1935 AD
334 1901 572 1940 QUARTUM
599 1887 856 1941 dicendum,
893 1886 1014 1946 quod
1042 1885 1260 1944 apostolis
1281 1900 1375 1930 non
1403 1897 1470 1931 est
1496 1888 1598 1931 data
1624 1897 1839 1947 potestas,
1866 1898 1915 1933 ut
1935 1888 2022 1948 ipsi
2038 1904 2103 1934 sa-

146 1965 308 2002 natent
331 1955 552 2010 infirmos,
570 1955 647 1999 sed
665 1965 714 1999 ut
732 1954 787 1998 ad
806 1968 967 1998 eorum
993 1953 1250 1997 orationem
1275 1953 1444 1997 infirmi
1465 1964 1753 1999 sanarentur:
1778 1965 1846 2000 est
1868 1966 2020 2000 autem
2039 1957 2104 2002 eis

147 2023 314 2069 collata
339 2033 539 2084 potestas
561 2022 781 2082 operandi
801 2020 1217 2074 instrumentaliter,
1236 2021 1330 2064 sive
1348 2021 1700 2066 ministerialiter
1717 2023 1763 2066 in
1780 2024 2102 2070 sacramentis:

147 2100 193 2136 et
206 2090 312 2136 ideo
329 2090 477 2149 magis
491 2099 683 2149 possunt
698 2089 745 2132 in
761 2088 921 2133 formis
939 2086 1343 2132 sacramentalibus
1361 2088 1612 2147 exprimere
1631 2099 1782 2133 actum
1800 2105 1947 2145 suum,
1966 2105 2104 2150 quam

127 2158 194 2203 in
217 2158 526 2204 sanationibus
551 2156 889 2210 infirmitatum3
911 2155 959 2199 in
981 2155 1143 2214 quibus
1164 2164 1320 2199 tamen
1337 2169 1431 2199 non
1449 2170 1628 2215 semper
1650 2157 1791 2201 modo
1815 2157 2104 2217 deprecativo

145 2225 399 2279 utebantur,
429 2224 507 2269 sed
539 2223 813 2283 quandoque
844 2222 986 2266 modo
1019 2221 1280 2276 indicativo,
1314 2232 1358 2266 et
1382 2223 1667 2282 imperativo,
1706 2224 1822 2269 sicut
1846 2225 1950 2269 Act.
1981 2240 2017 2284 3.
2045 2224 2105 2270 le-

146 2292 278 2351 gitur,
305 2290 427 2351 quod
453 2291 612 2335 Petrus
639 2290 748 2334 dixit
775 2289 957 2334 claudo:
988 2289 1113 2347 Quod
1129 2289 1271 2344 habac,
1289 2290 1363 2334 hoc
1381 2291 1456 2334 tibi
1472 2289 1548 2335 do:
1575 2292 1621 2335 in
1645 2293 1817 2337 nomine
1835 2293 1930 2349 Jesu
1951 2293 2106 2338 Christi

146 2361 364 2419 Nazareni
387 2373 519 2418 surge,
543 2364 580 2403 et
604 2357 791 2402 ambula.

235 2427 313 2472 An
346 2439 576 2478 QUINTUM
608 2425 866 2478 dicendum,
889 2424 1011 2483 quod
1032 2424 1118 2468 ista
1145 2424 1391 2483 expositio:
1422 2440 1445 2466 «
1471 2425 1570 2484 Ego
1602 2435 1647 2470 te
1680 2425 1869 2471 absolvo
1896 2444 1938 2482 »,
1963 2427 2103 2473 idest:

149 2509 174 2536 α
198 2492 457 2538 absolutum
476 2492 668 2538 ostendo
687 2509 729 2546 n,
753 2501 972 2551 quantum
1000 2491 1055 2535 ad
1083 2490 1250 2550 aliquid
1278 2491 1462 2550 quidem
1483 2507 1592 2536 vera
1618 2504 1705 2538 est:
1733 2508 1826 2538 non
1852 2504 2008 2539 tamen
2035 2505 2105 2540 est

146 2560 370 2621 perfectaj
396 2569 681 2605 sacramenta
713 2560 836 2604 enim
861 2573 1008 2603 novae
1035 2558 1149 2616 legis
1176 2572 1270 2603 non
1301 2558 1453 2603 solum
1479 2560 1751 2619 significant,
1770 2561 1848 2606 sed
1881 2562 2019 2606 etiam
2045 2562 2105 2606 fa-

147 2629 272 2673 ciunt
287 2627 409 2687 quod
425 2627 705 2687 significant3
732 2626 853 2671 unde
874 2626 990 2671 sicut
1006 2625 1218 2670 sacerdos
1234 2626 1504 2684 baptizando
1529 2626 1727 2686 aliquem
1746 2629 1942 2673 ostendit
1959 2629 2105 2673 homi-

145 2709 254 2740 nem
277 2694 464 2739 interius
491 2694 749 2739 absolutum
781 2708 860 2753 per
883 2694 1036 2747 verba,
1059 2703 1104 2737 et
1133 2692 1268 2747 facta,
1295 2703 1340 2738 et
1363 2709 1458 2738 non
1494 2694 1645 2739 solum
1683 2696 1992 2753 significative,
2024 2696 2103 2740 sed

147 2763 284 2808 etiam
303 2761 526 2815 effective,
561 2761 624 2806 ita
650 2762 787 2806 etiam
815 2775 920 2805 cum
946 2760 1078 2805 dicit:
1109 2776 1132 2801 «
1158 2760 1258 2819 Ego
1283 2770 1328 2805 te
1355 2761 1544 2805 absolvo
1572 2778 1613 2816 >›‚
1640 2763 1837 2806 ostendit
1862 2763 2102 2807 hominem

149 2829 409 2875 absolutum
434 2842 529 2873 non
554 2828 705 2873 solum
733 2827 1044 2887 significative,
1077 2827 1155 2871 sed
1188 2828 1326 2872 etiam
1359 2827 1583 2872 effective:
1611 2843 1695 2873 nec
1721 2839 1876 2873 tamen
1903 2829 2103 2888 loquitur

146 2898 275 2958 quasi
295 2897 351 2942 de
376 2911 423 2942 re
449 2897 635 2950 incerta,
669 2896 774 2955 quia
796 2896 912 2940 sicut
937 2894 1025 2939 alia
1051 2905 1335 2939 sacramenta
1360 2908 1508 2939 novae
1534 2895 1646 2954 legis
1673 2896 1842 2941 habent
1861 2897 1917 2941 de
1939 2911 1988 2941 se
2011 2911 2103 2942 cer-

145 2975 243 3010 tum
269 2963 483 3010 effectum
509 2978 564 3008 ex
587 2964 751 3008 virtute
777 2962 1000 3023 passionis
1028 2962 1213 3016 Christi,
1235 2961 1343 3007 licet
1367 2964 1510 3022 possit
1536 2963 1744 3022 impediri
1767 2978 1821 3007 ex
1841 2973 1967 3022 parte
1994 2964 2103 3008 reci·

145 3033 323 3093 pientis,
355 3032 417 3077 ita
443 3032 582 3077 etiam
613 3042 658 3076 et
689 3032 736 3075 in
761 3032 851 3075 hoc
879 3040 1191 3084 sacrament03
1219 3031 1339 3074 unde
1363 3030 1645 3087 Augustinus
1671 3030 1779 3074 dicit
1803 3030 1848 3074 in
1875 3030 1949 3074 lib.
1978 3044 2018 3075 2.
2045 3030 2101 3076 de

146 3098 301 3144 Adult.
330 3098 530 3159 Conjug.
557 3100 669 3159 (cap.
693 3114 734 3157 9.
752 3100 797 3142 in
816 3099 995 3157 princ.):
1023 3097 1169 3141 «Non
1192 3107 1259 3141 est
1280 3097 1435 3155 turpis,
1462 3111 1545 3140 nec
1574 3096 1767 3140 difficilis
1789 3107 1892 3156 post
1913 3107 2101 3154 patrata,

146 3176 191 3211 et
209 3175 400 3225 purgata
425 3164 644 3210 adulteria
668 3164 982 3210 reconciliatio
1011 3164 1226 3222 conjugii,
1240 3164 1315 3207 ubi
1332 3178 1411 3221 per
1429 3163 1579 3207 claves
1596 3164 1724 3221 regni
1747 3164 1984 3209 coelorum
2006 3179 2101 3210 non

147 3233 374 3277 dubitatur
396 3231 492 3277 fieri
516 3233 725 3277 remissio
751 3241 1046 3291 peccatorum
1066 3246 1118 3286 »ς
1141 3231 1260 3275 unde
1282 3245 1367 3275 nec
1394 3230 1608 3275 sacerdos
1634 3230 1807 3289 indiget
1832 3231 2019 3290 speciali
2037 3247 2103 3277 re-

144 3299 373 3344 velatione
398 3298 532 3353 facta,
563 3299 642 3344 sed
668 3298 832 3344 sufficit
864 3298 1087 3358 generalis
1119 3298 1338 3342 revelatio
1379 3297 1497 3352 fidei,
1525 3312 1604 3356 per
1639 3312 1777 3356 quam
1814 3299 2102 3345 remittuntur

145 3377 355 3427 peccata;
382 3365 501 3410 unde
523 3365 740 3411 revelatio
759 3365 864 3410 fidei
882 3365 1042 3410 dicitur
1059 3366 1196 3409 Petro
1218 3364 1337 3408 facta
1358 3363 1519 3417 fuisse3
1543 3374 1661 3409 esset
1682 3375 1835 3409 autem
1857 3365 2102 3424 perfectior

146 3433 396 3494 expositio:
431 3448 455 3474 «
486 3432 585 3491 Ego
614 3442 661 3477 te
693 3431 883 3477 absolvo
914 3448 957 3486 »,
987 3431 1127 3477 idest:
1163 3449 1187 3474 «
1220 3440 1557 3476 sacramentum
1581 3430 1878 3477 absolutionis
1909 3433 1989 3478 tibi
2019 3433 2102 3477 im-

146 3500 297 3561 pendo
318 3516 359 3544 >›.
