2352 3926
310 184 417 256 798
816 196 1093 244 QUAESTIO
1133 196 1335 236 Lxxxv.
1374 195 1683 237 ,inuentus
1721 198 1775 237 v.

310 303 459 361 quovit
479 303 588 346 enim
611 314 783 359 regnum
808 299 1043 344 coelorum:
1069 299 1149 343 sed
1174 313 1368 358 regnum
1394 298 1635 343 coelorum
1659 307 1729 344 est
1750 298 1983 357 objectum
2008 299 2130 361 spei3
2157 314 2268 362 ergo

310 369 590 428 poenitentia
617 367 762 425 magis
787 366 994 425 procedit
1018 380 1072 409 ex
1098 380 1191 425 spe,
1219 380 1358 426 quam
1383 380 1439 411 ex
1463 367 1645 410 timore.
2146 384 2148 390 ·

404 450 442 494 3.
459 436 756 479 PRAETEREA.
774 431 939 477 Timor
953 442 1020 476 est
1032 432 1218 491 quidam
1236 442 1361 478 actus
1378 433 1567 477 interior
1579 433 1804 479 hominis:
1821 434 2100 493 poenitentia
2116 437 2270 484 mitem

309 518 402 548 non
425 503 599 546 videtur
619 502 665 545 in
691 501 822 544 nobis
849 515 947 545 esse
969 514 1023 544 ex
1038 514 1177 559 opere
1195 501 1412 555 hominis,
1430 500 1509 545 sed
1527 514 1581 544 ex
1599 514 1737 560 opere
1755 501 1858 555 Dei,
1880 502 2134 548 secundum
2151 501 2266 548 illud

309 571 509 614 Hierem.
541 583 629 628 31.:
657 569 881 627 Postquam
908 569 1148 614 convertisti
1169 583 1249 624 me,
1275 570 1339 628 egi
1355 570 1657 628 poenitentiam
1664 583 1683 627 ,-
1716 582 1825 634 ergo
1858 570 2138 630 poenitentia
2166 584 2265 616 non

309 637 514 697 procedit
540 651 593 679 ex
618 636 798 679 timore.
2176 639 2179 641 ’

399 703 492 747 SED
526 715 722 747 CONTRA
745 711 826 756 est,
853 701 975 761 quod
1001 702 1087 746 Isa.
1111 700 1182 746 26.
1206 702 1391 746 dicitur:
1421 702 1539 748 Sicut
1569 717 1673 762 quae
1693 704 1895 763 concepit,
1921 718 2016 749 cum
2037 705 2267 765 appropin-

310 771 505 829 quaverit
527 769 582 819 ad
600 776 791 828 partum,
825 769 961 814 dolens
983 769 1137 814 clamat
1161 771 1206 814 in
1238 769 1448 814 doloribus
1477 771 1575 824 suis,
1600 772 1659 815 sic
1676 771 1788 829 facti
1811 785 1964 824 sumus,
1990 770 2165 816 scilicet
2182 786 2271 831 ⁴per

309 837 651 897 poenitentiam,
678 846 722 880 et
746 846 906 894 postea
931 836 1134 881 subditur
1165 835 1419 881 secundum
1461 837 1598 882 aliam
1624 837 1822 882 litteram
1856 838 2007 895 (LXX.
2038 836 2272 898 Interpr.)⁴.·

310 907 351 952 A
379 908 526 951 timore
552 913 636 960 tuo,
665 907 865 960 Domine,
892 907 1162 965 concepimus,
1186 912 1223 950 et
1247 908 1364 965 quasi
1389 907 1719 966 parturivimus,
1745 913 1785 951 et
1810 907 2047 967 peperimus
2078 908 2276 967 spiritum

314 974 472 1028 salutis,
501 973 617 1018 idest
642 973 951 1032 poenitentiae
976 972 1199 1028 salutaris,
1226 983 1275 1017 ut
1299 987 1380 1033 per
1410 973 1658 1033 praemissa
1684 983 1832 1034 patet;
1858 987 1968 1033 ergo
1994 973 2275 1034 poenitentia

310 1041 516 1100 procedit
536 1055 591 1085 ex
615 1040 796 1085 timore.

399 1108 688 1154 RESPONDEO
723 1107 982 1162 dicendum,
1019 1108 1142 1167 quod
1179 1107 1235 1151 de
1267 1107 1546 1166 poenitentia
1590 1108 1718 1168 loqui
1749 1123 1992 1168 possumus
2024 1108 2273 1169 dupliciter.-

311 1190 393 1220 uno
410 1175 531 1220 modo
558 1185 778 1235 quantum
796 1175 853 1219 ad
869 1175 1100 1229 habitum3
1124 1184 1169 1218 et
1193 1175 1259 1218 sic
1277 1174 1543 1220 immediate
1571 1190 1596 1219 a
1621 1176 1724 1220 Deo
1750 1175 2001 1220 infunditur
2021 1175 2119 1221 sine
2140 1176 2272 1220 nobis

314 1242 623 1301 principaliter
649 1242 954 1302 operantibus,
971 1256 1066 1286 non
1090 1251 1246 1286 tamen
1272 1242 1368 1286 sine
1390 1242 1522 1286 nobis
1545 1243 1808 1300 dispositive
1821 1243 2173 1302 cooperantibus
2184 1256 2271 1303 :per

309 1309 488 1370 aliquos
514 1320 663 1354 actus:
691 1311 774 1355 alio
805 1309 926 1354 modo
958 1323 1202 1368 possumus
1227 1308 1356 1368 loqui
1388 1309 1443 1353 de
1477 1310 1758 1367 poenitentia
1791 1319 2012 1369 quantum
2046 1309 2103 1355 ad
2129 1316 2272 1365 actus,

310 1377 471 1436 quibus
497 1378 601 1421 Deo
628 1376 838 1436 operanti
868 1377 915 1420 in
948 1376 1227 1435 poenitentia
1266 1390 1596 1435 cooperamur:
1636 1390 1833 1436 quorum
1855 1386 2054 1422 actuum
2081 1378 2275 1437 primum

310 1444 583 1504 principium
610 1454 677 1488 est
701 1444 790 1488 Dei
822 1443 1026 1503 operatio
1060 1443 1366 1488 convertentis
1403 1457 1497 1498 cor,
1533 1444 1786 1488 secundum
1820 1443 1933 1489 illud
1970 1444 2145 1489 Thren.
2170 1443 2273 1500 ult-⁷:

316 1511 524 1557 Converte
555 1526 640 1565 nos,
675 1513 875 1566 Domine,
908 1510 962 1555 ad
994 1517 1044 1565 te,
1068 1517 1106 1556 et
1137 1517 1452 1556 convertemur:
1485 1511 1684 1556 secundus
1710 1522 1837 1556 actus
1872 1521 1940 1558 est
1964 1511 2274 1558 motusfidei:

311 1581 452 1625 tertius
479 1589 546 1623 est
572 1588 724 1623 motus
750 1578 928 1622 timoris
956 1578 1145 1631 servilis,
1164 1593 1254 1637 quo
1282 1579 1381 1638 quis
1403 1579 1570 1623 timore
1592 1579 1922 1639 suppliciorum
1947 1579 2190 1640 apeccatis
2210 1594 2278 1625 re·

312 1646 524 1691 trahitur:
551 1653 726 1706 quartus
743 1656 868 1690 actus
891 1655 959 1690 est
974 1656 1128 1690 motus
1144 1646 1255 1705 spei,
1282 1660 1373 1705 quo
1396 1646 1497 1706 quis
1523 1646 1604 1691 sub
1631 1661 1711 1706 spe
1735 1646 1897 1692 veniae
1923 1647 2273 1706 consequendae

312 1715 504 1759 assumit
528 1714 814 1773 propositum
833 1713 1130 1759 emendandi:
1158 1715 1328 1772 quintus
1347 1724 1474 1759 actus
1497 1724 1565 1758 est
1580 1724 1735 1759 motus
1757 1714 2003 1769 charitatis,
2020 1728 2112 1774 quo
2136 1713 2275 1774 aliqui

312 1791 551 1841 peccatum
579 1781 786 1840 displicet
811 1781 1064 1825 secundum
1091 1781 1307 1840 seipsum,
1334 1791 1379 1825 et
1403 1796 1497 1825 non
1528 1783 1622 1840 jam
1654 1791 1838 1841 propter
1862 1781 2111 1842 supplicia:
2140 1788 2276 1828 sextus

314 1859 439 1893 actus
457 1858 525 1893 est
542 1858 695 1893 motus
716 1849 894 1892 timoris
912 1847 1076 1902 filialis,
1094 1863 1184 1907 quo
1203 1857 1389 1908 propter
1414 1849 1716 1893 reverentiam
1742 1849 1832 1893 Dei
1851 1848 2014 1908 aliquis
2031 1849 2275 1894 emendam

312 1918 415 1961 Deo
441 1916 724 1961 voluntarius
758 1915 903 1961 offert.
939 1916 1015 1960 Sic
1048 1916 1184 1975 igitur
1216 1926 1354 1975 patet,
1387 1917 1509 1975 quod
1543 1926 1669 1960 actus
1711 1916 2019 1976 poenitentiae
2053 1931 2080 1962 a
2109 1917 2276 1962 timore

312 1983 463 2029 servili
487 1984 706 2043 procedit,
733 1984 850 2028 sicut
876 1998 901 2027 a
926 1983 1076 2042 primo
1110 1994 1240 2027 motu
1268 1983 1456 2028 effectus
1479 1984 1534 2028 ad
1561 1984 1651 2028 hoc
1679 1984 1915 2040 ordinat03
1942 1998 1968 2030 a
1999 1984 2166 2030 timore
2197 1998 2277 2029 au-

311 2062 406 2096 tem
432 2051 572 2106 filiali,
599 2052 718 2095 sicut
743 2051 795 2095 ab
824 2051 1106 2106 immediato,
1133 2061 1178 2095 et
1203 2052 1414 2110 proximo
1440 2052 1677 2111 principio.

403 2119 478 2163 AD
505 2132 695 2163 PRIMUM
723 2133 833 2176 ergo
861 2118 1121 2172 dicendum,
1155 2118 1276 2178 quod
1310 2130 1552 2177 peccatum
1577 2120 1701 2179 prius
1731 2119 1889 2179 incipit
1917 2119 2099 2165 homini
2129 2119 2279 2180 displi—

312 2200 429 2240 cere,
455 2186 655 2230 maxime
677 2186 924 2245 peccatori,
950 2195 1135 2245 propter
1156 2186 1394 2244 supplicia,
1422 2200 1538 2245 quae
1560 2187 1744 2246 respicit
1763 2186 1904 2231 timor
1929 2186 2120 2242 servilis,
2132 2195 2276 2247 quam

311 2263 495 2313 propter
519 2254 609 2298 Dei
633 2252 872 2307 offensam,
898 2252 973 2297 vel
993 2254 1170 2312 peccati
1190 2253 1533 2312 turpitudinem,
1556 2255 1678 2313 quod
1700 2255 1894 2314 pertinet
1915 2254 1971 2299 ad
1993 2254 2277 2300 charitatem.

402 2322 478 2365 AD
501 2334 763 2366 SECUNDUM
789 2321 1050 2375 dicendum,
1076 2321 1200 2380 quod
1225 2321 1273 2365 in
1299 2334 1442 2379 regno
1466 2321 1705 2366 coelorum
1731 2321 2124 2381 appropinquante
2148 2321 2279 2367 intel·

312 2388 466 2447 ligitur
492 2389 710 2432 adventus
736 2388 891 2447 Regis,
915 2402 1010 2432 non
1037 2387 1188 2432 solum
1210 2388 1520 2448 praemiantis‚
1547 2388 1626 2432 sed
1653 2389 1791 2433 etiam
1808 2388 2050 2448 punientis·
2077 2389 2214 2434 Unde
2232 2398 2280 2434 et

314 2457 477 2501 Matth.
500 2455 746 2514 3.Joannes
765 2456 968 2514 Baptista
985 2455 1186 2500 dicebat:
1213 2457 1434 2514 Progenies
1449 2457 1714 2517 viperarum,
1738 2458 1828 2516 quis
1843 2456 2145 2503 demonstravit
2153 2458 2278 2504 *vobis

311 2525 452 2583 fugere
477 2538 503 2568 a
527 2530 707 2568 ventura
731 2524 833 2569 ira?

403 2591 479 2635 AD
507 2603 723 2636 TERTmM
746 2590 1006 2644 dicendum,
1034 2590 1156 2649 quod
1182 2590 1278 2649 ipse
1305 2590 1443 2634 etiam
1470 2601 1621 2635 motus
1643 2591 1822 2636 timoris
1854 2592 2060 2651 procedit
2091 2605 2147 2637 ex
2171 2602 2276 2637 actu

316 2658 405 2703 Dei
431 2657 736 2702 convertentis
764 2671 864 2711 cor;
897 2657 1015 2701 unde
1042 2657 1204 2701 dicitur
1235 2657 1420 2702 Denter.
1454 2670 1513 2715 5.:
1539 2659 1648 2715 Quis
1667 2659 1734 2704 det
1758 2674 1822 2704 eos
1848 2659 1971 2704 talem
1995 2660 2145 2705 habere
2168 2674 2280 2706 mm·

316 2732 412 2780 tem,
440 2732 486 2771 ut
511 2728 682 2770 timeant
702 2726 799 2771 me?
825 2725 881 2769 Et
905 2725 1010 2769 ideo
1034 2738 1112 2783 per
1138 2725 1227 2768 hoc
1247 2725 1368 2783 quod
1396 2726 1674 2784 poenitentia
1702 2742 1726 2771 a
1752 2727 1919 2773 timore
1944 2727 2165 2789 procedit,
2181 2741 2277 2773 non

316 2791 569 2853 excluditur
595 2793 703 2852 quin
730 2792 949 2852 procedat
976 2805 1031 2836 ex
1057 2801 1160 2836 actu
1187 2791 1276 2836 Dei
1298 2795 1603 2838 convertentis
1631 2808 1724 2839 cor.

1013 2969 1447 3028 ARTICULUS
1488 2973 1586 3029 v1.
2191 3000 2270 3049 525

649 3107 842 3147 UTRUM
882 3107 1258 3149 POENITENTIA
1297 3108 1382 3147 SIT
1423 3109 1589 3148 PRIMA
1626 3109 1935 3149 VIRTUTUM.

813 3230 872 3279 (4.
907 3222 1019 3267 Dist.
1046 3235 1110 3279 14.
1138 3236 1176 3281 q.
1199 3236 1234 3266 1.
1262 3236 1300 3280 q.
1329 3221 1370 3267 6.
1397 3228 1434 3268 et
1459 3228 1540 3267 art.
1573 3237 1612 3268 2.
1637 3238 1675 3282 q.
1703 3223 1778 3282 2.).

434 3334 508 3378 AD
528 3347 719 3379 SExTuM
746 3335 810 3378 sic
836 3335 1108 3395 proceditur.
1134 3333 1337 3389 Videtur,
1357 3336 1477 3395 quod
1500 3337 1776 3397 poenitentia
1799 3336 1857 3382 sit
1866 3337 2013 3397 prima
2031 3337 2274 3384 virtutum:

315 3402 420 3461 quia
451 3416 585 3461 super
616 3402 729 3446 illud
762 3403 922 3447 Matth.
955 3418 1016 3462 3.:
1043 3404 1345 3448 Poenitentiam
1378 3406 1500 3462 agite,
1528 3405 1637 3449 dicit
1664 3404 1816 3450 Gloss.
1841 3404 2050 3464 (ordin.).·
2080 3404 2276 3457 «Prima
2340 3425 2352 3463 χ

314 3470 453 3513 virtus
481 3478 561 3524 est,
595 3484 674 3528 per
699 3470 1028 3529 poenitentiam
1055 3470 1279 3530 perimere
1305 3481 1509 3515 veterem
1535 3472 1791 3526 hominem,
1818 3481 1863 3517 et
1893 3471 2003 3517 vitia
2027 3472 2180 3518 odisee
2195 3489 2264 3518 »μ

406 3549 446 3581 2.
473 3536 771 3582 PRAETEREA.
799 3538 1031 3582 Recedere
1059 3551 1085 3581 a
1110 3537 1307 3582 termino
1334 3538 1457 3596 prius
1484 3553 1581 3584 esse
1608 3540 1799 3594 videtur,
1817 3552 1956 3599 quam
1978 3539 2196 3586 accedere
2214 3538 2273 3586 ad

316 3603 583 3650 terminum:
610 3604 690 3650 sed
717 3618 879 3650 omnes
906 3605 1021 3650 aliae
1047 3605 1232 3650 virtutes
1261 3605 1483 3664 pertinere
1509 3606 1719 3651 videntur
1751 3606 1805 3651 ad
1838 3620 2076 3653 accessum
2101 3606 2159 3652 ad
2189 3617 2275 3653 ter*-
