2352 3926
270 192 379 261 624
773 205 1048 252 QUAESTIO
1087 192 1270 245 Lxxn:
1295 180 1603 247 ax'rlcutus
1644 201 1721 250 m.
2326 186 2352 221 l

967 405 1400 463 ARTICULUS
1443 406 1543 462 ΠΙ
2100 382 2231 483 241⁶

543 538 736 577 UTRUM
769 538 854 576 SIT
890 539 962 576 DE
995 538 1370 579 NECESSITATE
1403 541 1570 595 HUJUS
1605 540 1968 593 SACRAMENTI,

358 620 518 664 QUOD
555 620 793 659 CHRISMA
824 621 1023 661 FUERIT
1056 622 1209 660 PRIUS
1243 624 1344 661 PER
1374 623 1680 663 EPISCOPUM
1716 594 2143 666 CONSECRATUM·

875 733 936 786 (4.
963 729 1142 789 Dist..7
1175 732 1616 802 q31.art2....q3)

320 856 324 859 ’
352 838 428 883 AD
461 851 678 884 TERTIUM
705 840 768 885 sic
795 841 1068 900 proceditur.
1101 841 1306 897 Videtur,
1335 843 1458 901 quod
1489 857 1583 886 non
1616 843 1674 887 sit
1706 843 1760 887 de
1792 843 2061 889 necessitate
2092 844 2228 904 hujus

263 907 550 961 sacramenti,
586 907 708 966 quod
742 908 956 963 chrisma,
983 909 1104 968 quod
1133 919 1200 954 est
1232 909 1422 954 materia
1458 910 1593 969 hujus
1620 911 1910 965 sacramenti,·
1941 910 2076 956 fuerit
2105 913 2228 972 prius

262 989 342 1033 per
368 975 636 1035 episcopum
663 987 1006 1022 consecratum:
1033 977 1283 1037 baptismus
1314 978 1452 1031 enirn,
1469 977 1515 1021 in
1539 991 1629 1037 quo
1660 977 1709 1022 fit
1734 978 1870 1036 plena
1890 978 2099 1024 remissio
2122 980 2230 1039 p'ec-

263 1051 486 1097 catorum,
512 1058 607 1087 non
635 1053 702 1088 est
727 1045 918 1089 minor—is
945 1044 1190 1099 efficaciae,
1209 1059 1348 1103 quam
1369 1044 1460 1088 hoc
1483 1054 1845 1090 sacramentum:
1873 1045 1952 1090 sed
1973 1045 2081 1091 licet
2097 1060 2231 1106 quae-

262 1109 368 1154 dam
395 1110 693 1155 sanctificatio
727 1111 998 1156 adhibentur
1031 1126 1174 1171 aquae
1206 1111 1466 1170 baptismali
1498 1122 1601 1156 ante
1632 1112 1926 1172 baptismum,
1950 1127 2047 1158 non
2071 1122 2227 1159 tamen

262 1187 329 1222 est
354 1177 411 1223 de
435 1179 705 1223 necessitate
732 1179 1021 1235 sacramenti,
1048 1179 1154 1238 quia
1179 1179 1225 1222 in
1253 1178 1442 1224 articulo
1469 1179 1751 1224 necessitatis
1783 1180 2018 1239 praeteriri
2055 1190 2226 1240 potest3

261 1259 371 1304 ergo
398 1259 493 1290 non
520 1256 588 1291 est
613 1246 668 1291 de
694 1247 964 1291 necessitate
989 1247 1125 1306 hujus
1153 1246 1441 1301 sacramenti,
1469 1246 1591 1305 quod
1618 1246 1818 1291 chrisma
1843 1245 1978 1292 fuerit
2000 1248 2125 1306 prius
2146 1260 2227 1308 per

260 1314 528 1373 episcopum
556 1325 889 1359 consecratum.

349 1393 389 1425 2.
417 1381 715 1427 PRAETEREA.
747 1382 876 1426 Idem
902 1396 995 1426 non
1023 1381 1156 1426 debet
1190 1381 1258 1425 bis
1292 1380 1574 1425 consecrari:
1609 1381 1687 1425 sed
1723 1379 1916 1425 materia
1949 1385 2226 1428 sacramenti

258 1448 600 1494 sanctificatur
590 1465 636 1493 in
659 1450 756 1509 ipsa
783 1449 1029 1494 collatione
1056 1448 1331 1493 sacramenti
1362 1462 1442 1507 per
1472 1446 1670 1492 formam
1703 1448 1963 1503 verborum,
1996 1462 2086 1508 qua
2119 1462 2230 1494 con·
2255 1498 2265 1507 κ

258 1515 397 1560 fertur
423 1528 783 1572 sacramentum;
810 1517 930 1561 unde
958 1526 1002 1561 et
1021 1516 1140 1575 Aug.
1170 1515 1279 1560 dicit
1304 1529 1439 1573 super
1454 1515 1585 1573 Joan.
1612 1514 1753 1572 (tract.
1775 1517 1846 1561 80.
1869 1529 1895 1560 a
1916 1516 2062 1571 med.):
2087 1527 2112 1558 <e
2134 1515 2222 1561 Ac-

259 1583 378 1628 cedit
402 1584 592 1628 verbum
627 1585 681 1627 ad
715 1583 1009 1638 elementum,
1048 1594 1093 1627 et
1128 1583 1178 1627 fit
1213 1593 1553 1627 sacramentum
1581 1598 1630 1637 »3
1663 1597 1758 1627 non
1791 1597 1901 1642 ergo
1937 1583 2071 1628 debet
2099 1583 2223 1644 prius

258 1651 457 1695 chrisma
485 1653 758 1706 consecrari,
785 1666 924 1710 quam
949 1652 1040 1695 hoc
1068 1660 1407 1695 sacramentum
1435 1650 1648 1694 tradatur.

350 1732 386 1778 3.
414 1719 713 1764 PRAETEREA.
744 1719 911 1764 Omnis
940 1718 1241 1771 consecratio,
1275 1732 1390 1776 quae
1421 1716 1471 1761 fit
1502 1717 1549 1760 in
1581 1717 1892 1772 sacramentis,
1920 1717 1976 1762 ad
2009 1714 2224 1763 consecu-

255 1786 429 1831 tionem
458 1789 629 1846 gratiae
658 1787 913 1831 ordinatur:
943 1786 1022 1831 sed
1043 1786 1234 1830 materia
1256 1784 1479 1830 sensibilis
1504 1783 1711 1846 confecta
1735 1799 1789 1828 ex
1811 1783 1933 1840 oleo,
1951 1795 1996 1830 et
2014 1783 2222 1830 balsamo

254 1869 348 1898 non
376 1865 443 1898 est
470 1869 611 1913 capax
639 1855 833 1913 gratiae3
862 1869 972 1912 ergo
999 1868 1094 1898 non
1122 1853 1254 1898 debet
1280 1853 1322 1896 ei
1350 1852 1499 1911 aliqua
1529 1852 1813 1896 consecratio
1842 1851 2058 1896 adhiberi.
2097 1856 2099 1858 ’

345 1922 439 1966 SED
468 1935 663 1967 CONTRA
697 1932 778 1976 est,
806 1922 928 1981 quod
961 1922 1118 1965 Innoc.
1151 1921 1185 1964 Ι.
1213 1934 1329 1979 papa
1358 1919 1490 1979 (epist.
1517 1936 1552 1965 I.
1586 1919 1639 1964 ad
1664 1920 1834 1965 Decem.
1868 1927 1956 1980 cap.
1987 1934 2024 1979 3.
2057 1918 2220 1965 Concil.
2337 1963 2339 1967 .

253 1995 290 2034 et
321 1990 415 2034 hab.
450 1998 539 2050 cap.
571 2006 662 2050 119.
693 1990 762 2034 De
797 1990 1032 2035 Consecrat.
1060 1990 1171 2033 Dist.
1198 1988 1264 2046 4.)
1300 1987 1427 2031 dicit:
1467 2003 1489 2028 t<
1511 1986 1807 2046 Presbyteris,
1841 2001 1947 2032 cum
1977 1986 2221 2047 baptizant,

254 2056 499 2102 chrismate
538 2057 790 2117 baptizatos
823 2071 994 2116 ungere
1027 2056 1175 2111 liceat,
1208 2055 1331 2115 quod
1365 2055 1418 2098 ab
1452 2054 1670 2114 episcopo
1696 2053 1839 2099 fuerit
1871 2063 2219 2110 consecratum;
2260 2057 2262 2059 ’

251 2138 345 2168 non
371 2134 527 2172 tamen
552 2123 751 2169 frontem
779 2139 833 2170 ex
860 2124 1025 2169 eodem
1054 2123 1161 2169 olco
1189 2124 1383 2182 signare,
1417 2122 1539 2182 quod
1573 2121 1725 2166 solum
1759 2121 1945 2167 debetur
1977 2121 2216 2182 episcopis,

252 2205 358 2235 cum
384 2182 567 2236 tradunt
592 2191 882 2237 Paracletum
900 2207 949 2236 »ε
979 2191 1102 2251 quod
1119 2190 1303 2267 quidem
1330 2189 1411 2234 fit·
1400 2204 1446 2233 1n
1463 2188 1555 2233 hoc
1583 2196 1894 2245 sacrament03
1921 2202 2032 2249 ergo
2051 2189 2216 2234 adhoc

250 2269 589 2303 sacramentum
615 2259 855 2318 requiritur
882 2259 1081 2303 chrisma
1108 2273 1187 2318 per
1214 2259 1482 2317 episcopum
1510 2265 1844 2302 consecratum.

338 2326 627 2372 RESPONDEO
655 2327 914 2381 dicendum,
940 2327 1062 2386 quod
1093 2335 1190 2370 tota
1223 2333 1617 2370 sacramentorum
1650 2316 1950 2368 sanctificatio
1977 2322 2003 2367 a
2029 2322 2217 2369 Christo

250 2393 490 2448 derivatur,
513 2404 562 2438 ut
582 2408 716 2453 supra
740 2394 912 2438 dictum
936 2404 1003 2438 est
1025 2395 1084 2452 (q.
1091 2394 1179 2462 64.
1203 2399 1281 2438 art.
1301 2393 1390 2452 3).-
1414 2401 1480 2436 est
1504 2400 1657 2435 autem
1675 2390 2072 2446 considerandum,
2094 2391 2217 2451 quod

249 2461 519 2520 quibusdam
548 2462 844 2506 sacramentis
871 2432 1140 2506 habentibus
1167 2461 1409 2506 materiam
1443 2473 1716 2537 corpoream
1749 2458 1960 2504 Christus
1992 2468 2062 2504 est
2092 2474 2217 2515 usus,

249 2527 423 2573 scilicet
446 2528 690 2588 baptismo,
719 2539 762 2573 et
788 2529 926 2573 etiam
953 2529 1267 2573 Eucharistia:
1295 2538 1341 2573 et
1365 2528 1469 2571 ideo
1497 2542 1551 2571 ex
1577 2527 1676 2585 ipso
1699 2541 1782 2571 usu
1802 2526 1975 2572 Christi
1996 2527 2215 2573 materiae

247 2595 416 2640 horum
443 2606 837 2640 sacramentorum
865 2596 1163 2654 aptitudinem
1186 2604 1460 2654 acceperunt
1486 2594 1541 2638 ad
1564 2593 1894 2653 perfectionem
1915 2591 2213 2641 sacramenti:

249 2662 368 2707 unde
389 2662 751 2723 Chrysostomus
774 2663 883 2707 dicit
901 2662 963 2720 (id
984 2664 1077 2708 hab.
1106 2664 1319 2708 Chromat.
1347 2665 1390 2707 in
1407 2663 1685 2722 fragmentis:
1709 2662 1803 2706 vide
1828 2670 1938 2723 σαμε
1958 2663 2213 2722 Nunquam,

247 2731 315 2775 De
342 2729 581 2776 Consecrat.
610 2731 722 2776 Dist.
747 2731 827 2788 4.),
849 2730 970 2790 quod
1001 2747 1024 2772 t<
1040 2745 1275 2790 nunquam
1300 2744 1442 2790 aquae
1469 2730 1682 2788 baptismi
1700 2743 1893 2788 purgare
1913 2739 2104 2790 peccata
2121 2743 2215 2776 cre-

248 2798 453 2842 dentium
480 2808 679 2858 possent,
706 2798 794 2842 nisi
818 2807 941 2842 tactu
968 2798 1205 2842 Dominici
1232 2797 1435 2856 corporis
1463 2795 1773 2841 sanctificatae
1799 2795 2045 2842 fuissent».
2078 2794 2136 2841 Et
2158 2797 2215 2842 si·

249 2865 416 2910 militer
438 2866 533 2926 ipse
559 2866 789 2910 Dominus
817 2865 1045 2923 accipiens
1073 2879 1237 2925 panem
1263 2865 1513 2909 benedixit:
1542 2864 1751 2909 similiter
1766 2873 1920 2909 autem
1941 2873 1986 2908 et
2003 2862 2211 2919 calicem,

247 2942 294 2977 ut
310 2933 502 2978 habetur
518 2932 678 2978 Matth.
694 2930 763 2977 26.
783 2942 827 2977 et
844 2932 955 2978 Luc.
975 2945 1068 2986 22.;
1097 2942 1140 2976 et
1165 2943 1349 2991 propter
1367 2932 1456 2976 hoc
1475 2946 1569 2976 non
1588 2942 1654 2975 est
1676 2932 1729 2975 de
1747 2931 2016 2976 necessitate
2043 2930 2211 2976 horum

245 3011 652 3055 sacramentorum,
689 3000 811 3060 quod
853 3000 1044 3044 materia
1084 2999 1207 3059 prius
1248 2999 1569 3054 benedicatur;
1607 2998 1713 3058 quia
1745 2996 1911 3043 sufficit
1950 2997 2209 3044 benedictio

246 3068 443 3113 Christi:
471 3069 510 3113 si
536 3082 624 3129 qua
649 3081 759 3112 vero
785 3067 1042 3114 benedictio
1072 3066 1350 3122 adhibeatur,
1378 3068 1570 3125 pertinet
1604 3066 1659 3110 ad
1691 3065 2032 3110 solemnitatem
2058 3066 2208 3111 sacra2

243 3137 399 3191 menti,
432 3150 526 3181 non
559 3146 711 3181 autem
738 3136 800 3179 ‘ad
833 3134 1166 3179 necessitatem.
1201 3134 1505 3178 Unctionibus
1539 3144 1693 3178 autem
1718 3131 1968 3177 visibilibus
1996 3131 2207 3179 Christus

241 3218 334 3248 non
362 3214 429 3249 est
454 3218 575 3258 usus,
597 3218 654 3248 ne
682 3201 810 3248 fieret
854 3202 1016 3261 injuria
1058 3200 1273 3244 invisibili
1300 3202 1518 3254 unctioni,
1547 3215 1635 3260 qua
1658 3210 1726 3245 est
1749 3206 1899 3246 unctus
1918 3198 2026 3261 prae
2048 3213 2214 3246 consor·

242 3273 348 3316 tibus
372 3274 468 3325 suis,
493 3270 611 3316 Psal.
638 3283 709 3326 44.
738 3270 793 3314 Et
818 3269 923 3314 ideo
950 3279 1045 3313 tam
1074 3269 1287 3322 chrisma,
1316 3283 1453 3328 quarn
1482 3267 1639 3313 oleum
1667 3275 1877 3312 sanctum
1903 3264 2207 3323 infirmorum,
2329 3262 2339 3280 ·“’

240 3342 360 3397 prius
386 3339 726 3392 benedicuntur,
754 3352 891 3397 quarn
920 3335 1215 3381 adhibeantur
1243 3336 1297 3379 ad
1326 3350 1459 3380 usum
1485 3334 1774 3380 sacramenti.
2303 3347 2306 3357 ’

330 3407 406 3451 An
438 3419 627 3451 PRIMUM
654 3419 765 3464 ergo
792 3414 915 3464 patet
942 3403 1179 3463 responsio
1208 3417 1260 3446 ex
1289 3403 1433 3447 dictis.

330 3474 405 3518 AD
425 3486 684 3518 SECUNDUM
704 3471 961 3526 dicendum,
980 3470 1101 3530 quod
1121 3480 1307 3529 utraque
1329 3470 1612 3515 consecratio
1632 3468 1888 3514 chrismatis
1905 3479 2001 3514 non
2017 3465 2208 3513 refertur
2283 3523 2289 3532 .-

242 3540 295 3584 ad
312 3540 435 3585 idem
451 3557 460 3586 :
479 3540 596 3585 sicut
611 3540 735 3585 enim
753 3542 1103 3584 instrumentum
1120 3538 1334 3581 virtutem
1351 3536 1744 3582 instrumentalem
1758 3534 1951 3596 acquirit
1965 3535 2198 3596 dupliciter,

239 3606 413 3652 scilicet
438 3619 483 3652 et
508 3607 691 3667 quando
720 3605 885 3665 accipit
909 3604 1108 3651 formam
1135 3603 1438 3660 instrumenti,
1462 3614 1506 3650 et
1532 3603 1715 3664 quando
1742 3611 1954 3649 movetur
1985 3614 2011 3646 a
2041 3600 2204 3662 princi-
