2352 3926
685 189 964 237 QUAESTIO
1006 190 1083 230 111.
1124 189 1432 231 ARTICULUS
1472 189 1545 229 1v.
2029 191 2093 246 53

226 292 322 340 SED
348 304 545 338 CONTRA
566 300 649 346 est,
675 291 798 351 quod
823 291 962 336 Dion.
990 304 1030 336 2.
1059 305 1157 352 cap.
1184 292 1240 336 de
1266 292 1371 337 Div.
1403 292 1544 338 Nom.
1571 292 1683 351 (lect.
1709 307 1745 338 1.
1777 298 1814 338 et
1844 292 1923 349 2.),
1955 291 2102 336 incar·

134 359 333 407 nationis
358 359 629 419 mysterium
654 357 765 403 dicit
789 359 1014 417 pertinere
1032 359 1088 402 ad
1105 358 1349 403 discretam
1367 358 1671 419 theologiam,
1684 358 1939 405 secundum
1958 373 2096 419 quarn

134 426 310 473 scilicet
335 425 504 486 aliquid
531 425 730 471 distincti
755 424 916 470 dicitur
943 425 999 470 de
1026 425 1189 470 divinis
1215 427 1435 485 personis.

159 540 161 543 .
225 493 515 540 REsPoNDEo
541 492 801 547 dicendum,
827 492 966 551 quod,
988 492 1106 537 sicut
1131 492 1304 536 dictum
1331 503 1399 538 est
1424 494 1526 552 (art.
1558 507 1595 538 r.
1629 495 1717 553 huj.
1739 494 1818 553 q),
1847 495 2097 554 assumptio

133 560 214 607 duo
238 561 482 619 importat3
508 558 703 604 scilicet:
731 565 870 604 actum
887 560 1174 613 assumentis,
1195 570 1239 603 et
1261 562 1485 604 terminum
1506 560 1850 621 assumptionis:
1880 570 2007 605 actus
2028 575 2102 604 au-

46 622 57 636 *
132 638 230 675 tem
256 627 528 672 assumentis
554 626 760 686 procedit
785 641 839 672 ex
866 626 1018 671 divina
1043 627 1231 681 virtute3
1258 641 1374 685 quae
1403 629 1662 672 communis
1690 639 1759 673 est
1781 628 1922 673 tribus
1949 642 2100 686 perso-

133 697 228 744 nis:
253 695 333 741 sed
358 694 578 739 terminus
605 694 927 752 assumptionis
954 704 1021 738 est
1038 707 1248 753 persona,
1275 694 1392 738 sicut
1414 695 1585 739 dictum
1605 706 1671 739 est
1687 696 1785 753 (loc.
1805 696 1916 754 cit.),·
1936 706 1980 740 et
1995 695 2100 739 ideo

134 763 181 809 id
205 763 329 823 quod
356 772 424 807 est
454 761 646 807 actionis
677 762 724 805 in
758 764 1082 821 assumptione,
1116 775 1365 806 commune
1398 771 1467 806 est
1497 763 1637 806 tribus
1676 763 2018 822 personist-sed
2052 763 2099 807 id

135 830 259 892 quod
282 830 488 889 pertinet·
501 829 557 873 ad
585 829 811 873 rationem
840 829 1036 883 termini,
1065 828 1280 873 convenit
1305 829 1367 872 ita
1389 829 1468 872 uni
1493 844 1730 888 personae,
1748 829 1871 889 quod
1887 844 1982 874 non
2000 830 2100 874 alii:

133 907 224 944 tres
250 897 375 943 enim
400 910 622 956 personae
647 895 866 950 fecerunt,
891 906 941 940 ut
966 896 1169 940 humana
1201 906 1362 940 natura
1389 897 1591 940 uniretur
1617 898 1695 941 uni
1726 912 1948 957 personae
1982 897 2098 942 Filii.

222 964 300 1011 AD
331 976 519 1009 PRIMUM
545 977 657 1023 ergo
684 963 944 1018 dicendum,
972 963 1095 1022 quod
1118 963 1234 1007 ratio
1254 962 1331 1007 illa
1353 963 1560 1022 procedit
1577 979 1630 1008 ex
1649 975 1776 1023 parte
1795 965 2098 1024 operationis:

134 1042 183 1079 et
203 1041 467 1092 sequeretur
493 1030 747 1085 conclusio,
772 1030 811 1075 si
832 1030 983 1075 solam
1007 1030 1138 1075 illam
1164 1031 1482 1089 operationem
1514 1031 1783 1091 importaret
1815 1032 1984 1091 absque
2017 1041 2104 1076 ter-

135 1100 279 1155 mino,
302 1100 381 1159 qui
405 1108 475 1144 est
498 1112 708 1158 persona.

221 1167 301 1215 AD
321 1179 582 1212 SECUNDUM
604 1165 865 1222 dicendum,
882 1165 1003 1225 quod
1020 1176 1180 1210 natura
1200 1166 1363 1210 dicitur
1379 1165 1628 1221 incarnata,
1647 1166 1764 1211 sicut
1785 1176 1830 1211 et
1848 1180 2100 1221 assumens,

134 1234 311 1281 ratione
335 1247 574 1294 personae,
601 1233 657 1278 ad
684 1247 823 1292 quam
848 1233 1089 1278 terminata
1117 1243 1185 1278 est
1210 1234 1338 1287 unio,
1364 1233 1480 1277 sicut
1507 1234 1681 1278 dictum
1708 1244 1776 1278 est
1801 1234 1905 1292 (art.
1934 1250 1968 1279 1.
1996 1239 2033 1278 et
2057 1249 2098 1279 2.

135 1301 224 1362 huj.
250 1301 329 1361 q.),
350 1307 449 1346 hon
475 1310 629 1345 autem
654 1310 787 1360 prout
814 1310 883 1345 est
907 1301 1169 1345 communis
1195 1301 1335 1345 tribus
1362 1301 1593 1360 personis:
1627 1301 1790 1346 dicitur
1823 1311 1976 1346 autem
2001 1311 2099 1345 tota

137 1378 299 1415 natura
323 1367 477 1412 divina
500 1367 750 1423 incarnata,
774 1382 869 1412 non
896 1368 1000 1427 quia
1018 1368 1075 1413 sit
1094 1368 1331 1412 incarnata
1346 1368 1392 1412 in
1411 1369 1624 1413 omnibus
1647 1368 1870 1428 personis,
1893 1368 1970 1412 sed
1990 1369 2094 1428 quia

134 1435 251 1481 nihil
277 1435 405 1480 deest
428 1435 485 1479 de
510 1433 789 1494 perfectione
815 1435 995 1480 divinae
1020 1445 1208 1480 naturae
1235 1449 1458 1494 personae
1485 1435 1764 1480 incarnatae.

227 1504 306 1549 An
323 1515 539 1550 TERTIUM
564 1502 823 1557 dicendum,
850 1504 972 1562 quod
999 1503 1264 1562 assumptio,
1291 1517 1407 1562 quae
1433 1503 1483 1547 fit
1504 1518 1584 1561 per
1601 1503 1795 1563 gratiam
1823 1503 2101 1563 adoptionis,

137 1571 406 1616 terminatur
431 1570 488 1614 ad
512 1570 759 1631 quamdam
792 1570 1188 1629 participationem
1223 1571 1402 1614 divinae
1434 1581 1622 1616 naturae
1654 1571 1906 1615 secundum
1938 1585 2101 1630 quam-

139 1637 247 1684 dam
272 1636 648 1683 assimilationem
676 1637 730 1680 ad
757 1637 1009 1682 bonitatem
1031 1637 1166 1691 illius,
1189 1638 1440 1682 secundum
1459 1637 1570 1682 illud
1589 1652 1629 1683 2.
1652 1640 1749 1683 Pet.
1774 1653 1825 1682 1.:
1862 1639 1915 1683 Ut
1931 1639 2100 1682 divinae

138 1712 342 1752 consortes
370 1711 560 1759 naturae,
589 1715 690 1760 ete„
717 1715 762 1748 et
786 1705 890 1750 ideo
918 1705 1184 1764 hujusmodi
1202 1706 1452 1765 assumptio
1473 1706 1733 1750 communis
1757 1715 1825 1750 est
1841 1705 1981 1749 tribus
2004 1720 2103 1764 per-

139 1773 278 1827 sonis,
304 1782 350 1818 et
374 1787 430 1817 ex
455 1781 581 1831 parte
606 1772 829 1831 principii,
856 1782 901 1816 et
922 1787 976 1817 ex
1002 1782 1128 1831 parte
1156 1774 1359 1817 termini:
1386 1773 1465 1817 sed
1493 1773 1759 1832 assumptio,
1786 1787 1902 1832 quae
1929 1782 2101 1831 estsper

138 1840 332 1899 gratiam
357 1838 554 1893 unionis,
580 1849 650 1883 est
676 1839 935 1884 communis
962 1854 1016 1884 ex
1043 1850 1168 1898 parte
1201 1840 1422 1899 principii,
1453 1854 1549 1884 non
1582 1850 1736 1885 autem
1769 1854 1823 1884 ex
1855 1849 1981 1899 parte
2014 1849 2100 1884 ter-

136 1906 265 1960 mini,
292 1916 342 1952 ut
368 1906 539 1952 dictum
568 1917 635 1951 est
660 1907 729 1965 (in
755 1915 867 1966 corp.
894 1912 973 1951 art.
1001 1913 1037 1951 et
1063 1914 1142 1952 art.
1170 1921 1209 1951 2.
1237 1907 1324 1966 huj.
1353 1909 1428 1966 q.).

839 2068 1272 2127 ARTICULUS
1314 2070 1383 2126 v.
2040 2097 2091 2145 23

425 2204 617 2244 UTRUM
657 2205 968 2252 QUAELIBET
1009 2207 1256 2246 PERSONA
1296 2207 1489 2245 DIVINA
1527 2207 1809 2246 POTUERIT

654 2287 932 2328 HUMANAM
968 2289 1236 2328 NATURAM
1274 2289 1569 2328 ASSUMERE.

820 2403 873 2459 (3.
899 2400 1011 2445 Dist.
1038 2416 1073 2445 r.
1100 2415 1138 2459 q.
1165 2414 1206 2445 2.
1233 2406 1312 2445 art.
1335 2402 1409 2460 3.).

225 2510 302 2560 AD,
327 2523 556 2562 QUINTUM
581 2510 647 2556 sic
674 2511 946 2571 proceditur.
973 2511 1178 2566 Videtur,
1205 2511 1328 2571 quod
1354 2511 1480 2556 nulla
1508 2511 1596 2556 alia
1622 2526 1817 2571 persona
1843 2511 1996 2556 divina
2021 2525 2098 2571 po-

135 2577 272 2624 tuerit
294 2577 543 2622 humanam
576 2588 787 2623 naturam
815 2592 1046 2623 assumere
1072 2589 1251 2638 praeter
1282 2593 1528 2638 personam
1559 2579 1681 2623 Filii:
1717 2593 1797 2638 per
1831 2579 2094 2636 hujusmodi

138 2644 261 2690 enim
287 2646 648 2706 assumptionem
672 2644 845 2690 factum
872 2656 953 2700 est,
979 2646 1101 2705 quod
1128 2647 1253 2690 Deus
1279 2646 1337 2690 sit
1360 2645 1478 2690 filius
1514 2647 1739 2690 hominis:
1773 2646 1851 2691 sed
1884 2647 2099 2690 inconve-

137 2713 266 2758 niens
291 2722 422 2767 esset,
435 2713 558 2772 quod
581 2727 679 2758 esse
696 2712 814 2757 filius
836 2713 1038 2758 hominis
1057 2713 1323 2758 conveniret
1343 2713 1480 2767 Patri,
1497 2713 1572 2757 vel
1590 2713 1776 2772 Spiritui
1794 2714 1988 2757 Sancto:
2007 2712 2097 2756 hoc

139 2779 261 2825 enim
286 2791 495 2840 vergeret
517 2780 564 2824 in
591 2780 910 2826 confusionem
937 2781 1191 2825 divinarum
1218 2795 1540 2840 personarum;
1569 2795 1679 2840 ergo
1712 2781 1860 2835 Pater,
1893 2779 1967 2824 vel
2002 2779 2097 2838 Spi-

138 2847 248 2893 ritus
275 2847 469 2892 Sanctus
495 2862 680 2892 carnem
709 2863 940 2892 assumere
966 2863 1060 2892 non
1086 2848 1246 2907 potuit.

228 2926 269 2959 2.
295 2914 593 2961 PRAETEREA.
634 2915 721 2960 Per
758 2916 1122 2959 incarnationem
1149 2916 1352 2960 divinam
1384 2916 1599 2960 homines
1633 2915 1827 2959 assecuti
1860 2924 1962 2959 sunt
1996 2913 2099 2957 ado-

138 2981 344 3042 ptionem
369 2982 584 3037 filiorum,
610 2984 863 3027 secundum
889 2982 1001 3027 illud
1027 2983 1163 3027 Rom.
1192 2983 1253 3028 8.:
1289 2985 1387 3029 Non
1420 2984 1635 3042 accepistis
1659 2985 1856 3042 spiritum
1889 2982 2096 3026 servitutis·

138 3051 290 3096 iterum
315 3052 360 3095 in
391 3052 554 3104 timore,
574 3051 642 3096 sed
661 3053 858 3111 spiritum
884 3050 1115 3110 adoptionis
1129 3051 1351 3110 filiorum:
1380 3051 1458 3095 sed
1484 3050 1643 3094 filiatio
1672 3051 1883 3108 adoptiva
1911 3059 1978 3092 est
2003 3062 2100 3106 par-

138 3116 323 3176 ticipata
355 3117 605 3162 similitudo
636 3118 869 3162 filiationis
901 3118 1133 3171 naturalis,
1175 3132 1291 3176 quae
1323 3132 1418 3162 non
1462 3118 1678 3162 convenit
1718 3132 1801 3161 nec
1844 3116 1980 3168 Patri,
2013 3128 2097 3158 nec

142 3183 328 3244 Spiritui
355 3184 550 3239 Sanct03
576 3186 695 3230 unde
719 3185 881 3230 dicitur
906 3185 1043 3229 Rom.
1071 3186 1140 3230 8.:
1173 3187 1286 3242 Quos
1305 3187 1545 3244 praescivit,
1579 3192 1618 3230 et
1643 3184 1971 3244 praedestinavit
2003 3197 2099 3226 con-

131 3251 292 3310 formes
312 3252 407 3308 fieri
437 3253 634 3311 imaginis
665 3253 770 3298 Filii
795 3254 860 3297 sui
871 3268 885 3304 ,·
921 3266 1032 3311 ergo
1058 3252 1249 3306 videtur,
1272 3252 1395 3312 quod
1420 3251 1546 3296 nulla
1570 3251 1657 3295 alia
1684 3265 1877 3310 persona
1903 3249 2102 3308 potuerit

141 3318 382 3372 incarnari,
406 3328 584 3377 praeter
608 3333 853 3379 personam
879 3319 995 3364 Filii.

236 3399 274 3443 3.
299 3385 597 3431 PRAETEREA.
623 3386 763 3431 Filius
789 3386 952 3431 dicitur
978 3389 1157 3440 missus,
1195 3398 1241 3432 et
1266 3388 1446 3446 genitus
1478 3386 1711 3430 nativitate
1743 3383 2001 3443 temporali,
2035 3398 2100 3428 se-

143 3452 346 3497 cundum
371 3452 494 3511 quod
518 3452 778 3498 incarnatus
804 3463 892 3498 est:
918 3453 997 3498 sed
1023 3454 1146 3498 Patri
1171 3468 1267 3498 non
1293 3454 1509 3500 convenit
1534 3452 1667 3504 mitti,
1693 3451 1770 3509 qui
1797 3451 1934 3495 etiam
1958 3461 2025 3495 est
2041 3451 2104 3495 in-

142 3518 389 3572 nascibilis,
415 3529 465 3563 ut
486 3519 535 3563 in
565 3532 601 3564 1.
628 3530 755 3579 parte
778 3520 986 3565 habitum
1013 3530 1080 3565 est
1105 3521 1166 3579 (q.
1194 3536 1257 3579 32·
1285 3526 1366 3565 art.
1385 3535 1420 3579 3.
1449 3525 1485 3564 et
1510 3533 1548 3577 q.
1575 3533 1637 3577 43.
1665 3524 1747 3563 art.
1774 3519 1857 3575 4.);
1887 3531 1998 3575 ergo
2020 3517 2104 3562 sal-

143 3594 239 3631 tem
265 3599 460 3646 persona
483 3586 631 3632 Patris
656 3601 750 3632 non
782 3587 929 3647 potuit
953 3587 1191 3632 incarnari.
