2352 3926
288 217 393 284 562
768 228 1048 274 QUAESTIO
1089 229 1234 268 vat.
1269 209 1580 269 Alimentus
1619 230 1712 270 vn.

287 331 537 385 effusionis,
561 329 813 375 secundum
830 328 940 373 illud
956 329 1123 374 Ezech.
1147 328 1239 389 36.:
1258 330 1486 389 Effundam
1501 339 1626 392 super
1639 346 1713 376 vos
1729 346 1884 391 aquam
1899 333 2117 391 mundam,
2137 334 2253 381 sicut

283 399 441 444 beatus
468 397 736 442 Laurentius
764 396 928 455 legitur
952 397 1231 455 baptizasse:
1261 407 1306 442 et
1331 398 1422 442 hoc
1448 398 1690 458 praecipue
1712 410 1897 460 propter
1917 402 2252 458 necessitatem,

284 465 357 510 vel
383 466 487 524 quia
515 474 580 508 est
616 477 784 521 magna
826 462 1069 508 multitudo
1111 464 1504 523 baptizandorum,
1530 475 1580 509 ut
1603 475 1728 523 patet
1751 466 1854 511 Act.
1883 479 1923 513 2.
1948 478 1996 512 et
2019 481 2062 524 4.
2087 468 2253 526 ubidi-

285 533 413 586 citur,
441 532 562 590 quod
591 530 878 575 crediderunt
904 545 994 574 una
1020 531 1092 576 die
1116 531 1201 576 tria
1228 531 1387 586 millia,
1415 542 1459 576 et
1485 531 1573 576 alia
1599 532 1672 576 die
1695 533 1894 593 quinque
1914 533 2072 581 millia.
2096 535 2251 590 Quan-

284 600 432 658 doque
461 609 614 641 autem
641 606 791 655 potest
815 597 1057 642 imminere
1082 599 1330 643 necessitas
1356 608 1541 658 propter
1566 600 1844 658 paucitatem
1870 615 2030 661 aquae,
2054 602 2128 648 vel
2149 617 2250 663 pro-

282 677 379 725 pter
405 665 684 719 debilitatem
710 664 918 718 ministri,
946 665 1023 724 qui
1047 680 1143 710 non
1170 675 1320 724 potest
1341 676 1594 711 sustentare
1616 667 1953 726 baptizandum,
1970 668 2045 714 vel
2065 679 2250 730 propter

282 731 561 776 debilitatem
586 731 858 790 baptizandi,
883 732 956 776 cui
977 741 1127 791 potest
1151 733 1392 778 imminere
1409 733 1664 793 periculum
1681 736 1841 779 mortis
1859 749 1914 780 ex
1930 737 2252 793 immersione3

283 810 327 844 et
352 799 457 844 ideo
484 799 729 843 dicendum
756 808 837 853 est,
864 800 987 858 quod
1014 800 1250 844 immersio
1276 815 1371 844 non
1398 811 1466 861 est
1491 801 1546 845 de
1572 802 1842 847 necessitate
1866 802 2094 863 baptismi.

370 868 445 911 AD
478 879 667 911 PRIMUM
695 880 806 925 ergo
835 866 1094 921 dicendum,
1122 867 1245 926 quod
1272 881 1325 912 ea
1352 882 1468 927 quae
1491 878 1595 912 sunt
1615 883 1696 927 per
1713 868 1942 924 accidens,
1958 883 2053 914 non
2070 871 2248 917 variant

278 934 579 979 substantiam
605 933 692 977 rei:
731 947 810 993 per
841 947 890 978 se
917 944 1071 979 autem
1112 935 1352 994 requiritur
1379 936 1433 979 ad
1460 935 1739 993 baptismum
1783 937 2035 996 corporalis
2079 938 2250 985 ablutio

278 1017 357 1062 per
384 1016 566 1060 aquam,
583 1001 703 1045 unde
721 1011 765 1045 et
781 1001 1029 1060 baptismus
1046 1001 1282 1046 lavacrum
1305 1002 1581 1057 nominatur,
1599 1003 1851 1047 secundum
1872 1003 1984 1048 illud
2000 1005 2166 1065 Ephes.
2185 1019 2249 1063 5.:

280 1070 494 1114 Mundans
515 1084 606 1114 eam
634 1070 805 1114 lavacro
832 1083 964 1128 aquae
989 1071 1034 1113 in
1066 1071 1192 1114 verbo
1218 1071 1358 1114 vitae.-
1383 1070 1460 1113 sed
1488 1071 1610 1129 quod
1637 1070 1714 1115 fiat
1740 1070 1910 1116 ablutio
1936 1071 2042 1128 hoc,
2067 1072 2143 1118 vel
2167 1072 2248 1118 illo

278 1137 435 1194 modo,
463 1136 629 1180 accidit
653 1136 905 1196 baptism03
936 1147 978 1181 et
1003 1136 1107 1180 ideo
1134 1136 1236 1181 talis
1263 1137 1497 1181 diversitas
1518 1151 1613 1181 non
1634 1137 1754 1182 tollit
1775 1138 1996 1183 unitatem
2018 1139 2246 1198 baptismi.

369 1205 444 1249 AD
479 1217 740 1249 SECUNDUM
767 1203 1026 1257 dicendum,
1066 1204 1187 1262 quod
1213 1204 1260 1246 in
1286 1204 1582 1248 immersione
1611 1205 1863 1263 expressius
1889 1216 2251 1265 repraesentatur

278 1271 423 1330 figura
450 1270 707 1330 sepulturae
735 1270 921 1324 Christi,
949 1280 992 1314 et
1010 1271 1114 1314 ideo
1132 1270 1207 1314 hic
1227 1271 1392 1314 modus
1409 1270 1667 1329 baptizandi
1684 1282 1749 1316 est
1767 1273 2076 1326 communior,
2093 1283 2138 1318 et
2157 1272 2250 1319 lau-

278 1339 494 1384 dabilior:
522 1338 600 1382 sed
626 1339 672 1381 in
700 1338 798 1381 aliis
825 1338 990 1382 modus
1017 1337 1273 1396 baptizandi
1298 1348 1658 1397 repraesentatur
1675 1337 1829 1398 aliquo
1847 1339 2006 1395 modo,
2027 1339 2136 1385 licet
2154 1354 2249 1385 non

277 1407 340 1450 ita
366 1419 599 1466 expresse:
626 1420 736 1449 nam
763 1419 1055 1464 quocumque
1081 1404 1224 1448 modo
1251 1404 1329 1448 fiat
1356 1403 1542 1458 ablutio,
1570 1403 1735 1464 corpus
1762 1405 1978 1461 hominis,
2002 1405 2078 1451 vel
2098 1406 2249 1468 aliqua

277 1488 379 1533 pars
407 1474 502 1532 ejus
530 1487 674 1531 aquae
700 1472 993 1531 supponitur;
1021 1471 1138 1515 sicut
1165 1485 1330 1530 corpus
1358 1471 1531 1515 Christi
1557 1472 1638 1515 sub
1666 1482 1785 1516 terra
1809 1471 1893 1517 fuit
1917 1474 2134 1533 positum.
2193 1526 2195 1530 ,

366 1541 443 1585 AD
471 1553 689 1585 TERTmM
716 1539 975 1593 dicendum,
1003 1538 1125 1598 quod
1151 1538 1413 1598 principalis
1439 1553 1542 1598 pars
1570 1539 1789 1598 corporis,
1825 1540 2068 1601 praecipue
2102 1555 2243 1602 quan-

276 1618 374 1652 tum
402 1608 457 1651 ad
485 1607 709 1651 exteriora
736 1606 956 1660 membra,
984 1616 1052 1650 est
1078 1615 1226 1665 caput,
1252 1606 1298 1649 in
1326 1620 1417 1665 quo
1442 1606 1598 1666 vigent
1624 1620 1787 1651 omnes
1813 1621 1971 1653 sensus
1997 1618 2043 1653 et
2066 1609 2250 1655 interio-

276 1690 347 1720 res
374 1685 418 1719 et
444 1675 713 1719 exteriores:
743 1684 786 1718 et
811 1675 915 1718 ideo
943 1674 981 1718 si
1005 1683 1155 1718 totum
1183 1687 1347 1733 corpus
1375 1688 1492 1733 aqua
1517 1688 1612 1718 non
1638 1675 1782 1734 possit
1821 1674 2028 1734 perfundi
2062 1686 2246 1737 propter

277 1757 421 1802 aquae
448 1743 739 1802 paucitatem,
765 1742 839 1786 vel
865 1751 1050 1801 propter
1077 1741 1276 1800 aliquam
1305 1740 1442 1785 aliam
1471 1756 1672 1797 causam,
1700 1753 1882 1802 oportet
1907 1753 2043 1802 caput
2066 1742 2248 1804 perfun-

276 1811 396 1865 dere,
422 1811 468 1854 in
496 1824 587 1869 quo
615 1809 930 1854 manifestatur
955 1809 1227 1868 principium
1254 1808 1464 1853 animalis
1490 1810 1633 1854 vitae:
1677 1820 1722 1854 et
1761 1809 1868 1855 licet
1903 1825 1984 1870 per
2024 1811 2246 1867 membra,

275 1892 390 1937 quae
417 1877 702 1935 generationi
729 1877 1001 1930 deserviunt,
1029 1886 1270 1935 peccatum
1298 1876 1517 1935 originale
1544 1877 1827 1932 traducatur;
1849 1891 1945 1923 non
1967 1885 2122 1924 tamen
2143 1890 2248 1925 sunt

275 1945 482 1989 membra
507 1945 586 1989 illa
612 1945 762 2004 potius
790 1945 1086 2004 aspergenda,
1105 1958 1244 2003 quam
1261 1954 1411 2003 caput,
1442 1946 1546 2003 quia
1563 1959 1642 2004 per
1659 1945 1936 2005 baptismum
1953 1959 2048 1990 non
2069 1945 2244 1992 tollitur

274 2012 559 2057 transmissio
588 2011 823 2071 originalis
849 2012 896 2055 in
923 2011 1101 2070 prolem
1128 2026 1208 2070 per
1231 2021 1384 2055 actum
1411 2013 1729 2070 generationis,
1756 2012 1834 2056 sed
1858 2012 2072 2058 liberatur
2093 2014 2247 2059 anima

277 2094 303 2124 a
330 2079 527 2133 macula,
562 2089 606 2123 et
632 2093 658 2122 a
679 2090 805 2123 reatu
831 2079 1022 2138 peccati,
1051 2079 1173 2137 quod
1198 2078 1398 2122 incurrit.
1426 2079 1482 2123 Et
1507 2079 1611 2123 ideo
1649 2079 1782 2124 debet
1820 2080 2063 2139 praecipue
2102 2081 2247 2127 lavari

276 2147 353 2191 illa
379 2161 482 2206 pars
510 2147 730 2206 corporis,
767 2147 813 2190 in
840 2161 929 2206 qua
956 2145 1301 2191 manifestantur
1328 2160 1466 2205 opera
1493 2147 1688 2192 animae.
1714 2147 1767 2191 In
1792 2148 1935 2193 veteri
1961 2157 2115 2194 autem
2138 2148 2243 2209 lege

273 2215 529 2258 remedium
556 2225 713 2259 contra
742 2214 963 2273 originale
981 2223 1223 2273 peccatum
1239 2213 1493 2258 institutum
1514 2224 1610 2258 erat
1626 2216 1671 2258 in
1688 2214 1898 2259 membro
1916 2216 2246 2274 generationi->3

275 2282 380 2341 quia
407 2282 555 2326 adhuc
582 2281 674 2333 ille,
701 2296 781 2340 per
807 2295 944 2340 quem
968 2281 1192 2340 originale
1221 2290 1318 2325 erat
1345 2282 1672 2335 amovendum,
1699 2282 1953 2327 nasciturus
1979 2292 2076 2329 erat
2098 2297 2154 2329 ex
2177 2297 2248 2329 se-

275 2350 398 2393 mine
425 2349 654 2404 Abrahae,
682 2350 809 2407 cujUs
835 2348 973 2393 fidem
1001 2348 1290 2393 circumcisio
1318 2347 1616 2407 significabat,
1643 2358 1692 2393 ut
1718 2349 1880 2394 dicitur
1906 2349 2041 2395 Rom.
2067 2361 2111 2406 4.

944 2549 1379 2607 ARTICULUS
1416 2550 1570 2605 VIII.
2157 2574 2241 2625 '371

426 2701 619 2740 UTRUM
659 2701 826 2739 TRINA
866 2701 1128 2741 IMMERSIO
1172 2703 1256 2741 SIT
1297 2703 1370 2740 DE
1409 2702 1784 2741 NECESSITATE
1824 2694 2096 2742 BAPTISMI.

2062 2832 2084 2844 πθ

597 2826 661 2884 (4.
687 2826 798 2870 Dist.
823 2841 857 2885 3.
887 2833 966 2870 art.
994 2841 1035 2884 4.
1064 2843 1101 2886 q.
1130 2810 1167 2873 2:
1196 2836 1234 2874 et
1255 2844 1290 2888 3.
1319 2835 1355 2873 et
1382 2830 1489 2874 Dist.
1518 2844 1577 2888 23.
1606 2844 1643 2888 q.
1672 2845 1705 2874 r.
1733 2836 1816 2875 art.
1843 2828 1916 2888 1.).

367 2955 442 2999 An
471 2967 708 3000 ocTAvuM
735 2954 798 2997 sic
827 2954 1099 3013 proceditur.
1127 2955 1332 3010 Videtur,
1360 2956 1482 3015 quod
1507 2955 1624 3000 trina
1661 2954 1898 3000 immersio
1924 2954 1982 3000 sit
2005 2954 2062 3000 de
2086 2968 2244 3001 neces-

275 3023 406 3067 sitate
432 3022 673 3081 baptismi:
702 3022 809 3066 dicit
835 3021 958 3064 enim
986 3022 1178 3079 August.
1206 3024 1252 3066 in
1279 3023 1480 3082 quodam
1507 3036 1720 3068 sermone
1754 3022 1810 3067 de
1837 3021 2063 3082 Symbolo
2086 3021 2241 3069 adba-

277 3090 469 3149 ptizatos
497 3087 582 3146 (vel
613 3090 680 3133 De
707 3089 907 3147 Mysterio
936 3090 1205 3147 baptismatis,
1231 3105 1255 3134 α
1282 3091 1385 3135 med.
1418 3092 1465 3135 in
1491 3090 1730 3150 Appendice
1761 3104 1864 3149 quae
1884 3096 1940 3136 est
1955 3095 2049 3150 post
2073 3089 2244 3150 append.

275 3158 340 3202 De
371 3157 611 3215 Diversis).·
646 3173 670 3198 «
696 3156 838 3201 Recte
864 3156 997 3200 tertio
1025 3157 1161 3199 mersi
1188 3157 1307 3210 estiS‚
1327 3158 1404 3216 qui
1422 3157 1658 3217 accepistis
1675 3154 1955 3217 baptismum
1991 3157 2039 3202 in
2058 3156 2248 3202 nomine

278 3235 461 3269 sanctae
490 3224 750 3279 Trinitatis;
776 3233 898 3267 recte
930 3223 1063 3267 tertio
1092 3226 1230 3268 mersi
1263 3225 1382 3279 estis,
1410 3225 1487 3285 qui
1524 3224 1762 3284 accepistis
1792 3224 2068 3284 baptismum
2093 3224 2142 3269 in
2163 3232 2247 3270 no·

280 3293 402 3336 mine
420 3292 527 3351 Jesu
556 3291 740 3345 Christi,
768 3290 844 3350 qui
867 3289 1004 3335 etiam
1031 3290 1162 3334 tertia
1190 3291 1260 3334 die
1287 3292 1528 3337 resurrexit
1552 3306 1577 3336 a
1611 3291 1824 3336 mortuis:
1852 3290 1930 3336 ina
1956 3290 2079 3336 enim
2109 3290 2245 3336 tertio

273 3360 462 3419 repetita
487 3359 723 3403 immersio
749 3368 909 3417 typum
933 3357 1207 3401 Dominicae
1237 3359 1446 3416 exprimit
1471 3359 1741 3418 sepulturae,
1777 3372 1857 3418 per
1891 3368 2030 3418 quam
2057 3357 2245 3404 Christo

275 3426 528 3485 consepulti
550 3426 656 3471 estis
683 3427 728 3470 in
760 3425 988 3483 baptismo
1016 3438 1066 3467 »:
1106 3425 1183 3468 sed
1227 3435 1468 3484 utrumque
1508 3427 1686 3471 videtur
1729 3426 1783 3470 ad
1825 3424 2144 3471 necessitatem
2168 3423 2242 3469 ba-

275 3495 424 3551 ptismi
453 3494 693 3552 pertinere,
720 3491 894 3537 scilicet
920 3502 965 3536 et
996 3492 1118 3550 quod
1145 3491 1425 3547 significetur
1452 3493 1496 3536 in
1524 3494 1750 3552 baptismo
1789 3491 1992 3538 Trinitas
2031 3504 2243 3551 persona-

274 3575 391 3614 rum,
418 3571 462 3605 et
487 3561 609 3620 quod
636 3561 714 3604 fiat
740 3558 1041 3618 configuratio
1069 3558 1125 3602 ad
1167 3558 1446 3616 sepulturam
1490 3560 1689 3615 Christi3
1732 3573 1843 3620 ergo
1882 3558 2074 3613 videtur,
2113 3556 2236 3619 quod

273 3628 390 3672 trina
416 3628 652 3674 immersio
678 3628 735 3672 sit
760 3626 815 3672 de
865 3625 1133 3672 necessitate
1159 3625 1384 3685 baptismi.
