2352 3926
660 205 941 254 QUAESTIO
982 207 1056 246 IX.
1097 207 1407 247 ARTICULUS
1446 207 1503 247 11.
1962 207 2058 247 111

103 309 251 355 homo
277 317 434 354 autem
460 317 528 353 est
553 308 599 352 in
625 308 829 368 potentia
855 307 912 352 ad
938 307 1177 353 scientiam
1193 309 1447 362 beatorum,
1465 322 1582 369 quae
1598 308 1644 352 in
1660 307 1750 353 Dei
1764 309 1940 353 visione
1963 322 2070 354 con-

56 368 74 436 ξ
101 375 239 432 sistit3
265 385 312 421 et
336 375 392 420 ad
419 388 522 420 eam
550 375 784 420 ordinatur
809 375 925 419 sicut
950 374 1006 418 ad
1031 374 1196 419 finem:
1224 385 1291 420 est
1311 376 1435 420 enim
1453 386 1659 421 creatura
1675 374 1909 421 rationalis
1927 389 2069 436 capax

101 442 224 489 iuius
248 443 409 488 beatae
436 442 728 502 cognitionis,
754 442 1023 501 inquantum
1057 451 1125 486 est
1155 442 1212 486 ad
1249 442 1500 501 imaginem
1537 443 1649 487 Dei:
1678 441 1733 486 ad
1757 442 1882 488 hunc
1916 452 2068 487 autem

41 502 75 565 3}
101 509 243 557 finem
266 509 556 554 beatitudinis
582 509 794 553 homines
822 509 1099 553 reducuntur
1129 523 1209 568 per
1242 508 1413 553 Christi
1443 510 1792 564 humanitatem,
1817 510 2070 555 secundum

41 591 65 638 j
101 575 214 622 illud
241 576 355 621 Heb.
384 590 446 622 2.:
475 577 659 621 Decebat
682 591 789 630 eum,
810 581 985 636 propter
1009 591 1128 634 quem
1154 577 1312 629 omnia,
1342 582 1381 620 et
1398 584 1477 635 per
1502 591 1620 634 quem
1638 579 1797 632 omnia,
1825 578 1898 636 qui
1922 577 2072 621 multos

60 665 65 682 2
91 643 209 704 filios
232 645 279 687 in
302 644 484 703 gloriam
510 642 753 698 adduxerat,
782 649 994 688 auctorem
1018 643 1164 687 salutis
1199 657 1342 687 eorum
1372 650 1451 701 per
1483 645 1720 701 passionem
1756 645 2042 688 consummari
2050 658 2068 697 ,·

40 712 49 754 s.
102 720 149 756 et
171 710 277 755 ideo
305 710 519 770 oportuit,
545 710 667 770 quod
696 710 898 769 cognitio
924 709 1058 754 beata
1083 709 1129 753 in
1155 709 1244 753 Dei
1280 709 1457 753 visione
1490 710 1758 765 consistens,
1792 709 2072 755 excellentis-

48 782 59 825 Ῑῖ
101 776 218 822 sime
244 777 433 822 Christo
457 777 638 821 homini
660 777 952 822 conveniret:
973 777 1081 836 quia
1102 790 1283 834 semper
1305 790 1492 820 causam
1515 786 1696 834 oportet
1717 791 1815 822 esse
1841 777 2071 837 potiorem

36 855 41 862 ⁴
102 853 307 889 causato.

166 910 266 956 ἸΑΙ)
291 924 480 957 PRIMUM
513 925 623 970 ergo
650 911 909 965 dicendum,
936 910 1059 970 quod
1091 910 1300 955 divinitas
1334 910 1459 955 unita
1485 920 1552 954 est
1585 911 1861 964 humanitati
1894 911 2071 956 Christi

41 982 51 1026 ξ
101 978 354 1023 secundum
379 992 638 1038 personam,
660 993 753 1022 non
774 978 1026 1023 secundum
1049 979 1308 1032 essentiam,
1325 978 1400 1022 vel
1416 987 1626 1022 naturam
1642 994 1653 1033 ;
1672 979 1750 1023 sed
1770 993 1876 1022 cum
1898 981 2071 1024 unitate

40 1082 45 1106 3
101 1058 324 1106 personae
348 1055 556 1091 remanet
587 1046 815 1090 distinctio
838 1055 1126 1099 naturarum;
1149 1055 1194 1089 et
1214 1045 1319 1089 ideo
1344 1045 1496 1089 anima
1524 1045 1710 1099 Christi,
1737 1059 1855 1105 quae
1879 1056 1946 1090 est
1966 1061 2071 1106 pars

37 1112 58 1161 .]
101 1113 333 1158 humanae
357 1123 559 1167 naturae,
586 1127 668 1173 per
693 1113 878 1172 aliquod
904 1112 1060 1157 lumen
1088 1112 1408 1172 participatum
1436 1127 1462 1156 a
1486 1122 1648 1157 natura
1674 1113 1840 1167 divina,
1871 1113 2072 1173 perfecta

41 1189 58 1236 ⁴:
103 1190 171 1226 eet
197 1181 253 1224 ad
278 1179 516 1225 scientiam
543 1181 738 1234 beatam,
766 1194 855 1239 qua
887 1181 1013 1224 Deus
1039 1194 1119 1239 per
1147 1180 1390 1224 essentiam
1416 1180 1608 1224 videtur.

43 1255 59 1310 5
118 1274 121 1276 -
193 1247 270 1292 An
287 1260 547 1293 SECUNDUM
573 1247 832 1309 dicendum,
854 1247 975 1306 quod
1003 1261 1058 1291 ex
1083 1247 1180 1305 ipsa
1207 1247 1376 1291 unione
1394 1247 1540 1291 homo
1566 1247 1643 1291 ille
1662 1257 1730 1292 est
1752 1247 1911 1292 beatus
1936 1247 2074 1292 beati-

44 1309 63 1370 ]
101 1314 259 1359 tudine
284 1315 500 1368 increata,
536 1314 652 1359 sicut
684 1328 737 1358 ex
763 1316 932 1359 unione
961 1324 1030 1359 est
1054 1314 1203 1358 Deus:
1231 1314 1309 1358 sed
1343 1325 1521 1373 praeter
1545 1315 1874 1359 beatitudinem
1899 1315 2074 1359 increa-

45 1380 61 1443 Γᾗ
101 1390 213 1436 tam,
246 1383 448 1441 oportuit
477 1381 523 1426 in
554 1392 715 1426 natura
741 1381 943 1425 humana
977 1381 1151 1426 Christi
1182 1395 1281 1425 esse
1314 1382 1563 1440 quamdam
1594 1382 1922 1427 beatitudinem
1955 1396 2075 1427 crea-

101 1458 213 1502 tam,
234 1463 315 1508 per
339 1463 478 1508 quam
504 1450 656 1492 anima
683 1450 776 1507 eius
801 1448 847 1492 in
874 1448 1038 1492 ultimo
1064 1448 1153 1491 fine
1180 1448 1412 1493 humanae
1437 1459 1626 1493 naturae
1650 1449 2012 1494 constitueretur.

44 1511 58 1572 J
191 1517 268 1561 AD
302 1529 519 1561 TERTIUM
552 1516 811 1569 dicendum,
838 1516 961 1574 quod
986 1515 1117 1568 visio,
1144 1529 1223 1559 seu
1257 1515 1444 1560 scientia
1476 1516 1609 1560 beata
1642 1526 1710 1561 est
1741 1516 1922 1575 quodam
1952 1516 2073 1561 modo

102 1598 239 1644 supra
263 1594 475 1628 naturam
502 1584 690 1628 animae,
707 1582 964 1637 rationalis;
991 1583 1262 1641 inquantum
1289 1582 1463 1631 scilicet
1488 1583 1671 1643 propria
1696 1584 1860 1628 virtute
1887 1584 1943 1628 ad
1970 1599 2074 1628 eam

55 1655 70 1700 32
102 1652 338 1712 pervenire
359 1665 454 1695 non
475 1661 647 1711 potest:
673 1651 759 1694 alio
790 1665 890 1695 vero
931 1650 1052 1694 modo
1086 1659 1154 1694 est
1178 1650 1432 1694 secundum
1457 1660 1668 1695 naturam
1699 1651 1861 1710 ipsius;
1887 1652 2074 1711 inquan-

52 1735 60 1775 ᾗ
102 1729 203 1764 tum
232 1718 407 1763 scilicet
437 1717 688 1763 secundum
720 1727 930 1761 naturam
961 1731 1094 1760 suam
1127 1726 1194 1761 est
1227 1730 1371 1776 capax
1403 1718 1514 1775 ejus,
1547 1727 1681 1777 prout
1713 1717 1887 1762 scilicet
1918 1729 1986 1764 est
2017 1719 2073 1763 ad

45 1803 52 1826 ι
103 1785 357 1845 imaginem
381 1785 472 1829 Dei
486 1784 620 1838 facta,
646 1794 696 1828 ut
712 1798 847 1843 supra
874 1783 1046 1828 dictum
1073 1793 1140 1827 est
1168 1783 1233 1840 (in
1252 1791 1364 1843 corp.
1393 1785 1499 1842 art.)
1517 1799 1535 1831 .·
1557 1785 1636 1829 sed
1662 1785 1851 1830 scientia
1872 1785 2075 1831 increata

61 1878 66 1903 a
103 1862 173 1899 est
197 1852 410 1897 omnibus
436 1851 584 1897 modis
611 1865 744 1911 supra
771 1860 981 1895 naturam
1009 1850 1190 1895 animae
1215 1851 1460 1897 humanae.
1751 1870 1758 1877 ·

788 2026 1225 2085 ARTICULUS
1279 2029 1382 2084 III.
2017 2040 2075 2087 66

62 2144 78 2219 ἰ
143 2166 339 2216 υιξιωΜ
379 2163 647 2204 efflus’rus
689 2137 964 2203 HABUERIT
1007 2165 1308 2204 SCIENTIAM
1339 2164 1595 2216 mmmm,
1637 2165 1743 2203 VEL
1782 2163 2036 2205 INFUSAM.

460 2276 590 2336 (Infr.
623 2291 662 2336 q.
679 2289 742 2321 12.
766 2281 846 2320 art.
884 2287 922 2320 Ι.
954 2281 994 2321 et
1012 2291 1049 2335 3.
1082 2276 1193 2319 Dist.
1211 2288 1276 2332 14.
1309 2290 1348 2334 q.
1371 2289 1411 2320 2.
1445 2281 1527 2319 art.
1546 2290 1582 2334 3.
1601 2290 1639 2334 q.
1663 2290 1699 2334 3.

251 2349 290 2389 et
329 2343 437 2388 Veri.
460 2358 499 2403 q.
531 2358 602 2389 20.
629 2349 712 2389 art.
733 2357 774 2388 2.
797 2348 834 2388 et
848 2357 886 2403 3.
919 2349 958 2388 et
989 2350 1122 2402 opusc.
1146 2357 1186 2387 2.
1220 2350 1310 2402 cap.
1343 2342 1438 2388 216.
1466 2349 1502 2386 et
1529 2350 1667 2402 opusc.
1696 2357 1736 2401 9.
1761 2357 1800 2402 q.
1827 2343 1931 2402 81).

87 2505 89 2507 ,
192 2452 270 2499 An
293 2465 511 2499 TERTIUM
535 2452 600 2498 sic
633 2454 905 2512 proceditur.
923 2452 1129 2507 Videtur,
1153 2452 1276 2511 quod
1299 2453 1346 2496 in
1371 2452 1558 2497 Christo
1584 2467 1679 2497 non
1701 2452 1759 2497 sit
1776 2452 1865 2496 alia
1886 2453 2076 2498 scientia

70 2519 260 2583 indita,
273 2520 348 2565 vel
364 2519 527 2575 infusa,
553 2531 730 2580 praeter
754 2521 994 2566 scientiam
1012 2522 1217 2565 beatam:
1245 2521 1396 2565 omnis
1423 2520 1546 2564 enim
1574 2520 1661 2564 alia
1679 2520 1868 2564 scientia
1895 2535 2078 2580 compa-

78 2589 229 2636 ratur
254 2588 311 2632 ad
337 2587 576 2632 scientiam
610 2587 804 2642 beatam,
830 2588 948 2632 sicut
978 2587 1299 2646 imperfectum
1334 2587 1389 2630 ad
1416 2586 1694 2646 perfectum:
1728 2588 1807 2632 sed
1839 2597 2075 2647 praesente

90 2651 371 2715 cognitione
388 2653 603 2714 perfecta,
621 2654 879 2699 excluditur>
890 2655 1093 2714 cognitio
1111 2655 1172 2698 im
1179 2654 1402 2713 perfecta3
1422 2655 1538 2699 sicut
1554 2654 1794 2699 manifesta
1811 2655 1925 2700 visio
1942 2653 2077 2700 faciei

93 2719 96 2722 ’
163 2721 305 2767 cludit
330 2722 683 2781 aenigmaticam
708 2723 936 2767 visionem
963 2722 1082 2776 fidei,
1109 2732 1158 2765 ut
1182 2730 1305 2781 patet
1333 2736 1368 2766 1.
1398 2722 1453 2766 ad
1477 2722 1587 2766 Cor.
1620 2736 1711 2781 13.;
1738 2736 1845 2766 cum
1870 2723 2009 2781 igitur
2029 2723 2076 2766 in

105 2801 133 2837 .·'
150 2789 294 2835 hristo
325 2787 462 2834 fuerit
490 2789 679 2834 scientia
703 2790 851 2843 beata,
884 2799 934 2834 ut
965 2789 1138 2833 dictum
1165 2799 1234 2833 est
1260 2787 1360 2846 (art.
1381 2790 1564 2848 praem),
1597 2790 1789 2843 videtur,
1822 2790 1945 2849 quod
1980 2803 2075 2834 non

102 2857 303 2904 ὀιιιετὶι
325 2856 374 2900 in
399 2870 456 2901 eo
482 2870 581 2902 esse
606 2856 696 2902 alia
720 2857 910 2902 scientia
934 2857 1090 2901 indita.

197 2936 238 2969 2.
265 2925 561 2969 PRAETEREA.
588 2924 904 2984 Imperfectior
929 2923 1095 2968 modus
1123 2923 1400 2981 cognitionis
1427 2923 1627 2983 disponit
1653 2923 1708 2967 ad
1735 2923 2075 2983 perfectiorem:

93 2988 144 3028 '³2'
174 3001 224 3036 ut
254 2991 428 3050 opiniO,
459 3005 576 3050 quae
607 3002 675 3036 est
705 3005 787 3051 per
818 2990 1139 3051 syllogismum
1173 2990 1477 3046 dialecticum,
1511 2990 1710 3050 disponit
1741 2992 1797 3036 ad
1823 2991 2076 3044 scientiam,

108 3071 224 3139 Ξτιιαε
249 3068 318 3103 est
347 3072 428 3118 per
459 3057 784 3118 syllogismum
816 3058 1246 3103 demonstrativum.
1284 3057 1439 3102 habita
1472 3068 1624 3102 autem
1657 3057 1950 3118 perfectione,
1982 3071 2077 3101 non

154 3124 387 3170 ulterius
417 3125 675 3170 necessaria
706 3125 968 3186 dispositio:
1001 3125 1119 3169 sicut
1143 3125 1300 3170 habito
1332 3125 1545 3179 termino,
1571 3139 1666 3170 non
1698 3135 1766 3169 est
1796 3125 2078 3169 necessarius

119 3155 287 3271 22:3⁰²&
321 3206 428 3237 cum
460 3205 573 3270 ergo
604 3193 808 3252 cognitio
841 3206 1157 3253 quaecumque
1198 3192 1287 3237 alia
1320 3202 1471 3237 creata
1514 3202 1803 3251 comparetur
1836 3191 1891 3235 ad
1925 3190 2079 3250 cogni-

157 3273 285 3304 mem
317 3260 514 3314 beatam,
538 3259 657 3304 sicut
685 3260 1006 3320 imperfectum
1038 3261 1094 3304 ad
1120 3259 1386 3319 perfectum,
1419 3268 1465 3304 et
1495 3259 1613 3303 sicut
1643 3258 1879 3318 dispositio
1913 3257 1968 3301 ad
1994 3266 2079 3302 ter-

102 3322 197 3384 2'2-:
189 3341 304 3384 ·um,
328 3327 520 3382 videtur,
535 3326 660 3386 quod
686 3342 792 3373 cum
815 3327 1026 3374 Christus
1046 3327 1254 3372 habuerit
1276 3327 1591 3387 cognitionem
1613 3327 1809 3381 beatam,
1829 3339 1924 3369 non
1945 3324 2079 3370 fuerit

140 3390 491 3440 necessarium
514 3394 684 3439 habere
711 3393 849 3439 aliam
882 3394 1210 3454 cognitionem.

93 3466 123 3505 ,’
205 3475 242 3521 3.
267 3461 566 3506 Puni-enm.
596 3460 724 3506 Sicut
750 3462 941 3507 materia
967 3461 1219 3521 corporalis
1241 3471 1309 3506 est
1339 3461 1386 3505 in
1412 3459 1614 3519 potentia
1637 3458 1692 3502 ad
1717 3457 1917 3502 formam
1942 3458 2079 3503 sensi-

101 3520 270 3583 finem,
294 3528 358 3573 ita
382 3526 638 3573 intellectus
663 3528 889 3588 possibilis
915 3538 983 3574 est
1013 3529 1061 3572 in
1082 3528 1284 3587 potentia
1316 3528 1371 3571 ad
1393 3526 1591 3571 formam
1617 3524 1972 3584 intelligibilem.
1998 3526 2077 3571 sed

8 3633 9 3636 ,
93 3591 304 3661 {materia
335 3594 585 3655 corporalis
609 3609 704 3640 non
735 3605 883 3655 potest
909 3594 1046 3640 simul
1077 3595 1277 3654 recipere
1309 3594 1420 3638 duas
1453 3593 1625 3637 formas
1656 3591 1905 3648 sensibiles,
1938 3606 2077 3639 unam
