2352 3926
282 221 391 278 314
743 222 1025 269 QUAEs‘rro
1067 222 1252 262 xxxw.
1287 215 1596 264 Amemus
1636 224 1751 264 vm.

279 325 342 368 sic
373 341 397 367 «
415 325 648 383 geminato
675 325 941 369 testimonio
968 325 1240 381 confirmati,
1266 326 1383 371 sicut
1407 327 1505 372 Leo
1531 327 1656 387 Papa
1681 327 1791 371 dicit
1808 326 1947 384 (serm.
1963 340 2006 386 4.
2024 327 2242 389 deEpiph.

278 398 370 450 cap.
398 406 438 436 2.
466 398 551 436 ant.
579 391 725 449 med),
754 392 1000 436 ardentiori
1025 391 1114 436 fide
1140 402 1417 452 expeterent,
1435 408 1573 454 quem
1601 403 1647 438 et
1671 393 1828 438 stellae
1854 394 2048 450 claritas,
2075 404 2121 440 et
2144 390 2244 455 pro*

276 458 458 516 phetiae
486 457 805 503 manifestabat
830 460 1076 504 auctoritas
1110 475 1157 505 »ι
1192 469 1236 504 et
1266 460 1328 504 ita
1367 477 1391 502 «
1427 461 1512 520 ipsi
1555 461 1824 505 annuntiant
1858 461 2040 519 Judaeis
2071 461 2246 507 Christi

279 525 579 579 nativitatem,
616 535 660 569 et
699 526 985 583 interrogant
1015 526 1186 582 locum,
1210 528 1411 583 credunt,
1446 538 1490 572 et
1523 538 1757 587 quaerunt,
1795 538 1891 572 tam
1917 542 2054 587 quam
2080 528 2246 588 signifi-

279 602 430 636 cantes
460 607 553 647 eos,
581 593 658 652 qui
686 593 922 637 ambulant
946 608 1027 653 per
1051 593 1205 649 fidem,
1232 605 1276 639 et
1293 595 1551 640 desiderant
1567 596 1768 654 speciem
1794 605 1901 649 >›,ut
1915 596 2109 654 August.
2136 595 2246 640 dicit

277 659 324 702 in
353 659 500 703 Serm.
528 659 690 719 Epiph.
715 661 809 719 (qui
834 667 890 705 est
909 674 978 720 34.
1004 660 1049 705 de
1070 661 1210 721 Temp.
1223 670 1387 722 parum
1413 678 1438 706 a
1448 663 1589 722 princ.
1616 662 1682 707 sed
1706 664 1934 722 expressius
1956 677 2077 707 serm.
2104 662 2177 709 66.
2199 662 2246 707 de

280 726 488 780 Diversis,
518 735 607 787 cap.
628 727 712 784 4.),
734 727 894 785 Judaei
921 737 1072 772 autem
1098 728 1353 774 indicantes
1380 730 1444 774 eis
1470 729 1627 774 locum
1648 729 1895 774 nativitatis
1922 729 2108 784 Christi,
2144 745 2168 771 α
2193 730 2245 774 si-

277 792 412 837 miles
450 793 558 838 facti
595 805 699 838 sunt
730 794 864 839 fabris
893 809 1025 839 arcae
1050 796 1169 850 Noe,
1197 797 1274 855 qui
1300 796 1415 851 aliis,
1442 797 1519 840 ubi
1546 797 1803 851 evaderent,
1831 797 2172 855 praestiterunt3
2198 806 2242 841 et

275 860 362 919 ipsi
387 860 559 905 diluvio
587 863 828 921 perierunt.
855 862 1124 918 Audierunt,
1143 873 1188 908 et
1205 864 1410 908 abierunt
1435 864 1738 923 inquisitores,
1762 864 2044 918 dixerunt,=et
2069 877 2245 908 reman-

275 938 430 972 serunt
462 929 674 973 doctores
703 929 874 974 similes
906 929 1129 989 lapidibus
1164 929 1401 985 milliariis,
1430 931 1506 990 qui
1531 933 1656 975 viam
1689 931 1947 986 ostendunt,
1979 941 2066 975 nec
2092 931 2245 975 ambu-

275 994 437 1039 lant».
465 996 635 1041 Divino
676 998 815 1042 etiam
855 1009 966 1042 nutu
1003 997 1174 1042 factum
1213 1009 1294 1052 est,
1334 1009 1384 1043 ut
1425 1009 1609 1058 aspectu
1651 999 1808 1043 stellae
1841 999 2088 1054 subtracto,
2120 1000 2244 1060 Magi

276 1062 483 1107 humano
511 1078 646 1108 sensu
678 1065 724 1108 in
758 1064 1049 1109 Hierusalem
1081 1066 1210 1119 irent,
1244 1075 1513 1125 quaerentes
1546 1067 1592 1110 in
1626 1067 1807 1110 civitate
1839 1067 1964 1126 regia
1988 1079 2147 1126 regem
2171 1080 2247 1111 na-

275 1139 389 1184 tum,
415 1141 464 1175 ut
490 1132 534 1174 in
562 1132 852 1176 Hierusalem
880 1133 1029 1191 primo
1060 1132 1233 1177 Christi
1257 1133 1469 1177 nativitas
1502 1133 1684 1192 publice
1712 1135 2066 1188 annuntiaretur,
2088 1146 2249 1178 secun-

275 1196 386 1241 dum
412 1197 523 1242 illud
549 1200 635 1243 Isa.
664 1212 729 1245 2.:
762 1201 828 1244 De
860 1201 960 1244 Sion
985 1201 1113 1244 exibit
1138 1200 1217 1254 lex,
1252 1207 1291 1245 et
1314 1202 1490 1245 verbum
1516 1202 1699 1245 Domini
1730 1200 1776 1246 de
1806 1201 2098 1255 Hierusalcm;
2130 1210 2177 1246 et
2197 1210 2246 1245 ut

276 1265 413 1309 etiam
441 1265 591 1310 studio
617 1266 863 1326 Magorum
895 1267 952 1312 de
978 1266 1117 1326 longe
1135 1267 1416 1312 venientium
1448 1268 1740 1312 damnaretur
1760 1267 2039 1326 Judaeorum
2063 1267 2247 1328 pigritia

275 1347 416 1392 prope
443 1334 746 1378 existentium.

364 1401 441 1446 AD
469 1414 706 1451 QUARTUM
733 1402 992 1456 dicendum,
1020 1400 1158 1461 quod,
1178 1402 1295 1446 sicut
1312 1402 1553 1462 Chrysost.
1577 1402 1688 1447 dicit
1712 1414 1849 1462 super
1863 1402 2026 1447 Matth.
2055 1401 2186 1460 (hom.
2205 1417 2246 1449 2.

276 1469 319 1512 in
344 1475 409 1528 op.
436 1470 603 1528 imperf.
647 1470 850 1528 aliquant.
877 1484 903 1513 a
931 1470 1114 1529 princ),
1161 1487 1185 1511 «
1218 1470 1255 1514 si
1295 1469 1423 1528 Magi
1446 1480 1679 1514 terrenum
1703 1483 1862 1529 regem
1887 1479 2156 1529 quaerentes
2181 1469 2246 1515 sic

272 1535 566 1591 invenissent,
598 1535 787 1581 fuissent
806 1535 1006 1580 confusi:
1035 1537 1141 1596 quia
1166 1539 1280 1581 tanti
1304 1536 1477 1582 itineris
1510 1537 1717 1582 laborem
1743 1537 1840 1582 sine
1863 1550 2006 1582 causa
2031 1537 2247 1598 suscepis—

274 1613 394 1647 sent:
422 1603 541 1647 unde
568 1618 652 1647 nec
682 1604 949 1648 adorassent
980 1617 1064 1648 nec
1092 1618 1284 1648 munera
1311 1604 1593 1650 obtulissent.
1624 1605 1760 1648 Nunc
1787 1613 1941 1648 autem
1966 1604 2072 1665 quia
2097 1603 2248 1650 coele—

273 1680 390 1714 stem
417 1685 573 1729 regem
601 1672 893 1730 quaerebant,
917 1671 1001 1715 etsi
1026 1670 1142 1715 nihil
1168 1670 1334 1730 regalis
1361 1671 1657 1716 excellentiae
1683 1673 1730 1716 in
1757 1685 1814 1717 eo
1845 1672 2065 1727 videre-nt,
2091 1682 2246 1718 tamen

274 1737 415 1782 solius
439 1738 597 1782 stellae
623 1739 889 1782 testimonio
918 1739 1121 1782 contenti
1155 1753 1261 1782 eum
1296 1739 1612 1783 adoraverunt.
1647 1739 1817 1784 Vident
1842 1739 1965 1784 enim
1987 1739 2245 1794 hominem,

274 1816 318 1849 et
341 1816 596 1864 agnoscunt
621 1806 788 1860 Deum,
804 1816 845 1850 et
868 1805 1066 1850 offerunt
1091 1821 1283 1850 munera
1309 1807 1517 1865 dignitati
1541 1807 1714 1852 Christi
1731 1808 2056 1866 congruentia:
2084 1815 2246 1852 aurum

275 1873 473 1931 quidem,
501 1873 630 1931 quasi
656 1873 752 1932 regi
779 1887 974 1932 magno:
1003 1874 1122 1927 thus,
1150 1874 1272 1932 quod
1305 1874 1347 1917 in
1377 1875 1467 1919 Dei
1493 1874 1717 1918 sacrificio
1751 1874 1947 1933 ponitur,
1980 1874 2248 1919 immolatur

275 1950 323 1984 ut
348 1941 474 1984 Deo:
490 1941 690 2000 myrrha,
709 1955 796 2000 qua
821 1951 1108 1984 mortuorum
1133 1955 1327 2000 corpora
1350 1942 1636 2000 condiuntur,
1654 1942 1894 2001 praebetur
1906 1951 2146 2001 tamquam
2162 1955 2245 2001 pro

273 2008 418 2052 salute
442 2009 651 2052 omnium
675 2009 897 2052 morituro
914 2025 955 2064 »3
983 2010 1028 2052 in
1057 2023 1148 2068 quo
1177 2009 1331 2063 etiam,
1357 2019 1406 2053 ut
1425 2009 1617 2068 Gregor.
1645 2010 1755 2053 dicit
1780 2010 1913 2068 (hom.
1931 2011 2059 2055 rain
2079 2009 2246 2068 Evang.

272 2091 377 2120 vers.
400 2077 515 2134 fin),
535 2076 813 2130 instruimur,
844 2076 929 2135 «Jut
955 2086 1064 2120 nato
1087 2078 1182 2134 regi
1202 2090 1363 2120 aurum
1389 2093 1432 2131 »,
1450 2091 1530 2135 per
1555 2077 1678 2136 quod
1705 2077 1986 2136 significatur
2009 2076 2246 2136 sapientia,

275 2158 300 2184 <c
326 2140 573 2187 offeramus
599 2144 644 2186 in
672 2153 922 2202 conspectu
956 2145 1050 2201 eius
1084 2144 1333 2202 sapientiae
1360 2143 1534 2189 lumine
1568 2144 1880 2203 splendentes:
1904 2145 2011 2189 thus
2029 2153 2243 2198 autem»,

273 2225 354 2269 per
379 2210 501 2269 quod
528 2210 792 2269 exprimitur
818 2211 1037 2254 orationis
1064 2211 1264 2265 devotio,
1296 2210 1566 2256 «offerimus
1583 2212 1701 2266 Deo,
1720 2211 1757 2255 si
1774 2225 1857 2271 per
1871 2209 2134 2256 orationum
2158 2220 2248 2256 stu-

274 2277 349 2321 dia
361 2277 464 2321 Deo
483 2277 691 2321 redolere
702 2277 938 2321 valeamus
955 2292 964 2321 z
981 2278 1218 2337 myrrham
1238 2288 1390 2322 autem
1408 2295 1449 2333 n,
1467 2292 1584 2337 quae
1602 2278 1828 2337 significat
1840 2277 2245 2324 mortificationem

274 2344 437 2399 carnis,
467 2360 491 2386 «
524 2343 775 2399 offerimus,
801 2346 839 2390 si
866 2345 1014 2390 carnis
1040 2345 1149 2390 vitia
1181 2359 1260 2406 per
1292 2345 1612 2391 abstinentiam
1639 2345 1975 2402 mortificemus
1991 2362 2036 2391 Δ>>.

849 2644 1297 2724 QUAESTIO
1348 2645 1680 2707 XXXVII.

430 2801 511 2842 DE
556 2800 888 2842 LEGALIBUS
936 2801 1112 2842 CIRCA
1158 2801 1406 2842 PUERUM
1452 2801 1639 2854 JESUM
1689 2800 2069 2852 OBSERVAUQ

380 2862 382 2866 ’
735 2890 800 2930 IN
847 2890 1136 2941 QUATUOR
1184 2890 1514 2932 ARTICULos
1561 2891 1781 2932 DIVISA.

361 3047 539 3093 Deinde
567 3045 949 3091 considerandum
976 3055 1044 3090 est
1069 3045 1124 3089 de
1153 3045 1500 3090 circumcisione
1529 3045 1726 3101 Christi3
1755 3055 1800 3091 et
1824 3045 1931 3106 quia
1947 3045 2238 3093 circumcisio

272 3126 340 3161 est
365 3115 591 3176 quaedam
617 3113 840 3173 professio
865 3113 977 3172 legis
1002 3113 1328 3166 observandae,
1356 3113 1607 3157 secundum
1634 3113 1744 3157 illud
1774 3112 1912 3158 Galat
1941 3126 1977 3172 5.
1994 3109 2243 3172 {Testiftcor
2295 3168 2299 3172 y

272 3186 387 3228 omni
413 3184 572 3227 homini
593 3181 903 3227 circumcidenti
933 3196 987 3235 se,
1015 3182 1213 3239 quoniam
1236 3180 1393 3223 debitor
1418 3186 1475 3225 est
1500 3182 1719 3225 universae
1746 3181 1841 3234 legis
1847 3179 2084 3240 faciendae,
2103 3179 2241 3239 simul

272 3266 377 3295 cum
403 3251 495 3295 hoc
523 3249 832 3310 quaerendum
860 3257 927 3292 est
948 3247 1003 3292 de
1030 3247 1128 3292 aliis
1155 3246 1375 3305 legalibus
1406 3247 1526 3290 circa
1562 3262 1754 3307 puerum
1780 3246 1939 3307 Jesum
1975 3247 2239 3295 observatis.

1010 3337 1124 3381 Unde
1150 3342 1410 3395 quaeruntur
1433 3343 1627 3395 quatuor.

359 3422 531 3466 Primo.
559 3422 630 3465 De
658 3421 753 3480 ejus
783 3418 1142 3464 circumcisione.

362 3489 590 3534 Secundo.
618 3489 690 3533 De
713 3487 914 3531 nominis
939 3485 1245 3544 impositione.

360 3556 533 3601 Tertio.
562 3556 632 3600 De
655 3557 751 3615 ejus
779 3554 1024 3599 oblatione.

360 3625 555 3677 Quarto.
582 3623 654 3667 De
682 3623 838 3667 matris
864 3620 1147 3681 purgatione.
