2352 3926
0 3654 12 3668 ν,
0 3623 7 3635 ψ
0 3358 13 3609 vw-nw-pmwaeJ-wsspw<
0 3281 11 3339 Λ-,ψψῑκε
0 3242 8 3266 ψ·
0 3220 5 3225 «
0 3125 9 3207 κ’.
0 3103 8 3114 ,ν-
0 3034 14 3091 *sm-1

595 180 875 229 QUABSTIO
915 179 1101 220 Lxxxt.
1139 173 1448 220 sanemus
1488 178 1561 218 1v.
1957 181 2060 236 743

192 283 482 331 Rnsronmzo
508 283 768 338 dicendum,
793 284 917 343 quod
943 297 1106 343 corpus
1131 283 1300 328 Christi
1321 282 1445 328 idem
1471 283 1518 327 in
1543 281 1792 327 substantia
1813 290 1882 327 est
1905 282 1952 326 in
1971 283 2065 328 hoc

104 362 406 405 sacramento,
446 362 490 396 et
527 352 576 396 in
606 351 789 411 propria
820 351 994 410 specie:
1026 351 1106 412 sed
1137 365 1232 396 non
1264 350 1431 395 eodem
1468 350 1634 405 modo;
1666 363 1773 394 narn
1804 349 1852 393 in
1883 350 2067 409 propria

18 428 31 435 ²
103 419 255 478 specie
282 420 507 478 contingit
531 419 871 463 circumstantia
894 432 1088 477 corpora
1110 431 1190 476 per
1215 418 1420 477 proprias
1447 417 1781 471 dimensiones;
1797 430 1892 461 non
1915 425 2068 460 autem

103 496 239 546 prout
265 496 332 531 est
357 489 402 531 in
428 486 519 531 hoc
546 496 850 539 sacramento,
877 495 927 529 ut
951 499 1086 544 supra
1111 485 1284 529 dictum
1311 494 1379 529 est
1405 485 1507 542 (art.
1522 484 1715 544 praec.),·
1743 494 1788 528 et
1811 483 1918 529 ideo
1945 483 2070 543 quid-

16 539 21 565 ²
53 580 60 586 -
106 553 210 613 quid
236 554 428 612 pertinet
454 553 510 598 ad
539 553 790 608 Christum,
816 553 1069 597 secundum
1096 553 1217 611 quod
1244 553 1291 595 in
1317 566 1365 596 se
1392 562 1473 605 est,
1491 561 1642 611 potest
1667 551 1849 596 attribui
1874 550 1916 596 ei
1947 561 1993 595 et
2021 550 2069 594 in

107 621 284 681 propria
310 620 476 680 specie,
504 630 549 665 et
573 621 620 664 in
646 629 934 664 sacramento
962 620 1184 672 existenti,
1211 619 1327 663 sicut
1357 619 1525 673 vivere,
1548 618 1682 673 mori,
1699 618 1868 672 dolere,
1895 618 2069 662 anima-

107 695 215 742 tum,
240 687 315 732 vel
339 688 643 732 inanimatum
670 701 783 741 esse,
816 696 862 731 et
887 697 1066 730 caetera
1098 686 1388 744 huiusmodi:
1416 699 1733 744 quaecumque
1763 699 1874 729 vero
1907 698 2070 729 conve-

105 753 232 798 niunt
270 756 312 800 ei
347 769 426 814 per
463 754 859 814 comparationem
895 752 951 796 ad
985 766 1180 811 corpora
1207 752 1476 806 extrinseca,
1507 762 1699 811 possunt
1725 752 1769 797 ei
1805 750 1986 796 attribui
2020 751 2068 795 in

105 821 283 879 propria
308 822 461 881 specie
487 821 709 875 existenti,
742 833 836 864 non
869 829 1023 863 autem
1056 829 1195 878 prout
1227 829 1294 863 est
1320 819 1365 863 in
1392 829 1699 874 sacramento,
1735 820 1853 864 sicut
1876 817 2069 874 irrideri,

105 890 308 947 conspui,
335 888 553 948 crucifigi,
580 886 815 946 flagellari,
848 896 893 931 et
930 896 1109 931 caetera
1134 886 1425 945 hujusmodi3
1452 886 1572 930 unde
1600 896 1645 931 et
1669 886 1858 946 quidam
1880 886 2069 931 metrice

103 954 333 1000 dixerunt:

636 1027 790 1088 Pyxide
813 1034 977 1073 servato
996 1028 1152 1086 poteris
1175 1028 1336 1072 sociare
1362 1026 1545 1073 dolorem

634 1096 834 1141 Innatum
846 1110 862 1148 ;
884 1094 952 1140 sed
974 1109 1060 1140 non
1083 1094 1222 1140 illatus
1247 1096 1438 1140 convenit
1459 1095 1536 1140 illi.

190 1221 268 1268 AD
289 1234 479 1268 PRIMUM
504 1236 615 1282 ergo
643 1221 903 1276 dicendum,
929 1221 1053 1281 quod
1079 1221 1196 1266 sicut
1221 1221 1394 1266 dictum
1421 1231 1489 1267 est
1515 1222 1581 1279 (in
1611 1230 1727 1282 corp.
1760 1222 1885 1280 art),
1913 1221 2067 1282 passio

102 1291 318 1335 convenit
343 1290 526 1349 corpori
561 1303 696 1349 passo
728 1303 808 1348 per
840 1290 1236 1348 comparationem
1269 1289 1324 1333 ad
1362 1304 1503 1349 agens
1530 1291 1860 1344 extrinsecum3
1888 1300 1932 1335 et
1963 1290 2068 1335 ideo

101 1356 326 1412 Christus,
342 1356 604 1402 secundum
630 1356 753 1416 quod
780 1366 847 1401 est
871 1356 952 1401 sub
979 1356 1070 1401 hoc
1097 1366 1403 1413 sacramento,
1420 1356 1515 1416 pati
1535 1371 1631 1402 non
1653 1367 1818 1417 potest,
1831 1367 1983 1418 potest
2002 1367 2066 1402 ta-

102 1438 209 1469 men
234 1424 368 1470 mori.

188 1491 267 1537 AD
294 1504 557 1538 SECUNDUM
582 1491 842 1546 dicendum,
865 1490 1003 1550 quod,
1026 1491 1144 1536 sicut
1168 1506 1303 1550 supra
1326 1491 1500 1536 dictum
1518 1502 1586 1537 est
1608 1491 1665 1552 (q.
1685 1492 1755 1552 76.
1777 1499 1862 1539 art.
1883 1492 1964 1551 2.)‚
1983 1492 2066 1538 sub

100 1559 251 1617 specie
267 1559 396 1619 panis
422 1568 490 1604 est
520 1573 686 1619 corpus
713 1558 887 1605 Christi
905 1573 960 1603 ex
978 1558 1024 1602 vi
1042 1559 1416 1612 consecrationis,
1433 1560 1617 1619 sanguis
1638 1570 1792 1604 autem
1813 1561 1894 1604 sub
1913 1560 2067 1620 specie

101 1627 217 1672 vini:
243 1627 323 1672 sed
344 1641 467 1671 nunc
489 1626 689 1686 quidem,
706 1626 891 1686 quando
916 1625 1098 1670 realiter
1123 1627 1308 1686 sanguis
1337 1626 1511 1672 Christi
1535 1641 1630 1672 non
1658 1637 1727 1672 est
1747 1637 1983 1687 separatus
2010 1627 2064 1671 ab

101 1695 199 1752 ejus
223 1707 431 1754 corpore,
457 1708 513 1738 ex
537 1693 649 1738 reali
670 1693 1032 1742 concomitantia
1053 1703 1099 1738 et
1123 1694 1307 1753 sanguis
1342 1694 1515 1740 Christi
1547 1704 1614 1739 est
1645 1695 1727 1739 sub
1755 1695 1908 1754 specie
1934 1694 2066 1753 panis

101 1761 238 1806 simul
262 1776 369 1806 cum
396 1775 603 1820 corpore,
630 1770 676 1805 et
706 1775 871 1820 corpus
908 1760 989 1805 sub
1018 1761 1168 1820 specie
1203 1761 1306 1805 vini.
1335 1761 1471 1806 simul
1501 1777 1606 1807 cum
1639 1763 1876 1822 sanguine.
1903 1762 1995 1807 Sed
2027 1764 2065 1807 si

97 1837 306 1889 tempore
345 1829 568 1888 passionis
594 1828 780 1883 Christi,
811 1828 993 1888 quando
1031 1827 1212 1873 realiter
1234 1830 1418 1888 sanguis
1444 1828 1529 1874 fuit
1560 1840 1793 1888 separatus
1816 1844 1842 1874 a
1869 1843 2062 1889 corpore

102 1896 289 1951 Christi,
313 1895 472 1946 fuisset
495 1896 586 1940 hoc
602 1905 943 1940 sacramentum
963 1906 1299 1950 consecratum,
1317 1897 1398 1941 sub
1418 1897 1569 1956 specie
1587 1897 1717 1956 panis
1734 1896 1894 1942 fuisset
1909 1895 2064 1941 solum

102 1977 283 2023 corpus,
309 1973 356 2008 et
379 1963 461 2007 sub
488 1963 640 2022 specie
665 1964 759 2008 vini
779 1962 940 2008 fuisset
965 1962 1118 2007 solum
1143 1964 1343 2023 sanguis.

191 2031 268 2076 AD
286 2042 504 2076 TERTmM
521 2030 781 2085 dicendum,
808 2029 947 2089 quod,
965 2030 1083 2074 sicut
1099 2044 1235 2089 supra
1261 2031 1434 2075 dictum
1457 2042 1525 2076 est
1550 2031 1611 2090 (q.
1639 2032 1708 2090 76.
1735 2038 1818 2077 art.
1843 2048 1879 2078 1.
1905 2031 1960 2077 ad
1984 2031 2063 2090 1.),

101 2097 255 2143 anima
282 2097 454 2142 Christi
480 2107 549 2142 est
572 2098 620 2142 in
651 2097 742 2142 hoc
775 2107 1064 2142 sacramento
1098 2111 1151 2142 ex
1176 2097 1287 2143 reali
1321 2099 1695 2154 concomitantia,
1733 2101 1840 2158 quia
1869 2113 1965 2144 non
1998 2109 2066 2144 est

99 2166 198 2210 sine
226 2179 434 2225 corpore,
459 2179 554 2209 non
582 2175 735 2210 autem
752 2179 806 2210 ex
830 2166 875 2209 vi
897 2165 1281 2211 consecrationis:
1309 2175 1355 2210 et
1378 2166 1483 2210 ideo
1511 2167 1548 2210 si
1573 2175 1681 2211 tunc
1707 2166 1866 2211 fuisset
1886 2166 1978 2211 hoc
1999 2180 2067 2210 sa-

99 2242 386 2279 cramentum
412 2243 746 2288 consecratum,
772 2231 846 2277 vel
862 2242 1114 2292 peractum,
1137 2233 1321 2292 quando
1340 2234 1494 2278 anima
1511 2244 1608 2279 erat
1628 2249 1655 2278 a
1674 2249 1866 2293 corpore
1881 2234 2064 2280 realiter

98 2310 322 2360 separata,
348 2314 444 2345 non
469 2299 628 2345 fuisset
653 2300 808 2344 anima
845 2299 1020 2344 Christi
1045 2300 1125 2344 sub
1158 2300 1251 2345 hoc
1277 2311 1582 2356 sacramento,
1608 2316 1704 2347 non
1730 2312 1916 2362 propter
1941 2300 2064 2347 defe-

99 2376 224 2413 ctum
248 2367 426 2413 virtutis
451 2367 712 2422 verborum,
738 2367 818 2412 sed
840 2376 1025 2427 propter
1052 2365 1191 2412 aliam
1218 2367 1567 2427 dispositionem
1591 2370 1670 2414 rei.

661 2682 1108 2761 QUAESTIO
1151 2685 1478 2747 LXXXII.

378 2836 471 2878 DE
525 2837 907 2880 MINISTRO
956 2840 1197 2893 HUJUS
1252 2839 1772 2891 SACRAMENTI,

587 2927 655 2967 IN
707 2927 913 2968 DECEM
956 2929 1286 2972 ARTICULOS
1340 2930 1561 2972 DIVISA.

187 3102 365 3148 Deinde
393 3102 774 3148 considerandum
801 3114 869 3149 est
893 3104 949 3150 de
975 3106 1182 3151 ministro
1209 3107 1342 3165 hujus
1369 3106 1657 3151 sacramenti.

703 3217 759 3261 Et
780 3217 893 3262 circa
918 3217 991 3263 hoc
1017 3225 1276 3278 quaeruntur
1301 3219 1448 3264 decem.

189 3302 361 3348 Primo.
389 3303 555 3348 Utrum
583 3318 852 3350 consecrare
873 3305 963 3350 hoc
996 3318 1336 3352 sacramentum
1368 3308 1426 3351 sit
1450 3307 1685 3367 proprium
1711 3307 1974 3352 sacerdotis.

190 3369 420 3416 Secundo.
447 3371 614 3415 Utrum
646 3372 797 3430 plures
823 3372 1081 3419 sacerdotes
1114 3374 1251 3419 simul
1282 3374 1459 3435 possint
1485 3374 1696 3419 eamdem
1722 3375 1923 3420 hostiam
1950 3389 2060 3420 con-

102 3451 294 3483 secrare.

192 3503 368 3550 Tertio.
401 3504 568 3550 Utrum
601 3506 879 3565 dispensatio
912 3506 1045 3566 hujus
1078 3508 1353 3554 sacramenti
1384 3508 1606 3568 pertineat
1639 3512 1695 3554 ad
1727 3508 1880 3555 solum
1912 3523 2062 3555 sacer-

102 3570 274 3616 dotem.
