2352 3926
253 179 365 232 266
762 191 1041 238 QUAESTIO
1083 191 1233 230 xxxx.
1277 190 1582 232 inuentus
1621 190 1700 231 111.

250 295 306 339 ad
338 306 517 354 tempus
550 295 798 354 praesentis
831 295 949 338 vitae
982 294 1189 353 pertinet,
1220 305 1406 354 propter
1437 305 1632 355 quatuor
1662 305 1811 354 partes
1838 294 2010 349 mundi,
2039 296 2088 339 in
2119 308 2213 354 quo

249 363 491 407 mortalem
517 364 656 406 vitam
686 362 893 406 ducimus
935 362 1015 405 sub
1051 361 1239 406 Christo
1273 372 1511 421 regnante3
1539 363 1837 421 quadraginta
1870 371 2023 407 autem
2054 371 2214 421 quater

247 429 416 474 habent
442 431 616 483 decem,
641 439 685 472 et
706 429 803 487 ipsa
831 429 990 473 decem
1012 429 1065 472 ab
1086 443 1178 473 uno
1198 443 1340 488 usque
1367 430 1422 473 ad
1444 435 1652 488 quatuor,
1680 429 1998 487 progrediente
2018 442 2213 477 numero

248 506 637 540 consummantur.
661 496 823 539 Posset
849 496 987 539 etiam
1005 496 1214 540 denarius
1241 496 1297 540 ad
1323 495 1614 555 Decalogum
1635 495 1805 548 referri,
1832 505 1876 540 et
1902 494 2213 554 quaternarius

247 563 302 606 ad
330 573 615 622 praesentem
642 564 799 617 vitam,
826 563 900 606 vel
927 563 1067 617 etiam
1085 563 1141 606 ad
1158 573 1352 622 quatuor
1377 562 1644 621 Evangelia,
1667 562 1919 607 secundum
1941 577 2057 621 quae
2084 561 2216 607 Chri-

246 639 339 674 stus
365 641 525 688 regnat
551 631 596 673 in
623 630 778 674 nobis:
815 640 859 674 et
890 631 996 675 ideo
1024 630 1283 677 Matthaeus
1309 631 1485 689 regiam
1511 644 1756 689 personam
1784 629 1957 675 Christi
1981 643 2216 675 commen·

246 698 371 751 dans,
395 698 693 756 quadraginta
720 711 940 757 personas
967 698 1132 756 posuit,
1160 708 1351 757 excepto
1378 698 1504 757 ips0;
1531 698 1611 742 sed
1636 698 1727 741 hoc
1750 696 2100 756 intelligendum
2130 707 2214 751 est,

245 765 282 808 si
304 765 361 808 sit
383 765 503 809 idem
521 764 782 826 Jechonias,
802 765 879 824 qui
904 765 1088 824 ponitur
1109 766 1157 809 in
1174 765 1262 809 fine
1284 765 1474 810 secundi
1491 764 1838 823 quaterdenarii,
1857 773 1902 809 et
1925 764 1972 808 in
1989 764 2213 823 principio

243 832 378 886 tertii,
405 841 453 876 ut
479 833 598 891 Aug.
621 833 718 876 vult
734 833 832 891 (loc.
857 840 947 892 sup.
971 833 1080 889 cit),
1101 835 1176 891 qui
1195 832 1303 877 dicit
1323 831 1496 876 factum
1515 846 1612 877 esse
1636 832 1691 876 ad
1708 831 2072 891 significandum,
2089 831 2214 891 quod
2254 896 2259 900 Ι

248 915 272 940 κ
306 899 353 942 in
374 899 598 956 Jechonia
622 898 743 943 facta
779 909 846 943 est
881 899 1107 958 quaedam
1149 899 1342 944 deflexio
1377 899 1432 943 ad
1470 909 1705 945 extraneas
1738 908 1911 958 gentes,
1946 898 2130 958 quando
2165 899 2213 943 in

245 966 550 1025 Babyloniam
587 966 963 1025 transmigratum
1006 976 1096 1021 est;
1122 966 1246 1025 quod
1283 966 1618 1025 praefigurabat
1643 966 1881 1010 Christum
1916 979 1944 1010 a
1980 965 2215 1010 circumci—

245 1034 375 1078 sione
416 1034 473 1078 ad
509 1034 796 1093 praeputium
838 1035 1141 1092 migraturum
1183 1049 1234 1088 »3
1278 1033 1589 1092 Hieronymus
1633 1043 1784 1078 autem
1825 1032 1935 1077 dicit
1960 1032 2068 1093 (sup.
2108 1031 2213 1078 illud

245 1101 399 1146 Matth.
430 1114 495 1146 1.:
522 1103 580 1146 Et
598 1108 694 1161 post
720 1103 1150 1159 transmigrationem)
1178 1101 1277 1145 duos
1302 1100 1441 1145 fuisse
1463 1101 1691 1158 Joachim,
1717 1100 1833 1146 idest
1851 1100 2113 1158 Jechonias,
2138 1113 2214 1158 pa-

243 1178 361 1213 trem
387 1168 575 1222 scilicet,
603 1178 647 1212 et
672 1168 841 1222 filium3
870 1182 1066 1226 quorum
1092 1178 1280 1226 uterque
1297 1168 1343 1211 in
1362 1168 1656 1226 generatione
1685 1167 1858 1212 Christi
1883 1167 2142 1221 assumitur,
2162 1176 2214 1212 ut

245 1245 422 1280 constet
456 1235 686 1280 distinctio
720 1236 1082 1294 generationum,
1108 1249 1220 1293 quas
1253 1234 1544 1293 Evangelista
1578 1249 1658 1293 per
1682 1245 1773 1279 tres
1805 1236 2119 1293 quaternarios
2151 1233 2214 1279 di-

243 1303 444 1362 stinguit,
477 1303 600 1362 quod
642 1303 845 1347 ascendit
877 1302 933 1346 ad
966 1302 1266 1361 quadraginta
1293 1302 1404 1345 duas
1437 1315 1680 1360 personas:
1713 1301 1791 1360 qui
1823 1300 1962 1346 etiam
1991 1314 2210 1346 numerus

242 1381 427 1414 sanctae
455 1370 671 1415 convenit
695 1369 955 1423 Ecclesiae;
981 1369 1056 1414 hic
1085 1370 1209 1414 enim
1247 1383 1464 1412 numerus
1491 1368 1728 1427 consurgit
1753 1382 1807 1412 ex
1832 1368 2026 1423 senario,
2060 1367 2139 1427 qui
2156 1367 2215 1412 si·-

243 1437 429 1496 gnificat
453 1437 660 1481 laborem
687 1437 936 1496 praesentis
963 1437 1098 1491 vitae,
1126 1446 1170 1480 et
1195 1436 1468 1494 septenario,
1506 1436 1583 1494 qui
1608 1432 1836 1494 significat
1860 1435 2060 1494 quietem
2092 1434 2214 1482 vitae

241 1503 439 1548 futurae:
467 1506 611 1549 sexies
639 1506 762 1548 enirn
788 1513 966 1562 septem
999 1514 1104 1549 sunt
1126 1503 1425 1561 quadraginta
1450 1502 1566 1546 duo:
1593 1502 1690 1561 ipse
1718 1502 1858 1546 etiam
1884 1501 2215 1561 quaternarius,

242 1572 348 1630 quia
373 1585 428 1615 ex
455 1572 658 1625 denario,
699 1580 743 1615 et
769 1570 1058 1629 quaternario
1087 1570 1377 1613 constituitur
1402 1584 1483 1628 per
1514 1569 1892 1627 aggregationem
1917 1568 1974 1614 ad
1989 1568 2214 1615 'eamdem

241 1638 626 1698 significationem
652 1637 877 1695 pertinere
903 1647 1068 1696 potest,
1102 1651 1218 1695 quae
1252 1636 1465 1681 attributa
1497 1646 1565 1680 est
1591 1636 1967 1695 quadragenariO,
2000 1635 2078 1695 qui
2107 1649 2216 1683 con-

241 1705 384 1763 surgit
410 1719 463 1749 ex
489 1705 662 1750 eisdem
689 1704 891 1748 numeris
917 1704 1170 1748 secundum
1197 1703 1654 1763 multiplicationem:
1681 1717 1901 1750 numerus
1928 1713 2098 1757 autem,
2119 1713 2214 1762 quo

242 1772 391 1816 Lucas
417 1773 555 1816 utitur
580 1773 626 1815 in
653 1772 1020 1831 generationibus
1049 1770 1234 1824 Christi,
1261 1770 1490 1829 significat
1524 1766 1867 1817 universitatem
1889 1780 2210 1830 peccatorum:

242 1840 452 1884 denarius
480 1841 617 1893 enim,
639 1849 858 1898 tanquam
884 1839 1079 1897 justitiae
1106 1852 1338 1892 numerus,
1365 1838 1412 1881 in
1435 1838 1597 1882 decem
1629 1838 1883 1897 praeceptis
1913 1836 2028 1897 legis
2061 1846 2212 1884 osten·

241 1908 372 1962 ditur,
395 1917 637 1966 peccatum
656 1917 808 1950 autem
832 1916 900 1950 est
918 1905 1032 1964 legis
1055 1908 1378 1964 transgressio:
1399 1905 1570 1951 denarii
1585 1919 1695 1950 vero
1713 1906 1894 1951 numeri
1910 1905 2210 1964 transgressio

242 1985 310 2019 est
334 1975 629 2019 undenarius:
665 1974 944 2033 septenarius
978 1984 1131 2018 autem
1172 1973 1399 2032 significat
1425 1973 1782 2018 universitatem:
1817 1972 1924 2032 quia
1943 1972 2211 2019 universum

239 2052 420 2100 tempus
462 2041 718 2100 septenario
761 2041 936 2084 dierum
973 2055 1166 2084 numero
1203 2040 1424 2084 volvitur:
1458 2040 1624 2099 septies
1666 2050 1819 2084 autem
1854 2039 2071 2085 undecim
2106 2048 2213 2087 sunt

239 2109 524 2167 septuaginta
551 2118 749 2166 septem:
779 2118 824 2152 et
848 2109 907 2151 ita
934 2122 1013 2166 per
1038 2108 1129 2152 hoc
1152 2107 1436 2166 significatur
1462 2107 1731 2152 universitas
1757 2116 2068 2166 peccatorum,
2094 2120 2211 2167 quae

239 2190 320 2235 per
347 2176 585 2221 Christum
610 2175 845 2220 tolluntur.
1996 2175 2004 2182 '

328 2244 404 2288 AD
422 2255 659 2293 QUARTUM
676 2242 934 2295 dicendum,
958 2242 1095 2301 quod,
1108 2242 1224 2286 sicut
1241 2242 1552 2301 Hieronymus
1569 2256 1704 2301 super
1719 2241 1882 2287 Matth.
1900 2241 2011 2286 dicit
2026 2240 2141 2302 (cap.
2166 2255 2204 2287 ι.

236 2318 324 2370 sup.
349 2310 481 2354 illud:
504 2311 654 2366 Joram
676 2315 813 2353 autem
837 2311 993 2366 genuit,
1017 2309 1129 2366 eta),
1162 2311 1308 2368 «quia
1329 2310 1486 2367 Joram
1513 2324 1591 2354 rex
1618 2309 1775 2368 generi
1795 2323 1844 2354 se
1866 2309 2114 2355 miscuerat
2128 2308 2211 2354 im-

237 2378 467 2436 piissimae
483 2376 716 2434 Jezabelis,
744 2376 914 2420 idcirco
942 2391 1084 2435 usque
1104 2377 1159 2420 ad
1184 2378 1365 2420 tertiam
1384 2378 1732 2435 generationem
1758 2378 1856 2435 ejus
1880 2376 2108 2423 memoria
2123 2375 2208 2422 tol·

237 2443 356 2499 litur,
382 2458 440 2487 ne
471 2444 519 2487 in
551 2454 735 2487 sanctae
776 2444 1021 2487 nativitatis
1055 2444 1214 2487 ordine
1247 2453 1506 2502 poneretur.
1540 2444 1596 2488 Et
1635 2444 1712 2498 ita,
1745 2453 1795 2490 ut
1827 2443 2068 2503 Chrysost.
2100 2442 2211 2489 dicit

239 2510 368 2567 (hom.
396 2527 431 2556 1.
458 2513 504 2555 in
530 2511 680 2555 Matth.
708 2512 753 2554 in
772 2518 838 2570 op.
857 2511 1024 2570 imperf.
1053 2518 1146 2556 ante
1172 2511 1314 2569 med),
1346 2529 1369 2554 «
1394 2521 1562 2570 quanta
1583 2511 1840 2557 benedictio
1857 2510 1976 2557 facta
1993 2520 2062 2556 est
2075 2523 2209 2571 supet

232 2578 364 2636 Jehu,
392 2578 470 2637 qui
493 2577 744 2621 vindictam
769 2576 939 2621 fecerat
965 2592 1099 2636 super
1125 2579 1317 2622 domum
1344 2579 1523 2634 Achab,
1542 2588 1586 2623 et
1604 2577 1800 2636 Jezabel,
1822 2587 1949 2624 tanta
1971 2576 2210 2625 fuitmales

239 2645 378 2689 dictio
406 2658 539 2703 super
566 2645 757 2688 domum
778 2644 935 2701 Joram
962 2654 1144 2703 propter
1166 2645 1305 2689 filiam
1328 2645 1473 2704 iniqui
1498 2645 1677 2699 Achab,
1703 2655 1748 2690 et
1766 2643 1964 2703 Jezabel,
1989 2654 2040 2690 ut
2060 2658 2207 2704 usque

239 2712 295 2756 ad
331 2722 540 2771 quartam
583 2713 926 2770 generationem
968 2712 1285 2769 praecidantur
1311 2711 1391 2755 filii
1432 2713 1528 2770 ejus
1561 2713 1616 2756 de
1648 2725 1841 2758 numero
1882 2726 2060 2771 regum,
2090 2712 2207 2759 msseut

237 2779 456 2839 scriptum
484 2788 551 2823 est
576 2778 718 2823 Exod.
746 2791 830 2823 20.:
867 2778 1049 2823 Reddam
1072 2785 1289 2837 peccatum
1314 2786 1542 2838 parentum
1574 2781 1619 2824 in
1644 2780 1756 2838 filios
1786 2794 1910 2839 usque
1930 2778 1989 2825 aad
2020 2781 2204 2834 tertiam,

237 2850 274 2892 et
297 2853 496 2905 quartam
520 2847 823 2903 generationem
847 2859 895 2888 »ι
925 2855 992 2888 est
1018 2845 1156 2889 etiam
1180 2847 1519 2900 attendendum,
1537 2847 1660 2906 quod
1688 2856 1732 2891 et
1755 2845 1832 2891 alii
1857 2860 1989 2906 reges
2019 2844 2202 2894 fuerunt

235 2923 516 2972 peccatores,
549 2912 626 2971 qui
656 2912 703 2956 in
737 2911 1008 2970 genealogia
1043 2912 1212 2956 Christi
1243 2924 1495 2971 ponuntur:
1530 2915 1608 2958 sed
1641 2928 1736 2958 non
1766 2912 1851 2959 fuit
1883 2926 2047 2960 eorum
2091 2927 2202 2962 con-

236 2982 360 3024 tinua
386 2980 618 3038 impietas:
653 2993 775 3032 nam,
810 2989 858 3022 ut
890 2979 1052 3023 dicitur
1083 2980 1127 3022 in
1160 2979 1235 3023 lib.
1273 2981 1583 3032 Questionum
1616 2982 1795 3035 veteris,
1827 2989 1874 3027 et
1901 2981 2013 3028 novi
2045 2979 2205 3030 Testa·

236 3047 377 3091 menti
405 3046 463 3106 (q.
489 3048 552 3092 81.
587 3061 614 3091 a
643 3046 746 3090 med.
780 3047 889 3091 inter
921 3054 983 3104 op.
1019 3047 1180 3104 Aug.):
1212 3063 1235 3087 «
1260 3047 1485 3092 Salomon
1520 3048 1683 3093 merito
1717 3048 1856 3108 patris
1888 3048 1959 3094 sui
1989 3048 2204 3096 dimissus

234 3115 281 3159 in
308 3128 450 3173 regno
479 3124 569 3160 est:
595 3114 809 3158 Roboam
832 3114 995 3157 merito
1023 3114 1118 3157 Asa
1144 3113 1225 3157 filii
1257 3115 1349 3170 sui3
1383 3116 1550 3160 horum
1578 3126 1731 3161 autem
1754 3116 1893 3163 trium
1919 3115 2205 3165 continuavit

235 3182 446 3241 impietas
474 3199 514 3226 n.
2008 3241 2010 3243 Ι

325 3250 400 3293 AD
418 3261 646 3299 QUINTUM
666 3248 924 3300 dicendum,
943 3247 1059 3292 sicut
1086 3248 1193 3292 dicit
1220 3249 1407 3294 Hieron.
1435 3265 1570 3310 super
1596 3251 1759 3295 Matth.
1787 3251 1901 3312 (cap.
1926 3258 2066 3311 nup.
2083 3249 2207 3298 illud:

230 3316 361 3374 sudas
385 3318 540 3375 genuit,
579 3316 708 3374 etc.):
750 3333 773 3358 «
797 3316 848 3359 In
877 3314 1148 3374 genealogia
1176 3315 1426 3361 Salvatoris
1464 3317 1640 3362 nullam
1673 3327 1936 3365 sanctarum
1961 3317 2206 3365 mulierum

235 3385 420 3438 assumi,
447 3384 526 3429 sed
553 3398 644 3438 eas,
668 3398 779 3443 quas
808 3382 1040 3441 Scriptura
1067 3383 1372 3441 reprehendit,
1399 3395 1448 3429 ut
1470 3386 1546 3443 qui
1573 3399 1757 3445 propter
1782 3394 2049 3445 peccatores
2073 3397 2207 3434 vene·

235 3462 316 3506 rat,
343 3452 398 3496 de
426 3451 740 3511 peccatoribus
766 3464 961 3495 nascens
989 3450 1198 3494 omnium
1237 3462 1425 3509 peccata
1458 3452 1629 3497 deleret
1653 3469 1704 3508 »ς
1732 3453 1852 3498 unde
1877 3452 2060 3511 ponitur
2083 3450 2206 3498 Tha·
2263 3433 2336 3500 iffi

236 3534 349 3572 mar,
376 3534 492 3578 quae
518 3518 862 3578 reprehenditur
880 3518 935 3563 de
961 3518 1174 3562 socerino
1203 3519 1473 3573 concubitu3
1502 3530 1546 3564 et
1571 3520 1712 3574 Raab,
1736 3534 1851 3579 quae
1867 3519 1951 3565 fui-t
1965 3519 2220 3574 meretrix:
2282 3559 2283 3562 η

236 3597 280 3631 et
306 3586 442 3641 Ruth,
470 3601 586 3646 quae
610 3586 694 3632 fuit
720 3586 1000 3644 alienigena:
1037 3593 1082 3630 et
1117 3585 1356 3639 Bersabee,
1393 3600 1506 3631 uxor
1533 3587 1688 3642 Uriae,
1725 3601 1842 3647 quae
1867 3586 1952 3633 fuit
1983 3585 2205 3642 adultera,
