2352 3926
312 186 418 257 308
807 200 1086 246 QUAESTIO
1127 200 1314 239 XXXVI.
1355 201 1664 242 ARTICULUS
1703 202 1776 241 lv.

309 313 424 348 tate:
449 304 783 347 existimassent
809 303 931 347 enim
950 303 1223 362 phantasma
1246 317 1344 348 esse
1362 303 1751 360 incarnationem3
1778 313 1823 349 et
1840 313 1943 350 ante
1964 315 2272 366 opportunum

311 380 491 430 tempus
519 370 643 414 cruci
670 384 775 414 eum
801 370 1091 414 tradidissent
1115 369 1259 415 livore
1285 370 1531 431 liquefacti.

1019 525 1454 583 ARTICULUS
1492 527 1561 582 V.
1921 558 1924 561 Δ
2094 557 2101 561 ’
2185 553 2275 593 200

479 655 670 693 UTRUM
709 655 1005 694 NATIVITAS
1047 656 1265 694 CHRISTI
1305 657 1404 694 PER
1444 655 1710 706 ANGELOS,
1744 655 1816 693 ET
1858 654 2109 694 STELLAM

935 731 1209 769 DEBUERIT
1250 730 1632 770 MANIFESTARI.

397 839 473 882 AD
501 850 727 888 QUINTUM
754 838 817 882 sic
845 838 1118 896 proceditur.
1146 838 1350 892 Videtur,
1374 838 1496 897 quod
1522 852 1616 882 non
1644 836 1850 882 debuerit
1880 836 2159 882 manifestari
2192 852 2274 898 per

309 905 498 963 angelos
527 905 699 949 Christi
724 906 958 950 nativitas:
989 905 1139 964 angeli
1166 906 1288 949 enim
1306 915 1409 949 sunt
1427 905 1682 964 spirituales
1709 904 2000 958 substantiae,
2018 905 2273 952 secundum

309 973 419 1017 illud
443 973 515 1016 Ps.
549 986 669 1031 103.:
701 974 790 1029 Qui
813 973 916 1030 facit
941 974 1103 1032 angelos
1119 989 1209 1018 suos
1234 975 1430 1032 spiritus.-
1451 973 1530 1017 sed
1558 973 1731 1017 Christi
1754 972 1966 1016 nativitas
1992 982 2089 1016 erat
2117 986 2275 1017 secun-

308 1040 418 1083 dum
443 1054 650 1083 carnem:
674 1054 768 1083 non
796 1050 949 1083 autem
973 1040 1226 1083 secundum
1249 1040 1531 1099 spiritualem
1558 1042 1653 1099 ejus
1681 1040 2002 1094 substantiam3
2031 1053 2143 1099 ergo
2173 1053 2268 1085 non

310 1108 463 1152 debuit
489 1121 569 1166 per
591 1106 780 1164 angelos
804 1107 1097 1151 manifestari.

399 1187 438 1218 2.
466 1174 765 1218 PRAETEREA.
793 1175 943 1232 Major
960 1185 1027 1219 est
1050 1174 1243 1219 affinitas
1260 1176 1485 1233 justorum
1505 1176 1559 1219 ad
1579 1174 1783 1233 angelos,
1802 1188 1940 1234 quam
1960 1174 2015 1218 ad
2033 1188 2274 1233 quoscum-

307 1255 395 1300 que
423 1241 551 1296 alios,
579 1241 831 1285 secundum
857 1241 969 1285 illud
996 1242 1068 1285 Ps.
1102 1255 1167 1300 53.
1184 1259 1193 1286 :
1210 1243 1412 1286 Immittet
1438 1243 1620 1300 Angelus
1645 1243 1826 1286 Domini
1852 1243 1897 1286 in
1923 1243 2103 1286 circuitu
2129 1243 2274 1288 rimm-

308 1310 414 1353 tium
440 1324 547 1363 eum,
574 1314 611 1352 et
636 1310 783 1367 eripiet
808 1323 897 1352 eos:
921 1308 999 1352 sed
1025 1309 1168 1366 justis,
1197 1308 1370 1352 scilicet
1399 1308 1621 1363 Simeoni,
1640 1317 1684 1352 et
1709 1309 1889 1362 Annae,
1915 1322 2009 1352 non
2030 1318 2100 1353 est
2130 1308 2273 1354 mani-

306 1375 468 1420 festata
498 1375 668 1419 Christi
705 1375 917 1419 nativitas
944 1390 1024 1433 per
1056 1375 1267 1434 angelos:
1294 1389 1406 1433 ergo
1439 1389 1523 1420 nec
1550 1376 1805 1436 pastoribus
1837 1389 1920 1435 per
1950 1374 2142 1434 angelos
2173 1390 2272 1422 ma-

309 1442 511 1486 nifestari
538 1442 704 1486 debuit.

403 1524 439 1568 3.
466 1509 764 1553 PRAETEREA.
793 1508 998 1563 Videtur,
1026 1509 1149 1568 quod
1166 1524 1252 1554 nec
1270 1510 1420 1568 Magis
1443 1509 1648 1554 debuerit
1673 1508 1955 1554 manifestari
1970 1523 2052 1569 per
2068 1509 2274 1556 stellam:

310 1577 401 1620 hoc
421 1577 541 1620 enim
561 1576 739 1620 videtur
766 1591 864 1620 esse
891 1577 1056 1621 erroris
1083 1577 1284 1631 occasio,
1308 1587 1529 1636 quantum
1553 1577 1608 1621 ad
1633 1576 1738 1621 illos
1756 1577 1834 1636 qui
1861 1576 2104 1622 aestimant
2126 1577 2275 1623 sidera

311 1643 618 1687 nativitatibus
651 1643 895 1687 hominum
929 1644 1178 1690 dominari:
1212 1644 1290 1688 sed
1323 1645 1592 1688 occasiones
1625 1643 1849 1704 peccandi
1879 1653 1985 1689 sunt
2007 1643 2273 1694 hominibus

313 1710 607 1765 auferendae;
639 1725 733 1754 non
767 1725 877 1770 ergo
909 1710 994 1755 fuit
1025 1711 1318 1766 conveniens,
1351 1712 1475 1772 quod
1507 1725 1587 1771 per
1627 1711 1810 1756 stellam
1851 1710 2025 1758 Christi
2062 1712 2275 1758 nativitas

311 1777 689 1821 manifestaretur.

400 1858 441 1900 4.
468 1846 766 1890 PRAETEREA.
795 1845 990 1905 Signum
1017 1855 1199 1906 oportet
1224 1860 1322 1891 esse
1350 1855 1541 1900 certum,
1569 1845 1625 1890 ad
1650 1846 1741 1890 hoc
1768 1847 1892 1906 quod
1916 1860 1998 1906 per
2021 1846 2174 1906 ipsum
2199 1844 2277 1892 ali·

310 1913 417 1972 quid
444 1912 779 1957 manifestetur:
807 1913 886 1957 sed
912 1912 1042 1957 stella
1059 1927 1155 1957 non
1171 1913 1348 1958 videtur
1365 1927 1464 1958 esse
1482 1914 1663 1974 signum
1682 1923 1859 1958 certum
1875 1913 2123 1959 nativitatis
2139 1912 2275 1958 Chri-

313 1980 399 2034 sti;
428 1994 538 2038 ergo
566 1980 942 2024 inconvenienter
967 1979 1051 2024 fuit
1073 1980 1247 2024 Christi
1271 1980 1482 2025 nativitas
1508 1994 1588 2039 per
1613 1980 1793 2024 stellam
1820 1980 2121 2026 manifestata.

403 2047 496 2092 SED
525 2061 720 2093 CONTRA
749 2058 828 2101 est,
861 2049 983 2107 quod
1011 2049 1174 2092 dicitur
1204 2049 1391 2092 Deuter.
1422 2061 1514 2106 32.:
1553 2050 1636 2093 Dei
1663 2050 1851 2108 perfecta
1882 2056 1976 2095 sunt
2006 2058 2165 2109 opera.-
2195 2048 2276 2094 sed

311 2114 414 2159 talis
441 2114 747 2159 manifestatio
774 2115 857 2159 fuit
884 2129 998 2174 opus
1025 2116 1252 2170 divinum3
1276 2130 1387 2174 ergo
1405 2130 1486 2174 per
1505 2115 1825 2160 convenientia
1842 2116 1972 2175 signa
1996 2115 2081 2162 fuit
2096 2115 2273 2164 effecta.

400 2183 690 2228 RESPONDEO
718 2183 977 2238 dicendum,
996 2183 1117 2242 quod
1145 2184 1261 2227 sicut
1279 2183 1584 2228 manifestatio
1608 2183 1891 2243 syllogistica
1908 2184 1958 2243 fit
1971 2198 2052 2244 per
2067 2197 2136 2239 ea,
2157 2198 2275 2244 quae

308 2259 413 2295 sunt
439 2251 585 2308 magis
611 2260 721 2294 nota
749 2250 804 2303 ei,
833 2251 907 2294 cui
933 2261 1000 2294 est
1026 2250 1195 2309 aliquid
1224 2250 1632 2296 manifestandum:
1660 2252 1723 2296 ita
1749 2251 2073 2306 manifestatio,
2089 2265 2207 2312 quae
2223 2250 2275 2296 fit

308 2331 388 2376 per
414 2317 558 2375 signa,
585 2317 718 2361 debet
742 2317 839 2361 fieri
866 2332 946 2376 per
973 2332 1040 2371 ea,
1068 2332 1183 2376 quae
1210 2328 1314 2362 sunt
1339 2317 1581 2362 familiaria
1613 2318 1717 2373 illis,
1752 2319 1914 2378 quibus
1946 2317 2273 2365 manifestatur.

307 2383 601 2428 Manifestum
627 2394 693 2428 est
721 2394 889 2439 autem,
917 2385 1039 2444 quod
1066 2385 1171 2429 viris
1197 2387 1327 2444 Justis
1354 2395 1422 2430 est
1442 2385 1682 2440 familiare,
1710 2395 1753 2430 et
1776 2396 2048 2432 consuetum
2069 2385 2274 2432 interiori

309 2451 501 2510 Spiritus
535 2451 692 2495 Sancti
722 2451 937 2495 instinctu
972 2452 1170 2506 edoceri,
1205 2453 1372 2512 absque
1406 2453 1644 2512 signorum
1677 2453 1962 2499 sensibilium
1995 2454 2275 2499 demonstra-

305 2520 447 2571 tione,
474 2517 648 2562 scilicet
681 2533 760 2577 per
792 2519 1000 2577 spiritum
1041 2520 1328 2578 prophetiae:
1364 2520 1441 2564 alii
1472 2534 1582 2564 vero
1610 2520 1924 2579 corporalibus
1954 2520 2089 2567 rebus
2119 2519 2274 2574 dediti,

307 2599 388 2644 per
405 2584 634 2629 sensibilia
654 2585 708 2629 ad
726 2586 1028 2644 intelligibilia
1055 2586 1363 2641 adducuntur;
1383 2587 1544 2644 Judaei
1562 2596 1715 2631 autem
1733 2587 1942 2632 consueti
1967 2597 2098 2633 erant
2121 2586 2274 2633 divina

307 2667 527 2712 responsa
568 2667 648 2712 per
675 2653 864 2711 angelos
892 2653 1113 2712 accipere,
1136 2668 1215 2712 per
1238 2668 1353 2712 quos
1380 2654 1518 2698 etiam
1544 2653 1695 2712 legem
1719 2664 2002 2714 acceperant,
2019 2653 2272 2700 secundum

306 2719 418 2764 illud
455 2721 558 2764 Act.
595 2734 659 2777 7.:
695 2721 924 2779 Accepistis
955 2721 1079 2779 legem
1116 2723 1161 2764 in
1198 2721 1461 2779 dispositione
1503 2721 1743 2779 angelorum
1754 2736 1771 2774 ;
1816 2720 2022 2766 Gentiles
2059 2734 2187 2776 vero,
2227 2730 2273 2766 et

309 2789 508 2831 maxime
536 2786 770 2846 astrologi,
799 2788 1007 2831 consueti
1040 2797 1144 2832 sunt
1176 2787 1411 2832 stellarum
1456 2802 1613 2831 cursus
1639 2788 1888 2847 inspicere;
1922 2798 1966 2833 et
1990 2788 2096 2833 ideo
2127 2788 2272 2848 justis,

305 2853 480 2900 scilicet
508 2854 730 2908 Simeoni,
758 2864 801 2898 et
827 2855 1006 2908 Annae,
1040 2854 1327 2899 manifestata
1357 2864 1422 2898 est
1456 2854 1628 2899 Christi
1654 2855 1866 2900 nativitas
1898 2870 1979 2915 per
2005 2855 2271 2901 interiorem

304 2922 570 2967 instinctum
598 2921 791 2981 Spiritus
821 2921 990 2975 Sancti,
1019 2922 1272 2966 secundum
1297 2921 1408 2965 illud
1437 2922 1547 2966 Luc.
1577 2935 1639 2966 2.:
1670 2924 1921 2982 Responsum
1947 2925 2104 2984 accepit
2128 2937 2155 2968 a
2179 2923 2270 2983 Spi-
2347 2933 2352 2941 ⁵

303 2991 395 3034 ritu
426 2990 593 3043 Sancto,
627 3004 711 3032 non
732 2991 926 3032 visurum
947 3004 986 3033 se
1012 2996 1204 3042 mortem,
1238 2990 1319 3034 nisi
1338 2990 1459 3048 prius
1483 2989 1640 3034 videret
1665 2990 1875 3035 Christum
1898 2991 2093 3036 Domini.
2113 2989 2270 3036 Pasto-

303 3056 428 3101 ribus
455 3065 624 3110 autem,
652 3066 696 3100 et
721 3056 885 3114 Magis,
910 3066 1129 3115 tanquam
1163 3056 1295 3100 rebus
1328 3056 1641 3114 corporalibus
1674 3057 1849 3112 deditis,
1881 3057 2170 3103 manifestata
2201 3067 2270 3103 est

306 3123 478 3168 Christi
510 3123 719 3167 nativitas
753 3137 832 3182 per
863 3122 1060 3167 visibiles
1095 3123 1423 3181 apparitiones;
1458 3134 1501 3167 et
1534 3124 1639 3183 quia
1665 3125 1876 3169 nativitas
1907 3139 2004 3170 non
2036 3133 2133 3170 erat
2157 3138 2268 3183 pure

302 3201 495 3244 terrena,
523 3190 600 3235 sed
629 3190 975 3249 quodammodo
1004 3190 1229 3244 coelestis,
1257 3190 1360 3234 ideo
1380 3205 1458 3249 per
1476 3191 1604 3249 signa
1628 3191 1844 3237 coelestia
1866 3193 2066 3252 utrisque
2095 3190 2269 3237 Christi

302 3258 511 3302 nativitas
549 3257 786 3302 revelatur.
822 3257 884 3301 Ut
921 3258 1044 3301 enim
1083 3258 1202 3315 Aug.
1238 3258 1344 3301 dicit
1380 3258 1424 3301 in
1464 3258 1610 3302 Serm.
1649 3258 1704 3303 de
1741 3258 1903 3318 Epiph.
1937 3258 2268 3319 (aequivalenter

301 3326 431 3370 Serm.
461 3326 533 3370 66.
562 3325 607 3369 de
631 3326 835 3378 Diversis,
871 3326 947 3369 cir.
968 3325 1131 3384 princ.)
1146 3342 1158 3368 .·
1187 3324 1395 3369 «Coelos
1425 3325 1574 3382 angeli
1601 3326 1821 3381 habitant,
1847 3336 1892 3371 et
1917 3326 2065 3372 sidera
2086 3335 2264 3372 ornant.

302 3393 517 3451 Utrisque
551 3406 660 3449 ergo
689 3392 788 3436 coeli
813 3398 1014 3436 enarrant
1044 3393 1225 3450 gloriam
1258 3394 1341 3436 Dei
1371 3409 1412 3445 »ς
1447 3393 1776 3438 rationabiliter
1803 3403 1955 3439 autem
1992 3393 2264 3453 pastoribus,

299 3470 534 3519 tamquam
548 3460 744 3518 Judaeis,
773 3460 890 3518 apud
917 3474 1031 3519 quos
1058 3459 1315 3519 frequenter
1341 3459 1487 3504 factae
1520 3470 1625 3505 sunt
1651 3460 1957 3519 apparitiones
1974 3459 2263 3519 angelorum,

298 3528 496 3573 revelata
524 3539 590 3573 est
616 3528 827 3572 nativitas
855 3527 1026 3572 Christi
1055 3542 1132 3587 per
1159 3526 1372 3586 angelos:
1403 3528 1549 3586 magis
1577 3538 1730 3572 autern
1759 3528 1948 3572 assuetis
1979 3527 2029 3572 in
2059 3526 2264 3573 conside-

298 3595 473 3640 ratione
512 3595 779 3641 coelestium
823 3609 1071 3655 corporum
1109 3594 1396 3639 manifestata
1433 3606 1500 3639 est
1525 3609 1605 3653 per
1631 3595 1814 3654 signum
1852 3593 2033 3640 stellae:
2059 3594 2181 3655 quia,
2212 3602 2261 3639 ut
