2352 3926
257 205 368 278 716
748 216 1028 263 avanano
1057 203 1256 262 lxxxx,
1295 192 1605 263 aureuma
1643 216 1759 264 vm.

254 334 351 371 non
376 320 638 373 actualiter;
665 327 711 366 et
739 317 845 367 ideo
876 317 1159 368 habitualem
1191 316 1408 368 effectum
1432 317 1569 377 hujus
1592 317 1871 372 sacramenti
1893 317 2107 380 percipie
2121 332 2220 374 m

256 398 411 433 autem
437 386 679 434 actualem.

344 455 420 498 AD
447 465 709 498 SECUNDUM
727 450 984 505 dicendum,
1011 451 1134 510 quod
1158 451 1413 511 baptismus
1438 466 1534 501 non
1558 451 1622 505 ita
1648 452 1883 505 ordinatur
1908 453 1965 508 ad
1990 452 2218 510 acumina

258 520 486 574 effectum,
512 521 628 563 idest
653 518 883 563 fervorem
910 518 1157 572 charitatis,
1183 521 1300 563 sicut
1324 519 1416 563 hoc
1443 530 1804 564 sacramentum:
1830 534 1940 564 nam
1969 520 2221 580 baptismus

254 598 321 631 est
346 586 588 646 spiritualis
605 585 906 644 regeneratio,
933 599 1014 643 per
1039 600 1177 645 quam
1205 586 1450 645 acquiritur
1476 586 1624 646 prima
1649 586 1883 646 perfectio,
1909 601 2026 648 quae
2053 597 2121 633 est
2140 587 2220 633 ha-

253 654 384 709 bitus,
413 653 486 697 vel
510 652 686 696 forma:
715 653 805 696 hoc
835 662 989 697 autem
1015 663 1358 704 sacramentum
1384 663 1452 698 est
1483 653 1727 713 spiritualis
1758 654 2068 710 manducatio,
2101 669 2218 716 quae

251 721 390 765 habet
416 720 644 764 actualem
671 719 1042 764 delectationem.

341 787 418 832 AD
437 800 654 837 TERTIUM
681 787 941 842 dicendum,
968 788 1092 847 quod
1113 786 1193 837 ina
1218 787 1334 841 ratio
1360 787 1569 849 procedit
1594 787 1650 841 dte
1675 787 1929 843 venialibus
1953 789 2222 850 praeteritis,

253 869 369 914 quae
395 868 474 914 per
499 854 591 899 hoc
618 864 960 899 sacramentum
985 853 1223 907 tolluntur,

837 1170 1288 1249 QUAESTIO
1338 1171 1612 1238 LXXX.

309 1327 390 1372 DE
422 1326 557 1378 USU,
592 1325 705 1372 SEU
737 1326 1081 1372 SUMPTIONE
1115 1325 1304 1378 HUJUS
1335 1324 1720 1374 SACRAMENTI
1751 1324 1819 1373 m·
1848 1323 2162 1417 ςοΜΜυΝι,
2195 1355 2198 1358 .

712 1415 780 1456 IN
812 1414 1134 1458 DUODECIM
1166 1414 1499 1456 ARTICULOS
1531 1400 1754 1455 Drv'rsA.

340 1594 520 1639 Deinde
548 1595 932 1643 considerandum
964 1605 1032 1644 est
1061 1594 1118 1639 de
1150 1608 1250 1649 usn,
1276 1594 1373 1641 sive
1398 1592 1661 1653 sumptione
1685 1592 1821 1652 hujus
1846 1591 2144 1646 §astamffltli
2171 1601 2223 1644 gt

245 1664 390 1722 primo
428 1662 652 1722 quidem
640 1676 688 1711 m
718 1662 983 1711 communi:
1018 1661 1212 1717 secundo,
1249 1660 1488 1721 quomodo
1526 1659 1737 1712 Christus
1774 1670 1842 1714 θεῖ
1881 1673 1990 1714 ms
2029 1659 2125 1712 hoc
2154 1673 2223 1705 sa·

251 1740 503 1780 eramento

793 1833 923 1878 Circa
941 1834 1134 1894 primum
1165 1837 1424 1894 quaeruntur
1448 1830 1676 1884 duodecim.

341 1930 514 1976 Primo,
541 1929 709 1978 Utrum
736 1930 826 1977 sint
851 1930 943 1978 duo
966 1930 1094 1978 modi
1120 1929 1429 1978 manducandi
1453 1929 1545 1974 hoc
1572 1937 1927 1984 sacramentum.
1951 1926 2128 1983 sanim
2153 1940 2222 1982 sa

253 1997 605 2052 eramentaliter‚
633 2007 678 2042 et
703 1997 1006 2055 spiritualiter.

343 2064 572 2116 Secundo.
601 2064 769 2113 Utrum
801 2065 890 2112 soli
919 2065 1101 2115 homini
1134 2064 1381 2114 conveniat
1412 2063 1692 2115 manducare
1715 2061 2011 2123 spiritualiter
2033 2061 2125 2133 ¹⁸⁰5
2155 2075 2223 2106 ⁵³·

252 2142 552 2178 eramentum.

341 2198 516 2244 Tertio.
544 2199 713 2244 Utrum
735 2198 877 2244 solius
903 2200 1108 2244 hominis
1134 2199 1243 2259 justi
1268 2199 1326 2243 sit
1350 2197 1631 2253 manducare
1657 2195 2081 2253 sacramentaliter,

343 2266 537 2319 Quarto,
566 2266 734 2313 Utrum
761 2277 977 2326 peccator
1005 2269 1288 2315 manducans
1311 2265 1700 2315 sacramentaliter
1724 2274 1899 2325 peccet*

343 2334 538 2387 Quinto
565 2334 637 2385 De
664 2336 916 2393 quantitate
942 2335 1076 2393 hujus
1104 2335 1296 2393 peccati.

342 2401 496 2448 Sexto.
524 2401 692 2447 Utrum
718 2411 934 2460 peccator
961 2402 1184 2450 accedens
1213 2401 1268 2448 ad
1294 2400 1386 2446 hoc
1413 2407 1755 2451 sacramentum
1776 2398 1836 2449 sit
1855 2396 2159 2456 repellendus.

342 2467 565 2527 Septimo.
593 2467 760 2513 Utrum
787 2478 1011 2516 nocturna
1033 2467 1227 2528 pollutio
1250 2466 1472 2526 impediat
1495 2466 1736 2514 hominem
1754 2479 1780 2510 a
1802 2465 2063 2524 sumptione
2083 2464 2220 2525 hujus

251 2535 542 2581 sacramenti.

344 2602 543 2649 Octavo.
572 2601 739 2647 Utrum
767 2601 824 2647 sit
850 2601 1003 2646 solum
1032 2616 1058 2647 a
1082 2601 1245 2660 jejunis
1272 2599 1563 2649 sumendum.

340 2668 495 2722 Nono.
523 2668 691 2714 Utrum
716 2669 773 2713 sit
798 2668 1109 2715 exhibendum
1134 2682 1230 2714 non
1256 2668 1529 2715 habentibus
1556 2681 1691 2713 usum
1722 2666 1926 2719 rationis.
1962 2675 1964 2678 ⁴

341 2737 555 2785 Decimo.
579 2736 747 2785 Utrum
774 2736 831 2781 sit
856 2735 1059 2794 quotidie
1086 2736 1377 2780 sumendum.

326 2804 622 2853 Undecimo.
650 2803 817 2848 Utrum
844 2803 982 2848 liceat
1006 2804 1200 2847 omnino
1228 2803 1466 2850 abstinere.

342 2871 652 2917 Duodecimo.
681 2870 849 2918 Utrum
881 2869 1018 2916 liceat
1050 2870 1282 2929 percipere
1308 2884 1476 2929 corpus
1503 2869 1600 2916 sine
1626 2869 1863 2929 sanguine.

967 3045 1402 3105 ARTICULUS
1446 3047 1488 3102 1.
2126 3054 2218 3128 473

251 3184 446 3223 UTRUM
462 3183 750 3225 DISTINGUI
770 3182 1026 3226 DEBEANT
1047 3182 1167 3221 DUO
1188 3182 1331 3221 MODI
1351 3181 1724 3222 MANDUCANDI
1745 3177 1958 3230 CORPUS
1980 3172 2217 3244 qiRlS'fl.

462 3293 595 3354 (Infr.
613 3301 696 3339 art.
715 3309 753 3339 2.
773 3300 810 3339 et
822 3309 856 3353 3.
876 3302 989 3354 corp.
1009 3299 1044 3339 et
1060 3307 1102 3351 4.
1121 3294 1232 3337 Dist.
1251 3308 1291 3352 9.
1312 3299 1392 3337 art.
1411 3309 1445 3338 r.
1465 3308 1503 3352 q.
1522 3309 1556 3339 r.
1575 3293 1675 3339 adr.
1692 3300 1728 3338 el
1745 3308 1783 3352 q.
1797 3307 1834 3354 3.
1844 3294 1928 3354 per
1941 3297 2011 3338 tot.

359 3368 396 3407 et
406 3363 532 3419 Joan.
553 3362 595 3407 6.
615 3362 702 3409 lect.
723 3376 761 3421 7.
780 3369 869 3407 etr.
890 3361 992 3407 Cor.
1011 3377 1068 3407 Η.
1089 3361 1175 3406 lect.
1192 3374 1230 3419 7.
1239 3362 1319 3420 fin.
1343 3368 1381 3407 et
1397 3369 1530 3419 opusc.
1544 3363 1610 3421 58.
1624 3369 1713 3421 cap.
1733 3374 1795 3421 17.
1813 3356 1877 3407 18.
1894 3374 1959 3420 19.
1974 3358 2130 3419 suo.)-

342 3474 418 3518 An
441 3486 629 3518 PRIMUM
653 3473 716 3517 sic
745 3473 1018 3532 proceditur.
1035 3471 1241 3526 Videtur,
1260 3472 1381 3531 quod
1408 3486 1503 3516 non
1530 3472 1725 3516 debeant
1750 3470 1966 3531 distingui
1984 3469 2072 3522 duo
2089 3456 2220 3529 mod}

253 3542 562 3587 manducandi
580 3556 745 3602 corpus
764 3541 951 3596 Christi,
968 3539 1143 3591 scilicet
1166 3540 1539 3596 sacramentaliter,
1567 3550 1611 3585 et
1630 3538 1935 3600 spiritualiter:
1960 3537 2078 3593 sicut
2092 3536 2216 3589 enim

252 3609 504 3669 baptismus
528 3619 600 3657 est
624 3608 867 3669 spiritualis
899 3607 1201 3668 regeneratio,
1227 3606 1479 3654 secundum
1512 3606 1626 3653 illud
1651 3606 1784 3665 Joan,
1814 3619 1877 3666 3.:
1910 3605 2008 3658 Nisi
2034 3605 2221 3666 quisu-
