2352 3926
656 191 931 238 QUABSTIO
968 190 1152 231 Lxxv1.
1192 189 1502 232 armemus
1543 190 1599 230 11.
1987 178 2088 247 671

132 294 512 348 concomitantia,
537 295 654 340 sicut
678 308 813 353 supra
839 293 1012 339 dictum
1038 301 1108 338 est
1130 295 1234 351 (art.
1253 300 1398 352 praec.
1425 291 1479 337 ad
1504 292 1560 349 ι.)
1588 291 1645 336 de
1678 291 1845 344 anima,
1871 299 1915 335 et
1941 290 2097 335 divini-

132 369 226 406 tate
251 359 448 408 Christi:
475 361 556 406 sub
590 361 825 421 speciebus
843 373 952 405 vero
978 360 1071 405 vini
1093 370 1160 405 est
1184 359 1369 420 quidem
1386 359 1571 419 sanguis
1599 358 1772 403 Christi
1798 371 1853 402 ex
1878 357 1926 402 vi
1950 370 2095 402 sacra-

133 427 290 482 menti,
309 441 472 486 corpus
495 438 648 473 autem
667 426 839 472 Christi
857 441 912 471 ex
937 426 1048 472 reali
1075 426 1447 480 concomitantia,
1464 427 1581 470 sicut
1597 425 1763 481 anima,
1785 434 1830 471 et
1854 425 2091 479 divinitas;

134 507 191 539 eo
217 494 340 553 quod
365 509 485 538 nunc
513 494 697 553 sanguis
726 493 896 538 Christi
932 508 1023 537 non
1053 505 1119 539 est
1153 494 1207 537 ab
1235 495 1329 552 ejus
1358 508 1547 553 corpore
1583 503 1828 552 separatus,
1860 493 1979 538 sicut
2011 492 2096 537 fuit

133 570 341 620 tempore
365 561 601 620 passioniS,
631 571 677 606 et
703 562 877 614 mortis,
904 560 1022 604 unde
1049 561 1087 604 si
1112 571 1219 604 tunc
1246 560 1402 604 fuisset
1422 561 1512 604 hoc
1535 570 1875 605 sacramentum
1901 558 2097 605 celebra-

132 637 248 681 tum,
264 628 345 672 sub
363 628 600 686 speciebus
622 627 750 687 panis
771 626 929 671 fuisset
950 640 1114 685 corpus
1132 627 1303 671 Christi
1320 627 1416 671 sine
1434 627 1671 686 sanguine,
1688 637 1733 672 et
1749 628 1829 672 sub
1857 627 2094 686 speciebus

134 694 227 739 vini
254 694 437 753 sanguis
464 694 559 739 sine
587 707 794 751 corpore,
822 693 938 737 sicut
964 703 1060 737 erat
1085 694 1131 737 in
1158 694 1223 737 rei
1247 694 1448 738 veritate.

220 761 299 806 An
330 773 518 806 PmMUM
542 773 652 818 ergo
679 759 937 813 dicendum,
963 760 1086 818 quod
1108 761 1314 818 quamvis
1342 771 1464 805 totus
1488 760 1697 806 Christus
1718 761 1775 806 sit
1800 762 1882 806 sub
1905 771 2094 821 utraque

130 827 296 886 specie,
322 841 416 872 non
434 837 589 872 tamen
607 826 794 880 frustra3
820 840 927 870 nam
943 828 1085 885 primo
1111 827 1296 885 quidem
1321 827 1411 871 hoc
1435 826 1556 872 valet
1582 828 1637 872 ad
1664 829 2091 887 repraesentandam

131 894 393 954 passionem
419 894 606 947 Christi,
632 894 679 937 in
712 907 800 952 qua
827 907 1035 938 seorsum
1060 893 1144 937 fuit
1179 896 1363 951 sanguis
1400 909 1426 937 a
1463 908 1655 952 corpore
1682 905 1940 954 separatus;
1972 897 2092 941 unde

130 970 174 1006 et
205 961 252 1007 in
283 960 432 1006 forma
464 960 822 1006 consecrationis
858 960 1090 1019 sanguinis
1128 960 1178 1004 fit
1215 961 1389 1005 mentio
1422 961 1478 1004 de
1513 962 1608 1019 ejus
1642 961 1892 1006 effusione:
1919 963 2091 1008 secundo

130 1028 221 1074 hoc
256 1042 324 1073 est
361 1029 639 1074 conveniens
675 1029 775 1072 usui
808 1028 943 1086 hujus
970 1028 1258 1081 sacramenti,
1284 1038 1334 1072 ut
1359 1041 1567 1072 seorsum
1595 1029 1860 1073 exhibeatur
1885 1029 2092 1076 fidelibus

129 1109 296 1155 corpus
323 1095 495 1141 Christi
529 1098 575 1140 in
605 1096 771 1149 cibum,
801 1106 844 1139 et
869 1095 1053 1154 sanguis
1086 1096 1134 1139 in
1170 1106 1355 1154 potum:
1383 1097 1500 1140 tertio
1528 1106 1752 1154 quantum
1781 1097 1837 1140 ad
1863 1096 2091 1151 effectum,

128 1163 379 1209 secundum
406 1162 528 1240 quod
554 1178 688 1222 supra
719 1163 892 1207 dictum
919 1172 987 1206 est
1012 1163 1071 1221 (q.
1099 1176 1167 1222 74.
1195 1163 1262 1207 ad.
1289 1163 1346 1219 1),
1384 1162 1507 1222 quod
1548 1177 1713 1222 corpus
1741 1164 1977 1208 exhibetur
2008 1179 2090 1224 pro

128 1228 274 1277 salute
301 1230 518 1289 corporis,
544 1240 589 1274 et
613 1232 797 1288 sanguis
823 1244 905 1289 pro
938 1229 1082 1274 salute
1110 1230 1303 1274 animae.

216 1298 294 1343 An
309 1310 570 1343 SECUNDUM
588 1297 846 1351 dicendum,
862 1297 1014 1355 quod
1003 1311 1050 1340 m
1067 1297 1279 1355 passione
1293 1296 1482 1351 Christi,
1500 1276 1626 1354 cujus
1643 1297 1734 1341 hoc
1752 1307 2089 1343 sacramentum

127 1374 197 1410 est
221 1364 506 1419 memoriale,
532 1378 626 1408 non
642 1363 821 1408 fuerant
846 1363 960 1408 aliae
988 1374 1136 1422 partes
1165 1365 1370 1422 corporis
1397 1364 1451 1408 ab
1478 1364 1678 1414 invicem
1710 1375 1959 1423 separatae,
1975 1365 2093 1410 sicut

127 1431 327 1490 sanguiS,
343 1431 423 1477 sed
440 1445 606 1490 corpus
623 1431 943 1476 indissolutum
960 1431 1222 1490 permansit,
1251 1430 1504 1475 secundum
1523 1431 1646 1490 quod
1663 1431 1829 1490 legitur
1844 1430 1985 1477 Exod.
2010 1445 2089 1478 12.:

126 1499 215 1544 Nec
240 1513 283 1544 os
321 1498 433 1543 illius
470 1499 740 1557 confringetis
748 1513 765 1551 ;
803 1509 847 1542 et
885 1498 990 1542 ideo
1024 1498 1071 1541 in
1106 1498 1197 1543 hoc
1234 1508 1524 1542 sacramento
1559 1512 1767 1543 seorsum
1798 1509 2091 1544 consecratur

125 1565 311 1625 sanguis
338 1579 364 1610 a
386 1579 594 1624 corpore,
625 1577 719 1609 non
747 1574 899 1609 autem
934 1564 1084 1623 aliqua
1111 1564 1199 1609 alia
1216 1578 1318 1623 pars
1351 1565 1406 1609 ab
1439 1564 1542 1609 alia.

214 1633 292 1678 An
310 1644 526 1678 TERTIUM
558 1631 817 1685 dicendum,
844 1632 980 1690 quod,
1013 1633 1129 1676 sicut
1160 1632 1332 1676 dictum
1359 1641 1427 1677 est
1452 1633 1519 1690 (in
1551 1634 1704 1691 corp),
1724 1646 1888 1691 corpus
1918 1633 2090 1678 Christi

125 1713 221 1745 non
248 1709 316 1745 est
334 1699 416 1744 sub
442 1700 593 1758 specie
618 1699 713 1742 vini
739 1713 793 1743 ex
824 1699 869 1742 vi
891 1699 1180 1752 sacramenti,
1194 1699 1273 1743 sed
1300 1713 1354 1743 ex
1378 1698 1491 1744 reali
1517 1699 1891 1754 concomitantia,
1909 1709 1952 1745 et
1983 1700 2088 1746 ideo

126 1781 206 1827 per
232 1767 628 1812 consecrationem
653 1766 747 1810 vini
771 1779 866 1810 non
891 1765 940 1810 fit
964 1765 1027 1809 ibi
1049 1779 1212 1825 corpus
1227 1765 1400 1811 Christi
1421 1780 1502 1825 per
1526 1780 1590 1821 se,
1609 1767 1689 1812 sed
1708 1768 2087 1813 concomitanter.

830 1927 1262 1986 ARTICULUS
1303 1928 1404 1984 III.
1998 1957 2088 2003 450

198 2058 392 2101 UTRUM
431 2061 516 2101 SIT
550 2063 736 2102 TOTUS
771 2063 1037 2102 CHRISTUS
1065 2063 1164 2101 SUB
1199 2063 1476 2109 QUALIBET
1504 2063 1680 2103 PARTE
1707 2063 2011 2104 SPECIERUM

143 2143 147 2146 ”
852 2138 1040 2184 “ΡᾹΝῙΒ
1080 2144 1185 2183 VEL
1223 2145 1354 2185 VINI.

373 2253 435 2310 (4.
460 2254 573 2298 Dist.
600 2269 666 2299 ιο.
693 2259 776 2298 art.
791 2269 827 2313 3.
860 2269 898 2313 q.
921 2268 956 2313 3.
984 2260 1020 2298 et
1050 2255 1161 2298 Dist.
1192 2266 1257 2299 12.
1285 2269 1323 2313 q.
1351 2270 1386 2300 1.
1420 2260 1502 2299 art.
1531 2269 1566 2314 3.
1588 2269 1626 2313 q.
1653 2269 1694 2300 2.
1727 2255 1781 2299 ad
1802 2270 1836 2314 3.

452 2327 490 2365 et
515 2321 584 2365 lib.
611 2334 653 2378 4.
681 2319 830 2366 Contr.
855 2335 893 2380 g.
921 2328 1013 2380 cap.
1042 2321 1111 2380 67.
1133 2326 1171 2366 et
1196 2321 1349 2378 Quodl.
1372 2334 1412 2378 4.
1432 2326 1514 2366 art.
1537 2322 1577 2367 8.
1605 2323 1755 2381 corp).

211 2433 288 2479 AD
305 2444 522 2478 TERTIUM
547 2432 611 2477 sic
629 2432 901 2491 proceditur.
927 2431 1132 2487 Videtur,
1149 2433 1272 2491 quod
1296 2446 1392 2477 non
1418 2432 1475 2476 sit
1498 2441 1621 2476 totus
1639 2431 1849 2479 Christus
1875 2432 1956 2477 sub
1980 2447 2087 2491 qua-

123 2500 235 2546 libet
263 2510 388 2559 parte
424 2500 681 2559 specierum
713 2499 856 2558 panis,
888 2499 961 2543 vel
993 2499 1099 2543 vini.
1135 2499 1321 2558 Species
1354 2499 1478 2543 enim
1509 2499 1616 2543 illae
1649 2499 1787 2544 dividi
1818 2510 2007 2558 possunt
2037 2500 2084 2544 in

123 2567 371 2612 infinitum:
408 2567 444 2611 si
470 2581 580 2626 ergo
613 2566 824 2614 Christus
864 2576 985 2611 totus
1019 2577 1086 2611 est
1117 2567 1198 2611 sub
1232 2566 1432 2625 qualibet
1463 2576 1588 2626 parte
1621 2568 1873 2626 specierum
1915 2566 2086 2626 praedi-

124 2644 317 2688 etatum,
333 2643 593 2693 sequeretur
615 2634 738 2692 quod
761 2633 971 2678 infinities
989 2644 1108 2678 esset
1126 2634 1173 2678 in
1196 2633 1286 2679 hoc
1305 2643 1619 2689 sacrament03
1638 2633 1759 2692 quod
1783 2644 1851 2678 est
1875 2635 2085 2678 inconve-

123 2701 279 2755 niens;
304 2715 413 2746 nam
438 2700 667 2748 infinitum
690 2711 912 2760 repugnat
937 2715 1030 2745 non
1063 2700 1215 2746 solum
1232 2710 1434 2755 naturae,
1461 2702 1541 2746 sed
1567 2702 1705 2746 etiam
1738 2701 1922 2760 gratiae.

215 2778 256 2814 2.
288 2767 585 2814 Puni-Em.
620 2766 800 2826 Corpus
829 2767 1016 2822 Christi,
1043 2782 1149 2813 cum
1190 2769 1247 2813 sit
1277 2768 1562 2827 organicum,
1594 2769 1732 2812 habet
1762 2778 1911 2826 partes
1943 2767 2084 2812 deter-

125 2835 296 2880 minate
314 2834 553 2878 distantes:
582 2843 650 2879 est
666 2834 790 2878 enim
816 2833 871 2878 de
894 2835 1068 2879 ratione
1091 2835 1295 2893 organici
1314 2835 1519 2893 corporis
1545 2835 1845 2880 determinata
1870 2834 2082 2879 distantia

124 2902 408 2961 singularum
434 2900 629 2960 partium
652 2900 706 2944 ab
734 2901 945 2954 invicem,
972 2901 1088 2945 sicut
1113 2901 1236 2945 oculi
1268 2902 1321 2946 ab
1346 2901 1498 2956 oculo,
1526 2912 1569 2946 et
1601 2901 1724 2945 oculi
1756 2901 1811 2944 ab
1839 2915 1969 2945 aure:
2002 2901 2081 2946 sed

126 2969 219 3014 hoc
252 2982 347 3013 non
375 2977 529 3026 posset
555 2981 668 3021 esse,
700 2969 737 3012 si
761 2967 842 3011 sub
876 2966 1075 3028 qualibet
1099 2979 1225 3027 parte
1251 2969 1507 3027 specierum
1540 2978 1660 3012 esset
1689 2977 1811 3012 totus
1846 2967 2080 3014 Christus:

124 3044 356 3096 oporteret
381 3035 519 3088 enim,
542 3034 664 3093 quod
690 3033 770 3077 sub
787 3032 987 3093 qualibet
1007 3045 1131 3094 parte
1155 3046 1273 3080 esset
1304 3035 1531 3095 quaelibet
1551 3049 1682 3094 pars:
1710 3044 1755 3079 et
1773 3034 1836 3078 ita
1863 3034 1939 3077 ubi
1964 3045 2082 3080 esset

123 3117 214 3148 una
238 3117 356 3163 pars,
374 3112 491 3147 esset
518 3111 562 3146 et
587 3099 696 3156 alia;
721 3114 816 3148 non
834 3115 943 3160 ergo
969 3112 1120 3161 potest
1135 3116 1247 3156 esse,
1270 3103 1393 3162 quod
1418 3112 1539 3147 totus
1558 3101 1764 3147 Christus
1790 3101 1847 3146 sit
1867 3101 1949 3147 sub
1977 3116 2082 3161 qua-

124 3169 235 3215 libet
265 3179 390 3229 parte
414 3167 609 3221 hostiae,
634 3166 709 3212 vel
732 3166 825 3212 vini
852 3168 1053 3213 contenti
1083 3169 1130 3213 in
1157 3168 1312 3215 calice.

216 3251 253 3296 3.
286 3236 585 3281 PRAETEREA.
619 3234 799 3293 Corpus
832 3233 1004 3279 Christi
1035 3249 1213 3295 semper
1238 3250 1395 3281 veram
1427 3235 1588 3279 retinet
1621 3235 1825 3294 corporis
1856 3245 2079 3290 naturam,

127 3318 211 3350 nec
239 3318 441 3364 unquam
468 3312 667 3348 mutatur
691 3302 738 3345 in
762 3301 995 3379 spiritum:
1017 3304 1095 3348 sed
1122 3304 1177 3347 de
1205 3303 1380 3347 ratione
1407 3302 1611 3362 corporis
1645 3312 1725 3356 est,
1751 3313 1800 3347 ut
1825 3302 1883 3347 sit
1906 3304 2079 3362 quanti-

125 3381 194 3416 tas
219 3371 496 3430 positionem
522 3369 709 3421 habens,
736 3378 784 3412 ut
804 3378 929 3428 patet
951 3368 998 3412 in
1022 3369 1410 3415 praedicamentis
1436 3371 1548 3429 (cap.
1565 3369 1612 3414 de
1635 3370 1881 3427 Quantit.).·
1915 3370 1992 3414 sed
2021 3371 2076 3415 ad

125 3439 350 3484 rationem
376 3437 509 3496 hujus
535 3435 795 3496 quantitatis
821 3429 1026 3494 pertinet,
1045 3437 1166 3495 quod
1194 3437 1398 3481 diversae
1425 3446 1573 3495 partes
1596 3436 1641 3479 in
1665 3435 1851 3480 diversis
1877 3437 2077 3496 partibus

122 3505 226 3551 loci
240 3506 454 3560 aistanu
484 3519 580 3550 non
605 3518 717 3563 ergo
743 3513 894 3562 potest
922 3518 1042 3559 esse,
1063 3514 1114 3550 ut
1137 3505 1328 3558 videtur,
1361 3503 1483 3563 quod
1514 3514 1637 3548 totus
1669 3503 1880 3549 Christus
1911 3505 1972 3550 sit
1994 3505 2075 3550 sub

124 3571 323 3632 qualibet
333 3582 470 3633 parte
495 3575 764 3632 specierum.
