2352 3926
665 235 946 283 QJJAESTIO
986 236 1208 277 Lxxxtv.
1248 235 1558 277 ARTICULus
1598 236 1671 275 1x.
2035 221 2142 293 789

277 348 320 381 2.
346 336 644 385 PRAETEREA.
670 338 743 384 De
768 338 972 399 quolibet
1000 339 1125 385 bono
1157 353 1296 400 opere
1328 340 1460 386 debet
1485 340 1630 385 homo
1657 339 1872 398 gaudere,
1897 340 2151 385 secundum

185 401 298 457 illud
323 404 443 449 Psal.
468 418 565 466 9o.:
591 406 750 452 Servite
770 408 958 452 Domino
983 409 1029 453 in
1054 408 1238 454 laetitia:
1264 409 1346 453 sed
1372 422 1508 467 agere
1530 407 1862 470 poenitentiam
1888 416 1955 452 est
1976 407 2151 452 bonum

187 484 325 531 opus3
350 485 463 530 ergo
489 472 545 517 de
570 473 662 518 hoc
687 474 787 533 ipso
820 474 953 520 debet
982 474 1128 519 homo
1161 476 1383 534 gaudere:
1417 475 1496 520 sed
1527 489 1622 520 non
1654 484 1807 535 potest
1836 474 1983 520 homo
2015 474 2154 519 simul

188 537 400 597 gaudere,
426 548 472 584 et
496 539 678 595 tristari,
709 550 758 585 ut
783 550 905 600 patet
930 555 1010 600 per
1041 541 1215 587 Philos.
1250 542 1298 587 in
1323 556 1363 602 9.
1392 542 1538 587 Ethic.
1579 542 1695 602 (cap.
1721 556 1764 599 4.
1790 542 1863 586 sub
1879 541 2008 601 fin.),·
2042 554 2153 600 ergo

185 618 281 650 non
306 615 456 664 potest
481 620 594 661 esse,
628 608 751 667 quod
783 609 1021 667 poenitens
1054 611 1269 654 continue
1310 610 1511 654 tristetur
1551 610 1607 653 de
1651 609 1850 669 peccatis
1886 608 2153 669 praeteritis,

187 673 311 731 quod
342 673 537 732 pertinet
568 675 624 719 ad
657 675 883 720 rationem
920 676 1249 735 poenitentiae3
1282 691 1392 736 ergo
1426 677 1708 736 poenitentia
1744 690 1839 721 non
1871 686 2022 736 potest
2053 689 2152 721 esse

187 740 421 788 continua.

279 821 318 866 3.
342 807 640 854 PRAETEREA.
669 822 709 853 2.
737 810 794 854 ad
821 809 1030 855 Corinth.
1058 824 1099 856 2.
1126 810 1338 870 Apostol.
1365 811 1494 855 dicit:
1526 811 1827 866 Consoiamini,
1847 810 2023 856 scilicet
2046 823 2152 871 poe·

183 873 422 930 nitentem,
447 892 496 921 ne
512 876 629 935 forte
660 876 959 921 abundantiori
981 876 1158 922 iristitia
1183 879 1472 933 absorbeatur,
1500 880 1572 937 qui
1597 879 1798 936 ejusmodi
1820 885 1901 924 est:
1929 878 2007 923 sed
2041 892 2152 923 con-

184 940 352 986 solatio
379 943 563 1002 depellit
587 943 830 999 tristitiam,
858 958 974 1003 quae
1001 945 1195 1004 pertinet
1221 945 1276 988 ad
1303 946 1528 989 rationem
1557 945 1888 1004 poenitentiae3
1915 959 2026 1005 ergo
2048 959 2155 1005 poe-

183 1008 374 1053 nitentia
398 1023 492 1054 non
521 1010 654 1055 debet
679 1025 777 1055 esse
805 1012 1035 1055 continua.

274 1076 370 1122 SED
396 1089 593 1122 CONTRA
619 1086 699 1132 est,
726 1078 849 1137 quod
876 1079 1070 1138 August.
1098 1079 1208 1124 dicit
1236 1078 1283 1123 in
1309 1078 1385 1124 lib.
1413 1078 1469 1124 de
1494 1079 1782 1124 Poenitentia
1811 1078 1897 1137 (seu
1928 1081 1996 1125 De
2026 1094 2147 1136 vera,

182 1148 220 1188 et
234 1143 352 1203 salsa
368 1145 524 1204 poenit.
551 1152 642 1204 cap.
669 1146 744 1204 13.)
762 1160 776 1189 :
808 1145 997 1190 «Dolor
1021 1146 1068 1190 in
1093 1146 1375 1206 poenitentia
1402 1146 1617 1190 continue
1645 1147 1984 1192 custodiatur».

271 1210 560 1257 RESPONDEO
580 1212 839 1266 dicendum,
856 1213 979 1273 quod
1006 1214 1239 1273 poenitere
1268 1214 1432 1259 dicitur
1457 1214 1692 1273 dupliciter,
1720 1215 1974 1258 secundum
1992 1221 2147 1269 actum,

183 1288 229 1324 et
253 1278 507 1324 secundum
532 1279 733 1325 habitum.
761 1280 882 1324 Actu
910 1281 1095 1340 quidem
1117 1280 1401 1341 impossibile
1420 1292 1488 1327 est
1503 1282 1626 1341 quod
1644 1282 1789 1326 homo
1814 1282 2030 1327 continue
2048 1296 2154 1342 poe-

180 1346 338 1401 niteat,
370 1347 477 1407 quia
501 1361 688 1392 necesse
711 1358 779 1392 est
803 1349 926 1408 quod
954 1359 1081 1394 actus
1107 1349 1382 1409 poenitentis
1409 1349 1503 1394 sive
1529 1349 1733 1404 interior,
1759 1350 1854 1394 sive
1872 1350 2066 1394 exterior
2086 1350 2149 1394 in-

180 1413 429 1474 terpoletur
455 1414 511 1459 ad
537 1415 688 1460 minus
714 1429 897 1471 somno,
923 1425 967 1461 et
985 1416 1099 1473 aliis,
1126 1432 1242 1477 quae
1265 1417 1322 1461 ad
1339 1417 1662 1462 necessitatem
1680 1417 1886 1477 corporis
1908 1417 2150 1477 pertinent.
2207 1444 2211 1447 ·

180 1482 282 1527 Alio
317 1482 442 1527 modo
468 1482 631 1527 dicitur
656 1484 889 1544 poenitere
916 1484 1168 1528 secundum
1193 1485 1425 1530 habitum:
1454 1495 1499 1530 et
1533 1485 1598 1529 sic
1636 1494 1817 1544 oportet
1847 1485 1971 1544 quod
2003 1485 2149 1530 homo

181 1551 397 1594 continue
422 1550 669 1610 poeniteat,
695 1560 741 1595 et
765 1561 985 1611 quantum
1018 1552 1075 1596 ad
1106 1552 1197 1596 hoc
1225 1553 1348 1612 quod
1379 1553 1527 1597 homo
1559 1566 1795 1612 nunquam
1837 1551 2007 1614 aliquid
2041 1567 2148 1598 con·

179 1616 372 1660 trarium
395 1617 705 1676 poenitentiae
730 1618 881 1674 iaciat,
898 1632 978 1677 per
995 1618 1118 1678 quod
1135 1618 1381 1663 habitualis
1402 1619 1638 1678 dispositio
1656 1619 1930 1678 poenitentis
1947 1618 2151 1673 tollatur,

182 1692 227 1727 et
252 1693 473 1743 quantum
501 1684 556 1728 ad
582 1684 672 1729 hoc
702 1685 824 1744 quod
851 1685 984 1731 debet
1006 1686 1151 1731 homo
1174 1687 1221 1730 in
1246 1687 1484 1746 proposito
1512 1700 1684 1746 gerere,
1717 1686 1839 1746 quod
1862 1699 2043 1745 semper
2063 1687 2151 1732 sibi

180 1751 423 1809 praeterita
448 1762 636 1810 peccata
663 1752 944 1812 displiceant.

269 1819 344 1863 AD
374 1831 564 1864 PRIMUM
596 1833 707 1879 ergo
740 1820 1000 1875 dicendum,
1027 1821 1150 1881 quod
1175 1821 1394 1880 ploratus,
1429 1831 1474 1865 et
1503 1820 1735 1881 lacrymae
1763 1820 1818 1864 ad
1847 1829 1999 1866 actum
2026 1831 2147 1867 exte-

179 1885 313 1930 rioris
338 1887 646 1945 poenitentiae
677 1889 916 1946 pertinent,
954 1890 1031 1948 qui
1061 1903 1156 1934 non
1188 1889 1341 1934 solum
1366 1903 1461 1934 non
1488 1889 1622 1934 debet
1648 1903 1746 1933 esse
1775 1890 2032 1944 continuus,
2066 1891 2144 1935 sed

178 1967 264 1998 nec
291 1954 429 1998 etiam
458 1965 639 2014 oportet
653 1956 776 2015 quod
799 1956 928 2002 duret
943 1971 1087 2016 usque
1106 1957 1162 2001 ad
1184 1957 1326 2002 finem
1347 1957 1480 2011 vitae,
1499 1966 1547 2000 ut
1563 1957 1735 2001 dictum
1754 1966 1819 2001 est
1838 1957 1941 2013 (art.
1963 1965 2103 2017 praec.
2102 1958 2147 2016 );

182 2020 302 2065 unde
344 2031 390 2065 et
414 2021 646 2080 signanter
671 2023 730 2067 ibi
757 2024 982 2069 subditur:
1012 2026 1130 2082 Quia
1161 2031 1215 2070 est
1245 2039 1397 2070 merces
1428 2026 1542 2084 operi
1569 2031 1651 2069 tuo.
1679 2024 1758 2068 Est
1791 2034 1942 2068 autem
1970 2039 2148 2069 merces

178 2088 332 2148 operis
352 2089 626 2148 poenitentis
653 2090 787 2150 plena
812 2092 1023 2137 remissio
1046 2092 1236 2151 peccati,
1263 2102 1309 2136 et
1333 2102 1552 2151 quantum
1573 2091 1628 2135 ad
1649 2091 1845 2151 culpam,
1865 2101 1910 2136 et
1926 2102 2146 2151 quantum

176 2155 235 2200 ad
259 2169 481 2215 poenam3
507 2167 612 2216 post
637 2159 764 2216 cujus
792 2160 1167 2204 consecutionem
1193 2174 1289 2204 non
1315 2170 1383 2204 est
1407 2174 1612 2213 necesse,
1636 2159 1758 2218 quod
1784 2159 1931 2203 homo
1956 2158 2144 2204 ulterius

176 2223 450 2268 exteriorem
480 2225 811 2283 poenitentiam
843 2236 970 2285 agat:
1008 2242 1088 2287 per
1127 2228 1218 2271 hoc
1259 2237 1415 2271 tamen
1451 2241 1547 2271 non
1584 2226 1836 2272 excluditur
1871 2227 2147 2273 continuitas

174 2289 498 2349 poenitentiae,
525 2291 672 2351 qualis
698 2293 818 2337 dicta
844 2303 913 2338 est
938 2294 1006 2352 (in
1032 2302 1147 2354 corp.
1173 2301 1210 2339 et
1234 2302 1316 2340 art.
1336 2295 1518 2354 praec).

263 2358 342 2403 AD
367 2371 628 2404 SECUNDUM
654 2359 914 2415 dicendum,
938 2362 1060 2420 quod
1087 2362 1142 2406 de
1169 2361 1343 2416 dolore,
1371 2372 1416 2407 et
1441 2361 1609 2420 gaudio
1636 2361 1860 2421 dupliciter
1884 2360 2012 2421 loqui
2045 2377 2146 2422 pos-

173 2438 346 2470 sumus.
379 2426 470 2470 Uno
495 2425 633 2482 modo,
661 2427 915 2472 secundum
941 2429 1064 2487 quod
1092 2439 1193 2473 sunt
1225 2429 1460 2489 passiones
1493 2430 1716 2488 appetitus
1749 2429 1975 2475 sensitivi:
2003 2439 2048 2474 et
2079 2430 2143 2474 sic

171 2491 303 2537 nullo
330 2492 472 2538 modo
498 2503 691 2553 possunt
716 2509 816 2539 esse
843 2496 995 2550 simul,
1013 2510 1068 2540 eo
1087 2497 1207 2556 quod
1227 2507 1332 2541 sunt
1353 2497 1545 2541 omnino
1566 2496 1835 2551 contrariae,
1854 2497 1925 2540 vel
1945 2511 1997 2541 ex
2016 2507 2141 2556 parte

174 2559 344 2618 objecti
368 2560 499 2619 (puta
524 2575 629 2605 curn
657 2572 762 2607 sunt
787 2562 842 2607 de
868 2564 1071 2621 eodem),
1104 2563 1178 2607 vel
1209 2563 1373 2608 saltem
1392 2578 1447 2608 ex
1478 2573 1605 2623 parte
1643 2574 1796 2608 motus
1834 2564 2008 2618 cordis;
2035 2578 2143 2608 nam

170 2627 396 2686 ‘gaudium
428 2637 496 2672 est
533 2642 640 2672 cum
667 2629 884 2675 dilatione
912 2631 1076 2685 cordi3‚
1113 2631 1291 2676 tristitia
1325 2645 1437 2676 vero
1465 2645 1570 2675 cum
1599 2631 1950 2675 constrictione:
1978 2640 2020 2675 et
2051 2631 2143 2675 hoc

176 2693 320 2739 modo
345 2693 546 2752 loquitur
571 2694 883 2756 Philosophus
909 2697 956 2741 in
982 2712 1024 2758 9.
1051 2698 1199 2742 Ethic.
1226 2699 1328 2743 Alio
1346 2698 1467 2743 modo
1479 2712 1723 2758 possumus
1742 2698 1869 2756 loqui
1885 2698 1940 2741 de
1958 2697 2143 2756 gaudio,

174 2771 219 2805 et
243 2760 438 2815 tristitia,
464 2762 717 2806 secundum
738 2764 861 2822 quod
888 2766 1142 2810 consistunt
1168 2767 1215 2810 in
1241 2765 1439 2824 simplici
1457 2776 1561 2810 actu
1586 2765 1848 2818 voluntatis,
1873 2764 1946 2808 cui
1970 2764 2139 2823 aliquid

173 2827 338 2887 placet,
363 2827 438 2872 vel
464 2828 693 2888 displicet:
718 2841 762 2875 et
793 2832 1046 2876 secundum
1087 2833 1179 2877 hoc
1212 2847 1307 2877 non
1346 2843 1537 2892 possunt
1572 2833 1738 2876 habere
1772 2833 2140 2876 contrarietatem

172 2895 261 2939 nisi
291 2909 346 2940 ex
371 2905 497 2954 parte
525 2896 705 2955 objecti,
737 2908 845 2956 puta
877 2913 986 2943 cum
1024 2910 1129 2944 sunt
1166 2901 1223 2945 de
1263 2901 1443 2955 eodem,
1477 2907 1521 2944 et
1547 2899 1798 2944 secundum
1824 2899 1971 2942 idern:
2001 2908 2046 2943 et
2076 2899 2140 2943 sic

173 2976 266 3006 non
299 2971 491 3022 possunt
515 2962 652 3007 simul
677 2978 777 3009 esse
809 2966 1042 3023 gaudium,
1081 2976 1125 3011 et
1159 2967 1361 3022 tristitia;
1398 2968 1501 3027 quia
1539 2981 1632 3010 non
1665 2975 1815 3025 potest
1847 2965 1983 3010 simul
2014 2966 2138 3010 idem

173 3030 429 3075 secundum
447 3029 569 3075 idem
587 3029 781 3089 placere,
800 3042 844 3076 et
865 3033 1116 3092 displicere.
1141 3034 1191 3078 Si
1212 3049 1321 3079 vero
1340 3035 1572 3093 gaudium,
1591 3043 1635 3077 et
1658 3033 1836 3077 tristitia
1859 3033 1922 3077 sic
1951 3043 2138 3092 accepta

171 3111 267 3142 non
292 3097 372 3141 fiat
397 3097 453 3141 de
476 3097 643 3142 eodem
670 3100 924 3144 secundum
949 3100 1088 3155 idern,
1114 3102 1195 3146 sed
1220 3102 1294 3146 vel
1323 3102 1377 3146 de
1397 3101 1597 3158 diversis,
1616 3099 1690 3144 vel
1709 3100 1764 3144 de
1791 3100 1957 3144 eodem
1984 3115 2145 3145 secun·

172 3164 284 3209 dum
310 3164 502 3219 diversa,
526 3166 590 3209 sic
616 3180 711 3210 non
734 3176 802 3211 est
820 3169 1114 3213 contrarietas
1132 3170 1300 3228 gaudii,
1324 3169 1612 3223 ettristitiae3
1639 3167 1758 3211 unde
1775 3167 1891 3211 nihil
1913 3168 2139 3227 prohibet,

171 3231 414 3277 hominem
440 3232 577 3276 simul
610 3233 826 3292 gaudere,
854 3244 899 3279 et
918 3235 1108 3290 tristari3
1142 3247 1249 3295 puta
1285 3236 1324 3280 si
1347 3235 1585 3280 videamus
1620 3236 1792 3294 justum
1818 3234 1972 3293 affligi,
1999 3235 2138 3280 simul

173 3298 323 3359 placet
346 3300 478 3344 nobis
505 3301 601 3358 ejus
627 3300 811 3359 justitia,
827 3311 873 3346 et
886 3302 1093 3362 displicet
1114 3305 1210 3362 eius
1239 3303 1439 3347 afflictio.
1466 3302 1522 3347 Et
1547 3303 1637 3347 hoc
1661 3303 1803 3346 modo
1831 3302 1967 3347 simul
1985 3313 2138 3362 potest

173 3365 310 3411 alicui
335 3366 589 3426 displicere,
622 3368 746 3426 quod
779 3370 999 3426 peccavit,
1037 3380 1081 3415 et
1106 3370 1302 3429 placere,
1340 3369 1462 3429 quod
1488 3369 1580 3414 hoc
1606 3369 1649 3414 ei
1685 3369 1893 3429 displicet
1919 3384 2025 3414 cum
2057 3384 2137 3430 spe

171 3434 350 3488 veniae,
382 3434 446 3479 ita
471 3435 595 3494 quod
615 3436 713 3494 ipsa
738 3435 916 3480 tristitia
942 3437 999 3481 sit
1023 3438 1215 3482 materia
1237 3437 1405 3496 gaudii.
1431 3436 1567 3481 Unde
1589 3446 1635 3481 et
1651 3437 1846 3495 August.
1870 3437 1980 3481 dicit
1996 3437 2041 3481 in
2059 3437 2136 3482 lib.

171 3499 228 3545 de
252 3500 541 3546 Poenitentia
562 3502 660 3559 (loc.
685 3510 777 3561 sup.
804 3503 922 3560 cit.):
953 3519 976 3546 α
1004 3503 1195 3563 Semper
1227 3503 1381 3548 doleat
1406 3504 1659 3563 poenitens,
1687 3513 1732 3548 et
1757 3503 1812 3547 de
1845 3503 2005 3549 dolore
2032 3519 2139 3564 gau-

168 3567 279 3612 deat
297 3583 338 3612 ιι.
366 3567 416 3613 Si
439 3579 595 3614 tamen
620 3569 799 3614 tristitia
815 3569 945 3615 nullo
961 3571 1103 3616 modo
1122 3580 1460 3630 compateretur
1475 3570 1560 3615 sibi
1578 3571 1812 3630 gaudium,
1829 3585 1911 3631 per
1931 3571 2023 3616 hoc
2040 3586 2136 3617 non

169 3632 408 3680 tolleretur
431 3634 674 3681 habitualis
701 3636 975 3682 continuitas
1003 3639 1327 3697 poenitentiae,
1353 3637 1432 3683 sed
1460 3637 1663 3683 actualis.
