2352 3926
599 218 878 265 QUAEsTlo
918 219 1085 257 xxxv.
1126 217 1434 258 Anrxcutus
1473 217 1544 256 1v.
1955 215 2060 271 297

110 321 188 368 sed
213 321 317 381 quia
339 334 561 381 personae
582 320 790 364 habentis
816 320 1116 374 divinitatem,
1139 330 1183 365 et
1207 320 1540 364 humanitatem
1558 328 1625 364 est
1651 327 1796 363 mater
1812 319 2063 362 secundum

109 387 457 441 humanitatem.

142 506 146 511 ,
196 455 271 500 AD
299 467 514 499 TERTIUM
541 454 800 507 dicendum,
827 453 949 512 quod
981 454 1071 497 hoc
1105 468 1291 507 nomen,
1320 455 1447 511 Deus,
1486 452 1693 512 quamvis
1725 452 1782 496 sit
1814 465 2062 496 commune

107 523 251 572 tribus
275 522 495 580 personis,
528 531 683 565 tamen
714 520 928 579 supponit
958 521 1230 579 quandoque
1264 520 1476 580 prosola
1511 534 1706 579 persona
1742 518 1902 572 Patris,
1930 533 2066 577 quan-

107 588 258 648 doque
284 602 365 648 pro
392 588 492 633 sola
518 602 714 647 persona
735 587 849 640 Filii,
876 586 949 631 vel
968 587 1158 646 Spiritus
1183 587 1353 642 Sancti,
1377 598 1425 631 ut
1446 602 1580 645 super
1602 586 1807 630 habiturn
1827 595 1893 629 est
1916 585 1974 644 (q.
1998 585 2064 630 16.

107 661 188 701 art.
218 667 256 699 1.
282 662 322 700 et
346 655 438 712 2.).·
466 665 510 699 et
535 655 597 699 ita
625 669 729 698 cum
757 654 932 709 dicitur,
959 655 1086 698 Beata
1122 655 1246 712 Virgo
1273 661 1329 699 est
1357 656 1494 698 Mater
1520 655 1617 706 Dei,
1646 654 1736 697 hoc
1760 666 1933 697 nornen
1952 653 2066 697 Deus
2142 702 2152 713 ,

106 722 320 782 supponit
337 736 419 782 pro
446 721 544 767 sola
567 735 760 781 persona
786 720 889 765 Filii
913 721 1162 765 incarnata.

831 896 1265 955 ARTICULUS
1299 897 1369 953 V.
1983 923 2063 972 192

410 1033 604 1072 UTRUM
642 1034 699 1073 IN
739 1033 980 1073 CHRISTO
1022 1034 1146 1074 SINT
1186 1032 1337 1071 DUAE
1377 1031 1743 1072 FILIATIONES.

107 1141 160 1202 (3.
178 1143 288 1188 Dist.
305 1143 347 1188 8.
368 1150 451 1188 art.
463 1158 501 1202 5.
519 1149 555 1188 et
577 1143 731 1200 Quodl.
754 1159 789 1189 1.
812 1150 895 1188 art.
913 1158 952 1189 2.
965 1150 1004 1188 et
1022 1143 1174 1200 Quodl.
1199 1158 1239 1202 9.
1263 1158 1301 1202 q.
1325 1158 1364 1188 2.
1387 1148 1468 1187 art.
1492 1157 1528 1201 3.
1551 1148 1589 1187 et
1609 1150 1743 1201 opusc.
1765 1156 1804 1186 2.
1823 1150 1916 1201 cap.
1939 1142 2062 1200 211).

192 1254 269 1299 AD
295 1267 521 1305 QUINTUM
542 1255 606 1299 sic
629 1255 900 1313 proceditur.
920 1254 1124 1309 Videtur,
1143 1255 1265 1314 quod
1287 1254 1333 1297 in
1349 1254 1535 1298 Christo
1558 1253 1647 1297 sint
1664 1253 1779 1296 duae
1797 1251 2062 1297 filiationes:

103 1321 313 1366 nativitas
340 1322 463 1366 enim
490 1332 559 1366 est
580 1336 717 1366 causa
742 1322 994 1366 filiationis:
1019 1322 1097 1366 sed
1120 1323 1166 1366 in
1187 1321 1372 1367 Christo
1396 1331 1500 1366 sunt
1517 1321 1632 1364 duae
1649 1320 1931 1374 nativitates;
1955 1333 2065 1379 ergo

105 1387 243 1433 etiam
268 1388 315 1432 in
343 1388 529 1433 Christo
556 1400 660 1434 sunt
682 1387 798 1434 duae
824 1389 1081 1434 filiationes,

194 1467 235 1498 2.
267 1455 563 1500 PRAETEREA.
605 1456 800 1510 Filiatio,
834 1471 922 1516 qua
961 1457 1061 1516 quis
1105 1456 1266 1500 dicitur
1307 1455 1426 1499 filius
1467 1454 1671 1514 alicujus,
1707 1464 1757 1498 ut
1791 1453 1962 1508 matris,
1994 1451 2068 1497 vel

104 1522 256 1580 patris,
283 1522 507 1581 dependet
533 1522 788 1582 aliqualiter
815 1524 868 1566 ab
897 1523 1020 1581 ipso:
1049 1524 1155 1582 quia
1181 1537 1280 1567 esse
1307 1522 1540 1566 relationis
1567 1532 1634 1566 est
1662 1522 1717 1565 ad
1745 1521 1866 1565 aliud
1894 1520 2066 1580 aliqua-

104 1587 205 1632 liter
229 1603 278 1633 se
304 1588 496 1644 habere;
522 1591 641 1634 unde
669 1600 713 1633 et
739 1590 1012 1649 interempto
1039 1605 1131 1634 uno
1165 1590 1475 1643 relativorum,
1502 1589 1775 1633 interimitur
1808 1587 1955 1632 aliud:
1987 1587 2066 1632 sed

105 1654 263 1699 filiatio
290 1665 487 1711 aeterna,
513 1671 600 1716 qua
639 1656 848 1702 Christus
881 1667 949 1701 est
980 1657 1098 1701 filius
1135 1657 1224 1700 Dei
1258 1656 1418 1709 Patris,
1445 1670 1539 1700 non
1573 1655 1798 1715 dependet
1823 1669 1860 1705 ,ει
1898 1665 2065 1699 matre:

105 1722 211 1781 quia
241 1721 420 1766 nullum
453 1734 689 1768 aeternum
722 1723 947 1783 dependet
979 1739 1004 1767 a
1037 1723 1303 1783 temporali;
1335 1737 1444 1782 ergo
1479 1722 1689 1767 Christus
1720 1736 1815 1766 non
1848 1732 1916 1766 est
1946 1721 2065 1766 filius

105 1790 261 1833 matris
286 1788 506 1834 filiatione
534 1800 742 1845 aeterna;
770 1801 846 1835 aut
873 1805 983 1849 ergo
1011 1790 1138 1834 nullo
1162 1790 1304 1835 modo
1329 1800 1396 1834 est
1417 1789 1534 1834 filius
1554 1791 1665 1848 ejus,
1683 1790 1805 1849 quod
1823 1799 1890 1834 est
1908 1798 2066 1833 contra

0 1861 12 1897 ἔ
103 1856 332 1916 praedicta
356 1857 462 1915 (art.
483 1859 663 1917 praec),
686 1867 763 1901 aut
789 1868 984 1917 oportet,
1002 1858 1123 1917 quod
1151 1858 1208 1901 sit
1234 1857 1352 1901 filius
1380 1859 1476 1916 ejus
1504 1857 1702 1916 quadam
1730 1855 1818 1900 alia
1844 1856 2065 1901 filiatione

2 1931 11 1949 ³²
104 1923 368 1983 temporali;
394 1933 498 1968 sunt
523 1938 633 1983 ergo
660 1925 706 1968 in
735 1924 921 1970 Christo
949 1926 1065 1970 duae
1092 1925 1348 1968 filiationes.

195 2004 232 2050 3.
258 1990 555 2036 PRAETEREA.
580 1991 736 2035 Unum
762 1991 1057 2036 relativorum
1084 1992 1266 2050 ponitur
1291 1992 1338 2035 in
1366 1991 1627 2035 definitione
1657 1990 1866 2036 alterius:
1895 2006 1950 2036 ex
1974 2004 2065 2050 quo

6 2108 12 2118 .
102 2067 226 2118 patet
249 2058 370 2117 quod
401 2072 543 2102 unum
569 2058 863 2103 relativorum
895 2058 1183 2118 specificatur
1215 2074 1271 2103 ex
1304 2058 1418 2102 alio:
1452 2058 1531 2102 sed
1564 2073 1709 2102 unum
1736 2069 1780 2102 et
1810 2059 1936 2103 idem
1968 2072 2063 2102 non

4 2124 32 2179 ἶ.
102 2133 254 2184 potest
277 2138 375 2169 esse
392 2125 438 2168 in
455 2125 642 2170 diversis
659 2126 915 2185 speciebus;
944 2140 1055 2185 ergo
1072 2126 1353 2186 impossibile
1370 2126 1563 2180 videtur,
1581 2126 1704 2185 quod
1728 2140 1818 2169 una
1840 2135 1885 2170 et
1901 2125 2064 2170 eadem

9 2205 30 2232 ,ι
102 2189 263 2236 relatio
295 2190 563 2236 terminetur
596 2192 651 2236 ad
685 2203 889 2237 extrema
922 2193 1114 2237 omnino
1150 2193 1350 2237 diversa:
1390 2193 1468 2237 sed
1501 2192 1712 2237 Christus
1746 2193 1910 2236 dicitur
1940 2191 2059 2236 filius

26 2260 35 2275 ·“
103 2258 249 2303 Patris
273 2259 460 2314 aeterni,
487 2269 532 2303 et
557 2259 716 2304 matris
747 2260 1028 2319 temporalis,
1062 2261 1137 2319 qui
1164 2270 1268 2304 sunt
1299 2260 1484 2303 termini
1517 2260 1709 2303 omnino
1738 2260 1922 2313 diversi;
1956 2273 2066 2318 ergo

8 2367 25 2387 4
101 2325 292 2380 videtur,
309 2326 431 2385 quod
447 2340 540 2370 non
559 2327 703 2385 possit
720 2327 881 2371 eadem
899 2327 1120 2372 relatione
1140 2327 1348 2372 Christus
1368 2327 1460 2370 dici
1485 2326 1603 2370 filius
1630 2326 1791 2381 Patris,
1815 2336 1860 2370 et
1882 2326 2065 2380 matris;

10 2385 21 2398 ζ
103 2402 208 2437 sunt
231 2406 341 2452 ergo
367 2393 414 2437 in
442 2393 628 2438 Christo
663 2394 779 2438 duae
806 2394 1064 2438 filiationes.

24 2509 25 2513 η
193 2459 287 2504 SED
314 2473 511 2505 CONTRA
538 2471 617 2516 est,
644 2461 781 2520 quod,
809 2461 927 2505 sicut
950 2461 1167 2505 Damasc.
1197 2461 1305 2504 dicit
1325 2461 1371 2504 in
1403 2460 1480 2505 lib.
1512 2475 1548 2520 3.
1579 2460 1723 2517 (Orth.
1746 2461 1842 2505 Fid.
1861 2469 1949 2520 cap.
1972 2461 2066 2518 13),

105 2540 160 2572 ea
183 2541 300 2587 quae
326 2538 431 2572 sunt
460 2538 664 2582 naturae,
697 2528 1057 2587 multiplicantur
1090 2529 1133 2572 in
1168 2527 1381 2583 Christo;
1414 2543 1508 2571 non
1543 2538 1696 2572 autem
1730 2542 1783 2571 ea
1816 2542 1932 2587 quae
1964 2537 2069 2571 sunt

12 2592 34 2647 ςῘ
103 2607 347 2654 personae:
374 2594 455 2639 sed
475 2594 634 2639 filiatio
652 2595 850 2639 maxime
872 2597 1065 2654 pertinet
1087 2595 1142 2639 ad
1165 2609 1434 2654 personam:
1463 2605 1530 2639 est
1548 2595 1669 2638 enim
1694 2596 1947 2654 proprietas
1971 2609 2066 2654 per-

18 2651 59 2721 ζ,
104 2661 288 2719 sonalis,
312 2671 362 2705 ut
391 2671 515 2720 patet
545 2676 600 2706 ex
631 2661 702 2706 his
729 2675 845 2720 quae
871 2661 917 2705 in
949 2676 983 2705 1.
1012 2662 1132 2706 dicta
1166 2673 1268 2706 sunt
1301 2663 1363 2721 (q.
1395 2676 1468 2720 40.
1500 2669 1583 2707 art.
1616 2677 1656 2707 2.
1685 2677 1721 2721 3.
1755 2667 1792 2706 et
1821 2664 1916 2722 4.);
1954 2675 2064 2720 ergo

105 2726 163 2779 in,
177 2727 362 2773 Christo
390 2737 457 2772 est
482 2742 571 2772 una
597 2738 776 2772 tantum
802 2727 976 2772 filiatio.

193 2794 481 2840 Respounno
508 2795 766 2848 dicendum,
794 2795 916 2854 quod
950 2796 1069 2840 circa
1099 2796 1191 2839 hoc
1225 2806 1330 2840 sunt
1362 2795 1566 2840 diversae
1600 2796 1864 2855 opiniones:
1893 2796 2064 2855 quidam

18 2865 50 2901 ss
106 2860 229 2906 enim
253 2861 535 2906 attendentes
562 2863 617 2906 ad
644 2876 829 2906 causam
855 2861 1101 2915 filiationis,
1125 2877 1239 2921 quae
1268 2873 1335 2907 est
1360 2863 1586 2917 nativitas,
1610 2873 1787 2921 ponunt
1807 2863 1853 2906 in
1878 2863 2065 2908 Christo

106 2926 217 2973 duas
241 2928 497 2982 filiationeS,
523 2930 639 2974 siout
670 2939 715 2973 et
745 2929 856 2973 duas
883 2930 1161 2974 nativitates:
1194 2930 1272 2973 alii
1293 2944 1402 2974 vero
1427 2930 1708 2974 attendentes
1734 2930 1789 2974 ad
1813 2930 2067 2987 subjectum

105 2993 349 3049 filiationis,
376 2996 497 3055 quod
529 3007 598 3040 est
630 3010 839 3054 persona,
876 2996 951 3040 vel
983 2997 1243 3056 hypostasis
1272 2996 1386 3051 Filii,
1415 3007 1592 3056 ponunt
1622 2998 1668 3041 in
1707 2997 1893 3041 Christo
1928 3010 2067 3039 unam

105 3070 282 3109 tantum
306 3062 588 3118 filiationem,
620 3064 737 3108 sicut
769 3074 814 3108 et
846 3079 984 3108 unam
1019 3065 1321 3124 hypostasim,
1355 3064 1430 3108 vel
1461 3079 1729 3125 personam3
1764 3065 1911 3108 unitas
1944 3063 2066 3107 enim

1 3138 50 3192 213
106 3130 352 3187 relationis,
368 3131 442 3176 vel
454 3133 549 3190 ejus
567 3131 800 3191 pluralitas
819 3147 913 3176 non
934 3133 1178 3177 attenditur
1197 3133 1451 3177 secundum
1464 3133 1699 3186 terminos,
1718 3133 1795 3176 sed
1816 3130 2068 3175 secundum

0 3186 58 3226 ‘³
107 3210 306 3255 causam,
331 3198 405 3243 vel
430 3200 706 3258 subjectum:
734 3200 772 3243 si
799 3200 921 3243 enim
949 3200 1205 3244 secundum
1238 3200 1459 3244 terminos
1486 3200 1806 3251 attenderetur,
1834 3207 2065 3256 oporteret

108 3265 230 3324 quod
256 3265 441 3325 quilibet
464 3266 610 3310 homo
637 3268 681 3310 in
708 3281 756 3310 se
789 3267 900 3311 duas
927 3266 1172 3311 filiationes
1206 3267 1408 3320 haberet,
1443 3281 1581 3310 unam
1614 3281 1702 3325 qua
1737 3265 1977 3309 referretur
2011 3264 2068 3308 ad

107 3342 298 3392 patrem,
324 3344 368 3378 et
394 3333 531 3378 aliam
558 3348 646 3392 qua
673 3333 914 3378 referretur
938 3334 992 3377 ad
1020 3345 1240 3379 matrem:
1268 3335 1345 3378 sed
1379 3345 1501 3377 recte
1535 3332 1841 3377 consideranti
1869 3340 2067 3390 apparet,

3 3393 61 3526 ἕ
109 3398 269 3443 eadem
294 3399 514 3444 relatione
537 3399 689 3444 referri
717 3415 1087 3460 unumquemque
1117 3402 1171 3444 ad
1200 3415 1333 3444 suum
1361 3410 1552 3459 patrem,
1580 3409 1623 3442 et
1652 3410 1861 3451 matrem,
1885 3407 2069 3457 propter

4 3493 59 3537 μζ

109 3464 328 3510 unitatem
355 3480 534 3522 causae,
562 3467 722 3511 eadem
750 3468 873 3511 enim
899 3468 1132 3512 nativitate
1161 3468 1306 3511 homo
1335 3468 1533 3510 nascitur
1561 3480 1614 3509 ex
1648 3476 1788 3523 patre,
1823 3476 1867 3509 et
1900 3475 2065 3519 matre;

5 3522 58 3609 ἓξ
110 3530 230 3577 unde
253 3532 415 3576 eadem
442 3532 660 3577 relatione
688 3532 742 3576 ad
770 3543 1012 3592 utrumque
1040 3534 1228 3578 refertur
1237 3550 1250 3588 ;
1277 3543 1321 3578 et
1347 3533 1508 3577 eadem
1536 3533 1651 3575 ratio
1678 3532 2065 3591 estffdemagisttto

8 3611 57 3667 ξ
110 3597 536 3657 quidecamkoe
558 3599 809 3658 disciputus
835 3601 998 3646 ead‘em
1021 3602 1246 3655 doctrina,
1273 3611 1318 3645 et
1349 3600 1404 3644 de
1431 3599 1637 3653 domino,
1664 3599 1741 3658 qui
1762 3599 1985 3658 gubernat
2005 3599 2065 3644 di·

46 3702 60 3718 w!
