2352 3926
588 201 865 248 QUAEs'rlo
907 201 984 240 111.
1025 200 1334 242 ARTICULUS
1372 199 1466 240 v11.
1934 198 2002 253 57

0 295 13 358 ξὲΙ
41 313 175 349 Χειη-ειε
200 312 321 348 esset
341 303 403 347 ita
429 301 760 362 comprehensa
787 315 867 362 per
888 315 1029 346 unam
1054 311 1264 346 naturam
1279 301 1545 357 humanam,
1568 299 1691 359 quod
1718 297 1774 344 ad
1801 298 1897 358 ejus
1913 313 2010 358 per-

0 347 24 410 ἱ
43 369 339 427 {unalitatem
362 368 450 412 alia
477 368 648 413 assumi
672 382 767 413 non
788 369 945 428 possit,
963 369 1085 428 quod
1104 379 1171 413 est
1186 368 1487 428 impossibile3
1504 382 1598 412 non
1616 366 1739 411 enim
1754 366 2009 410 increatum

0 419 15 483 ἶ
45 443 76 483 ἐι
96 432 255 481 creato
282 435 610 495 comprehendi
635 445 808 495 potest;
834 445 957 495 patet
983 449 1109 494 ergo,
1133 436 1254 494 quod
1282 436 1376 479 sive
1400 435 1741 479 consideremus
1765 447 2009 493 personam

0 500 250 558 {divinam
285 503 537 548 secundum
573 502 802 558 virtutem,
838 517 954 563 quae
996 513 1063 547 est
1089 503 1361 562 principium
1403 504 1598 556 unionis,
1626 502 1721 546 sive
1754 499 2009 546 secundum

0 564 18 624 {f
39 584 178 617 ⁴suam
195 569 582 629 personalitatem,
605 584 721 629 quae
745 580 812 614 est
831 571 1051 614 terminus
1070 569 1265 623 unioniS,
1293 580 1473 628 oportet
1490 570 1654 620 dicere,
1671 568 1795 628 quod
1815 581 2012 628 persona

0 637 202 696 {divina
235 646 414 695 praeter
449 647 659 680 naturam
696 637 966 691 humanam,
1002 650 1140 696 quam
1174 638 1431 694 assumpsit,
1467 637 1610 695 possit
1645 636 1783 680 aliam
1816 648 2010 679 numero

0 704 20 738 ἶ*
46 714 258 750 naturam
282 704 535 748 humanam
559 717 805 749 assumere.

0 811 6 826 ι
135 771 212 816 AD
237 784 426 816 PRIMUM
458 785 568 831 ergo
595 771 854 824 dicendum,
881 771 1004 830 quod
1029 780 1190 815 natura
1219 780 1370 815 creata
1396 770 1626 829 perficitur
1655 771 1702 814 in
1728 785 1810 815 sua
1834 770 2011 815 ratione

47 853 128 900 per
152 837 366 891 formam,
393 853 509 897 quae
543 837 870 898 multiplicatur
902 839 1154 883 secundum
1188 837 1461 882 divisionem
1497 838 1742 892 materiae3
1769 848 1813 882 et
1837 838 1942 882 ideo
1975 837 2013 881 si

0 919 6 935 '-
49 905 326 966 compositio
359 906 593 960 materiae,
622 916 666 950 et
691 905 867 950 formae
896 907 1142 950 constituat
1180 919 1354 949 novum
1391 906 1692 964 suppositum,
1728 918 2012 963 consequens

0 1002 1 1005 =
50 982 133 1028 est,
154 972 277 1032 quod
298 982 459 1017 natura
486 972 810 1032 multiplicetur
835 973 1087 1017 secundum
1104 972 1533 1032 multiplicationem
1555 973 1915 1032 suppositorum:
1933 971 2012 1016 sed

0 1048 7 1065 ⁷
37 1041 101 1088 rh
124 1041 344 1102 mysterio
366 1041 693 1085 incarnationis
720 1041 829 1085 unio
850 1040 1042 1095 formae,
1067 1051 1111 1085 et
1132 1041 1364 1095 materiae,
1382 1040 1500 1085 idest
1521 1041 1716 1094 animae,
1735 1049 1779 1084 et
1795 1039 2014 1099 corporis,

2 1142 5 1143 γ
40 1121 148 1155 :non
170 1108 404 1154 constituit
428 1122 604 1152 novum
631 1109 932 1167 suppositum,
960 1118 1006 1153 ut
1029 1122 1164 1167 supra
1186 1108 1359 1152 dictum
1387 1117 1454 1152 est
1481 1107 1580 1164 (art.
1606 1107 1799 1168 praec.)‚·
1834 1117 1879 1151 et
1908 1105 2014 1150 ideo

0 1203 6 1234 ·.
50 1185 206 1239 posset
229 1189 328 1221 esse
353 1175 603 1220 multitudo
625 1177 879 1220 secundum
903 1190 1149 1220 numerum
1175 1190 1229 1219 ex
1253 1186 1379 1236 parte
1405 1185 1592 1220 naturae
1623 1185 1809 1235 propter
1833 1173 2014 1219 divisio-

0 1247 7 1293 ,j
51 1257 162 1294 nem
186 1243 420 1298 materiae,
446 1244 616 1303 absque
639 1244 930 1288 distinctione
951 1244 1307 1303 suppositorum.

0 1306 12 1367 ξ
65 1322 68 1342 ³
131 1304 220 1359 AD
252 1325 514 1358 SECUNDUM
544 1312 804 1367 dicendum,
831 1313 954 1372 quod
979 1322 1135 1372 posset
1165 1312 1310 1356 videri
1341 1311 1601 1366 dicendum,
1627 1311 1750 1371 quod
1786 1309 2018 1370 praedicta

0 1372 6 1428 s''
53 1380 282 1442 positione
312 1379 448 1435 facta,
483 1390 745 1439 sequeretur
771 1380 894 1439 quod
921 1390 1072 1424 essent
1103 1380 1194 1424 duo
1221 1380 1434 1424 homines
1466 1390 1651 1439 propter
1682 1379 1794 1423 duas
1818 1388 2018 1432 naturaS,

56 1448 226 1508 absque
266 1447 358 1492 hoc
385 1446 508 1506 quod
545 1457 695 1491 essent
729 1447 791 1491 ibi
819 1448 910 1492 duo
937 1448 1196 1507 supposita3
1223 1448 1340 1492 sicut
1366 1462 1390 1492 e
1425 1461 1648 1492 converso
1674 1457 1764 1492 tres
1796 1459 2018 1506 personae

39 1515 312 1565 ,dicerentur
336 1528 454 1559 unus
469 1515 630 1568 homo,
653 1525 836 1573 propter
851 1529 991 1558 unam
1008 1525 1218 1559 naturam
1235 1515 1487 1559 humanam
1506 1525 1801 1573 assumptam,
1819 1524 1869 1558 ut
1885 1528 2019 1573 supra

58 1582 231 1627 dictum
258 1592 325 1626 est
349 1582 452 1639 (art.
474 1589 619 1641 praec.
646 1581 699 1625 ad
723 1582 810 1639 1.).·
835 1582 913 1626 sed
941 1582 1031 1626 hoc
1063 1596 1159 1626 non
1190 1582 1368 1626 videtur
1399 1597 1498 1627 esse
1531 1596 1713 1627 verum:
1738 1582 1844 1641 quia
1869 1581 2019 1625 nomi-

59 1649 192 1694 nibus
218 1659 286 1693 est
316 1649 549 1703 utendum,
583 1644 835 1692 secundum
861 1650 981 1708 quod
1010 1659 1116 1693 sunt
1152 1649 1207 1692 ad
1241 1649 1593 1708 significandum
1627 1650 1868 1708 imposita:
1895 1647 2018 1708 quod

1 1734 3 1736 ·
57 1715 242 1776 quidem
268 1725 336 1760 est
361 1729 415 1759 ex
442 1716 807 1760 consideratione
834 1730 1008 1770 eorum,
1036 1730 1151 1775 quae
1187 1717 1304 1775 apud
1342 1731 1427 1760 nos
1453 1727 1580 1771 sunt;
1614 1727 1658 1761 et
1701 1718 1804 1760 ideo
1838 1726 2020 1775 oportet

56 1783 176 1827 circa
199 1783 390 1827 modum
417 1782 718 1841 significandi,
746 1793 791 1827 et
823 1783 1201 1841 consignificandi
1233 1784 1520 1828 considerare
1553 1798 1620 1838 ea,
1648 1798 1764 1843 quae
1789 1784 1906 1842 apud
1932 1796 2019 1826 nos

44 1859 186 1904 =sunt3
210 1851 256 1894 in
282 1850 443 1909 quibus
476 1864 710 1907 nunquam
737 1865 910 1894 nornen
943 1851 996 1894 ab
1032 1850 1183 1909 aliqua
1215 1850 1365 1894 forma
1396 1851 1664 1910 impositum
1698 1851 1929 1910 pluraliter
1961 1850 2021 1894 di-

56 1916 187 1971 citur,
212 1917 301 1961 nisi
330 1925 514 1976 propter
545 1916 853 1975 pluralitatem
887 1917 1252 1976 suppositorum:
1285 1918 1430 1962 homo
1464 1919 1601 1973 enim,
1635 1919 1712 1977 qui
1744 1928 1812 1963 est
1843 1918 2019 1962 duobus

54 1983 336 2029 vestimentis
362 1983 559 2037 indutus,
586 1998 681 2027 non
707 1984 871 2028 dicitur
896 1985 987 2028 duo
1013 1984 1177 2037 vestiti,
1210 1986 1290 2028 sed
1316 1999 1431 2028 unus
1463 1986 1650 2029 vestitus
1683 1986 1859 2030 duobus
1890 1985 2022 2029 vesti-

0 2042 14 2061 '⁵'
57 2051 243 2097 mentis:
271 2060 316 2095 et
339 2051 418 2111 qui
442 2050 580 2095 habet
606 2050 716 2095 duas
739 2051 994 2110 qualitates,
1027 2052 1190 2096 dicitur
1211 2051 1502 2110 singulariter
1534 2052 1742 2112 aliqualis
1768 2053 2021 2098 secundum

41 2118 176 2165 ,duas
202 2117 464 2178 qualitates:
501 2127 663 2163 natura
695 2129 849 2163 autem
886 2129 1118 2178 assumpta
1150 2129 1372 2178 quantum
1405 2120 1461 2164 ad
1494 2120 1663 2179 aliquid
1696 2135 1744 2165 se
1774 2120 1913 2165 habet
1942 2134 2023 2179 per

0 2146 250 2258 {smum
288 2185 558 2240 indumenti,
603 2185 711 2230 licet
749 2201 844 2231 non
887 2189 943 2231 sit
973 2185 1225 2231 similitudo
1259 2197 1481 2246 quantum
1514 2188 1570 2232 ad
1604 2188 1776 2243 omnia,
1809 2197 1859 2232 ut
1888 2201 2022 2246 supra

0 2250 231 2305 ²ss,.sffiemm
257 2263 327 2298 est
351 2253 410 2313 (q.
432 2267 472 2298 2.
499 2259 581 2298 art.
605 2253 647 2299 6.
674 2253 729 2298 ad
753 2254 844 2311 1.);
872 2264 918 2298 et
940 2254 1047 2299 ideo
1075 2253 1113 2299 si
1138 2268 1335 2313 persona
1361 2255 1514 2299 divina
1539 2265 1791 2300 assumeret
1816 2256 1927 2300 duas
1949 2269 2025 2298 na-

0 2273 25 2378 {a
56 2330 180 2368 tutas
204 2321 447 2376 humanas,
463 2331 647 2381 propter
668 2324 889 2366 unitatem
915 2322 1151 2382 suppositi,
1169 2322 1394 2367 diceretur
1416 2337 1531 2367 unus
1552 2323 1698 2368 homo
1721 2323 1894 2367 habens
1911 2322 2023 2366 duas

0 2386 20 2451 ξ
56 2399 242 2436 naturas
267 2389 524 2444 humanas;
552 2389 776 2449 contingit
803 2400 973 2444 autem,
1000 2389 1122 2450 quod
1150 2389 1300 2449 plures
1332 2390 1546 2436 homines
1573 2391 1781 2435 dicuntur
1806 2404 1923 2434 unus
1948 2404 2026 2449 po-

0 2456 20 2571 }
45 2457 193 2519 apulus
218 2466 402 2517 propter
427 2457 535 2511 hoc,
561 2457 685 2516 quod
709 2458 988 2502 conveniunt
1013 2458 1060 2501 in
1089 2456 1241 2516 aliquo
1275 2471 1383 2512 uno,
1409 2472 1504 2502 non
1537 2468 1690 2502 autem
1716 2468 1900 2517 propter
1931 2457 2026 2501 uni—

9 2522 25 2583 s}
58 2530 201 2570 tatem
226 2524 473 2584 suppositi;
500 2534 545 2568 et
570 2524 778 2569 similiter
803 2525 843 2569 si
868 2525 984 2569 duae
1010 2539 1234 2584 personae
1267 2525 1446 2570 divinae
1479 2535 1761 2571 assumerent
1786 2540 1926 2570 unam
1947 2539 2026 2569 nu-

60 2592 191 2637 inero
216 2591 470 2636 humanam
499 2601 725 2646 naturam,
752 2592 1010 2637 dicerentur
1049 2607 1165 2636 unus
1196 2592 1356 2648 homo,
1382 2603 1432 2637 ut
1457 2607 1591 2652 supra
1626 2593 1798 2638 dictum
1825 2603 1893 2638 est
1921 2592 2024 2650 (art.

3 2651 199 2722 ,;Τ,ῑ,1ιναεσ.
221 2659 276 2704 ad
290 2660 364 2718 L),
382 2673 478 2703 non
502 2659 675 2704 unitate
701 2660 936 2719 suppositi,
958 2660 1037 2704 sed
1063 2660 1334 2719 inquantum
1367 2662 1644 2705 conveniunt
1664 2662 1709 2705 in
1737 2660 1890 2720 aliquo
1916 2674 2023 2704 uno.

86 2743 90 2745 ·
150 2726 228 2771 AD
247 2738 461 2771 TERTIUM
478 2726 739 2781 dicendum,
766 2727 888 2786 quod
916 2727 1082 2782 divina,
1109 2737 1153 2771 et
1172 2727 1375 2771 humana
1392 2738 1551 2772 natura
1572 2742 1667 2772 non
1685 2728 1851 2773 eodem
1867 2727 2025 2772 ordine

7 2798 22 2834 ὲ
61 2806 111 2839 se
134 2793 305 2838 habent
330 2793 383 2837 ad
411 2808 549 2838 unam
577 2808 821 2853 personam
848 2794 1069 2850 divinam3
1103 2795 1182 2838 sed
1213 2809 1294 2853 per
1318 2795 1440 2854 prius
1474 2806 1767 2855 comparatur
1792 2795 1847 2839 ad
1877 2796 2025 2854 ipsam

63 2860 216 2905 divina
236 2871 412 2915 natura,
439 2871 596 2920 utpote
622 2876 738 2920 quae
766 2871 833 2905 est
858 2876 1000 2906 unum
1028 2876 1134 2905 cum
1152 2876 1206 2906 ea
1233 2862 1286 2905 ab
1307 2871 1516 2907 aeterno:
1544 2863 1622 2907 sed
1649 2873 1807 2907 natura
1823 2863 2026 2906 humana

64 2937 355 2987 comparatur
377 2927 432 2971 ad
460 2942 704 2986 personam
732 2928 931 2972 divinam
951 2943 1029 2987 per
1047 2929 1286 2988 posterius,
1305 2939 1461 2988 utpote
1489 2940 1721 2989 assumpta
1739 2944 1793 2974 ex
1819 2940 2025 2987 tempore

27 3018 49 3051 §a
66 2995 269 3040 &divina
294 3010 504 3055 persona,
530 3010 625 3040 non
653 2996 837 3055 quidem
861 2997 916 3040 ad
940 2997 1030 3040 hoc
1059 2997 1181 3055 quod
1198 3006 1360 3040 natura
1378 2997 1434 3041 sit
1459 2997 1557 3055 ipsa
1584 3011 1793 3056 persona,
1810 2997 1886 3041 sed
1905 2994 2027 3054 quod

2 3063 52 3126 >Q
64 3076 259 3123 persona
282 3063 372 3107 Dei
393 3063 440 3107 in
461 3063 664 3107 humana
689 3074 849 3107 natura
874 3063 1107 3108 subsistat:
1135 3063 1273 3107 Filius
1300 3064 1421 3107 enirn
1449 3064 1537 3108 Dei
1571 3074 1638 3108 est
1662 3078 1744 3108 sua
1765 3064 1923 3116 deitas,
1949 3060 2028 3106 sed

21 3142 160 3175 :non
183 3140 251 3175 est
290 3144 373 3174 sua
406 3130 691 3186 humanitas;
718 3141 765 3175 et
794 3131 898 3175 ideo
927 3131 981 3174 ad
1009 3131 1098 3174 hoc
1137 3131 1260 3190 quod
1285 3140 1447 3175 natura
1482 3131 1685 3175 humana
1717 3140 1970 3175 assumatur
2003 3142 2028 3171 a

16 3194 219 3244 &divina
244 3210 453 3255 persona,
479 3197 719 3257 requiritur
751 3198 874 3256 quod
907 3198 1059 3242 divina
1085 3209 1246 3242 natura
1279 3199 1448 3242 unione
1474 3198 1703 3257 personali
1735 3198 1915 3241 uniatur
1945 3195 2029 3240 toti

19 3273 256 3313 pnaturae
278 3274 551 3323 assumptae,
579 3265 695 3309 idest
725 3265 981 3309 secundum
1013 3279 1174 3309 omnes
1201 3276 1350 3324 partes
1377 3267 1499 3324 ejus:
1527 3267 1605 3310 sed
1638 3266 1828 3308 duarum
1855 3273 2032 3307 natura-

16 3354 42 3392 s
66 3344 170 3375 rum
196 3340 531 3390 assumptarum
558 3342 676 3376 esset
697 3331 936 3376 uniformis
969 3332 1188 3376 habitudo
1218 3333 1273 3376 ad
1299 3347 1542 3391 personam
1576 3332 1790 3384 divinam,
1822 3345 1907 3375 nec
1940 3344 2030 3374 una

69 3407 321 3442 assumeret
346 3397 505 3452 aliam3
531 3398 650 3442 unde
675 3413 770 3442 non
803 3409 1049 3457 oporteret,
1076 3399 1199 3458 quod
1231 3414 1322 3443 una
1354 3414 1513 3444 earum
1543 3398 1742 3443 totaliter
1774 3396 1902 3441 alteri
1932 3398 2031 3442 uni·

13 3460 38 3524 ζ-
69 3473 207 3519 retur,
229 3464 347 3509 idest
371 3477 533 3509 omnes
558 3475 706 3524 partes
729 3466 1096 3517 uniusomnibus
1123 3467 1324 3524 partibus
1352 3466 1550 3510 alterius.
