2352 3926
667 237 946 286 QuAns‘mo
988 239 1098 279 xm.
1140 231 1561 289 Anr1cu1juswv.
1676 204 1678 206 ⁵
1993 239 2094 294 353

131 345 268 404 prius,
294 352 340 387 et
364 341 474 386 illud
500 351 683 401 postea:
711 341 826 385 nihil
851 352 1005 386 tamen
1024 341 1079 385 ad
1097 355 1209 395 rem,
1227 328 1516 385 dum‘omnia
1542 340 1662 385 facta
1684 354 1782 386 esse
1804 339 2097 385 manifestum

23 409 64 467 ζ·
132 410 190 456 sit
213 427 257 454 n.
283 409 506 454 Videntur
532 419 684 452 autem
711 408 1029 467 Evangelistae
1063 408 1293 452 diversum
1326 409 1533 458 ordinem
1567 409 1791 454 tenuisse:
1825 408 1931 467 quia
1963 422 2101 467 quan-

131 476 283 536 doque
309 490 362 520 ex
388 475 513 519 inani
539 475 685 534 gioria
711 475 888 519 venitur
915 475 969 518 ad
998 475 1305 532 cupiditatem,
1329 475 1602 533 quandoque
1630 489 1653 518 e
1682 488 1919 519 converso.

220 544 297 588 AD
324 555 515 588 SEXTUM
543 542 803 595 dicendum,
826 541 947 600 quod
973 541 1196 594 Christus,
1217 555 1321 583 cum
1341 555 1498 598 passus
1525 541 1683 585 fuisset
1708 541 1971 586 tentationis
1989 542 2102 600 inju-

130 611 261 665 riam,
287 610 466 654 dicente
493 610 574 653 sibi
600 608 806 652 diabolo:
833 609 878 653 Si
900 609 1035 652 Filius
1058 609 1142 652 Dei
1168 623 1219 661 es,
1244 610 1360 652 mitte
1383 615 1418 652 te
1445 608 1649 662 deorsum,
1673 623 1766 652 non
1791 618 1858 652 est
1882 609 2101 664 turbatus,

130 690 215 722 nec
242 675 476 721 diabolum
504 676 772 735 increpavit;
801 675 982 734 quando
1009 689 1119 718 vero
1142 674 1351 718 diabolus
1376 674 1464 718 Dei
1486 675 1570 718 sibi
1597 676 1829 734 usurpavit
1855 676 2098 737 honorem,

131 744 312 788 dicens:
339 744 457 788 Haec
484 744 625 787 omnia
651 744 727 786 tibi
752 742 871 795 dabo,
905 744 940 786 si
972 742 1118 786 cadens
1144 741 1394 786 adoraveris
1419 757 1496 795 me,
1525 753 1812 800 exasperatus
1847 754 1927 797 est,
1961 754 2006 788 et
2037 757 2102 788 re-

131 810 246 871 pulit
271 824 376 854 eum
404 811 583 854 dicens:
619 809 743 862 Vade,
762 809 939 853 Satana:
963 819 1011 852 ut
1036 823 1121 852 nos
1147 808 1268 852 illius
1292 809 1521 852 discamus
1549 808 1775 868 exemplo,
1799 820 1978 854 nostras
2004 811 2102 870 qui-

131 878 237 922 dem
263 878 448 935 injurias
471 876 801 935 aequanimiter
822 876 1058 930 sustinere,
1076 876 1164 919 Dei
1181 886 1334 919 autem
1352 875 1537 933 injurias
1555 889 1640 919 nec
1660 890 1802 935 usque
1821 877 1876 920 ad
1897 878 2099 922 auditum
2120 880 2122 883 ’

20 947 22 949 ’
102 947 110 952 ’
133 943 335 990 sufferre.

131 2547 296 2594 ritibus.

113 2738 115 2741 v
133 2681 286 2728 vitare.

221 1011 297 1055 An
315 1022 557 1055 εΕΡΤΙΜυΜ
575 1009 834 1063 dicendum,
850 1009 987 1068 quod,
1006 1011 1122 1053 sicut
1149 1009 1389 1068 Chrysost.
1417 1009 1527 1053 dicit
1554 1009 1684 1064 (hom.
1712 1023 1749 1068 5.
1776 1011 1821 1053 in
1848 1018 1913 1070 op.
1931 1012 2099 1071 imperf.

131 1079 208 1123 cir.
233 1077 374 1134 med),
401 1093 426 1118 «
453 1076 659 1121 diabolus
686 1077 749 1120 sic
778 1076 1014 1120 Christum
1048 1077 1306 1120 assumebat
1342 1076 1388 1119 in
1430 1076 1723 1135 pinnaculum
1768 1077 1941 1136 templi,
1968 1088 2018 1122 ut
2045 1080 2100 1122 ab

132 1143 344 1194 omnibus
370 1143 618 1197 videretur3
640 1144 736 1202 ipse
761 1154 928 1198 autem,
955 1146 1184 1188 nesciente
1227 1143 1426 1197 diabolo,
1464 1143 1527 1187 sic
1567 1144 1742 1201 agebat,
1779 1153 1828 1187 ut
1860 1158 1884 1187 a
1917 1147 2100 1189 nemine

130 1211 358 1256 videretur
383 1226 434 1264 »3
457 1211 579 1270 quod
606 1221 758 1254 autem
786 1211 915 1254 dicit:
944 1212 999 1255 Et
1024 1210 1194 1255 ostendit
1234 1212 1271 1254 ei
1303 1211 1446 1254 omnia
1487 1224 1616 1268 regna
1648 1210 1810 1265 mundi,
1853 1217 1891 1255 et
1919 1213 2100 1270 gloriam

130 1293 292 1333 eorum,
317 1292 412 1321 non
439 1288 507 1322 est
532 1277 895 1336 intelligendum,
922 1279 1044 1337 quod
1071 1278 1244 1321 videret
1274 1278 1369 1336 ipsa
1403 1291 1558 1336 regna,
1586 1276 1659 1320 vel
1686 1278 1890 1322 civitates
1922 1293 2100 1333 eorum,

131 1345 206 1390 vel
236 1344 448 1404 populos,
474 1344 547 1388 vel
579 1359 756 1398 aurum,
782 1344 856 1388 vel
890 1356 1151 1403 argentum:
1181 1345 1259 1388 sed
1292 1355 1442 1402 partes
1475 1354 1634 1397 terrae,
1668 1345 1714 1387 in
1748 1345 1911 1404 quibus
1936 1360 2100 1390 unum-

132 1413 345 1472 quodque
370 1426 580 1470 regnum,
601 1412 675 1456 vel
702 1412 859 1455 civitas
888 1412 1033 1470 posita
1053 1423 1133 1466 est,
1153 1412 1360 1455 diabolus
1380 1411 1566 1456 Christo
1585 1411 1726 1470 digito
1746 1412 2101 1466 demonstrabat,

133 1489 178 1524 et
203 1479 555 1538 uniuscujusque
587 1480 714 1538 regni
741 1479 958 1533 honores,
986 1489 1030 1522 et
1062 1489 1229 1523 statum
1260 1479 1409 1522 verbis
1443 1479 1718 1538 exponebat:
1745 1479 1820 1523 vel
1845 1482 2099 1525 secundum

134 1545 325 1605 Origen.
352 1546 484 1603 (hom.
512 1561 577 1605 30.
614 1548 659 1589 in
691 1547 795 1590 Luc.
823 1553 918 1591 ante
943 1546 1072 1604 med.)
1099 1546 1298 1590 ostendit
1324 1546 1379 1600 ei,
1412 1547 1650 1606 quomodo
1682 1546 1780 1606 ipse
1811 1562 1892 1607 per
1923 1547 2101 1592 diversa

133 1612 243 1656 vitia
269 1611 488 1672 regnabat
511 1613 557 1656 in
585 1613 770 1658 mundo.

767 1950 1214 2028 QUAESTIO
1265 1951 1457 2012 XLII.

244 2104 324 2146 DE
356 2105 663 2146 DOCTRINA
696 2106 950 2158 CHRISTI,
986 2107 1052 2147 IN
1085 2107 1373 2158 QUATUOR
1405 2108 1736 2150 ARTICULOS
1769 2110 1989 2151 DIVISA.

219 2279 396 2324 Deinde
422 2279 803 2324 considerandum
831 2290 899 2324 est
924 2280 980 2325 de
1007 2281 1213 2325 doctrina
1241 2281 1426 2326 Christi.

707 2394 766 2438 Et
791 2394 908 2438 circa
932 2394 1007 2439 hoc
1032 2401 1294 2453 quaeruntur
1318 2401 1512 2453 quatuor.
1580 2451 1582 2453 ‚

218 2480 390 2526 Primo.
414 2482 580 2526 Utrum
600 2481 811 2527 Christus
838 2483 1043 2528 debuerit
1068 2485 1331 2544 praedicare
1354 2485 1505 2529 solum
1518 2485 1716 2544 Judaeis,
1740 2501 1796 2530 an
1820 2487 1958 2531 etiam
1982 2486 2101 2531 Gen-

221 2615 450 2661 Secundo.
478 2615 644 2660 Utrum
670 2616 717 2660 in
750 2631 831 2661 sua
862 2618 1202 2677 praedicatione
1244 2619 1449 2664 debuerit
1487 2620 1797 2666 turbationem
1817 2622 2098 2681 Judaeorum

217 2747 262 2793 T
265 2750 394 2795 ertio.
427 2749 594 2794 Utrum
620 2750 824 2795 debuerit
848 2751 1112 2811 praedicare
1139 2753 1331 2811 publice,
1358 2753 1433 2798 vel
1465 2754 1661 2800 occulte.

76 2850 93 2856 ,
127 2867 130 2869 Α
167 2830 190 2853 .1
219 2815 415 2868 Quarto.
444 2816 611 2861 Utrum
637 2817 841 2862 debuerit
866 2819 1032 2863 docere
1059 2820 1210 2864 solum
1233 2821 1388 2875 verbo,
1410 2821 1484 2865 vel
1511 2822 1647 2866 etiam
1675 2823 1858 2883 scripto.

166 2899 172 2914 τ
198 2882 291 2927 ἴ138
316 2893 524 2942 tempore
551 2894 719 2938 autem,
751 2899 843 2944 quo
877 2886 1043 2930 docere
1074 2886 1257 2946 incepit,
1291 2902 1425 2947 supra
1458 2889 1629 2933 dictum
1663 2899 1732 2934 est
1755 2892 1813 2949 (q.
1837 2905 1903 2949 39.
1927 2896 2009 2934 art.
2038 2892 2094 2950 3.)

41 2939 59 2960 ‘⁷
134 2962 240 2993 cmn
265 2949 322 2995 de
346 2950 573 3009 baptismo
601 2953 697 3009 ejus
724 2963 948 3010 ageretur.

868 3099 1302 3157 ARTICULUS
1338 3103 1380 3157 1.
2011 3131 2098 3177 230

700 3218 894 3258 UTRUM
935 3220 1283 3260 CONVENIENS
1324 3223 1522 3262 FUERIT

321 3286 602 3328 CRRISTUM
634 3291 878 3345 JUDAEIS,
920 3295 992 3333 ET
1030 3296 1149 3335 NON
1190 3297 1515 3336 GENTILIBUS
1557 3298 1915 3337 PRAEDICARE.

666 3377 718 3436 (3.
750 3380 858 3425 Dist.
885 3395 917 3438 3.
943 3383 989 3425 in
1013 3385 1181 3443 exposit.
1205 3384 1264 3428 lit.
1293 3386 1408 3429 circa
1430 3385 1571 3441 med.).

225 3476 300 3521 AD
324 3479 603 3533 PR1MUMsic
630 3481 900 3539 proceditur.
918 3482 1124 3541 Videtur,
1143 3487 1265 3546 quod
1291 3488 1498 3532 Christus
1520 3502 1612 3531 non
1637 3488 1787 3532 solum
1800 3489 1998 3546 Judaeis,
2016 3491 2097 3535 sed

136 3542 275 3588 etiam
298 3542 559 3589 ¹Gentilibus
585 3545 790 3591 debuerit
815 3550 1291 3606 praedicarez'dicitur
1316 3555 1437 3598 enim
1461 3554 1546 3598 Isa.
1573 3567 1670 3614 49.:
1699 3557 1859 3600 Parum
1885 3563 1940 3602 est
1970 3562 2016 3602 ut
2045 3559 2098 3602 sis

135 3609 240 3654 mihi
269 3624 409 3655 servus
434 3611 487 3654 ad
516 3613 781 3658 suscitandas.
800 3617 933 3662 tribus
963 3616 1113 3674 Istam,
1141 3626 1178 3664 et
1200 3621 1338 3680 faeces
1363 3622 1494 3677 Jacob
1527 3621 1845 3668 convertendas:
1873 3623 1964 3668 dedi
1990 3630 2025 3670 te
2051 3626 2098 3669 in

252 3729 258 3732 ·
318 3712 355 3747 S.
380 3712 534 3748 'rmum
563 3714 693 3748 Summa
726 3716 927 3763 Theologica.
952 3686 1125 3762 voit—iffi
1657 3718 1664 3724 ’
1876 3737 1915 3772 23
