2352 3926
598 191 877 238 Quasss'rro
918 192 1070 231 xvm.
1110 191 1418 232 ARTICULUS
1456 191 1510 230 v.
1927 173 2024 244 185

129 307 246 354 per
260 294 453 339 modum
477 293 682 349 rationis,
699 307 882 352 semper
905 293 1028 338 idem
1044 293 1241 348 volebat,
1267 293 1390 353 quod
1415 293 1557 347 Deus,
1573 290 1695 352 quod
1721 300 1844 352 patet
1860 304 1914 336 ex
1938 291 2030 335 hoc

105 373 199 415 o,
209 360 332 420 quod
358 360 467 405 dicit
482 361 646 418 (Marci
665 361 772 418 14)
798 361 896 405 Non
920 362 1028 406 sicut
1052 375 1122 419 ego
1146 361 1261 415 volo,
1292 361 1360 405 sed
1382 362 1490 406 sicut
1511 365 1582 418 ηις
1608 358 1793 404 volebat
1818 359 1942 404 enim
1967 372 2033 403 se-

176 442 274 473 ·um
295 427 537 481 rationem,
561 426 848 472 voluntatem
873 427 1076 471 divinam
1099 426 1293 485 impleri,
1321 427 1528 486 quamvis
1552 427 1672 471 aliud
1698 426 1820 471 dicat
1839 440 1888 471 se
1914 425 2032 470 velle

85 493 327 540 cundum
358 494 606 553 quamdam
633 493 769 538 aliam
798 494 894 552 ejus
930 493 1229 537 voluntatem.

162 561 244 607 AD
278 573 467 606 PRIMUM
498 575 608 620 ergo
640 561 900 614 dicendum,
930 561 1053 619 quod
1096 560 1306 604 Christus
1346 576 1426 619 per
1450 561 1734 606 voluntatem
1760 559 2034 606 rationalem

115 628 220 673 uit
235 638 284 673 ut
299 628 451 674 divina
470 629 683 674 voluntas
705 627 994 687 impleretur3
1017 642 1110 672 non
1133 638 1285 672 autem
1308 643 1387 687 per
1407 628 1690 673 voluntatem
1716 627 2034 682 sensualitatis,

51 668 206 755 ωῇιιε
237 706 391 741 motus
415 710 510 741 non
536 710 584 741 se
610 695 809 740 extendit
835 709 976 754 usque
1003 695 1060 739 ad
1080 694 1365 739 voluntatem
1396 695 1515 749 Dei3
1547 710 1695 755 neque
1726 710 1806 755 per
1830 694 2037 740 volunta-

62 772 195 816 em,
211 777 326 822 quae
362 762 673 808 consideratur
708 776 788 821 per
829 761 1022 806 modum
1047 770 1250 816 naturae,
1275 775 1392 821 quae
1424 761 1564 806 fertur
1596 765 1641 807 in
1674 763 1826 822 aliqua
1851 763 2032 822 objecta

51 819 283 922 'absolute
304 829 602 883 considerata,
629 838 675 872 et
703 842 798 872 non
823 828 870 872 in
897 828 1056 873 ordine
1084 828 1140 871 ad
1166 828 1366 872 divinam
1392 828 1690 874 voluntatem.

166 897 243 942 AD
269 909 529 942 SECUNDUM
554 895 811 950 dicendum,
843 896 964 954 quod
1002 894 1298 941 conformitas
1331 894 1577 939 voluntatis
1609 896 1839 942 humanae
1873 896 1928 940 ad
1954 910 2035 941 vo-

54 961 301 1012 hmtatem
323 963 525 1009 divinam
551 963 792 1007 attenditur
818 963 1069 1007 secundum
1092 961 1377 1006 voluntatem
1396 963 1598 1017 rationis,
1626 964 1876 1007 secundum
1896 978 2035 1023 quam

51 1030 218 1082 mam
241 1030 498 1076 voluntates
531 1031 787 1075 amicorum
813 1030 1110 1084 concordant,
1137 1029 1407 1107 inquantum
1439 1029 1612 1075 scilicet
1638 1031 1753 1075 ratio
1781 1032 2036 1076 considerat

45 1092 263 1159 aliquod
285 1097 480 1143 volitum
511 1098 558 1142 in
585 1098 741 1142 ordine
765 1097 819 1141 ad
846 1096 1130 1141 voluntatem
1155 1097 1305 1142 amici.

59 1182 121 1213 c
167 1165 244 1210 AD
270 1177 486 1211 TERTmM
502 1164 761 1219 dicendum,
789 1165 910 1224 quod
922 1164 1131 1209 Christus
1156 1163 1240 1208 fuit
1261 1163 1399 1208 simul
1420 1165 1792 1224 comprehensor,
1805 1175 1848 1209 et
1864 1166 2037 1220 viator3

50 1229 347 1293 :Eshquantum
363 1231 536 1277 scilicet
550 1246 630 1291 per
647 1241 850 1276 mentem
870 1232 1101 1276 fruebatur
1116 1232 1234 1286 Deo,
1255 1242 1299 1276 et
1319 1232 1516 1276 habebat
1541 1246 1726 1276 carnem
1748 1232 2035 1291 passibilem:

51 1308 132 1365 ζει.
146 1298 252 1345 ideo
279 1313 334 1344 ex
358 1310 483 1359 parte
505 1299 652 1344 carnis
684 1299 908 1377 passibilis
939 1310 1117 1359 poterat
1141 1300 1188 1344 in
1220 1314 1276 1344 eo
1311 1299 1480 1360 aliquid
1508 1301 1730 1356 accidere,
1757 1301 1880 1361 quod
1911 1316 2040 1360 repu-

51 1376 242 1429 gnaret
264 1366 458 1412 naturali
482 1366 743 1411 voluntati
732 1367 888 1426 ipsius,
916 1378 958 1412 et
986 1367 1124 1412 etiam
1150 1367 1366 1426 appetitui
1390 1367 1620 1413 sensitivo.

685 1605 689 1607 -
750 1569 1186 1627 ARTICULUS
1217 1570 1316 1626 VI.
1390 1648 1394 1652 ι
1960 1598 2041 1645 119

235 1719 426 1760 UTRUM
457 1720 515 1760 IN
548 1720 787 1760 CHRISTO
828 1721 1025 1760 FUERIT
1067 1721 1485 1760 CONTRARIETAS
1517 1721 1891 1761 VOLUNTATIS.

340 1846 394 1905 (3.
426 1846 536 1890 Dist.
563 1859 627 1905 17.
660 1852 739 1890 art.
766 1860 807 1891 2.
841 1861 878 1904 q.
911 1861 950 1891 2.
983 1853 1020 1891 et
1046 1861 1081 1906 3.
1114 1853 1150 1891 et
1183 1854 1317 1906 opusc.
1351 1862 1390 1892 2.
1418 1854 1510 1906 cap.
1544 1862 1628 1906 130.
1651 1847 1769 1906 fin).

82 1977 115 2007 ι’
175 1973 252 2019 AD
284 1985 475 2018 SEXTUM
504 1972 568 2017 sic
601 1973 872 2032 proceditur.
899 1973 1102 2027 Videtur,
1136 1973 1258 2032 quod
1284 1974 1330 2017 in
1363 1973 1548 2018 Christo
1580 1973 1716 2018 fuerit
1747 1972 2044 2017 contrarietas

0 2029 1 2047 ¹
57 2041 76 2090 ζ
110 2050 397 2086 untatum:
425 2042 720 2084 contrarietas
760 2054 960 2117 namque
991 2039 1279 2085 voluntatum
1317 2041 1558 2085 attenditur
1591 2040 1844 2085 secundum
1870 2050 2046 2084 contra-

60 2103 293 2159 abatem
318 2108 627 2168 objectorum;
654 2109 771 2152 sicut
802 2108 940 2152 etiam
968 2110 1263 2152 contrarietas
1290 2119 1502 2153 motuum
1523 2108 1767 2153 attenditur
1792 2108 2044 2153 secundum

0 2227 1 2230 Ἰ
52 2185 132 2235 ,ξι
157 2193 198 2215 ι
215 2177 454 2221 arietatem
479 2176 796 2230 terminorum,
816 2186 864 2220 ut
890 2186 1013 2235 patet
1038 2190 1117 2235 per
1142 2176 1316 2220 Philos.
1342 2176 1388 2219 in
1421 2189 1455 2234 5.
1483 2176 1620 2235 Phys.
1649 2177 1749 2233 (tex.
1766 2189 1838 2235 49.
1865 2182 1902 2220 et
1925 2177 2045 2234 seq.):

0 2237 1 2249 ἶ
64 2236 168 2294 hd
193 2243 403 2289 Christus
433 2243 685 2288 secundum
703 2243 902 2288 diversas
921 2244 1180 2288 voluntates
1208 2244 1434 2288 contraria
1451 2243 1653 2287 volebat:
1668 2258 1776 2287 nam
1794 2242 2046 2287 secundum

54 2309 371 2365 vehintatem
387 2310 588 2355 divinam
613 2309 798 2355 volebat
818 2321 1031 2365 mortem,
1058 2325 1196 2370 quam
1223 2310 1476 2370 refugiebat
1495 2310 1749 2355 secundum
1761 2304 2046 2354 voluntatem

0 2369 1 2385 ¹
26 2364 362 2433 “instantiam
390 2377 509 2422 unde
534 2378 813 2422 Athanasius
845 2378 953 2423 dicit
984 2379 1030 2422 in
1064 2378 1140 2423 lib.
1169 2378 1382 2423 adversus
1409 2378 1747 2438 Apollinarium
1774 2379 1869 2437 (qui
1898 2380 2047 2423 inscri-

56 2431 106 2531 Ji:
152 2460 231 2491 ur:
259 2445 329 2490 De
358 2451 445 2490 nat.
478 2445 590 2489 hum.
617 2452 815 2505 suscepta,
847 2461 954 2490 vers
981 2447 1048 2505 fin
1054 2446 1121 2504 .).·
1143 2463 1166 2488 c<
1197 2445 1397 2498 Quando
1426 2446 1635 2490 Christus
1673 2446 1809 2490 dicit.
1842 2446 1981 2500 Pater,
2012 2446 2049 2490 si

62 2536 92 2565 ι.
157 2512 275 2558 bile
293 2518 362 2566 cst,
390 2518 571 2558 transeat
595 2527 623 2557 a
642 2528 706 2557 me
737 2513 848 2558 calix
873 2515 962 2568 iste,
989 2520 1027 2558 et
1059 2519 1194 2558 tamen
1227 2528 1309 2558 non
1330 2528 1436 2565 mea,
1467 2514 1533 2559 sed
1566 2521 1639 2558 tua
1657 2514 1849 2558 voluntas
1869 2514 1976 2566 fiat:
2004 2523 2049 2557 et

52 2564 158 2621 ἦ
188 2582 244 2617 ιιι·
266 2594 284 2624 vz
314 2579 499 2639 Spiritus
513 2585 738 2639 promptus
757 2585 828 2633 est,
857 2594 955 2624 caro
983 2585 1119 2624 autem
1143 2580 1344 2638 infirma:
1378 2580 1489 2624 duas
1515 2579 1772 2624 voluntates
1797 2579 1874 2623 hic
1901 2589 2050 2624 osten-

190 2645 461 2690 :humanam
501 2659 618 2705 quae
659 2655 843 2706 propter
877 2645 1189 2691 infirmitatem
1222 2647 1369 2691 carnis
1409 2646 1662 2706 refugiebat
1695 2649 1971 2723 passionem,
2005 2655 2050 2690 et

221 2716 296 2757 m
319 2714 414 2772 ejus
446 2723 707 2772 promptam
734 2713 790 2757 ad
815 2714 1076 2773 passionem
1107 2729 1162 2768 »ς
1195 2728 1305 2774 ergo
1342 2714 1389 2758 in
1416 2714 1603 2759 Christo
1643 2713 1727 2759 fuit
1753 2713 2048 2758 contrarietas

73 2773 392 2827 oluntatum

65 2828 103 2882 ³²*
108 2862 152 2892 ιιι
158 2856 234 2892 2.
249 2846 546 2893 PRAETEREA.
571 2847 646 2892 Ad
660 2846 810 2892 Galat.
842 2861 878 2905 5.
895 2848 1071 2904 dicitur,
1089 2848 1211 2907 quod
1238 2863 1337 2894 caro
1355 2851 1607 2909 concupiscit
1628 2849 1825 2894 adversus
1839 2850 2047 2908 spiritum,

66 2903 329 2974 &sputus
336 2914 532 2960 adversus
562 2929 759 2973 carnem3
787 2926 854 2960 est
878 2916 1015 2974 igitur
1034 2917 1328 2961 contrarietas
1349 2916 1637 2961 voluntatum
1659 2916 1842 2976 quando
1868 2916 2049 2975 spiritus

55 2997 82 3053 ῥ
70 2984 242 3033 ljmum
262 2981 556 3042 concupiscit,
574 2991 619 3026 et
639 2996 747 3026 caro
774 2982 917 3027 aliud:
951 2983 1030 3027 sed
1056 2983 1147 3027 hoc
1180 2983 1263 3028 fuit
1292 2986 1338 3027 in
1373 2984 1582 3038 Christo;
1608 2999 1716 3028 nam
1743 2998 1823 3043 per
1846 2983 2052 3027 volunta·
2038 3007 2065 3015 --

19 3047 35 3064 ³
53 3054 83 3104 'gj
85 3047 456 3102 mehamns,
477 3062 615 3107 quarn
635 3049 826 3108 Spiritus
855 3049 1086 3094 Sanctus'
1074 3065 1121 3093 m
1146 3052 1241 3127 ejus
1268 3061 1420 3095 mente
1441 3050 1649 3106 faciebat,
1675 3051 1859 3096 volebat
1884 3050 2051 3109 passio·

168 3114 480 3191 -3secundum
498 3114 608 3159 illud
630 3116 714 3160 Isa.
742 3129 829 3174 53.:
851 3117 1024 3161 Oblatas
1042 3123 1114 3172 est,
1132 3119 1232 3175 quia
1248 3119 1407 3163 voluit:
1430 3119 1681 3162 secundum
1699 3129 1853 3162 autem
1866 3131 2050 3161 carnem

48 3192 85 3242 32
77 3178 356 3241 passionem
380 3181 650 3241 refugiebat;
676 3197 787 3242 ergo
814 3194 910 3227 erat
934 3184 981 3227 in
1008 3198 1063 3228 eo
1092 3185 1387 3229 contrarietas
1412 3185 1714 3229 voluntatum.

62 3241 135 3293 ὃ
167 3261 229 3306 3.
248 3246 545 3294 Puerum.
571 3249 683 3294 Luc.
710 3262 780 3294 22.
807 3249 984 3305 dicitur,
1011 3251 1131 3310 quod
1149 3253 1327 3310 sactus
1311 3267 1355 3296 m
1376 3255 1528 3312 agonia
1543 3253 1753 3311 prolixius
1774 3252 1949 3296 orabat:
1971 3251 2050 3295 sed

15 3318 62 3364 J
66 3313 267 3373 »agonia
288 3314 466 3359 videtur
488 3316 734 3375 importare
761 3318 1007 3375 quamdam
1034 3319 1469 3377 compugnationem
1497 3318 1638 3361 animi
1655 3319 1701 3361 in
1719 3319 1943 3362 contraria
1959 3327 2053 3362 ten·

16 3395 22 3435 ζ
58 3398 59 3402 ’
63 3372 272 3442 ,ἓξΒξιιιίες
297 3394 407 3440 ergo
431 3382 622 3436 videtur,
647 3383 768 3460 quod
795 3385 841 3427 in
868 3383 1053 3428 Christo
1079 3384 1212 3428 fuerit
1238 3386 1531 3430 contrarietas
1557 3384 1857 3428 voluntatum.

66 3460 154 3495 ιι
176 3446 289 3493 Suu
304 3461 500 3494 CONTRA
517 3459 598 3502 est,
612 3449 762 3508 quod'
750 3463 797 3493 m
824 3449 1200 3496 determinatione
1226 3462 1377 3496 sextae
1396 3451 1571 3510 Synodi
1592 3451 1763 3508 (scilicet
1782 3451 1996 3496 Constant.
2014 3466 2051 3511 3.

213 3513 314 3560 .6
328 3520 410 3560 act.
434 3516 500 3561 18.
525 3529 628 3573 quae
651 3530 794 3574 graece
823 3522 964 3576 est17.
990 3519 1036 3561 in
1061 3519 1187 3576 symb.
1213 3533 1299 3576 150.
1327 3519 1410 3563 ΡΡ.
1437 3532 1462 3562 a
1489 3517 1614 3574 med.)
1642 3517 1827 3561 dicitur:
1866 3533 1889 3559 «
1915 3518 2051 3563 Prae-

79 3605 95 3628 1,
206 3592 308 3626 mus
332 3580 444 3627 duas
466 3580 693 3626 naturales
717 3580 973 3628 voluntates
998 3597 1092 3628 non
1118 3585 1382 3639 contrarias,
1407 3585 1529 3643 juxta
1554 3584 1709 3642 quod
1698 3584 1827 3643 impii
1848 3595 2052 3630 asserunt
