2352 3926
290 202 395 257 668
770 216 1051 262 QUAESTIO
1091 216 1255 255 Lxxv.
1296 216 1605 256 Ana-mutus
1643 217 1759 256 v111.

378 318 455 363 AD
488 330 706 363 TERTIUM
733 317 992 372 dicendum,
1019 319 1142 376 quod
1166 319 1213 362 in
1253 318 1342 362 hac
1369 319 1670 364 conversione
1701 329 1806 364 sunt
1833 319 1964 380 plura
1995 320 2250 366 difficiliora

287 400 425 445 quam
450 386 496 429 in
524 385 769 437 creatione,
796 387 841 428 in
869 398 958 443 qua
983 385 1075 428 hoc
1101 384 1255 429 solum
1282 385 1464 430 difficile
1491 396 1572 440 est,
1595 387 1717 446 quod
1741 386 1910 446 aliquid
1932 388 1990 448 sit
2010 402 2064 433 ex
2085 388 2248 443 nihilo,

286 452 408 511 quod
434 462 589 495 tamen
616 452 810 510 pertinet
836 451 891 494 ad
918 451 1155 510 proprium
1180 452 1372 496 modum
1398 453 1712 512 productionis
1739 454 1913 512 primae
1935 469 2114 510 causae,
2127 467 2248 516 quae

285 518 400 562 nihil
426 518 546 562 aliud
573 518 924 577 praesupponit:
952 518 1031 562 sed
1049 518 1095 562 in
1112 519 1200 563 hac
1224 522 1526 565 conversione
1544 534 1638 565 non
1660 519 1812 565 solum
1830 530 1898 565 est
1912 519 2110 576 difficile,
2126 521 2251 581 quod

285 586 376 629 hoc
402 595 551 629 totum
579 585 858 629 convertitur
882 585 930 628 in
955 584 1068 630 illud
1093 595 1258 640 totum,
1283 586 1347 631 ita
1372 587 1495 646 quod
1521 586 1636 631 nihil
1661 587 1821 646 prioris
1849 597 2084 632 remaneat
2103 587 2250 648 (quod

285 667 379 696 non
406 653 599 711 pertinet
617 652 672 695 ad
693 666 994 697 communem
1016 653 1209 697 modum
1230 654 1546 712 productionis
1569 653 1759 713 alicujus
1781 655 1989 712 causae);
2011 654 2092 700 sed
2114 655 2252 700 etiam

285 720 423 763 habet
447 720 538 764 hoc
566 718 763 774 difficile,
791 719 914 778 quod
941 720 1195 765 accidentia
1216 731 1498 776 remaneant,
1521 731 1734 781 corrupta
1755 722 2018 777 substantia,
2041 732 2087 767 et
2107 721 2253 766 multa

289 787 391 840 alia,
418 786 473 830 de
501 786 661 845 quibus
687 787 734 830 in
760 787 1052 846 sequentibus
1079 798 1261 847 agetur:
1288 798 1443 833 tamen
1470 789 1659 833 verbum
1694 789 2007 834 conversionis
2040 788 2255 848 recipitur

287 854 333 897 in
359 854 450 897 hoc
477 863 782 908 sacramento,
808 868 904 898 non
931 864 1085 898 autem
1109 855 1157 898 in
1183 857 1429 910 creatione,
1456 857 1574 901 sicut
1606 856 1779 900 dictum
1807 865 1874 901 est
1900 856 1966 914 (in
1990 864 2105 917 corp.
2131 855 2253 914 art).

379 920 456 964 AD
484 933 724 971 QUARTUM
750 921 1011 975 dicendum,
1039 922 1177 981 quod,
1204 923 1321 967 sicut
1347 923 1520 968 dictum
1547 933 1616 968 est
1640 925 1705 981 (in
1732 923 1889 983 corp),
1921 922 2126 984 potentia
2155 936 2257 983 per-

287 988 401 1031 tinet
427 988 483 1031 ad
510 988 779 1046 subJectum,
806 989 929 1047 quod
955 1003 1050 1032 non
1077 999 1145 1033 est
1171 990 1378 1048 accipere
1403 990 1450 1034 in
1477 990 1564 1034 hac
1600 991 1917 1046 conversione,
1948 1001 1995 1035 et
2025 990 2128 1035 ideo
2159 1002 2255 1034 non

290 1055 568 1110 conceditur,
591 1054 713 1114 quod
730 1056 859 1114 panis
882 1056 1026 1114 possit
1043 1070 1143 1100 esse
1162 1071 1328 1116 corpus
1348 1057 1541 1112 Christi;
1559 1072 1654 1102 non
1670 1058 1793 1102 enim
1810 1058 1926 1103 haec
1948 1057 2190 1102 conversio
2205 1056 2257 1101 fit

289 1137 369 1181 per
385 1123 642 1182 potentiam
662 1123 892 1183 passivam
915 1133 1162 1179 creaturae,
1174 1124 1253 1168 sed
1270 1137 1350 1184 per
1366 1124 1514 1169 solam
1532 1125 1785 1184 potentiam
1804 1125 2002 1170 activam
2021 1123 2251 1170 creatoris.

881 1508 1330 1585 QUAESTIO
1382 1507 1676 1568 LXXVI.

469 1664 550 1704 DE
581 1663 758 1704 MODO·
789 1663 913 1715 Quo
947 1664 1235 1704 CHRISTUS
1269 1662 1376 1704 EST
1407 1663 1473 1702 IN
1505 1662 1630 1703 Hoc
1661 1660 2083 1711 SACRAMENTO,

653 1724 670 1751 ⁵
824 1753 890 1793 IN
939 1753 1093 1794 OCTo
1136 1752 1466 1794 ARTICULOS
1513 1752 1734 1793 DIVISA.

382 1930 563 1975 Deinde
580 1930 965 1975 considerandum
982 1940 1049 1975 est
1063 1931 1117 1974 de
1134 1929 1276 1974 modo
1296 1944 1386 1989 quo
1405 1929 1615 1975 Christus
1634 1929 1781 1973 existit
1791 1927 1839 1972 in
1850 1927 1943 1972 hoc
1954 1935 2259 1973 sacramento,

923 2044 980 2088 Et
1005 2044 1120 2087 circa
1146 2043 1221 2087 hoc
1247 2049 1509 2101 quaeruntur
1535 2048 1637 2087 octo.

383 2131 556 2175 Primo.
585 2131 753 2175 Utrum
779 2140 904 2175 totus
933 2130 1145 2175 Christus
1173 2130 1230 2174 sit
1255 2131 1336 2174 sub
1360 2130 1452 2174 hoc
1480 2138 1784 2174 sacramento.

385 2199 615 2242 Secundo.
643 2199 811 2242 Utrum
837 2207 960 2241 totus
988 2197 1199 2241 Christus
1227 2197 1284 2241 sit
1310 2198 1390 2241 sub
1418 2207 1608 2256 utraque
1635 2196 1787 2255 specie
1813 2194 2103 2240 sacramenti.

385 2265 560 2310 Tertio.
589 2266 756 2310 Utrum
783 2275 906 2309 totus
935 2265 1145 2309 Christus
1172 2265 1230 2309 sit
1255 2265 1336 2309 sub
1365 2264 1566 2323 qualibet
1591 2274 1717 2323 parte
1744 2263 2014 2323 specierum.

385 2333 580 2385 Quarto.
605 2333 771 2376 Utrum
796 2332 1107 2376 dimensiones
1125 2332 1329 2390 corporis
1349 2331 1522 2377 Christi
1538 2341 1662 2375 totae
1679 2332 1770 2375 sint
1784 2331 1831 2374 in
1847 2331 1940 2376 hoc
1955 2338 2262 2375 sacramento.

386 2400 578 2452 Quinto.
606 2400 773 2444 Utrum
802 2413 967 2458 corpus
996 2399 1170 2443 Christi
1192 2399 1250 2443 sit
1274 2399 1321 2442 in
1348 2399 1439 2443 hoc
1467 2407 1756 2442 sacramento
1779 2396 2001 2442 localiter.

388 2467 542 2511 Sexto.
566 2467 733 2511 Utrum
756 2481 921 2524 corpus
944 2465 1118 2510 Christi
1139 2475 1380 2510 moveatur
1402 2465 1454 2509 ad
1479 2474 1660 2509 motum
1682 2464 1876 2519 hostiae,
1891 2463 1967 2509 vel
1984 2463 2141 2509 calicis
2161 2473 2266 2524 post

298 2535 708 2579 consecrationem.

387 2602 609 2661 Septimo.
638 2601 806 2645 Utrum
834 2614 999 2658 corpus
1022 2599 1210 2649 Christi,
1226 2609 1362 2658 prout
1377 2609 1444 2643 est
1460 2599 1507 2642 in
1523 2598 1614 2642 hoc
1632 2608 1938 2654 sacramento,
1961 2598 2107 2660 possit
2120 2598 2263 2644 videri

299 2670 353 2713 ab
382 2669 535 2728 aliquo
564 2667 701 2713 oculo
728 2667 892 2712 saltem
918 2666 1189 2725 glorificato.

390 2738 586 2784 Octavo.
606 2737 774 2781 Utrum
790 2744 951 2779 verum
969 2748 1133 2794 corpus
1153 2734 1325 2778 Christi
1338 2743 1574 2778 remaneat
1589 2734 1635 2778 in
1652 2733 1743 2777 hoc
1762 2743 2068 2788 sacramento,
2080 2733 2263 2794 quando

301 2805 580 2851 miraculose
609 2813 795 2864 apparet
820 2803 900 2847 sub
930 2803 1081 2862 specie
1107 2801 1250 2860 pueri,
1277 2801 1351 2845 vel
1379 2802 1537 2846 carnis.

1034 2979 1468 3037 ARTICULUS
1504 2981 1546 3035 Ι.
2174 2992 2265 3049 448

358 3119 553 3160 UTRUM
585 3119 772 3158 TOTUS
808 3117 1075 3157 CHRISTUS
1110 3117 1507 3157 CONTmEATuR
1543 3117 1641 3154 sun
1675 3115 1794 3155 Hoc
1827 3113 2211 3156 SACRAMENTO.

453 3230 580 3289 (Infr.
614 3245 652 3290 q.
688 3244 756 3290 79.
790 3236 871 3274 art.
904 3244 940 3275 1.
974 3228 1028 3273 ad
1047 3243 1084 3288 3.
1113 3234 1148 3272 et
1173 3242 1214 3285 4.
1243 3229 1354 3272 Dist.
1381 3243 1446 3274 10.
1474 3235 1557 3273 art.
1585 3242 1624 3273 2.
1651 3234 1688 3272 et
1715 3226 1871 3285 Quodl.
1896 3239 1936 3286 7.
1963 3230 2046 3272 art.
2072 3226 2114 3272 8.

1001 3302 1038 3341 et
1058 3296 1181 3354 Joan.
1206 3295 1247 3340 6.
1276 3296 1362 3340 lect,
1391 3296 1432 3340 6.
1449 3295 1569 3354 fin).

391 3412 469 3456 An
497 3424 684 3456 PRIMUM
711 3411 774 3455 sic
802 3408 1073 3470 proceditur.
1102 3407 1307 3461 Videtur,
1335 3408 1457 3466 quod
1483 3421 1578 3452 non
1599 3417 1722 3452 totus
1746 3406 1959 3452 Christus
1978 3406 2267 3452 contineatur

303 3479 383 3523 sub
409 3479 502 3523 hoc
529 3487 843 3522 sacramento:
873 3476 1082 3522 Christus
1109 3474 1232 3519 enim
1253 3475 1411 3534 incipit
1433 3489 1530 3519 esse
1556 3476 1603 3519 in
1629 3475 1720 3519 hoc
1743 3483 2032 3519 sacramento
2058 3486 2140 3532 per
2160 3485 2267 3518 con·

302 3546 564 3591 versionem
590 3545 735 3604 panis,
758 3554 803 3589 et
827 3544 935 3599 vini,
961 3543 1078 3588 sicut
1102 3542 1275 3586 dictum
1303 3552 1369 3586 est
1394 3543 1454 3601 (q.
1476 3550 1616 3602 praec.
1645 3549 1726 3588 art.
1753 3543 1838 3601 4.).·
1865 3540 1943 3587 sed
1971 3539 2265 3586 manifestum
2344 3591 2346 3594 y

305 3624 387 3667 est,
413 3613 536 3672 quod
564 3612 708 3672 panis,
735 3622 780 3657 et
804 3612 963 3656 vinum
984 3623 1079 3656 non
1101 3619 1293 3670 possunt
1315 3609 1519 3654 converti
1534 3623 1682 3669 neque
1705 3609 1750 3653 in
1769 3608 2051 3654 divinitatem
2078 3605 2265 3661 Christi,
