2352 3926
293 189 400 258 670
776 200 1051 246 QUAESTIO
1092 199 1276 238 Lxxvn
1318 174 1626 243 sanemus
1665 200 1700 238 1.

290 306 475 363 ponitur
500 304 563 348 ibi
580 317 662 362 pro
684 311 783 346 toto
812 315 1029 360 corpore;
1056 301 1162 359 quia
1188 301 1442 345 secundum
1459 301 2119 348 consuetudinemhumanam
2131 304 2254 350 vide-

289 380 360 416 tur
382 386 480 415 esse
503 371 651 428 magis
678 368 1023 412 manducationi
1050 367 1428 422 accommodata3
1461 377 1597 427 prout
1613 367 1790 412 scilicet
1802 368 2019 417 homines
2044 372 2254 426 carnibus

290 438 557 482 animalium
583 444 827 480 vescuntur
856 435 1177 488 communiter,
1203 449 1298 478 non
1325 444 1479 478 autem
1507 434 1698 488 ossibus,
1724 434 1799 480 vel
1823 434 1923 480 aliis
1947 437 2227 496 hujusmodi.

377 506 454 548 AD
481 517 571 548 TER
575 516 699 548 rIUM
727 503 985 555 dicendum,
1013 502 1149 560 quod,
1168 502 1285 546 sicut
1309 517 1446 579 supra
1464 502 1637 546 dictum
1662 512 1730 547 est
1751 505 1812 561 (q.
1839 517 1899 563 75.
1926 510 2007 550 art.
2028 520 2053 565 5
2055 506 2122 562 w),
2131 504 2255 552 facta

289 571 589 616 conversione
606 569 735 628 panis
748 570 795 612 in
812 581 976 627 corpus
992 568 1178 623 Christi,
1194 568 1269 613 vel
1281 569 1375 612 vini
1391 571 1438 613 in
1450 570 1740 646 sanguinem,
1752 571 2004 616 accidentia
2021 572 2254 638 utriusque

288 648 505 684 manent:
531 652 584 681 ex
611 651 701 695 quo
719 646 857 695 patet,
872 636 994 694 quod
1020 636 1331 680 dimensiones
1357 637 1500 695 panis,
1523 636 1597 680 vel
1617 637 1710 680 vini
1735 650 1831 681 non
1858 648 2183 687 convertuntur
2206 642 2255 686 in

286 706 596 750 dimensiones
622 705 826 764 corporis
853 705 1040 758 Christi,
1066 706 1145 749 sed
1166 705 1442 749 substantia
1432 720 1478 748 m
1500 705 1815 760 substantiam,
1840 716 1887 750 et
1910 706 1975 751 sic
2002 708 2253 754 substantia

289 774 495 832 corporis
516 772 702 826 Christi,
728 771 802 816 vel
828 772 1060 831 sanguinis
1088 782 1155 816 est
1173 772 1254 816 sub
1281 772 1372 816 hoc
1400 782 1689 816 sacramento
1713 786 1768 816 ex
1789 773 1835 816 vi
1855 776 2144 835 sacramenti,
2159 790 2255 821 non

291 850 445 884 autem
468 840 778 884 dimensiones
805 832 1025 898 corporis,
1047 839 1123 883 vel
1148 839 1382 898 sanguinis
1410 839 1606 893 Christi;
1633 839 1753 884 unde
1779 848 1915 898 patet,
1941 842 2066 900 quod
2090 857 2256 903 corpus

290 908 463 953 Christi
489 919 557 953 est
581 909 628 952 in
653 908 745 952 hoc
773 918 1062 952 sacramento
1096 922 1175 966 per
1211 907 1404 951 modum
1430 907 1722 961 substantiae,
1755 917 1800 951 et
1831 922 1925 952 non
1956 923 2038 968 per
2062 910 2254 955 modum

289 977 575 1035 quantitatis:
618 976 803 1036 propria
844 986 997 1020 autem
1038 975 1239 1020 totalitas
1271 976 1546 1019 substantiae
1589 976 1847 1019 continetur
1876 975 2185 1023 indifferenter
2208 979 2254 1023 in

286 1058 438 1103 parva,
456 1043 530 1088 vel
543 1058 711 1102 magna
728 1044 1000 1102 quantitate3
1020 1040 1137 1087 sicut
1153 1053 1250 1087 tota
1274 1053 1436 1086 natura
1455 1043 1569 1086 aeris
1599 1043 1647 1086 in
1670 1057 1856 1100 magno,
1872 1043 1948 1087 vel
1972 1049 2252 1103 parvoaere,

289 1120 334 1155 et
364 1121 462 1155 tota
486 1121 649 1155 natura
673 1110 875 1154 hominis
902 1110 950 1154 in
976 1109 1258 1168 magno‚vel
1278 1123 1419 1168 parvo
1445 1109 1662 1163 homine3
1679 1109 1799 1153 unde
1823 1120 1867 1154 et
1882 1119 1982 1155 tota
2005 1111 2255 1163 substantia

288 1178 508 1237 corporis,
543 1187 585 1222 et
617 1178 851 1236 sanguinis
880 1177 1053 1221 Christi
1080 1177 1339 1220 continetur
1369 1177 1416 1219 in
1442 1176 1534 1221 hoc
1561 1184 1851 1220 sacramento
1883 1187 1987 1236 post
2018 1187 2255 1224 consecra-

288 1246 480 1299 tionem,
513 1245 631 1290 sicut
672 1254 775 1289 ante
819 1244 1214 1289 consecrationem
1250 1243 1566 1287 continebatur
1597 1243 1660 1287 ibi
1698 1253 1796 1288 tota
1827 1244 2076 1290 substantia
2109 1247 2254 1306 panis,

288 1323 333 1357 et
357 1313 464 1357 vini.

906 1428 1462 1487 ARTICULUS
1522 1429 1621 1484 ΙΙ.
2102 1400 2252 1509 '449

371 1558 568 1597 UTRUM
602 1557 788 1595 Toros
824 1554 1089 1596 cnms‘rus
1125 1547 1523 1596 coNTINEATU'R
1556 1558 1654 1596 sun
1687 1557 1951 1604 UTRAQUE
1984 1557 2172 1599 sPECIF.

990 1632 1157 1685 HUJUS
1191 1631 1558 1670 SACRAMENTI.

416 1734 549 1794 (Insr.
577 1749 615 1793 q.
644 1735 711 1793 78.
746 1740 826 1779 art.
855 1735 897 1779 6.
931 1734 985 1778 ad
1009 1749 1049 1779 2.
1073 1740 1110 1778 et
1135 1749 1173 1793 q.
1202 1747 1270 1794 79.
1298 1740 1379 1778 art.
1406 1751 1441 1779 Ι.
1469 1734 1523 1779 ad
1540 1749 1575 1793 3.
1603 1741 1642 1780 et
1666 1749 1704 1794 q.
1737 1737 1808 1780 80.
1834 1741 1915 1780 art.
1938 1748 2001 1781 12.
2028 1732 2134 1797 dd3.

560 1807 598 1846 et
622 1815 664 1858 4.
692 1803 804 1846 Dist.
838 1814 901 1846 Π.
937 1817 974 1860 q.
1002 1816 1041 1846 2.
1070 1807 1150 1845 art.
1183 1817 1218 1846 r.
1254 1816 1291 1859 q.
1319 1817 1353 1846 Ι.
1388 1801 1442 1846 ad
1467 1816 1506 1846 2.
1534 1807 1570 1846 et
1590 1803 1715 1858 Joan.
1744 1802 1785 1847 6.
1810 1801 1898 1847 lect.
1926 1814 1965 1861 7.

1004 1875 1040 1915 et
1063 1885 1098 1914 1.
1130 1869 1228 1914 Cor.
1256 1885 1314 1915 Η.
1342 1870 1429 1914 lect.
1458 1869 1538 1928 6.).

378 1980 455 2024 An
483 1994 744 2026 SECUNDUM
770 1980 833 2024 sic
857 1980 1131 2040 proceditur.
1158 1980 1365 2036 Videtur,
1385 1981 1507 2040 quod
1523 1995 1619 2025 non
1639 1981 1721 2025 sub
1748 1991 1939 2042 utraque
1955 1983 2108 2042 specie
2118 1984 2253 2043 hujus

287 2049 562 2092 sacramenti
587 2058 711 2093 totus
739 2047 950 2092 Christus
978 2048 1287 2093 contineatur:
1320 2049 1412 2092 hoc
1447 2050 1570 2092 enim
1602 2061 1941 2094 sacramentum
1967 2050 2023 2095 ad
2058 2050 2252 2096 salutem

283 2114 488 2159 fidelium
515 2115 764 2170 ordinatur,
786 2129 881 2158 non
906 2115 1070 2159 virtute
1097 2116 1369 2173 specierum,
1396 2115 1477 2160 sed
1502 2115 1665 2160 virtute
1692 2117 1804 2175 ejus,
1831 2117 1955 2175 quod
1978 2118 2078 2162 sub
2086 2118 2255 2178 specie-

283 2182 367 2226 bus
407 2182 689 2236 continetur3
735 2181 841 2240 quia
881 2182 1054 2240 species
1087 2192 1216 2226 erant
1249 2182 1386 2226 etiam
1425 2192 1529 2227 ante
1556 2183 1965 2239 consecrationem,
1990 2196 2046 2230 ex
2070 2197 2160 2245 qu‘a
2186 2196 2254 2231 est

283 2249 424 2293 virtus
450 2248 585 2307 hujus
612 2248 910 2302 sacramenti3
940 2248 979 2292 si
1011 2262 1121 2307 ergo
1159 2248 1275 2294 nihil
1301 2249 1561 2294 continetur
1586 2251 1668 2294 sub
1695 2264 1786 2294 una
1810 2251 1977 2310 specie,
2007 2252 2146 2312 quod
2156 2266 2253 2298 non

286 2316 574 2361 contineatur
600 2315 680 2360 sub
709 2314 812 2369 alia,
839 2316 917 2359 sed
942 2325 1064 2359 totus
1078 2315 1288 2360 Christus
1317 2317 1574 2361 continetur
1591 2317 1671 2360 sub
1694 2327 1900 2376 utraque,
1926 2318 2104 2364 videtur
2127 2321 2252 2379 quod

284 2381 426 2427 altera
450 2381 634 2426 illarum
661 2381 942 2441 superfluat
932 2397 979 2426 1n
1000 2382 1091 2426 hoc
1119 2393 1422 2427 sacramento.

375 2462 414 2494 2.
442 2449 742 2495 PRAETEREA.
769 2449 959 2493 Dictum
987 2459 1053 2493 est
1075 2451 1175 2505 (art.
1196 2458 1340 2508 praec
1368 2451 1414 2494 in
1440 2458 1555 2509 corp.
1577 2450 1685 2495 etad
1705 2451 1782 2508 2),
1803 2450 1927 2510 quod
1953 2453 2035 2496 sub
2060 2453 2251 2499 nomine

284 2517 433 2561 carnis
459 2530 621 2560 omnes
649 2515 764 2560 aliae
783 2526 940 2592 partes
968 2517 1173 2575 corporis
1206 2517 1510 2570 continentur,
1538 2517 1656 2572 sicut
1680 2531 1798 2571 ossa,
1824 2520 1967 2573 nervi,
1994 2529 2038 2564 et
2063 2520 2153 2564 alia
2168 2520 2248 2565 hu·

282 2585 505 2645 jusmodi:
529 2583 608 2628 sed
635 2583 818 2642 sanguis
842 2594 911 2628 est
927 2597 1017 2627 una
1034 2584 1232 2642 partium
1249 2584 1440 2628 humani
1453 2584 1672 2643 corporis,
1698 2585 1814 2629 sicut
1825 2595 1949 2644 patet
1964 2600 2045 2646 per
2056 2587 2245 2633 Aristot.

282 2653 331 2698 in
356 2651 432 2696 lib.
464 2666 500 2711 3.
529 2651 585 2696 de
611 2650 814 2695 Animal.
845 2651 1017 2707 (scilicet
1039 2651 1150 2698 Hist.
1175 2651 1367 2695 Animal.
1390 2659 1483 2709 cap.
1510 2666 1550 2696 2.
1579 2657 1615 2697 et
1639 2652 1710 2695 lib.
1735 2667 1775 2696 2.
1802 2651 1849 2696 de
1866 2651 2030 2700 Partib.
2055 2652 2246 2700 Animal.

283 2727 374 2779 cap.
391 2720 473 2777 2.);
492 2718 531 2764 si
556 2732 666 2777 ergo
694 2720 878 2776 sanguis
906 2717 1078 2762 Christi
1105 2718 1361 2762 continetur
1383 2718 1463 2762 sub
1482 2719 1632 2777 specie
1650 2719 1793 2778 paniS,
1820 2719 1936 2765 sicut
1961 2721 2250 2767 continentur

283 2786 347 2832 ibi
372 2786 488 2831 aliae
511 2795 660 2845 partes
681 2785 902 2844 corporis,
927 2798 1021 2828 non
1039 2784 1223 2829 deberet
1233 2799 1441 2829 seorsum
1459 2786 1642 2845 sanguis
1666 2787 1942 2842 consecrari,
1963 2787 2084 2834 sicut
2098 2801 2248 2849 neque

282 2865 491 2900 seorsum
514 2861 804 2898 consecratur
831 2851 981 2911 aliqua
1005 2851 1094 2895 alia
1118 2866 1221 2911 pars
1240 2853 1456 2911 corporis.

378 2935 416 2980 3.
448 2920 747 2965 PRAETEREA.
765 2918 905 2972 Quod
930 2919 1024 2977 iarn
1049 2917 1223 2962 factum
1246 2929 1326 2973 est,
1353 2919 1518 2963 iterum
1543 2919 1641 2963 fieri
1665 2934 1760 2964 non
1782 2922 2062 2980 potem-sed
2079 2926 2244 2982 corpus

284 2988 458 3034 Christi
481 2988 576 3046 jam
601 2986 772 3046 incepit
798 3000 896 3031 esse
921 2986 969 3030 in
994 2986 1085 3031 hoc
1111 2997 1398 3031 sacramento
1432 3001 1511 3045 per
1534 2988 1938 3033 consecrationem·
1957 2988 2112 3048 panim
2134 3002 2246 3051 ergo

281 3069 376 3100 non
402 3064 553 3115 potest
578 3067 691 3108 esse,
718 3053 841 3113 quod
870 3053 924 3098 de
949 3067 1073 3097 novo
1099 3053 1287 3112 incipiat
1312 3067 1411 3098 esse
1443 3069 1524 3113 per
1551 3054 1947 3100 consecrationem
1967 3056 2089 3101 vini:
2113 3066 2159 3103 et
2181 3057 2246 3103 ita

282 3123 363 3168 sub
388 3122 539 3182 specie
565 3121 661 3166 vini
685 3134 781 3166 non
808 3120 1111 3166 continebitur
1138 3132 1303 3179 corpus
1331 3120 1517 3175 Christi,
1545 3131 1589 3165 et
1614 3136 1694 3180 per
1716 3135 2002 3182 consequens
2021 3137 2108 3169 nec
2123 3133 2247 3171 totus

284 3189 519 3244 Christus;
544 3202 639 3233 non
672 3202 783 3248 ergo
810 3188 890 3233 sub
924 3198 1113 3246 utraque
1140 3188 1290 3246 specie
1318 3197 1440 3232 totus
1465 3188 1673 3233 Christus
1701 3188 1973 3235 continetur.

374 3257 467 3301 SED
489 3269 683 3302 CONTRA
711 3265 790 3311 est,
809 3255 931 3314 quod
963 3268 998 3299 1.
1027 3253 1237 3299 Corinth.
1262 3268 1326 3298 11.
1354 3269 1490 3314 super
1516 3255 1649 3300 illud.
1673 3256 1728 3301 Et
1752 3257 1953 3312 calicem,
1962 3256 2071 3302 dicit
2093 3227 2247 3305 Gloss.

283 3324 418 3382 (ord.)
453 3323 575 3383 quod
607 3339 630 3364 «
653 3323 732 3367 sub
769 3332 958 3381 utraque
990 3321 1141 3381 specie
1168 3320 1361 3378 (scilicet
1387 3322 1530 3381 panis,
1557 3333 1602 3367 et
1626 3323 1741 3381 vini)
1763 3323 1887 3369 idem
1924 3324 2176 3382 sumitur»,
2202 3336 2247 3372 et

283 3393 343 3436 ita
370 3391 548 3435 videtur
574 3390 654 3435 sub
682 3399 872 3448 utraque
898 3390 1048 3448 specie
1075 3397 1198 3433 totus
1227 3387 1437 3433 Christus
1470 3403 1582 3434 esse.
1983 3420 2000 3430 ..
2105 3412 2107 3419 ,
2231 3420 2234 3428 ,

372 3458 662 3503 RESPONDEO
680 3457 941 3511 dicendum,
959 3454 1209 3501 certissime
1231 3455 1478 3500 tenendum
1506 3470 1618 3510 esse,
1636 3457 1758 3516 quod
1779 3457 1863 3502 sub
1889 3467 2077 3519 utraque
2093 3426 2245 3520 specie

283 3525 558 3570 sacramenti
596 3534 720 3570 totus
754 3534 822 3568 est
849 3523 1080 3568 Christus:
1119 3521 1247 3567 aliter
1281 3532 1451 3577 tamen,
1490 3534 1534 3567 et
1567 3523 1721 3578 aliter3
1747 3538 1856 3568 nam
1892 3524 1976 3570 sub
2005 3527 2244 3585 speciebus

283 3593 412 3651 panis
439 3602 507 3638 est
531 3591 716 3652 quidem
743 3604 908 3650 corpus
941 3589 1114 3636 Christi
1149 3603 1203 3635 ex
1239 3589 1284 3633 vi
1319 3591 1608 3648 sacramenti,
1635 3591 1820 3651 sanguis
1855 3601 2008 3638 autem
2040 3606 2104 3639 ex>
2130 3593 2243 3641 τεῶ

2346 3584 2352 3702 ἐ
