2352 3926
318 232 428 302 804
803 240 1080 288 Qum-:sno
1119 239 1341 278 Lxxxw.
1383 237 1693 276 AR'rtcums
1733 237 1810 275 111.

314 357 556 401 vertentes,
582 345 852 396 Dominum,
879 341 1017 387 simul
1042 350 1236 395 mutum,
1263 349 1307 384 et
1328 339 1516 384 surdum
1536 352 1562 382 a
1578 337 1827 382 daemonio
1845 335 2172 397 liberasse,.per
2192 337 2284 382 hoc

317 417 502 468 docens,
528 427 612 457 nos
633 424 868 470 nunquam
893 409 981 453 nisi
1006 408 1062 452 de
1090 407 1303 452 omnibus
1330 405 1481 450 sanari
1505 422 1547 450 ».
2214 427 2216 430 v

405 482 695 526 RESPONDEO
722 477 982 529 dicendum,
1010 474 1133 534 quod
1157 473 1442 533 impossibile
1464 482 1534 517 est
1563 486 1650 530 per>
1668 471 2000 531 poenitentiam
2021 484 2168 515 unum
2182 483 2288 530 pec-

318 559 471 593 catum
498 548 593 591 sine
620 545 710 589 alio
736 543 918 588 remitti.
944 543 1091 587 Primo
1118 541 1316 600 quidem,
1344 540 1451 599 quia
1475 549 1716 598 peccatum
1737 538 1992 593 remittitur,
2014 537 2286 597 inquantum
2349 537 2352 541 ’

315 615 489 660 tollitur
514 613 604 657 Dei
630 611 806 656 offensa
831 624 911 669 per
937 609 1154 668 gratiam3
1180 607 1300 652 unde
1325 609 1371 651 in
1399 619 1439 650 2.
1465 606 1675 650 habitum
1706 614 1775 650 est
1807 604 1916 663 (1-2.
1942 620 1982 664 q.
2008 620 2104 664 109.
2135 610 2219 650 art.
2246 617 2286 664 7.

316 689 352 727 et
377 697 415 740 q.
441 696 519 739 113.
547 686 629 724 att.
655 694 680 723 2
685 679 736 736 .),
763 678 886 736 quod
911 675 1090 720 nullum
1115 683 1355 751 peccatum
1382 683 1531 732 potest
1547 672 1715 716 remitti
1732 672 1829 716 sine
1851 672 2018 731 gratia:
2053 685 2192 716 omne
2213 685 2288 716 au-

316 760 412 794 tem
437 756 678 807 peccatum
696 743 889 789 mortale
907 742 1210 787 contrariatur
1226 742 1414 801 gratiae,
1433 751 1480 785 et
1494 739 1694 784 excludit
1719 753 1847 793 eam3
1864 739 1984 784 unde
2001 738 2286 798 impossibile

318 825 398 870 est,
426 814 547 874 quod
574 827 717 856 unum
743 820 985 870 peccatum
1012 810 1109 854 sine
1137 808 1227 853 alio
1254 808 1522 852 remittatur.
1543 806 1746 860 SecundO,
1769 806 1891 865 quia,
1913 805 2030 850 sicut
2051 815 2288 851 ostensum

318 893 387 927 est
411 882 517 940 (art.
536 889 664 940 praec
668 880 719 937 .),
746 887 990 938 peccatum
1016 875 1211 921 mortale
1236 889 1332 920 non
1357 884 1509 935 potest
1533 874 1631 919 sine
1656 887 1765 917 vera
1790 873 2071 932 poenitentia
2102 872 2287 927 remitti,

318 949 374 993 ad
401 962 539 1007 quam
565 949 758 1007 pertinet
783 946 989 990 deserere
1025 953 1282 1004 peccatum,
1317 943 1591 1002 inquantum
1633 950 1702 985 est
1743 949 1904 985 contra
1943 941 2119 995 Deum3
2161 939 2285 1000 quod

318 1015 502 1076 quidem
531 1024 598 1058 est
630 1026 878 1058 commune
905 1011 1118 1056 omnibus
1133 1010 1344 1070 ,peccatis
1369 1009 1662 1054 mortalibus:
1702 1008 1780 1052 ubi
1822 1017 1975 1052 autem
2018 1017 2087 1052 est
2127 1006 2291 1052 eadem

316 1083 448 1137 ratio,
475 1092 520 1126 et
543 1081 667 1125 idem
694 1079 903 1134 effectus3
938 1079 1058 1123 unde
1083 1092 1179 1122 non
1204 1087 1356 1156 potest
1381 1091 1480 1121 esse
1505 1090 1612 1120 vere
1631 1075 1886 1152 poenitens,
1904 1077 1982 1134 qui
1998 1075 2054 1120 de
2071 1089 2165 1119 uno
2187 1089 2291 1135 pec-

319 1160 422 1196 cato
449 1149 666 1209 poenitet,
694 1158 738 1192 et
762 1161 856 1191 non
883 1146 939 1190 de
966 1146 1072 1190 alio.
1100 1145 1150 1189 Si
1176 1147 1299 1188 enim
1325 1142 1584 1203 displiceret
1612 1143 1655 1187 ei
1679 1142 1791 1186 illud
1815 1152 2071 1202 peccatum,
2095 1140 2202 1201 quia
2222 1150 2291 1186 est

319 1228 480 1263 contra
503 1218 658 1260 Deum
683 1229 817 1274 super
842 1213 1000 1259 omnia
1027 1211 1243 1256 dilectum
1270 1210 1415 1270 (quod
1436 1209 1678 1286 requiritur
1696 1210 1752 1253 ad
1769 1209 1997 1254 rationem
2027 1222 2164 1253 verae
2185 1221 2291 1286 poe-

317 1284 570 1340 nitentiae),
598 1292 873 1342 sequeretur,
900 1280 1023 1340 quod
1050 1279 1105 1323 de
1132 1278 1345 1322 omnibus
1371 1276 1572 1336 peccatis
1598 1276 1867 1335 poeniteret.
1894 1275 2030 1320 Unde
2071 1274 2288 1335 sequitur,

319 1350 442 1411 quod
467 1348 749 1426 impossibile
776 1348 846 1402 sit,
874 1362 1017 1391 unum
1058 1355 1299 1406 peccatum
1339 1358 1420 1404 per
1460 1343 1791 1403 poenitentiam
1831 1343 2003 1388 remitti
2043 1343 2141 1387 sine
2183 1342 2289 1387 alio.

327 1419 483 1472 Tertio,
512 1417 616 1476 quia
641 1416 732 1460 hoc
760 1425 878 1459 esset
904 1423 1064 1458 contra
1088 1411 1419 1472 perfectionem
1447 1408 1789 1455 misericordiae
1809 1410 1913 1464 Dei,
1937 1411 2065 1469 cujus
2085 1408 2288 1487 perfecta

318 1497 424 1531 sunt
449 1498 600 1544 opera,
628 1493 674 1527 ut
702 1483 863 1527 dicitur
887 1482 1139 1525 Deuteron.
1162 1493 1244 1538 32„
1262 1479 1382 1523 unde
1401 1480 1529 1538 cujus
1548 1478 1801 1532 miseretur,
1817 1476 2020 1523 totaliter
2035 1477 2289 1525 miseretur.

318 1552 375 1596 Et
399 1551 490 1595 hoc
518 1560 585 1594 est
611 1550 732 1609 quod
759 1549 952 1608 August
981 1547 1125 1592 dicit'
1114 1562 1160 1591 m
1186 1546 1262 1590 lib.
1290 1545 1345 1590 de
1372 1544 1660 1590 Poenitentia
1701 1545 1800 1604 (loc.
1828 1543 1948 1603 cita)
1994 1560 2018 1586 ε(
2046 1533 2291 1598 Quaedam

318 1618 528 1677 impietas
568 1615 844 1661 infidelitatis
871 1626 952 1670 est,
980 1614 1032 1659 ab
1061 1613 1141 1659 illo
1169 1613 1246 1673 qui
1271 1614 1429 1672 justus,
1458 1622 1504 1657 et
1526 1611 1697 1672 Justitia
1723 1621 1806 1667 est,
1833 1611 2070 1656 dimidiam
2110 1625 2292 1672 sperare
2349 1662 2352 1667 .

318 1685 502 1730 veniam
528 1702 570 1728 >›.

408 1753 484 1797 AD
511 1764 700 1796 PRIMUM
727 1764 838 1809 ergo
866 1749 1126 1803 dicendum,
1154 1748 1275 1808 quod
1303 1747 1416 1792 illud
1441 1747 1631 1791 verbum
1672 1746 1887 1806 Gregorii
1910 1761 2006 1792 non
2032 1757 2101 1792 est
2124 1745 2291 1792 intelli·

319 1819 521 1879 gendum
562 1828 784 1877 quantum
812 1817 868 1861 ad
893 1817 1216 1861 remissionem
1260 1815 1436 1875 culpae,
1462 1814 1543 1859 sed
1570 1825 1792 1891 quantum
1818 1814 1874 1859 ad
1902 1814 2211 1859 cessationem
2236 1813 2291 1858 ab

321 1896 439 1941 actu,
458 1886 563 1945 quia
580 1885 807 1928 interdum
824 1883 915 1938 ille,
936 1883 1013 1943 qui
1029 1883 1159 1942 plura
1175 1892 1363 1942 peccata
1382 1882 1620 1927 consuevit
1637 1881 1940 1936 committere,
1954 1880 2119 1926 deserit
2134 1895 2292 1936 unum,

319 1968 415 1999 non
440 1963 597 1997 tamen
624 1951 770 2006 aliud;
795 1951 920 2011 quod
946 1950 1132 2010 quidem
1158 1949 1207 1994 fit
1234 1948 1401 1994 auxilio
1428 1949 1601 2004 divino,
1627 1948 1751 2008 quod
1775 1958 1933 1994 tamen
1957 1962 2053 1993 non
2079 1947 2294 2009 pertingit

319 2035 463 2080 usque
490 2019 546 2064 ad
572 2019 891 2063 remissionem
918 2017 1091 2078 culpae.

411 2088 487 2132 An
514 2098 776 2132 SECUNDUM
803 2085 1063 2139 dicendum,
1090 2084 1213 2144 quod
1238 2085 1286 2128 in
1311 2083 1452 2128 verbo
1478 2082 1560 2127 illo
1587 2082 1825 2127 Ambrosii
1856 2082 1968 2127 fides
2007 2096 2103 2127 non
2142 2091 2296 2142 potest

322 2156 482 2215 accipi,
510 2169 598 2214 qua
625 2154 821 2198 creditur
845 2154 893 2197 in
921 2153 1171 2207 Christum,
1198 2153 1317 2212 quia,
1344 2162 1394 2196 ut
1417 2151 1613 2210 August.
1636 2150 1747 2194 dicit
1771 2164 1906 2210 super
1923 2149 2034 2194 illud
2044 2150 2177 2209 Joan.
2198 2161 2293 2207 15.:

322 2224 367 2269 Si
391 2238 474 2267 non
499 2224 714 2276 venissem,
740 2227 776 2265 et
801 2221 959 2265 locutus
983 2222 1038 2265 eis
1068 2235 1152 2264 non
1167 2220 1359 2278 fuissem,
1382 2224 1602 2278 peccatum
1626 2232 1710 2262 non
1736 2218 1947 2272 haberent,
1983 2217 2159 2261 scilicet
2196 2215 2293 2260 infi-

322 2289 517 2334 delitatis
546 2289 687 2346 (tract.
705 2289 776 2347 89.
794 2289 838 2332 in
857 2288 982 2344 Joan.
1001 2295 1159 2347 parum
1183 2301 1209 2330 a
1229 2288 1412 2347 princ),
1437 2301 1461 2327 «
1484 2285 1576 2329 hoc
1600 2294 1668 2328 est
1688 2294 1947 2343 peccatum,
1969 2297 2060 2343 quo
2081 2291 2294 2328 tenentur
2329 2282 2352 2310 ..;

323 2366 487 2401 cuncta
512 2365 701 2415 peccata
727 2370 778 2410 »3
805 2355 884 2399 sed
911 2354 1130 2414 accipitur
1155 2353 1266 2398 fides
1292 2366 1376 2412 pro
1404 2351 1700 2405 conscientia,
1725 2351 1829 2410 quia
1844 2350 2075 2395 interdum
2091 2363 2174 2410 per
2188 2351 2296 2410 poe·
2344 2361 2352 2406 42

321 2438 419 2478 nas,
446 2437 557 2482 quas
584 2422 684 2482 quis
709 2421 929 2481 patienter
954 2421 1159 2475 sustinet,
1185 2419 1478 2479 consequitur
1491 2418 1814 2463 remissionem
1830 2417 2021 2477 peccati,
2041 2418 2168 2476 cujus
2188 2430 2300 2462 con-³

322 2490 560 2536 scientiam
585 2503 679 2533 non
704 2488 853 2532 habet.

2328 2423 2352 2486 -3

411 2558 490 2602 An
516 2569 733 2601 TERTmM
759 2554 1019 2608 dicendum,
1046 2553 1168 2613 quod
1194 2563 1398 2612 peccata,
1425 2552 1635 2611 quamvis
1665 2566 1760 2596 non
1792 2551 1883 2596 sint
1914 2564 2122 2596 connexa
2157 2564 2296 2611 quan·

321 2636 420 2670 tum
447 2623 503 2668 ad
526 2622 877 2667 conversionem
900 2621 955 2665 ad
976 2622 1150 2665 bonum
1175 2619 1517 2675 commutabile,
1539 2629 1644 2664 sunt
1663 2629 1819 2663 tamen
1843 2633 2050 2663 connexa
2072 2627 2294 2678 quantum
2349 2654 2352 2669 ,

324 2692 380 2737 ad
406 2691 694 2736 aversionem
722 2704 746 2733 a
771 2689 896 2733 bono
923 2686 1305 2741 incommutabili,
1323 2689 1367 2730 in
1386 2701 1475 2745 qua
1493 2687 1774 2731 conveniunt
1789 2686 1949 2731 omnia
1963 2682 2155 2745 peccata
2171 2698 2294 2730 mor·
2347 2696 2352 2731 Ξ

322 2758 456 2804 talia:
485 2768 529 2802 et
555 2772 610 2801 ex
634 2757 721 2801 hac
748 2766 874 2815 parte
899 2755 1070 2799 habent
1095 2754 1322 2798 rationem
1348 2753 1566 2808 offensae,
1593 2768 1733 2813 quam
1760 2763 1940 2814 oportet
1961 2766 2042 2813 per
2062 2751 2297 2813 poeniten·
2340 2769 2352 2818 ἲ

322 2826 435 2871 tiam
460 2825 574 2870 tolli.

414 2893 490 2937 AD
508 2904 746 2942 QUARTUM
772 2889 1032 2944 dicendum,
1058 2888 1180 2948 quod
1208 2888 1411 2933 debitum
1439 2888 1674 2933 exterioris
1700 2888 1781 2943 rei,
1807 2897 1916 2947 puta
1940 2887 2179 2947 pecuniae,
2197 2899 2295 2930 non
2348 2903 2352 2907 ·

325 2959 627 3005 contrariatur
653 2957 896 3011 amicitiae,
924 2971 977 3001 ex
1003 2969 1092 3016 qua
1119 2955 1322 3000 debitum
1357 2955 1615 3011 remittitur,
1644 2965 1689 3000 et
1713 2955 1818 3000 ideo
1859 2963 2011 3016 potest
2049 2966 2194 2998 unum
2229 2952 2297 3001 ,ἀι-
2350 2967 2352 2996 ῑ

323 3027 443 3071 mitti
468 3026 564 3070 sine
594 3025 698 3069 alio.
727 3024 819 3069 Sed
841 3023 1042 3068 debitum
1066 3022 1226 3081 culpae
1252 3022 1552 3066 contrariatur
1574 3022 1818 3076 amicitiae,
1840 3030 1887 3066 et
1905 3020 2010 3066 ideo
2032 3033 2126 3064 una·
2146 3018 2294 3079 culpa,
2350 3041 2352 3050 τ

323 3093 399 3139 vel
422 3091 598 3137 offensa
622 3106 717 3136 non
743 3090 987 3136 remittitur
1012 3090 1109 3134 sine
1137 3088 1299 3143 altera;
1326 3088 1569 3133 ridiculum
1602 3089 1725 3133 enirn
1757 3087 1949 3142 videtur,
1990 3086 2114 3147 quod
2155 3086 2295 3165 etiam
2340 3083 2352 3142 ζ.

325 3161 379 3205 ab
405 3160 595 3204 homine
623 3158 784 3218 aliquis
810 3158 994 3203 veniam
1020 3165 1192 3216 peteret
1218 3156 1273 3200 de
1300 3170 1389 3199 una
1417 3155 1606 3210 offensa,
1634 3165 1678 3200 et
1702 3169 1796 3200 non
1823 3154 1880 3200 de
1906 3153 2009 3198 alia.

413 3226 489 3271 AD
517 3238 745 3276 QUINTUM
771 3224 1031 3278 dicendum,
1058 3223 1181 3282 quod
1203 3221 1402 3276 dilecti0,
1425 3237 1513 3282 qua
1535 3223 1661 3267 Deus
1684 3221 1830 3282 diligit
1844 3220 2048 3266 hominis
2068 3168 2295 3275 naturam,

324 3307 419 3338 non
446 3293 679 3338 ordinatur
705 3292 760 3335 ad
787 3292 961 3337 bonum
988 3289 1177 3350 gloriae,
1204 3303 1230 3333 a
1257 3303 1348 3348 quo
1375 3289 1619 3348 impeditur
1643 3289 1791 3334 homo
1817 3302 1899 3348 per
1922 3285 2159 3348 quodlibet
2194 3298 2296 3346 peo-
2343 3282 2352 3317 ’ἲ

326 3370 482 3405 catum
508 3358 726 3404 mortale:
754 3359 834 3403 sed
862 3357 1046 3403 dilectio
1073 3356 1261 3416 gratiae,
1288 3370 1368 3415 per
1394 3371 1533 3415 quam
1558 3356 1607 3400 fit
1632 3353 2046 3417 remissimpeccati
2071 3351 2352 3408 mortalis,

326 3426 506 3471 ordinat
531 3427 770 3470 hominem
798 3426 853 3470 ad
878 3425 1020 3469 vitam
1048 3433 1295 3477 aeternam,
1322 3423 1576 3467 secundum
1602 3422 1715 3467 illud
1751 3421 1888 3467 Rom.
1915 3418 1982 3467 6.:
2027 3419 2185 3466 Gratia
2207 3418 2297 3467 Du‘
2318 3426 2352 3480 „.ss

323 3495 415 3539 vita
445 3499 628 3545 aeterum
658 3493 778 3537 unde
804 3506 899 3537 non
925 3501 993 3537 est
1017 3489 1177 3535 similis
1204 3491 1332 3534 ratio.

2253 3565 2256 3573 ι
2294 3527 2352 3580 ³433
