2352 3926
286 210 389 265 174
820 210 1095 255 QUAEs-no
1137 210 1267 250 xvu.
1308 210 1615 252 Alimentus
1655 213 1690 253 1.

888 353 1018 399 Circa
1033 356 1226 415 primum
1248 363 1503 415 quaeruntur
1528 358 1623 404 duo.

365 444 535 486 Primo.
565 443 728 486 Utrum
758 442 967 488 Christus
994 444 1052 488 sit
1076 459 1232 499 unum,
1253 445 1327 490 vel
1353 446 1457 491 duo.

369 511 596 555 Secundo.
626 510 791 554 Utrum
817 511 864 554 in
891 510 1078 556 Christo
1104 512 1162 556 sit
1185 522 1362 557 tanturn
1388 528 1530 558 unum
1556 529 1667 559 esse.

992 690 1424 748 ARTICULUS
1467 693 1508 748 Ι.
2119 735 2122 740 -
2150 722 2231 754 1:12

666 820 857 862 UTRUM
899 825 1164 864 CHRISTUS
1207 828 1291 865 SIT
1332 828 1508 878 UNUM,
1547 828 1649 866 VEL
1691 830 1829 866 DUO·
2156 815 2159 816 ⁷

276 935 329 994 (3.
358 936 469 980 Dist.
494 935 535 979 6.
563 950 601 994 q.
628 948 668 979 2.
695 941 777 980 art.
796 950 831 980 1.
854 942 893 981 et
916 937 1027 981 Dist.
1050 952 1114 982 21.
1132 952 1169 996 q.
1188 953 1222 983 1.
1242 943 1322 983 art.
1340 955 1376 984 Ι.
1394 953 1484 997 q.2.
1503 939 1556 983 ad
1573 939 1615 984 6.
1634 943 1671 984 et
1686 939 1757 983 lib.
1776 953 1819 996 4.
1842 937 1989 984 Contr.
2005 947 2044 999 g.
2062 946 2154 999 cap.
2170 935 2232 997 38.

465 1008 502 1046 et
527 1018 597 1046 un.
625 1009 705 1047 art.
734 1018 774 1048 2.
803 1002 857 1047 ad
881 1018 920 1048 2.
948 1010 986 1049 et
1011 1018 1048 1063 7.
1076 1011 1111 1049 et
1136 1011 1216 1049 art.
1240 1021 1275 1064 3.
1302 1012 1341 1051 et
1363 1020 1406 1063 4.
1426 1014 1508 1065 per
1533 1012 1603 1051 tot.
1629 1012 1665 1051 et
1691 1012 1771 1051 art.
1788 1019 1824 1066 5.
1848 1006 1902 1050 ad
1922 1007 2027 1065 142).⁴

366 1117 441 1161 An
473 1130 662 1161 PRIMUM
688 1116 753 1160 sic
780 1117 1052 1174 proceditur.
1071 1117 1275 1172 Videtur,
1294 1119 1415 1177 quod
1435 1118 1644 1162 Christus
1661 1132 1754 1162 non
1775 1118 1831 1162 sit
1848 1131 2004 1175 unum,
2019 1117 2098 1162 sed
2114 1116 2231 1162 duo:

275 1184 382 1228 dicit
409 1185 529 1227 enim
558 1184 751 1242 August.
779 1184 825 1227 in
857 1198 891 1227 1.
920 1184 974 1227 de
1003 1183 1166 1228 Trinit.
1194 1186 1309 1244 (cap.
1332 1186 1421 1244 7.):
1453 1201 1475 1226 ε(
1505 1185 1626 1237 Quia
1654 1185 1803 1228 forma
1828 1185 1916 1229 Dei
1939 1185 2125 1243 accepit
2144 1183 2233 1228 fior·

275 1266 400 1295 mam
411 1251 541 1304 servi,
556 1261 797 1309 utrumque
813 1251 939 1294 Deus
956 1262 1137 1310 propter
1156 1253 1455 1311 accipientem
1473 1253 1640 1306 Deum,
1659 1262 1899 1311 utrumque
1923 1261 2075 1297 autem
2087 1251 2232 1296 homo

273 1329 455 1378 propter
472 1329 708 1377 acceptum
727 1318 967 1361 hominem
980 1333 1020 1366 »z
1039 1319 1117 1362 sed
1136 1330 1376 1378 utrumque
1394 1319 1483 1362 dici
1499 1333 1593 1362 non
1615 1328 1778 1378 potest,
1795 1319 1887 1362 nisi
1901 1319 1980 1362 ubi'
1993 1328 2098 1363 sunt
2114 1318 2231 1373 du03

274 1400 384 1444 crgo
414 1385 623 1429 Christus
652 1395 719 1429 est
745 1386 849 1429 duo.

343 1446 403 1496 ’2.
430 1453 727 1496 PRAETEREA.
756 1453 1047 1511 Ubicumque
1074 1463 1141 1497 est
1167 1452 1302 1507 aliud,
1335 1463 1379 1497 et
1412 1453 1547 1507 aliud,
1571 1454 1632 1497 ibi
1645 1462 1753 1497 sunt
1774 1453 1886 1497 duo:
1915 1453 1995 1498 sed
2023 1452 2231 1513 Christus

275 1530 341 1563 est
369 1520 504 1573 aliud,
533 1530 576 1563 et
603 1519 747 1563 aliud:
777 1520 885 1563 uicit
910 1520 1032 1563 enim
1058 1520 1250 1578 August.
1279 1520 1325 1563 in
1347 1520 1490 1563 Ench.
1519 1521 1631 1580 (cap.
1653 1534 1710 1580 35.
1737 1522 1781 1564 in
1806 1520 1961 1579 med.).·
1997 1535 2021 1562 «
2048 1518 2234 1564 Cumain

271 1587 421 1631 forma
446 1588 533 1630 Dei
561 1597 692 1641 esset,
723 1586 921 1630 formam
958 1587 1075 1630 servi
1112 1587 1300 1645 accepit,
1338 1597 1580 1646 utrumque
1616 1599 1746 1639 unus,
1783 1587 1861 1631 sed
1897 1586 2018 1631 aliud
2051 1596 2236 1646 propter

271 1655 475 1708 verbum,
505 1654 625 1697 aliud
652 1664 833 1713 propter
858 1654 1098 1698 hominem
1124 1670 1165 1708 »3
1190 1669 1299 1712 ergo
1329 1654 1536 1698 Christus
1560 1664 1626 1698 est
1652 1654 1756 1698 duo.

367 1737 402 1780 3.
430 1722 727 1766 PRAETEREA.
752 1721 959 1764 Christus
981 1735 1075 1764 non
1093 1731 1160 1765 est
1184 1731 1361 1764 tantum
1378 1722 1543 1765 homo:
1568 1721 1672 1780 quia
1689 1721 1754 1765 sic
1775 1733 1912 1780 purus
1929 1721 2074 1766 homo
2092 1726 2232 1767 esset:

274 1804 383 1847 ergo
412 1799 478 1833 est
505 1789 673 1847 aliquid
701 1788 836 1842 aliud,
865 1803 1001 1847 quam
1024 1789 1195 1843 homo3
1223 1799 1266 1832 et
1290 1789 1352 1833 ita
1378 1790 1424 1832 in
1444 1789 1629 1833 Christo
1647 1799 1714 1833 est
1736 1789 1872 1844 aliud,
1899 1798 1943 1833 et
1959 1788 2102 1834 aliud·
2090 1796 2245 1848 5612ng

274 1857 482 1900 Christus
511 1866 578 1900 est
603 1855 708 1899 duo.

361 1937 402 1978 4.
430 1924 728 1968 PRAETEREA.
757 1923 965 1967 Christus
992 1932 1059 1966 est
1085 1922 1252 1982 aliquid
1280 1923 1401 1982 quod
1420 1932 1487 1967 est
1502 1924 1649 1977 Pater,
1673 1933 1716 1967 et
1733 1931 1800 1967 est
1816 1922 1992 1985 aliquid
2001 1920 2127 1983 quod*
2137 1934 2245 1968 non·

275 2002 342 2035 est
368 1992 524 2043 Pater;
553 2005 662 2049 ergo
692 1990 900 2034 Christus
926 2000 992 2034 est
1015 1989 1198 2049 aliquid,
1227 2001 1271 2034 et
1297 1990 1490 2050 aliquid3
1514 2005 1622 2048 ergo
1651 1990 1860 2035 Christus
1885 1999 1954 2034 est
1978 1991 2084 2035 duo.

369 2072 404 2116 ς.
428 2059 724 2102 PRAETEREA.
754 2057 881 2101 Sicut
907 2059 951 2100 in
978 2058 1197 2116 mysterio
1226 2056 1460 2102 Trinitatis
1487 2067 1591 2102 sunt
1615 2067 1707 2102 tres
1733 2070 1955 2117 personae
1979 2059 2235 2102 inunum·
2258 2086 2260 2089 -

272 2135 394 2169 tura:
423 2125 485 2169 ita
506 2125 551 2168 in
580 2125 797 2184 mysterio
824 2125 1152 2168 Incarnationis
1189 2135 1293 2169 sunt
1325 2125 1441 2169 duae
1476 2135 1665 2169 naturae
1699 2126 1746 2168 in
1779 2139 1871 2168 una
1902 2135 2124 2184 personat
2153 2125 2232 2170 sed

272 2203 455 2252 propter
481 2192 700 2236 unitatem
727 2201 930 2245 naturae,
956 2206 1049 2235 non
1077 2193 1283 2236 obstante
1303 2188 1592 2236 distinctione
1614 2192 2016 2252 personae5Pater,
2035 2192 2234 2240 essFffius'

272 2270 376 2303 sunt
402 2273 558 2312 unum,
585 2258 836 2302 secundum
863 2258 972 2301 illud
990 2259 1120 2316 Joan.
1153 2273 1242 2304 10.:
1270 2261 1375 2318 Ego,
1399 2266 1437 2304 et
1467 2259 1593 2303 Pater
1622 2274 1752 2304 unum
1782 2272 1920 2304 sumus
1930 2274 1947 2312 ,·
1982 2254 2109 2318 ergo,j
2138 2270 2261 2303 non-'7

273 2328 480 2372 obstante
507 2326 676 2369 unitate
703 2339 940 2384 personae,
967 2336 1151 2385 propter
1172 2325 1436 2370 dualitatem
1458 2337 1722 2370 naturarum
1749 2327 1960 2371 Christus
1975 2335 2052 2372 ‘est
2072 2325 2183 2371 sduo.

362 2392 403 2438 6.
430 2394 727 2452 PRAETERIJA.
755 2392 927 2436 Philos.
955 2394 1097 2437 dicit
1087 2409 1134 2437 in
1165 2408 1202 2452 3.
1229 2394 1366 2452 Phys.
1398 2393 1496 2450 (tex.
1523 2395 1607 2452 18.)
1637 2394 1759 2453 quod
1786 2406 1945 2448 unum,
1963 2403 2020 2438 et
2035 2393 2139 2442 duo
2161 2393 2234 2438 de·

272 2461 555 2507 nominative
588 2461 817 2504 dicuntur:
845 2460 923 2504 sed
958 2459 1167 2504 Christus
1189 2461 1326 2504 habet
1352 2461 1618 2506 dualitatem
1643 2471 1932 2516 naturarum3
1960 2472 2074 2521 ergo
2098 2460 2244 2509 Chri·-v

273 2540 366 2574 stus
394 2539 461 2573 est
486 2528 591 2572 duo.

365 2610 403 2655 7.
432 2597 729 2640 PRAETEREA.
759 2594 886 2638 Sicut
910 2593 1059 2638 forma
1087 2594 1376 2639 accidentalis
1402 2595 1509 2639 facit
1536 2595 1742 2649 alterum,
1769 2595 1831 2639 ita
1856 2594 2007 2640 forma
2032 2559 2233 2640 substan-

273 2664 391 2709 tialis
419 2664 554 2717 aliud,
582 2673 630 2706 ut
654 2662 934 2720 Porphyrius
958 2662 1065 2705 dicit
1087 2662 1153 2719 (in
1180 2662 1368 2706 Praedia.
1406 2671 1495 2722 cap.
1531 2663 1578 2707 de
1612 2662 1810 2721 Differff)
1849 2662 1928 2707 sed
1963 2662 2010 2706 in
2044 2661 2230 2707 Christo

274 2742 378 2777 sunt
404 2732 519 2776 duae
546 2741 731 2774 naturae
758 2728 1089 2783 substantiales,
1116 2729 1318 2773 humana
1344 2729 1530 2784 scilicet,
1558 2739 1602 2774 et
1620 2730 1792 2773 divina·
1783 2743 1921 2789 ‚ergo
1939 2728 2150 2774 Christus
2164 2740 2233 2776 est

275 2799 410 2853 aliud,
437 2809 482 2844 et
508 2798 652 2852 aliud3
680 2811 789 2855 ergo
818 2796 1026 2840 Christus
1055 2804 1121 2839 est
1147 2796 1252 2840 duo.

294 2911 297 2914 Α
365 2866 459 2911 SED
494 2878 688 2910 CONTRA
722 2874 802 2917 est,
828 2864 950 2922 quod
978 2863 1162 2907 Boetius
1190 2863 1332 2906 dicit
1321 2878 1366 2906 m
1393 2863 1467 2906 lib.
1494 2863 1549 2907 de
1575 2863 1763 2907 Duabus
1783 2862 1969 2908 Naturis
1995 2862 2172 2923 simplic.
2194 2869 2233 2909 et

275 2935 345 2980 lib.
372 2934 418 2979 de
452 2935 563 2978 Unit.
591 2939 629 2978 et
662 2931 794 2989 Uno):
827 2947 849 2972 ι(
878 2930 1033 2975 Omne
1060 2930 1181 2989 quod
1210 2940 1290 2983 est,
1307 2930 1575 2989 inquantum
1595 2939 1676 2984 est,
1694 2944 1837 2975 unum
1854 2939 1977 2975 estn:
2000 2930 2086 2976 sed
2102 2929 2234 2980 Chri-

272 3011 393 3046 stum
411 3015 509 3045 esse
536 2998 830 3052 confitemur;
857 3012 967 3056 ergo
995 2997 1204 3042 Christus
1231 3007 1299 3041 est
1324 3011 1479 3040 unum.

361 3069 651 3113 RESPONDEO
687 3064 945 3118 dicendum,
978 3064 1099 3125 quod
1132 3074 1291 3108 natura
1324 3063 1575 3108 secundum
1608 3078 1656 3109 se
1688 3064 1988 3119 considerata,
2019 3073 2154 3123 prout
2182 3063 2231 3110 in

273 3137 499 3181 abstracto
526 3133 818 3193 significatur,
845 3147 938 3176 non
965 3146 1070 3176 vere
1097 3142 1246 3191 potest
1271 3131 1521 3190 praedicari
1546 3131 1601 3175 de
1628 3132 1878 3191 supposito,
1910 3146 1989 3177 seu
2022 3145 2232 3191 persona,

273 3204 358 3248 nisi
385 3206 431 3248 in
456 3203 576 3256 Deo,
603 3202 649 3245 in
676 3214 766 3260 quo
793 3213 887 3243 non
914 3198 1075 3252 differt,
1098 3199 1204 3257 quod
1230 3205 1298 3252 est,
1328 3208 1372 3242 et
1396 3213 1475 3257 quo
1497 3204 1565 3252 est,
1594 3199 1703 3242 utin
1720 3198 1867 3259 prima
1882 3207 2009 3258 parte
2025 3197 2231 3244 habitum

274 3282 340 3316 est
366 3272 426 3330 (q.
450 3286 484 3330 3.
514 3276 595 3315 art.
619 3284 654 3328 3.
681 3274 718 3313 et
739 3269 832 3326 4.)
858 3267 903 3311 in
932 3266 1117 3312 Christo
1145 3275 1297 3310 autem
1325 3279 1430 3308 cum
1457 3266 1544 3309 sint
1580 3266 1694 3310 duae
1728 3274 1931 3322 naturae,
1966 3263 2125 3310 divina
2146 3265 2235 3311 sch

272 3340 378 3383 licet
405 3348 448 3382 et
473 3338 689 3391 humana,
717 3334 856 3379 altera
882 3348 1054 3388 earum,
1081 3332 1254 3377 scilicet
1279 3332 1445 3386 divina,
1472 3342 1620 3391 potest
1652 3333 1707 3377 de
1740 3347 1796 3378 eo
1830 3327 2084 3411 praedicasti
2110 3340 2154 3378 et
2184 3328 2240 3378 itt-¹
2260 3343 2264 3349 ’·

274 3407 515 3459 abstracto,
543 3414 584 3449 et
612 3404 657 3448 in
686 3412 926 3447 concreto·
955 3401 1146 3445 dicimus
1173 3401 1309 3453 enim,
1337 3399 1457 3458 quod
1480 3399 1618 3444 Filius
1643 3400 1745 3454 Dei,
1778 3400 1856 3460 qui
1886 3399 2154 3462 supponitur
2182 3399 2236 3444 in

274 3474 365 3517 hoc
392 3472 581 3517 nomine
617 3471 818 3523 Christus,
848 3480 891 3513 et
917 3478 983 3513 est
1009 3468 1160 3511 divina
1186 3478 1359 3519 natura,
1388 3476 1431 3511 et
1457 3476 1522 3510 est
1548 3467 1697 3512 Deus·
1721 3467 1797 3512 sed
1833 3466 2053 3512 humm
2069 3476 2231 3512 nutura

273 3555 367 3584 non
394 3549 542 3599 potest
567 3537 818 3598 praedicari
844 3537 899 3580 de
923 3535 1106 3580 Christo
1134 3534 1383 3579 secundum
1407 3547 1454 3578 se
1470 3534 1516 3577 in
1535 3535 1774 3589 abstracto,
1791 3534 1871 3580 sed
1887 3530 2110 3581 soluffln
2126 3542 2232 3580 σοῦ·

276 3618 422 3662 cret0;
447 3616 579 3667 prout
608 3605 781 3650 scilicet
807 3602 1119 3663 significatur
1110 3617 1155 3646 m
1174 3601 1431 3661 supposito:
1449 3614 1541 3646 non
1560 3601 1681 3645 enim
1699 3615 1804 3647 vere
1821 3609 1971 3662 potest
1986 3591 2098 3656 dici,
2107 3599 2230 3662 quod
