2352 3926
614 243 893 292 Qufflsrto
933 240 1449 284 Lxx11.-·An·r1cut.us
1489 240 1566 280 111.
1963 226 2066 294 625

113 346 206 409 pali
230 357 393 407 agente
419 346 475 391 ad
502 344 739 401 effectum3
764 345 828 391 ita
853 345 992 390 etiam
1017 344 1208 390 materia
1229 342 1503 389 sacramenti
1525 341 1695 401 duplici
1711 340 2072 388 sanctificatione
2143 378 2148 382 .

114 414 299 472 indiget,
340 429 420 474 per
445 427 637 473 quarum
668 426 808 457 unam
843 412 894 457 fit
926 411 1107 471 propria
1140 413 1330 456 materia
1363 410 1650 464 sacramenti,
1682 423 1763 468 per
1799 408 1938 454 aliam
1963 422 2074 453 vero

116 480 366 542 applicatur
387 481 442 524 ad
470 479 696 524 effectum.

204 548 279 592 AD
305 560 521 592 TERTIUM
548 546 806 599 dicendum,
833 544 955 604 quod
982 544 1170 588 materia
1204 542 1453 602 corporalis
1485 557 1579 587 non
1611 553 1679 587 est
1711 556 1852 602 capax
1884 541 2071 602 gratiae,

116 614 246 674 quasi
277 614 448 673 gratiae
483 613 752 672 subJectum,
789 612 867 655 sed
903 611 1055 656 solum
1096 611 1213 654 sicut
1249 610 1420 668 gratiae
1460 610 1827 663 instrumentum,
1858 619 1907 654 ut
1939 621 2075 668 supra

115 680 289 725 dictum
315 690 382 724 est
409 679 466 738 (q.
500 680 569 724 62.
596 685 679 723 art.
706 694 740 723 r.
768 684 805 722 et
823 677 903 736 3.).·
938 687 982 721 et
1018 677 1074 720 ad
1100 677 1190 719 hoc
1229 676 1418 719 materia
1450 677 1724 720 sacramenti
1760 684 2068 728 consecratur,

114 746 189 792 vel
213 747 268 791 ab
294 748 394 807 ipso
422 745 622 799 Christo,
647 743 722 788 vel
743 744 797 788 ab
822 743 1056 802 episcopo,
1074 743 1151 802 qui
1177 742 1292 801 gerit
1313 743 1360 785 in
1382 742 1587 787 Ecclesia
1614 757 1859 802 personam
1888 742 2074 787 Christi.

811 886 1245 966 ARTICULUS
1285 903 1381 958 1v.
1983 932 2072 980 417

264 1042 457 1083 UTRUM
484 1040 631 1079 HAEC
659 1039 744 1078 SIT
770 1039 1116 1079 CONVENIENS
1142 1039 1171 1076 F
1176 1038 1329 1077 ORMA
1354 1038 1519 1092 HUJUS
1547 1039 1925 1079 SACRAMENTI:

590 1121 872 1161 CONSIGNO
900 1122 970 1160 TE
999 1121 1165 1160 SIGNO
1196 1120 1411 1171 CRUCIS,
1435 1120 1560 1158 ETC.

165 1232 297 1292 (Infr.
323 1246 362 1304 q..
388 1231 460 1287 84.
477 1237 558 1275 art.
581 1245 617 1289 3.
640 1237 752 1289 corp.
779 1236 816 1274 et
835 1243 878 1287 4.
907 1231 1018 1274 Dist.
1047 1243 1084 1289 7.
1112 1243 1150 1288 q.
1177 1244 1213 1274 r.
1240 1234 1321 1273 art.
1344 1243 1380 1287 3.
1408 1243 1445 1287 q.
1469 1243 1505 1286 3.
1531 1234 1568 1273 et
1593 1237 1727 1288 opusc.
1755 1243 1796 1277 2.
1825 1237 1914 1289 cap.
1945 1230 2023 1288 1.).

207 1342 283 1388 AD
300 1354 537 1393 QUARTUM
562 1342 629 1386 sic
649 1340 921 1399 proceditur.
939 1339 1144 1394 Videtur,
1163 1340 1284 1399 quod
1306 1339 1422 1383 haec
1445 1353 1541 1383 non
1557 1339 1614 1383 sit
1626 1340 1903 1384 conveniens
1928 1340 2077 1385 forma

116 1411 252 1470 hujus
284 1408 586 1454 sacramenti:
618 1423 641 1448 «
665 1408 903 1466 Consigno
929 1417 974 1452 te
1001 1407 1132 1465 signo
1161 1406 1320 1460 crucis,
1348 1416 1392 1450 et
1418 1406 1643 1450 confirmo
1669 1416 1713 1450 te
1741 1407 1986 1452 chrismate
2013 1423 2080 1452 sa-

116 1477 237 1532 lutis,
261 1477 309 1521 in
333 1477 522 1520 nomine
547 1475 707 1529 Patris,
734 1484 778 1519 et
819 1474 932 1531 Filii,
961 1484 1004 1518 et
1033 1474 1238 1532 Spiritus
1272 1473 1442 1528 Sancti,
1476 1487 1610 1517 amen
1633 1490 1683 1528 »;
1717 1488 1824 1518 usus
1857 1475 1980 1518 enim
2012 1489 2079 1519 sa-

118 1553 458 1589 cramentorum
485 1557 511 1586 a
538 1541 740 1595 Christo,
767 1551 811 1586 et
837 1542 890 1585 ab
919 1540 1137 1600 apostolis
1164 1541 1409 1584 derivatur:
1443 1540 1522 1584 sed
1543 1554 1692 1599 neque
1725 1540 1934 1585 Christus
1956 1542 2076 1586 hanc

115 1611 313 1656 formam
338 1610 542 1663 instituit,
559 1623 642 1652 nec
661 1607 857 1667 apostoli
884 1622 938 1652 ea
962 1608 1033 1652 usi
1058 1606 1292 1666 leguntur3
1315 1621 1424 1665 ergo
1448 1607 1563 1651 haec
1584 1621 1682 1651 non
1709 1616 1774 1651 est
1795 1609 2076 1653 conveniens

118 1678 269 1723 forma
294 1677 429 1735 hujus
455 1675 741 1720 sacramenti.
1490 1677 1492 1679 '

210 1757 251 1788 2.
277 1744 573 1788 PRAETEREA.
607 1742 735 1786 Sicut
760 1750 1097 1785 sacramentum
1136 1750 1203 1785 est
1233 1740 1356 1784 idem
1388 1740 1506 1800 apud
1539 1754 1716 1794 omnes,
1752 1741 1815 1785 ita
1851 1752 1895 1786 et
1928 1742 2079 1787 forma

120 1810 253 1855 debet
269 1823 367 1855 esse
383 1810 566 1863 eadem;
589 1809 694 1867 quia
711 1807 938 1867 quaelibet
954 1822 1024 1851 res
1040 1807 1177 1851 habet
1193 1807 1429 1861 unitatem,
1448 1807 1564 1851 sicut
1581 1818 1625 1851 et
1642 1821 1739 1852 esse
1759 1823 1783 1851 a
1806 1823 1886 1852 sua
1903 1809 2078 1855 forma:

120 1877 199 1923 sed
225 1877 312 1921 hac
333 1875 482 1920 forma
502 1890 597 1919 non
624 1889 784 1919 omnes
802 1884 999 1927 utuntur,
1018 1874 1203 1933 quidam
1227 1874 1350 1917 enim
1374 1874 1546 1918 dicunt:
1579 1890 1601 1915 «
1620 1874 1860 1919 Confirmo
1886 1886 1930 1920 te
1963 1877 2080 1921 chri-

121 1953 266 1989 smate
279 1942 649 1988 sanctificationis
667 1959 689 1984 >³
702 1958 714 1996 ;
729 1955 839 1999 ergo
854 1942 969 1985 haec
986 1955 1081 1985 non
1099 1951 1166 1985 est
1184 1941 1461 1985 conveniens
1477 1940 1627 1984 forma
1641 1942 1774 1999 hujus
1791 1945 2079 1989 sacramenti.

217 2025 256 2070 3.
281 2009 579 2055 PRAETEREA.
613 2009 963 2053 Sacramentum
995 2008 1086 2052 hoc
1119 2008 1251 2052 debet
1278 2007 1557 2052 conformari
1582 2009 1823 2067 baptismo,
1846 2010 1961 2054 sicut
1986 2026 2082 2070 per·

118 2077 259 2123 sectio
284 2076 566 2137 perfectibili,
593 2086 642 2139 ut
666 2090 800 2134 supra
819 2075 991 2119 dictum
1009 2085 1076 2119 est
1093 2074 1195 2132 (art.
1218 2090 1258 2119 2.
1277 2075 1362 2132 huj.
1386 2090 1425 2133 q.
1444 2090 1533 2133 arg.
1551 2076 1614 2132 2.)
1629 2092 1644 2118 :
1671 2076 1749 2120 sed
1772 2077 1816 2119 in
1839 2076 1987 2121 forma
2003 2078 2080 2121 ba-

120 2144 276 2205 ptismi
294 2157 389 2188 non
401 2142 451 2187 fit
466 2142 640 2187 mentio
658 2142 714 2186 de
733 2141 1080 2200 consignatione
1104 2142 1392 2196 characteris,
1410 2156 1494 2186 nec
1514 2142 1651 2186 etiam
1674 2143 1728 2185 de
1747 2157 1881 2188 cruce
1910 2143 2081 2189 Christi

122 2212 253 2268 (cum
277 2220 432 2255 tamen
458 2223 537 2269 per
561 2209 841 2267 baptismum
866 2208 1011 2252 homo
1040 2207 1226 2252 Christo
1249 2209 1596 2263 commoriatur,
1622 2219 1670 2252 ut
1702 2210 1952 2267 Apostolus
1975 2211 2084 2255 dicit

122 2277 260 2322 Rom.
292 2274 384 2334 6.);
408 2290 494 2320 nec
521 2276 660 2320 etiam
687 2275 736 2319 fit
761 2275 936 2319 mentio
969 2275 1024 2319 de
1051 2274 1214 2319 effectu
1240 2274 1411 2330 salutis,
1439 2290 1545 2319 cum
1570 2285 1724 2320 tamen
1750 2277 1999 2336 baptismus
2024 2278 2084 2322 sit

122 2344 179 2389 de
204 2345 471 2389 necessitate
498 2342 677 2387 salutis:
703 2342 751 2386 in
777 2341 927 2385 forma
959 2342 1097 2386 etiam
1129 2342 1342 2401 baptismi
1373 2343 1556 2401 ponitur
1591 2357 1706 2386 unus
1734 2354 1860 2388 actus
1886 2355 2078 2398 tantum,

123 2421 169 2457 et
180 2410 444 2470 exprimitur
454 2423 648 2469 persona
665 2408 947 2468 baptizantis,
970 2422 1076 2452 cum
1094 2408 1269 2453 dicitur:
1290 2408 1423 2467 «Ego
1445 2419 1489 2453 te
1511 2409 1744 2468 baptizo»,
1768 2411 1895 2468 cujus
1908 2421 2083 2456 contra-

122 2477 241 2522 rium
268 2487 453 2537 apparet
477 2476 524 2520 in
549 2475 699 2520 forma
724 2475 981 2534 praedicta;
1007 2489 1101 2519 non
1128 2489 1239 2534 ergo
1273 2485 1341 2520 est
1372 2477 1649 2520 conveniens
1680 2476 1830 2521 forma
1855 2478 1988 2537 hujus
2014 2492 2080 2523 sa·

125 2543 362 2589 eramenti.

215 2609 310 2655 SED
333 2621 528 2655 CONTRA
551 2618 619 2654 est
645 2608 890 2653 auctoritas
916 2607 1164 2662 Ecclesiae,
1191 2623 1306 2667 quae
1323 2609 1410 2652 hac
1428 2607 1578 2653 forma
1601 2611 1908 2655 communiter
1929 2611 2080 2656 utitur.

213 2677 502 2721 RESPONDEO
529 2675 788 2729 dicendum,
815 2674 937 2734 quod
963 2675 1192 2735 praedicta
1223 2676 1373 2719 forma
1396 2686 1464 2720 est
1495 2678 1772 2721 conveniens
1801 2677 1907 2721 huic
1935 2692 2085 2722 sacra-

126 2753 300 2788 mento.
324 2742 452 2786 Sicut
478 2742 602 2786 enim
622 2741 771 2786 forma
792 2742 856 2786 rei
878 2741 1095 2786 naturalis
1122 2743 1196 2787 dat
1223 2743 1265 2787 ei
1290 2744 1507 2802 speciem,
1543 2744 1604 2789 ita
1629 2744 1778 2789 forma
1805 2746 2080 2790 sacramenti

126 2809 360 2855 continere
377 2807 509 2852 debet
525 2808 740 2867 quidquid
754 2810 946 2867 pertinet
958 2809 1013 2852 ad
1026 2809 1230 2867 speciem
1243 2811 1528 2855 sacramenti.
1546 2811 1674 2856 Sicut
1700 2822 1852 2856 autem
1867 2826 1919 2856 ex
1932 2827 2083 2871 supra-

126 2876 256 2922 dictis
281 2884 406 2935 patet
432 2874 534 2930 (art.
559 2889 595 2920 ι.
612 2875 700 2933 huj.
717 2890 754 2933 q.
754 2875 795 2932 )‚
813 2875 859 2918 in
875 2875 966 2919 hoc
983 2886 1272 2921 sacramento
1295 2877 1425 2921 datur
1443 2878 1635 2937 Spiritus
1654 2879 1847 2923 Sanctus
1871 2879 1926 2923 ad
1943 2879 2081 2923 robur

125 2940 368 3003 spiritualis
393 2954 587 3000 pugnae.
613 2939 669 2984 Et
692 2940 797 2985 ideo
822 2941 869 2989 in
890 2941 982 2986 hoc
999 2954 1286 2988 sacramento
1310 2946 1395 2988 tria
1415 2954 1520 2988 sunt
1544 2946 1814 2998 necessaria,
1838 2959 1954 3004 quae
1977 2959 2082 2990 con-

126 3010 325 3055 tinentur
355 3007 402 3051 in
426 3006 576 3051 forma
606 3007 862 3065 praedicta3
893 3021 1088 3066 quorum
1115 3012 1308 3069 primum
1346 3021 1411 3054 est
1446 3025 1582 3055 causa
1615 3011 1853 3055 conferens
1893 3011 2082 3070 plenitu-

127 3077 282 3121 dinem
307 3074 483 3119 roboris
509 3072 765 3132 spiritualis,
805 3087 922 3133 quae
958 3084 1027 3119 est
1061 3086 1218 3120 sancta
1255 3075 1470 3131 Trinitas,
1514 3090 1629 3136 quae
1666 3078 1942 3136 exprimitur,
1976 3093 2082 3123 cum

127 3143 303 3187 dicitur:
324 3142 411 3184 «In
427 3140 616 3184 nomine
631 3140 777 3184 Patris
789 3157 831 3194 n,
844 3141 1175 3187 etc.:secundum
1193 3153 1261 3188 est
1276 3144 1426 3203 ipsum
1442 3145 1578 3188 robur
1596 3144 1839 3203 spirituale,
1858 3145 1981 3204 quod
2002 3145 2083 3190 ho-

128 3209 242 3254 mini
267 3207 496 3253 confertur
521 3220 601 3265 per
626 3216 963 3251 sacramentum
986 3209 1203 3254 materiae
1224 3210 1426 3264 visibilis,
1445 3210 1500 3254 ad
1518 3209 1732 3264 salutem3
1756 3211 1877 3270 quod
1895 3212 2081 3270 quidem

126 3275 340 3335 tangitur,
366 3288 472 3318 cum
498 3273 679 3317 dicitur:
710 3289 733 3315 «
752 3271 991 3318 Confirmo
1016 3283 1061 3319 te
1088 3275 1331 3321 chrismate
1358 3276 1514 3321 salutis
1533 3292 1582 3331 »3
1606 3278 1773 3322 tertium
1796 3288 1864 3322 est
1884 3278 2082 3337 signum,

128 3342 251 3402 quod
276 3340 519 3401 pugnatori
544 3339 687 3393 datur,
724 3339 841 3383 sicut
865 3349 917 3384 et-
944 3339 990 3384 in
1011 3355 1163 3400 pugna
1201 3342 1428 3402 corporali
1465 3342 1630 3387 milites
1671 3343 1876 3402 insigniis
1913 3345 2082 3390 ducum

129 3408 451 3467 insigniuntur;
478 3416 523 3451 et
544 3414 764 3465 quantum
791 3405 846 3450 ad
863 3405 954 3451 hoc
977 3407 1162 3454 dicitur:
1190 3425 1213 3450 α
1232 3409 1470 3467 Consigno
1488 3420 1531 3453 te
1549 3409 1680 3468 signo
1700 3411 1845 3455 crucis
1867 3427 1909 3466 n,
1925 3411 1972 3455 in
1990 3426 2080 3471 quo

129 3474 304 3520 scilicet
327 3474 424 3519 Rex
449 3483 603 3518 noster
627 3472 937 3530 triumphavit,
963 3483 1012 3518 ut
1037 3473 1199 3521 dicitur
1226 3475 1407 3520 Coloss.
1436 3489 1475 3519 2.

219 3541 296 3587 AD
320 3553 509 3586 ramum
541 3550 651 3598 ergo
677 3537 935 3593 dicendum,
957 3540 1095 3599 quod,
1120 3542 1236 3587 sicut
1261 3557 1396 3602 supra
1422 3542 1595 3587 dictum
1621 3552 1689 3587 est
1720 3543 1822 3601 (art.
1856 3559 1895 3590 2.
1923 3545 2009 3605 huj.
2043 3562 2082 3606 q.

131 3607 199 3654 ad.
219 3607 296 3666 1.),
322 3620 402 3667 per
426 3605 730 3652 ministerium
762 3604 1079 3665 apostolorum
1109 3609 1384 3669 quandoque
1417 3608 1606 3654 dabatur
1631 3609 1820 3656 effectus
1851 3611 1986 3670 hujus
2017 3613 2084 3658 sa-

309 3709 344 3744 S.
371 3709 526 3745 Tnonn
552 3708 684 3743 Summa
715 3707 918 3754 muge«.
942 3707 1024 3744 vot.
1050 3708 1112 3745 1v.
1864 3725 1908 3759 40
