2352 3926
296 217 406 286 516
850 228 1129 275 QUAESTIO
1171 229 1299 268 an.
1342 229 1650 269 ARTICULUS
1688 229 1724 269 1.

291 333 449 388 menti,
475 332 747 391 inquantum
768 331 1035 375 ordinantur
1056 331 1112 376 ad
1136 330 1306 390 aliquid
1323 345 1519 386 sacrum,
1535 345 1632 376 non
1648 330 1801 376 solum
1821 345 1901 392 per
1916 332 2108 378 modum
2123 331 2256 393 signi,

293 400 371 444 sed
406 400 544 443 etiam
571 413 650 457 per
677 398 869 442 modum
898 411 1076 442 causae.
1948 419 1952 422 ·
2135 431 2138 434 -

383 467 459 510 AD
488 478 748 510 SECUNDUM
777 465 1019 508 dicendum
1025 464 1176 524 ,quod
1197 465 1551 509 instrumentum
1575 465 1715 509 habet
1738 465 1840 510 duas
1865 450 2097 512 actiones:
2126 480 2256 522 unam

290 532 700 585 instrumentalem,
727 531 982 575 secundum
1009 546 1147 590 quam
1175 542 1388 590 operatur
1413 532 1568 576 nonin
1594 534 1758 576 virtute
1784 533 1980 592 propria,
2006 533 2150 579 sedin
2173 533 2258 581 vir-

291 610 385 644 tute
412 598 673 657 principalis
693 598 894 657 agentis:
922 599 1054 643 aliam
1073 609 1226 643 autem
1239 599 1378 644 habet
1395 600 1625 643 actionem
1642 599 1888 658 propriam,
1905 613 2021 659 quae
2040 601 2278 660 competit*
2343 598 2345 600 ’

292 667 373 710 sibi
401 666 653 710 secundum
679 666 913 724 propriam
937 665 1158 722 formam;
1181 667 1298 710 sicut
1318 667 1466 710 securi
1492 667 1712 725 competit
1733 666 1939 712 scindere
1955 667 2132 712 ratione
2148 680 2258 712 suae

293 734 514 787 acuitatis,
542 732 692 777 facere
720 744 872 778 autem
889 733 1073 788 lectum,
1090 735 1360 794 inquantum
1384 744 1451 778 est
1472 734 1823 778 instrumentum
1840 734 1974 779 artis:
1991 748 2085 779 non
2102 743 2257 779 autem

292 801 468 860 perficit
491 800 889 845 instrumentalem
923 803 1167 856 actionem,
1193 802 1280 845 nisi
1306 801 1561 845 exercendo
1597 801 1825 845 actionem
1863 800 2260 860 propriamz'scin-

291 868 443 912 dendo
471 868 595 912 enim
621 867 730 912 facit
754 868 940 912 lectum.
977 868 1034 913 Et
1075 868 1283 914 similiter
1319 878 1606 913 sacramenta
1638 868 1895 927 corporalia
1920 882 2001 928 per
2025 868 2258 927 propriam

293 935 623 995 operationem,
652 950 789 994 quam
817 946 1028 980 exercent
1055 937 1177 990 circa
1203 951 1382 995 corpus,
1415 935 1537 995 quod
1569 946 1775 994 tangunt,
1803 935 2006 980 efficiunt
2036 935 2258 996 operatio-

290 1017 398 1047 nem
435 1002 832 1047 instrumentalem
869 1018 923 1047 ex
958 1003 1123 1048 virtute
1149 1004 1301 1047 divina
1328 1004 1450 1048 circa
1478 1003 1706 1047 animam:
1737 1003 1855 1047 sicut
1892 1017 2008 1062 aqua
2038 1001 2256 1062 baptismi

292 1069 520 1114 abluendo
556 1083 722 1129 corpus
755 1069 1010 1114 secundum
1041 1070 1273 1130 propriam
1303 1070 1519 1114 virtutem
1560 1069 1702 1114 abluit
1737 1071 1953 1126 animam,
1985 1070 2254 1130 inquantum

291 1146 359 1181 est
384 1138 736 1181 instrumentum
760 1137 936 1181 virtutis
973 1137 1168 1192 divinae,
1206 1151 1315 1181 nam
1357 1152 1412 1182 ex
1446 1139 1612 1192 anima,
1641 1148 1683 1181 et
1711 1151 1904 1196 corpore
1930 1151 2075 1182 unum
2106 1136 2168 1182 fit.
2200 1135 2258 1181 Et

290 1204 381 1248 hoc
416 1214 484 1248 est
516 1204 638 1263 quod
670 1203 953 1263 Augustinus
987 1204 1094 1248 dicit
1121 1205 1219 1261 (loc.
1251 1212 1339 1264 sup.
1373 1205 1479 1262 cit),
1514 1204 1637 1263 quod
1671 1219 1879 1264 «corpus
1911 1204 2070 1264 tangit,
2102 1212 2147 1249 et
2179 1218 2258 1248 cor

294 1271 493 1316 abluit».

381 1338 458 1383 AD
503 1351 720 1383 TERTmM
762 1337 1022 1393 dicendum,
1048 1338 1170 1398 quod
1197 1338 1312 1383 ratio
1345 1337 1425 1382 illa
1450 1338 1658 1397 procedit
1683 1339 1738 1383 de
1771 1353 1843 1394 eo,
1875 1338 2000 1398 quod
2025 1348 2094 1384 est
2118 1352 2257 1384 causa

291 1406 463 1464 gratiae
489 1420 568 1465 per
594 1406 786 1450 modum
802 1405 1063 1465 principalis
1086 1406 1288 1465 agentis;
1307 1406 1398 1450 hoc
1417 1406 1540 1450 enim
1559 1415 1628 1451 est
1647 1406 1884 1466 proprium
1905 1406 2009 1461 Dei,
2025 1415 2076 1451 ut
2086 1406 2258 1452 dictum

294 1482 362 1518 est
387 1473 454 1532 (in
477 1481 589 1532 corp.
616 1474 736 1532 art).

1011 1614 1447 1672 ARTICULUS
1491 1615 1562 1671 ΙΙ.
2172 1642 2258 1691 339

345 1734 592 1775 UTRUM
634 1735 911 1774 GRATIA
959 1736 1553 1775 SACRAMENTALIS
1595 1712 2201 1782 AL1QtJ1DJADn'AT

668 1812 836 1850 SUPER
870 1812 1116 1850 GRATIAM
1153 1812 1460 1862 VIRTUTUM,
1494 1812 1565 1850 ET
1594 1811 1882 1851 DoNORUM.

591 1907 722 1966 (Infr.
749 1922 787 1966 q.
815 1921 882 1966 72.
910 1914 990 1952 art.
1021 1921 1059 1966 7.
1087 1907 1140 1951 ad
1165 1923 1205 1952 2.
1233 1914 1271 1952 et
1294 1921 1337 1964 4.
1360 1908 1470 1952 Dist.
1495 1921 1533 1967 7.
1561 1923 1599 1966 q.
1627 1922 1666 1952 2.
1694 1913 1775 1953 art.
1800 1922 1836 1952 1.
1863 1922 1901 1966 q.
1920 1921 1957 1966 3.

916 1981 953 2019 εἰ
978 1976 1087 2019 Dist.
1114 1988 1176 2034 17.
1205 1990 1243 2034 q.
1269 1991 1304 2019 I.
1332 1980 1412 2020 art.
1439 1988 1481 2032 4.
1509 1990 1547 2033 q.
1570 1976 1641 2033 5.).

379 2080 456 2124 AD
489 2093 750 2125 SECUNDUM
782 2080 846 2124 sic
888 2081 1161 2138 proceditur.
1193 2079 1400 2134 Videtur,
1442 2080 1565 2139 quod
1598 2080 1743 2139 gratia
1780 2078 2124 2125 sacramentalis
2161 2094 2257 2125 non

293 2147 428 2191 addat
455 2146 625 2206 aliquid
651 2162 786 2206 super
812 2148 1005 2206 gratiam
1026 2148 1259 2202 virtutum,
1288 2158 1332 2192 et
1357 2148 1605 2194 donorum:
1633 2162 1713 2207 per
1745 2147 1939 2207 gratiam
1971 2148 2096 2193 enim
2119 2147 2258 2193 virtu·

239 2226 242 2229 '
291 2225 405 2269 tum,
433 2225 477 2259 et
503 2215 731 2259 donorum
757 2215 986 2274 perficitur
1013 2216 1166 2259 anima
1192 2214 1483 2271 sufficienter,
1506 2225 1551 2260 et
1576 2225 1797 2274 quantum
1819 2214 1876 2259 ad
1898 2215 2143 2260 essentiam
2168 2214 2259 2260 ani-

293 2296 411 2337 mae,
454 2292 498 2326 et
539 2291 759 2341 quantum
793 2283 847 2326 ad
879 2283 1106 2342 potentias
1134 2284 1245 2342 ejus,
1278 2292 1327 2326 ut
1366 2292 1491 2342 patet
1527 2296 1581 2327 ex
1609 2282 1680 2327 his
1722 2296 1838 2342 quae
1871 2282 1919 2326 in
1941 2295 1982 2326 2.
2010 2282 2260 2337 dictasunt

293 2349 464 2407 (1-2.1q.
505 2364 593 2395 110.
632 2356 712 2394 art.
733 2365 770 2409 3.
813 2356 848 2394 et
869 2350 962 2407 4.):
1007 2350 1085 2394 sed
1118 2350 1264 2408 gratia
1304 2350 1538 2394 ordinatur
1579 2350 1635 2394 ad
1677 2350 1857 2394 animae
1903 2348 2256 2408 perfectionem3

294 2430 403 2475 ergo
431 2416 575 2475 gratia
601 2417 942 2462 sacramentalis
959 2431 1054 2461 non
1075 2427 1227 2476 potest
1252 2416 1421 2477 aliquid
1449 2417 1614 2462 addere
1640 2431 1777 2476 super
1801 2416 1998 2476 gratiam
2022 2418 2256 2472 virtutum,

294 2494 337 2528 et
365 2483 608 2527 donorum.

382 2563 421 2595 2.
440 2550 737 2595 PRAETEREA.
755 2550 972 2595 Defectus
1000 2552 1180 2596 animae
1204 2566 1257 2596 ex
1278 2552 1477 2612 peccatis
1506 2561 1772 2598 causantur:
1795 2551 1875 2596 sed
1893 2551 2050 2597 omnia
2066 2562 2256 2611 peccata

290 2616 566 2662 sufficienter
592 2617 890 2662 excluduntur
916 2634 994 2676 per
1021 2620 1215 2678 gratiam
1241 2620 1476 2674 virtutum,
1503 2629 1548 2664 et
1573 2619 1826 2664 donorum:
1854 2618 1961 2679 quia
1984 2618 2163 2664 nullum
2188 2628 2257 2664 est

290 2695 547 2745 peccatum,
580 2685 702 2743 quod
734 2700 828 2729 non
862 2687 1161 2730 contrarietur
1194 2687 1331 2731 alicui
1361 2687 1539 2742 virtuti3
1573 2686 1718 2746 gratia
1751 2700 1862 2745 ergo
1894 2685 2255 2741 sacramentalis,

291 2767 398 2798 cum
425 2753 657 2796 ordinetur
675 2752 729 2796 ad
748 2752 948 2796 defectus
977 2754 1156 2798 animae
1181 2754 1426 2809 tollendos,
1449 2768 1544 2799 non
1566 2762 1716 2814 potest
1737 2752 1907 2813 aliquid
1933 2753 2098 2803 addere
2119 2766 2255 2813 super

290 2819 485 2879 gratiam
511 2820 743 2874 virtutum,
772 2829 815 2863 et
842 2820 1086 2864 donorum.

385 2903 421 2947 3.
449 2888 746 2933 PRAETEREA.
777 2887 944 2932 Omnis
972 2888 1157 2943 additio,
1174 2888 1248 2933 vel
1269 2889 1516 2933 subtractio
1543 2889 1589 2933 in
1615 2887 1776 2933 formis
1801 2887 1947 2933 variat
1971 2887 2254 2948 speciem,ut

289 2955 453 2999 dicitur
479 2955 519 2999 8.
548 2955 902 3014 Metaphysicor.
931 2957 1030 3011 (tex.
1056 2971 1119 3001 10.
1120 2956 1163 3013 ):
1188 2957 1223 3000 si
1246 2971 1356 3015 ergo
1382 2957 1525 3015 gratia
1552 2954 1898 3001 sacramentalis
1922 2955 2059 3001 addat
2082 2954 2253 3015 aliquid

290 3037 425 3082 super
458 3022 652 3081 gratiam
678 3022 912 3076 virtutum,
940 3032 983 3066 et
1010 3022 1252 3077 donorum,
1286 3024 1487 3082 sequitur
1519 3023 1641 3082 quod
1677 3024 1928 3082 aequivoce
1955 3022 2132 3067 dicatur
2155 3035 2255 3081 gra-

288 3091 374 3135 tia:
403 3100 447 3134 et
473 3090 536 3133 sic
563 3088 678 3132 nihil
710 3099 885 3134 certum
916 3089 1047 3133 nobis
1081 3091 1333 3134 ostenditur
1366 3106 1419 3135 ex
1451 3091 1558 3145 hoc,
1584 3090 1708 3150 quod
1733 3099 2019 3136 sacramenta
2045 3089 2254 3135 dicuntur

289 3158 482 3217 gratiam
514 3171 714 3201 causare.

380 3225 474 3269 SED
513 3237 709 3269 CONTRA
737 3234 816 3279 est,
853 3223 974 3283 quod
1006 3224 1044 3267 si
1072 3224 1214 3282 gratia
1249 3224 1591 3270 sacramentalis
1624 3238 1718 3269 non
1753 3224 1877 3270 addit
1917 3223 2087 3284 aliquid
2118 3236 2254 3283 super

291 3293 487 3351 gratiam
528 3291 772 3346 donorum,
805 3301 850 3336 et
880 3291 1113 3344 virtutum,
1146 3290 1307 3335 frustra
1340 3303 1626 3337 sacramenta
1658 3291 1929 3337 habentibus
1964 3302 2010 3338 et
2040 3291 2176 3346 dona,
2208 3300 2254 3337 et

287 3360 475 3404 virtutes
504 3358 838 3404 conferrentur:
865 3359 911 3402 in
939 3358 1152 3417 operibus
1178 3368 1329 3403 autem
1356 3360 1444 3403 Dei
1470 3359 1584 3403 nihil
1612 3369 1680 3404 est
1704 3358 1891 3414 frustra3
1925 3372 2036 3418 ergo
2061 3358 2251 3413 videtur,

289 3428 411 3486 quod
454 3426 599 3486 gratia
644 3424 988 3471 sacramentalis
1030 3424 1198 3484 aliquid
1241 3426 1375 3470 addat
1415 3441 1550 3484 super
1590 3426 1785 3485 gratiam
1820 3426 2055 3480 virtutum,
2095 3434 2141 3471 et
2174 3424 2252 3472 do-

287 3509 469 3539 norum.

376 3561 667 3606 RESPONDEO
694 3560 954 3615 dicendum,
973 3559 1109 3620 quod,
1122 3558 1239 3603 sicut
1264 3558 1310 3602 in
1329 3572 1369 3604 2.
1384 3559 1556 3604 dictum
1576 3570 1642 3605 est
1659 3560 1719 3619 (1-
1720 3575 1759 3606 2.
1778 3575 1818 3620 q.
1835 3574 1924 3606 110.
1942 3564 2024 3605 art.
2044 3573 2083 3619 3.
2104 3563 2144 3605 et
2165 3556 2247 3616 4),

285 3628 430 3688 gratia
457 3628 710 3674 secundum
744 3642 792 3673 se
826 3626 1112 3674 considerata
1151 3625 1328 3686 perficit
1354 3627 1599 3672 essentiam
1632 3626 1828 3682 animae,
1854 3627 2122 3686 inquantum
2153 3636 2250 3685 pas?-
