2352 3926
279 253 385 309 370
817 250 1097 296 QUAESTIO
1138 250 1283 289 XLIV.
1326 249 1634 290 ARTICULUS
1673 250 1730 289 11.

276 369 429 400 rursus
454 354 651 398 vidimus
676 367 772 397 non
798 367 852 397 ex
877 352 1045 398 eodem
1062 370 1086 396 »
1105 353 1222 399 idest
1237 367 1331 398 non
1354 367 1409 397 ex
1430 352 1593 398 eadem
1613 363 1739 412 parte
1754 352 1866 400 solis
1885 371 1910 398 «
1929 364 1974 400 et
1998 355 2243 411 defectum,

278 433 324 468 et
348 421 683 482 purgationem,
710 419 789 464 sed
817 434 840 464 e
868 433 1092 464 converso
1115 420 1368 471 secundum
1395 420 1671 464 diametrum
1695 420 1866 466 factam
1890 439 1932 469 1),

370 489 596 541 Quintum
614 486 888 531 miraculum
907 487 1030 531 addit
1047 487 1286 547 Chrysost.
1306 502 1441 545 super
1453 487 1613 531 Matth.
1629 488 1763 545 (hom.
1780 489 1852 548 89.
1866 497 2023 550 parum
2041 504 2067 535 a
2078 491 2206 551 prmc
2209 490 2244 548 .)

277 557 447 609 dicens,
476 556 597 614 quod
628 572 651 597 «
677 555 817 599 tribus
844 555 969 599 horis
1002 565 1110 600 tunc
1142 555 1354 599 tenebrae
1386 565 1747 614 permanserunt,
1781 569 1885 600 cum
1919 556 2102 615 eclipsis
2131 557 2244 611 solis

275 624 322 667 in
348 633 588 667 momento
615 632 919 680 pertranseat3
947 636 1041 666 non
1069 623 1191 667 enim
1214 623 1350 667 habet
1377 636 1573 676 moram,
1595 632 1644 666 ut
1669 622 1819 667 sciunt
1842 622 1912 668 1111
1933 626 2014 682 qui
2040 625 2245 671 conside-

276 700 490 734 raverunt
515 706 564 744 »3
592 690 711 733 unde
739 691 870 733 datur
894 689 1102 748 intelligi,
1130 690 1252 748 quod
1279 690 1387 734 luna
1413 690 1635 748 quieverit
1659 690 1740 734 sub
1768 689 1891 744 sole3
1917 691 2004 735 nisi
2028 690 2146 741 forte
2170 706 2244 737 ve-

275 758 413 802 limus
441 757 604 810 dicere,
639 758 761 815 quod
788 767 969 815 tempus
993 757 1285 801 tenebrarum
1319 766 1609 815 computatur
1646 756 1699 800 ab
1734 757 1934 811 instanti,
1960 772 2052 817 quo
2083 757 2156 803 sol
2178 758 2245 803 111-

278 825 397 883 cepit
423 824 671 877 obscurari,
700 838 842 882 usque
871 825 926 868 ad
953 826 1138 878 instans,
1164 824 1210 867 in
1237 839 1328 883 quo
1356 824 1556 867 totaliter
1583 824 1667 867 fuit
1691 835 1983 883 repurgatus;
2009 826 2103 879 sed,
2129 827 2246 870 sicut

278 892 409 950 Orig.
438 891 547 935 dicit
573 905 709 950 super
733 891 895 935 Matth.
923 891 1021 948 (loc.
1048 899 1136 950 sup.
1164 893 1272 949 cit),
1303 908 1327 933 <c
1356 891 1569 934 adversus
1596 891 1686 934 hoc
1720 890 1801 934 filii
1827 891 1999 936 saeculi
2025 892 2159 950 hujus
2184 892 2246 937 di-

277 968 405 1003 cunt:
433 958 671 1017 quomodo
698 958 787 1002 hoc
815 957 988 1002 factum
1013 968 1109 1002 tam
1133 957 1336 1001 mirabile
1358 972 1497 1002 nemo
1519 957 1818 1013 Graecorum,
1842 969 1918 1002 aut
1939 959 2243 1003 Barbarorum

274 1026 485 1084 scripsit?
515 1042 538 1067 »
564 1025 621 1069 Et
646 1025 768 1078 dicit,
787 1025 909 1083 quod
938 1025 1137 1083 quidam,
1157 1025 1345 1069 nomine
1363 1024 1588 1082 Phlegon,
1607 1025 1654 1068 in
1674 1025 1920 1069 Chronicis
1938 1026 2030 1070 suis
2052 1026 2242 1086 scripsit,

274 1094 366 1137 hoc
393 1094 439 1136 in
465 1093 719 1152 principatu
749 1091 921 1136 Tiberii
949 1092 1159 1136 Caesaris
1186 1091 1374 1145 factum,
1402 1092 1480 1136 sed
1514 1106 1607 1135 non
1641 1092 1851 1150 signavit,
1884 1094 2007 1152 quod
2037 1093 2172 1139 fuerit
2195 1094 2243 1138 in

274 1160 382 1204 luna
409 1160 567 1219 piena;
594 1160 742 1219 potuit
764 1174 873 1218 ergo
900 1160 990 1203 hoc
1020 1160 1301 1218 contingere,
1324 1160 1429 1218 quia
1463 1158 1683 1216 astrologi
1709 1159 1877 1218 ubique
1894 1170 2118 1204 terrarum
2133 1170 2242 1205 ttmc

273 1228 492 1287 temporis
515 1227 756 1271 existentes
774 1241 867 1270 non
884 1227 1231 1270 solicitabantur
1242 1227 1298 1270 de
1316 1226 1600 1270 observanda
1623 1225 1794 1284 eclipsi;
1812 1227 1917 1285 quia
1933 1237 2041 1272 tunc
2062 1237 2243 1287 ternpus

273 1308 369 1337 non
395 1304 514 1348 erat;
533 1294 611 1338 sed
628 1293 756 1338 illam
775 1295 1100 1338 obscuritatem
1120 1308 1173 1337 ex
1190 1293 1341 1352 aliqua
1358 1293 1570 1352 passione
1589 1293 1704 1336 aeris
1721 1293 1931 1338 accidere
1949 1304 2243 1354 putaverunt3

273 1361 352 1406 sed
379 1361 424 1405 in
442 1361 673 1420 AegyptO,
690 1361 767 1405 ubi
792 1375 896 1404 raro
922 1361 1065 1405 nubes
1093 1370 1311 1420 apparent
1336 1370 1520 1418 propter
1541 1360 1986 1417 aeris—serenitatem,
2004 1372 2240 1421 permotus

275 1437 341 1473 est
360 1429 627 1488 Dionysius,
647 1438 691 1472 et
708 1428 821 1472 socii
839 1430 950 1487 ejus,
967 1438 1016 1472 ut
1033 1428 1264 1487 praedicta
1291 1427 1412 1470 circa
1429 1426 1557 1470 illam
1585 1427 1909 1472 obscuritatem
1931 1429 2239 1481 observarent.
2300 1427 2302 1429 ’

362 1496 439 1540 AD
468 1509 684 1541 TERTmM
717 1495 975 1548 dicendum,
1004 1495 1125 1553 quod
1151 1505 1258 1538 tunc
1286 1494 1530 1553 praecipue
1571 1494 1810 1553 oportebat
1842 1496 1890 1539 in
1916 1495 2104 1541 Christo
2126 1497 2241 1543 divi-

273 1564 464 1607 nitatem
495 1577 578 1622 per
603 1561 823 1606 miracula
850 1562 1104 1616 ostendere,
1130 1561 1313 1620 quando
1345 1561 1393 1605 in
1421 1575 1476 1605 eo
1500 1561 1698 1606 maxime
1731 1562 1976 1621 apparebat
1999 1563 2238 1609 infirmitas

276 1630 529 1674 secundum
555 1630 806 1673 humanam
831 1639 1066 1683 naturam;
1101 1639 1146 1672 et
1180 1628 1285 1672 ideo
1327 1629 1374 1671 in
1398 1627 1571 1672 Christi
1602 1628 1835 1674 nativitate
1867 1628 1998 1679 stella
2037 1645 2158 1676 nova
2192 1631 2240 1675 in

275 1697 407 1741 coelo
442 1697 669 1756 apparuit:
702 1696 822 1740 unde
855 1697 1084 1740 Maximus
1117 1696 1225 1740 dicit
1267 1697 1311 1739 in
1353 1709 1488 1740 serm.
1521 1695 1707 1740 Nativit.
1731 1697 1792 1754 (4.
1827 1697 1981 1743 scilicet
2011 1700 2088 1748 cir.
2110 1700 2240 1758 fin.).·

276 1781 300 1806 «
328 1764 378 1808 Si
404 1778 621 1823 praesepe
663 1764 871 1823 despicis,
899 1764 1021 1822 erige
1053 1778 1296 1822 parumper
1337 1762 1513 1816 oculos,
1553 1773 1597 1806 et
1621 1777 1794 1806 novam
1819 1763 1866 1807 111
1899 1763 2033 1809 00010
2059 1764 2240 1814 stellam

274 1840 603 1890 protestantem
629 1831 802 1875 mundo
829 1831 1114 1874 nativitatem
1140 1830 1439 1874 Dominicam
1467 1839 1742 1874 contuere».
1769 1830 1821 1874 In
1847 1832 2059 1890 passione
2087 1842 2240 1879 autem

277 1898 424 1943 adhuc
454 1900 602 1956 major
623 1898 861 1943 infirmitas
889 1898 1008 1941 circa
1029 1898 1364 1941 humanitatem
1383 1897 1554 1941 Christi
1581 1898 1809 1956 apparuit:
1834 1908 1880 1942 et
1897 1898 2004 1943 ideo
2023 1900 2239 1959 oportuit,

276 1976 325 2010 ut
341 1967 516 2024 majora
535 1966 755 2010 miracula
774 1965 1119 2010 ostenderentur
1137 1965 1256 2009 circa
1272 1964 1539 2023 principalia
1560 1964 1717 2008 mundi
1744 1964 1984 2010 luminaria
2003 1981 2013 2010 ε
2042 1976 2099 2020 et,
2121 1967 2239 2012 sicut

277 2034 517 2093 Chrysost.
562 2033 670 2077 dicit
711 2047 846 2091 super
879 2032 1040 2076 Matth.
1067 2033 1199 2089 (hom.
1233 2033 1302 2091 89.
1335 2034 1380 2075 in
1407 2031 1593 2090 princ.):
1629 2031 1761 2075 «1100
1795 2043 1863 2076 est
1893 2033 2091 2092 signum,
2116 2034 2270 2093 quod¹

274 2101 531 2160 petentibus
557 2100 850 2159 promittebat
867 2100 987 2153 dare,
1002 2100 1180 2142 dicens:
1209 2100 1430 2144 Generatio
1441 2107 1600 2158 prava,
1618 2106 1655 2143 et
1671 2100 1862 2144 adultera
1878 2101 2041 2159 signum
2062 2103 2239 2160 quaerit,

273 2175 312 2212 et
334 2170 498 2226 signum
524 2182 606 2211 non
632 2167 802 2211 dabitur
834 2169 885 2219 ei,
928 2168 1008 2210 nisi
1038 2168 1202 2224 signum
1228 2168 1360 2223 Jonae
1386 2167 1627 2225 propheta-e,
1665 2181 1849 2210 crucem
1881 2167 2158 2226 significans,
2195 2178 2241 2213 et

274 2236 679 2288 resurrectionem;
708 2245 751 2278 et
774 2235 897 2278 enim
922 2233 1066 2277 multo
1095 2234 1346 2277 mirabilius
1370 2244 1438 2277 est
1462 2234 1509 2277 in
1537 2248 1591 2278 eo
1626 2235 1702 2293 qui
1736 2234 1976 2279 crucifixus
2003 2244 2112 2290 erat,
2144 2234 2236 2280 hoc

272 2302 384 2357 fieri,
408 2316 546 2361 quam
581 2301 842 2345 ambulante
875 2316 930 2345 eo
958 2315 1092 2360 super
1117 2311 1286 2344 terram
1306 2318 1345 2344 ».

972 2450 1408 2507 ARTICULUS
1443 2451 1542 2506 III.
2151 2478 2240 2522 240

537 2586 731 2624 UTRUM
765 2586 1192 2626 CONVENIENTER
1227 2586 1494 2625 CHRISTUS
1530 2586 1695 2625 CIRCA
1727 2586 1972 2626 HOMINES

972 2661 1255 2699 MIRACULA
1287 2662 1535 2700 FECERIT.

319 2822 322 2825 .
362 2780 438 2824 AD
471 2791 687 2825 TERTIUM
714 2779 778 2823 sic
804 2780 1076 2839 proceditur.
1105 2780 1308 2834 Videtur,
1337 2779 1459 2839 quod
1486 2779 1862 2824 inconvenienter
1880 2778 2090 2824 Christus
2117 2779 2238 2825 circa

272 2847 487 2892 homines
513 2847 735 2891 miracula
761 2846 938 2891 fecerit:
967 2848 1011 2890 in
1035 2848 1225 2892 homine
1253 2849 1375 2892 enim
1403 2847 1555 2906 potior
1588 2856 1656 2891 est
1681 2847 1848 2901 anima,
1875 2860 2015 2906 quam
2048 2860 2236 2906 corpus:

272 2915 351 2959 sed
383 2916 504 2959 circa
532 2928 725 2974 corpora
766 2914 909 2958 multa
951 2915 1170 2959 miracula
1199 2915 1409 2959 Christus
1435 2914 1565 2959 fecit:
1601 2915 1721 2958 circa
1754 2914 1930 2959 animas
1962 2928 2075 2959 vero
2110 2913 2238 2959 nulla

273 2983 493 3026 miracula
529 2982 695 3042 legitur
732 2981 921 3026 fecisse:
960 2996 1068 3025 nam
1110 2997 1257 3041 neque
1293 2982 1468 3040 aliquos
1506 2981 1764 3026 incredulos
1792 2981 1848 3026 ad
1873 2980 2011 3026 fidem
2035 2981 2237 3027 virtuose

274 3051 511 3105 convertit,
539 3051 617 3094 sed
651 3049 958 3102 admonendo,
994 3058 1036 3092 et
1065 3050 1286 3093 exteriora
1320 3049 1541 3093 miracula
1575 3049 1882 3093 ostendendo:
1916 3063 2064 3108 neque
2097 3048 2237 3094 etiam

276 3117 453 3177 aliquos
475 3117 625 3162 fatuos
642 3118 867 3176 sapientes
894 3115 1055 3173 legitur
1084 3116 1269 3170 fecisse3
1298 3131 1408 3175 ergo
1427 3117 1617 3166 videtur,
1641 3116 1762 3175 quod
1788 3129 1883 3160 non
1911 3115 2236 3162 convenienter

273 3187 330 3230 sit
356 3187 477 3230 circa
510 3186 721 3230 homines
755 3184 973 3228 miracula
1002 3196 1225 3241 operatus.

363 3268 402 3299 2.
431 3255 727 3299 PRAETEREA.
757 3253 885 3297 Sicut
917 3266 1052 3309 supra
1070 3252 1240 3295 dictum
1265 3263 1331 3296 est
1348 3253 1407 3311 (q.
1426 3261 1567 3311 praec.
1587 3258 1668 3297 art.
1696 3251 1774 3308 2.),
1804 3250 2014 3296 Christus
2039 3250 2236 3296 faciebat

273 3321 494 3365 miracula
513 3322 676 3365 virtute
705 3320 870 3372 divina,
889 3320 1015 3375 cujus
1042 3319 1274 3376 proprium
1299 3330 1366 3362 est
1391 3319 1540 3363 subito
1558 3319 1750 3378 operari,
1773 3329 1818 3363 et
1842 3316 2040 3377 perfecte
2067 3317 2235 3377 absque

275 3388 555 3432 adminiculo
576 3388 788 3446 alicujus:
817 3386 894 3431 sed
915 3385 1123 3429 Christus
1141 3400 1232 3428 non
1262 3401 1442 3444 semper
1468 3386 1616 3430 subito
1644 3385 1856 3430 homines
1883 3385 2072 3438 curavit,
2098 3398 2236 3444 quan-

273 3466 371 3499 tum
400 3456 455 3499 ad
495 3470 690 3514 corpus;
732 3454 893 3498 dicitur
930 3453 1051 3496 enim
1089 3453 1228 3495 Marc.
1263 3453 1326 3495 18.
1362 3453 1483 3510 quod
1511 3454 1761 3512 apprehensa
1787 3467 1917 3496 manu
1943 3453 2068 3506 caeci,
2094 3451 2236 3497 eduxit

273 3539 366 3568 eum
389 3529 509 3568 extra
540 3525 681 3567 vicum
694 3538 709 3574 ,·
738 3529 775 3566 et
806 3530 980 3580 expuens
1002 3522 1045 3563 in
1072 3520 1208 3563 oculos
1235 3522 1333 3576 ejus,
1355 3522 1553 3578 impositis
1586 3522 1790 3573 manibus,
1823 3519 2098 3577 interrogavit
2123 3530 2232 3573 eum,

271 3593 306 3635 si
323 3592 422 3650 quid
452 3590 632 3635 videret:
668 3597 706 3635 et
731 3591 943 3649 aspiciens,
972 3589 1059 3633 ait:
1089 3587 1211 3631 Video
1245 3587 1425 3630 homines
1451 3588 1564 3631 velut
1590 3589 1758 3631 arbores
1782 3586 2064 3632 ambulantes:
2090 3584 2234 3631 deinde

273 3660 423 3703 iterum
455 3659 651 3718 imposuit
675 3671 824 3702 manus
848 3664 971 3716 super
996 3654 1134 3700 oculos
1158 3656 1258 3713 esus,
1278 3659 1313 3698 el
1336 3656 1467 3713 coepit
1482 3654 1637 3708 videre,
1665 3661 1705 3700 et
1734 3655 1942 3699 restitutus
1965 3658 2020 3699 est
2042 3653 2080 3698 ei
2102 3653 2231 3708 visus,
