2352 3926
225 172 335 242 644
716 183 994 229 QUAESTIO
1035 183 1224 221 Lxxm.
1257 174 1566 222 ARTIcuLus
1605 182 1680 221 vx.

223 298 323 332 tum
365 287 420 330 ad
456 287 571 330 haec
613 285 698 329 tria
734 284 1070 343 praefigurabat
1105 285 1198 328 hoc
1225 293 1586 329 sacramentum:
1612 292 1835 342 quantum
1856 284 1986 329 enim
2017 283 2075 328 ad
2099 283 2188 344 pri·

222 369 366 408 mum,
394 354 499 412 quia
525 352 884 395 manducabatur
917 365 1024 394 cum
1056 350 1248 410 panibus
1280 351 1467 410 azymis,
1499 350 1754 395 secundum
1773 349 1887 397 illud
1918 350 2063 397 Exod.
2094 362 2184 396 12.:

221 421 356 467 Edant
381 435 534 472 carnes,
555 426 592 463 et
608 433 778 476 azymos
794 426 950 476 panes:
970 428 1192 477 quantum
1218 432 1328 462 vero
1357 418 1413 461 ad
1439 418 1707 471 secundum,
1733 417 1840 476 quia
1864 417 2190 473 immolabatur

224 488 277 532 ab
307 487 434 531 omni
460 484 977 529 multitudine-filiorum
993 484 1132 529 Israel
1155 485 1495 543 quartadecima
1520 484 1649 539 luna;
1677 483 1800 542 quod
1824 483 1909 528 fuit
1932 483 2190 544 figura-pas-

223 555 364 600 sionis
392 553 578 606 Christi,
607 552 684 610 qui
711 562 894 611 propter
918 552 1234 596 innocentiam
1261 552 1423 596 dicitur
1445 566 1612 610 agnus:
1639 561 1862 610 quantum
1876 565 1988 596 vero
2014 551 2071 596 ad
2086 550 2194 602 effe-

224 632 362 674 ctum,
382 621 486 679 quia
508 634 587 678 per
605 620 876 677 sanguinem
904 619 1011 677 agni
1027 618 1256 678 paschalis
1283 620 1478 678 protecti
1492 629 1596 663 sunt
1621 618 1702 662 filii
1717 617 1858 662 Israel
1883 632 1909 662 a
1924 618 2192 663 devastante

223 688 402 747 angelo,
427 697 471 731 et
497 686 649 730 educti
676 687 732 730 de
759 687 1026 745 aegyptiaca
1052 687 1290 731 servitute:
1319 697 1363 731 et
1389 696 1611 745 quantum
1639 685 1695 729 ad
1726 686 1829 729 hoc·
1851 685 2036 744 ponitur
2066 699 2191 744 prae·

223 757 354 815 cipua
380 754 524 812 figura
550 754 686 813 hujus
713 754 990 802 sacramenti
1011 768 1155 813 agnus
1181 753 1431 813 paschalis;
1450 754 1555 812 quia
1583 753 1837 798 secundum
1862 752 2020 799 omnia
2039 752 2188 811 ipsum

221 831 542 883 repraesentat.

311 889 367 933 Et
391 903 471 949 per
491 888 606 933 haec
631 898 756 948 patet
775 889 1014 948 responsio
1034 902 1100 939 AD
1128 901 1350 948 OBJECTA.

807 1269 1256 1347 QUAESTIO
1308 1268 1601 1329 LXXIV.

356 1425 436 1465 DE
483 1425 755 1465 MATERIA
802 1425 1248 1465 EUCHARISTIAE
1295 1424 1595 1476 QUANTUM
1643 1424 1726 1464 AD
1774 1423 2045 1474 SPECIEM,

745 1515 810 1554 IN
860 1514 1015 1555 OCTO
1063 1514 1393 1555 ARTICULOS
1440 1514 1662 1555 DIVISA.

312 1681 491 1725 Deinde
529 1682 913 1728 considerandum
956 1694 1024 1729 est
1050 1685 1106 1730 de
1143 1687 1337 1730 materia
1366 1687 1499 1746 hujus
1544 1689 1842 1733 sacramenti:
1877 1699 1924 1734 et
1951 1691 2099 1750 primo
2135 1691 2192 1753 de

224 1749 376 1806 specie
415 1749 659 1793 materiae:
684 1750 857 1795 secundo
895 1752 950 1795 de
986 1754 1289 1798 conversione
1327 1756 1471 1813 panis,
1509 1765 1553 1799 et
1583 1756 1678 1799 vini
1712 1757 1759 1800 in
1791 1770 1956 1816 corpus
1997 1755 2190 1806 Christi:

225 1817 346 1860 tertio
375 1815 430 1860 de
459 1817 600 1860 modo
629 1817 850 1861 existendi
887 1833 1052 1877 corpus
1081 1819 1255 1864 Christi
1280 1821 1326 1864 in
1354 1822 1444 1866 hoc
1473 1833 1788 1869 sacramento:
1814 1830 1963 1883 quarto
1989 1824 2046 1874 de
2073 1825 2195 1873 acci·>

224 1883 430 1928 dentibus
458 1885 602 1943 panis,
630 1894 674 1929 et
698 1885 807 1940 vini,
835 1900 951 1945 quae
977 1887 1024 1931 in
1047 1887 1138 1932 hoc
1165 1898 1453 1934 sacramento
1476 1901 1728 1936 remanent.

827 1999 956 2045 Circa
973 2002 1166 2059 primum
1193 2009 1454 2060 quaeruntur
1480 2009 1582 2049 octo.

310 2085 482 2131 Primo.
511 2086 679 2131 Utrum
705 2088 849 2147 panis,
876 2098 921 2133 et
944 2090 1104 2133 vinum
1130 2091 1221 2134 sint
1242 2092 1433 2135 materia
1463 2092 1600 2150 hujus
1627 2093 1914 2138 sacramenti.

314 2152 545 2198 Secundo.
573 2154 741 2198 Utrum
779 2155 835 2197 ad
862 2156 1106 2200 materiam
1131 2156 1268 2216 hujus
1295 2159 1571 2203 sacramenti
1603 2162 1857 2219 requiratur
1891 2159 2192 2208 determinata

223 2229 466 2278 quantitas.

311 2285 487 2330 Tertio.
512 2286 677 2331 Utrum
706 2289 897 2332 materia
923 2289 1058 2348 hujus
1084 2292 1361 2337 sacramenti
1385 2293 1443 2337 sit
1467 2294 1598 2352 panis
1623 2294 1839 2340 triticeus.

312 2352 508 2406 Quarto.
534 2354 703 2398 Utrum
728 2356 787 2399 sit
811 2357 940 2415 panis
968 2372 1171 2417 azymus,
1198 2359 1273 2404 vel
1298 2359 1615 2407 fermentatus.

312 2420 504 2473 Quinto.
532 2421 700 2466 Utrum
727 2424 917 2468 materia
942 2424 1077 2483 hujus
1104 2427 1380 2471 sacramenti
1405 2428 1463 2473 sit
1488 2429 1647 2473 vinum
1674 2429 1730 2474 de
1755 2430 1862 2476 vite.

311 2488 466 2534 Sexto.
489 2489 654 2534 Utrum
679 2490 736 2534 sit
761 2491 1055 2536 admiscenda
1079 2509 1210 2553 aqua.

305 2555 529 2616 Septimo.
563 2557 729 2601 Utrum
756 2572 872 2617 aqua
898 2559 955 2603 sit
981 2560 1036 2603 de
1067 2561 1338 2607 necessitate
1364 2562 1500 2621 hujus
1526 2565 1815 2611 sacramenti.

307 2622 506 2669 Octavo.
532 2624 605 2669 De
633 2625 883 2683 quantitate
910 2641 1070 2685 aquae,
1097 2643 1214 2687 quae
1242 2630 1496 2688 apponitur,

956 2807 1392 2867 ARTICULUS
1433 2812 1475 2866 1.
2042 2876 2047 2881 .
2092 2804 2182 2893 '432

344 2941 539 2981 UTRUM
570 2941 813 2982 MATERIA
845 2942 1011 2998 HUJUS
1047 2939 1397 2986 SACRAMENTI
1431 2948 1516 2986 SIT
1551 2949 1727 3002 PANIS,
1758 2952 1830 2991 ET
1861 2950 2056 2993 VINUM.

774 3054 839 3112 (4.
866 3055 976 3099 Dist.
1004 3071 1061 3100 II.
1085 3070 1123 3114 q.
1151 3071 1190 3101 2.
1219 3064 1301 3102 art.
1329 3075 1363 3103 I.
1391 3074 1429 3118 q.
1458 3075 1492 3104 1.
1520 3066 1559 3105 et
1582 3075 1621 3106 2.

515 3127 553 3166 et
578 3121 648 3166 lib.
675 3135 718 3179 4.
749 3122 893 3167 Contr.
919 3137 959 3181 g.
987 3130 1078 3182 cap.
1106 3124 1170 3168 61.
1198 3130 1234 3169 et
1260 3126 1330 3170 68.
1357 3132 1395 3171 et
1420 3143 1455 3172 1.
1486 3126 1586 3172 Cor.
1614 3144 1673 3175 Π.
1701 3129 1789 3175 lect.
1809 3130 1884 3190 5.).

305 3230 381 3275 AD
407 3245 597 3277 PRIMUM
622 3232 687 3276 sic
715 3232 989 3292 proceditur.
1017 3232 1220 3288 Videtur,
1249 3238 1370 3294 quod
1399 3238 1590 3283 materia
1615 3239 1752 3299 hujus
1778 3242 2054 3289 sacramenti
2086 3253 2182 3288 non

212 3298 269 3342 sit
295 3299 438 3357 panis,
467 3310 510 3344 et
535 3302 716 3344 vinum:
751 3301 842 3344 hoc
876 3300 998 3345 enirn
1031 3314 1368 3348 sacramentum
1403 3305 1644 3363 perfectius
1679 3308 1813 3353 debet
1843 3320 2182 3368 repraesentare

210 3366 471 3425 passionem
505 3366 690 3422 Christi,
724 3382 862 3427 quam
895 3379 1180 3426 sacramenta
1213 3372 1376 3416 veteris
1410 3371 1553 3431 legis:
1588 3374 1667 3418 sed
1706 3389 1865 3420 carnes
1897 3375 2180 3432 animalium,

210 3447 327 3492 quae
359 3445 487 3479 erant
520 3435 738 3479 materiae
771 3446 1165 3481 sacramentorum
1198 3440 1361 3483 veteris
1393 3438 1522 3499 legis,
1557 3442 1809 3500 expressius
1842 3454 2185 3503 repraesentant·

206 3501 469 3559 passionem
503 3501 689 3562 Christi,
723 3516 862 3562 quam
894 3503 1038 3563 panis,
1071 3513 1115 3548 et
1145 3504 1332 3560 vinum;
1368 3521 1478 3565 ergo
1513 3509 1703 3554 materia
1739 3510 1872 3571 hujus
1904 3512 2193 3559 sacramenti
2220 3496 2230 3506 Κ

207 3568 355 3627 magis
384 3568 516 3614 debet
542 3583 641 3615 esse
669 3584 828 3616 carnes
855 3569 1140 3626 animalium,
1168 3585 1306 3630 quam
1333 3574 1479 3632 panis,
1507 3585 1551 3619 et
1577 3576 1749 3621 vinum.

2321 2025 2352 2094 'Ji
