2352 3926
238 202 345 240 202
777 203 1056 248 QUAESTIO
1097 203 1210 242 XXI.
1250 204 1558 244 ARTICULUS
1599 205 1676 246 111.

235 313 279 347 et
298 304 430 361 Joan.
463 318 543 357 11.‚
570 304 631 347 ita
659 304 796 347 etiarn
825 314 874 348 ut
894 304 1079 348 Patrem
1107 315 1343 350 auctorem
1369 317 1736 366 recognosceret,
1760 307 1813 351 ab
1841 321 1898 351 eo
1925 307 2101 353 orando
2127 320 2200 367 pe-

233 371 356 414 tebat
382 385 450 421 ea,
479 384 593 427 quae
622 370 707 412 sibi
733 370 921 414 deerant
946 371 1200 416 secundum
1226 372 1479 417 humanam
1499 383 1737 429 naturam3
1764 383 1873 432 puta
1890 373 2087 433 gloriam
2105 388 2203 426 corf

234 440 372 496 poris,
400 448 443 480 et
470 437 556 479 alia
583 437 871 493 hujusmodi:
902 447 946 481 et
970 437 1016 480 in
1042 438 1133 482 hoc
1162 438 1300 482 etiam
1325 439 1457 483 nobis
1485 440 1611 484 dedit
1635 439 1912 499 exemplum,
1950 450 2000 485 ut
2023 441 2080 486 de
2104 455 2202 501 per-

235 504 375 562 ceptis
403 518 428 546 a
459 503 590 547 nobis
625 503 889 547 muneribus
921 505 1088 563 gratias
1121 519 1326 564 agamUS,
1359 516 1404 550 et
1429 506 1568 550 etiam
1598 506 1807 550 nondum
1837 506 1993 551 habita
2024 508 2199 557 orando

235 569 533 628 postulemus

320 637 396 679 AD
424 650 613 680 PRIMUM
640 651 750 694 ergo
770 636 1029 692 dicendum,
1052 639 1175 697 quod
1193 637 1393 683 Hilarius
1409 639 1610 698 loquitur
1626 650 1848 698 quantum
1866 639 1922 683 ad
1941 640 2199 687 orationem

233 702 460 757 vocalem,
489 717 605 761 quae
631 717 726 747 non
754 713 849 748 erat
875 705 917 747 ei
941 705 1201 750 necessaria
1225 716 1411 765 propter
1432 708 1596 764 ipsum,
1619 706 1698 750 sed
1720 705 1875 750 solum
1891 716 2072 765 propter
2088 721 2198 753 nos:

234 770 352 813 unde
378 770 612 827 signanter
638 770 760 824 dicit,
787 772 909 830 quod
937 772 1022 815 sibi
1046 787 1141 816 non
1166 772 1434 830 proficiebat
1459 773 1791 831 deprecationis
1814 787 1991 817 sermo:
2015 773 2054 818 si
2075 774 2199 821 enim

234 836 480 880 desiderium
505 844 742 896 pauperum
774 838 989 882 exaudivit
1010 839 1237 894 Dominus,
1257 849 1305 882 ut
1330 839 1377 882 in
1394 840 1465 884 Ps.
1489 854 1553 884 10.
1574 840 1749 893 dicitur,
1768 839 1914 884 multo
1937 840 2085 899 magis
2101 840 2201 886 sola

234 903 445 947 voluntas
465 903 638 948 Christi
655 904 794 948 habet
809 907 901 949 vim
923 906 1141 950 orationis
1162 906 1280 965 apud
1297 906 1506 950 Patrem:
1527 907 1645 951 unde
1662 907 1758 966 ipse
1777 907 1956 951 dicebat
1965 907 2096 964 Joan.
2116 921 2134 952 1
2147 922 2199 953 1.:

234 972 321 1028 Ego
341 971 535 1024 sciebam,
560 972 761 1029 quoniam
790 980 946 1031 semper
965 988 1030 1016 me
1052 972 1169 1018 audis
1179 988 1196 1025 ,·
1221 972 1289 1017 sed
1306 979 1482 1032 propter
1503 974 1709 1032 populum
1731 975 1803 1032 qui
1824 975 2080 1029 circumstat,
2093 973 2198 1028 dixi,

232 1044 278 1082 ut
303 1037 487 1091 credant,
512 1039 613 1096 quia
637 1044 678 1082 tu
705 1054 768 1082 me
794 1041 958 1084 misisti.
2150 1071 2154 1079 ·

321 1105 396 1148 AD
427 1118 688 1149 SECUNDUM
721 1105 980 1160 dicendum,
1017 1105 1139 1165 quod
1168 1106 1377 1151 Christus
1410 1105 1595 1150 volebat
1626 1106 1811 1165 quidem
1844 1107 1938 1166 pati
1969 1106 2049 1151 illa
2082 1121 2198 1167 quae

231 1170 483 1230 patiebatur
508 1185 591 1230 pro
618 1182 826 1230 tempore
852 1171 954 1216 illo:
984 1173 1062 1216 sed
1085 1172 1384 1216 nihilominus
1407 1172 1604 1226 volebat,
1628 1182 1677 1216 ut
1698 1183 1802 1232 post
1822 1174 2085 1232 passionem
2107 1172 2203 1232 glo-

232 1237 349 1280 riam
376 1238 581 1296 corporis
601 1247 968 1297 consequeretur,
992 1253 1130 1298 quam
1153 1241 1361 1283 nondum
1383 1239 1598 1283 habebat:
1629 1254 1766 1297 quarn
1791 1240 1976 1299 quidem
2003 1240 2200 1300 gloriam

232 1305 497 1363 expectabat
532 1319 557 1348 a
594 1305 741 1359 Patre,
779 1305 896 1349 sicut
931 1306 986 1349 ab
1025 1315 1238 1351 auctore:
1275 1316 1319 1350 et
1355 1305 1461 1350 ideo
1498 1307 1824 1350 convenienter
1870 1307 1924 1351 ab
1958 1307 2059 1367 ipso
2097 1321 2199 1352 earn

233 1372 427 1429 petebat.
2014 1429 2020 1431 .,

322 1439 398 1482 AD
423 1451 639 1483 TERTIUM
667 1439 927 1493 dicendum,
947 1439 1068 1498 quod
1095 1439 1192 1498 ipsa
1220 1439 1383 1496 gloria,
1412 1453 1549 1498 quarn
1579 1439 1790 1484 Christus
1813 1440 1988 1485 orando
2006 1441 2201 1501 petebat,

232 1505 483 1564 pertinebat
509 1505 563 1548 ad
591 1504 786 1548 salutem
814 1505 1031 1560 aliorum3
1074 1506 1325 1549 secundum
1358 1505 1469 1549 illud
1502 1506 1638 1549 Rom.
1665 1518 1728 1561 4.;
1758 1509 1997 1553 Resurrexit
2026 1514 2204 1568 propter

228 1573 569 1630 justificationem
601 1579 814 1617 nostram:
842 1583 886 1616 et
911 1573 1015 1616 ideo
1044 1573 1123 1616 illa
1149 1573 1288 1616 etiam
1321 1573 1484 1627 oratio,
1513 1588 1652 1632 quam
1677 1589 1760 1633 pro
1787 1589 1837 1620 se
1867 1573 2200 1632 faciebat,·erat

234 1639 580 1697 quodammodo
607 1653 690 1697 pro
719 1638 841 1683 aliis:
868 1639 985 1684 sicut
1013 1650 1056 1683 et
1076 1640 1355 1699 quicumque
1381 1640 1527 1684 homo
1556 1641 1742 1700 aliquod
1763 1642 1938 1687 bonum
1956 1657 1981 1688 a
1998 1643 2102 1688 Deo
2124 1657 2204 1703 po-

233 1705 383 1760 stulat,
410 1716 457 1750 ut
480 1716 629 1749 utatur
650 1705 731 1749 illo
759 1707 815 1749 ad
838 1706 1081 1751 utilitatem
1108 1706 1319 1761 aliorum,
1341 1721 1435 1750 non
1459 1707 1543 1751 sibi
1565 1707 1667 1762 soli,
1689 1709 1770 1754 sed
1802 1709 1940 1754 etiam
1962 1709 2063 1755 aliis
2084 1720 2199 1755 orat.

935 1885 1370 1942 ARTICULUS
1407 1887 1504 1942 IV.
2118 1915 2200 1962 129

498 2021 691 2059 UTRUM
712 2021 922 2060 ORATIO
951 2021 1170 2060 CHRISTI
1197 2022 1403 2062 SEMPER
1427 2023 1624 2061 FUERIT
1650 2022 1955 2061 EXAUmTA.

317 2129 368 2188 (3.
395 2131 508 2174 Dist.
535 2143 598 2189 17.
626 2135 707 2174 art.
730 2145 766 2188 3.
794 2146 831 2189 q.
854 2145 890 2190 3.
918 2137 957 2175 et
980 2145 1022 2187 4.
1045 2138 1084 2176 et
1116 2139 1253 2191 opusc.
1281 2147 1320 2177 2.
1349 2140 1438 2192 cap.
1471 2146 1571 2189 240.
1605 2138 1641 2177 et
1666 2140 1803 2192 opusc.
1831 2146 1870 2192 7.
1893 2138 1931 2178 et
1955 2133 2021 2178 Ps.
2047 2147 2112 2179 21.

757 2203 796 2241 et
820 2197 946 2254 soan.
969 2213 1033 2243 12.
1060 2199 1147 2243 lect.
1174 2213 1217 2256 4.
1240 2206 1279 2244 et
1299 2200 1406 2244 Heb.
1429 2214 1466 2258 5.
1495 2208 1587 2258 cap.
1615 2198 1694 2256 2.).

321 2308 396 2352 AD
430 2320 669 2357 QUARTUM
705 2307 770 2352 sic
809 2309 1083 2367 proceditur.
1107 2309 1313 2364 Videtur,
1349 2310 1475 2369 quod
1509 2311 1656 2355 oratio
1692 2310 1865 2356 Christi
1894 2325 1991 2356 non
2020 2324 2203 2371 semper

229 2374 364 2419 fuerit
380 2374 613 2419 exaudita:
632 2375 759 2433 petiit
772 2375 896 2419 enim
910 2390 935 2419 a
948 2390 996 2420 se
1010 2377 1237 2421 removeri
1253 2377 1443 2421 calicem
1463 2378 1704 2436 passionis,
1717 2387 1767 2422 ut
1788 2387 1912 2437 patet
1927 2377 2089 2424 Matth.
2103 2390 2200 2437 27.:

231 2443 310 2502 qui
335 2453 490 2486 tamen
518 2443 571 2486 ab
606 2457 660 2487 eo
693 2457 788 2487 non
820 2442 904 2487 fuit
934 2443 1203 2499 translatu33
1237 2459 1347 2504 ergo
1380 2445 1571 2499 videtur,
1599 2445 1723 2504 quod
1747 2459 1843 2490 non
1869 2444 2020 2490 omnis
2053 2444 2201 2492 oratio

232 2512 328 2569 ejus
355 2509 491 2553 fuerit
517 2510 740 2555 exaudita.

322 2590 362 2621 2.
389 2577 688 2622 PRAETEREA.
722 2577 824 2636 Ipse
851 2578 1010 2631 oravit,
1038 2588 1086 2622 ut
1118 2588 1360 2637 peccatum
1388 2578 1729 2623 crucifixoribus
1755 2579 1848 2624 suis
1873 2579 2202 2638 ignosceretur,

231 2653 280 2688 ut
310 2653 435 2703 patet
460 2644 574 2690 Luc.
603 2656 695 2689 22.:
726 2658 820 2687 non
846 2654 1002 2688 tamen
1030 2646 1242 2689 omnibus
1275 2656 1518 2704 peccatum
1544 2645 1656 2690 illud
1682 2645 1766 2691 fuit
1791 2645 2059 2691 dimissum:
2091 2660 2201 2691 nam

225 2711 387 2770 Judaei
411 2710 592 2755 fuerunt
624 2725 705 2769 pro
732 2710 813 2754 illo
840 2722 1030 2769 peccato
1058 2712 1226 2771 puniti;
1255 2727 1364 2772 ergo
1391 2713 1583 2767 videtur,
1610 2713 1732 2772 quod
1757 2727 1852 2757 non
1878 2713 2029 2757 omnis
2052 2715 2202 2758 oratio

231 2780 327 2838 ejus
353 2777 409 2822 sit
437 2778 659 2823 exaudita.

323 2859 360 2904 3.
388 2845 687 2889 PRAETEREA.
724 2845 955 2890 Dominus
983 2846 1130 2889 oravit
1155 2860 1238 2905 pro
1265 2846 1350 2900 his,
1389 2846 1467 2905 qui
1493 2857 1622 2892 erant
1655 2846 1870 2892 credituri
1899 2860 1979 2906 per
2009 2846 2200 2892 verbum

229 2911 566 2972 Apostolorum
593 2912 639 2954 in
665 2911 829 2970 ipsum,
858 2922 906 2955 ut
939 2926 1100 2956 omnes
1132 2913 1179 2956 in
1212 2927 1267 2957 eo
1295 2928 1438 2957 unum
1472 2924 1637 2969 essent,
1670 2923 1714 2958 et
1745 2923 1794 2958 ut
1825 2914 2114 2973 pervenirent
2143 2911 2201 2958 ad

229 2980 318 3024 hoc
337 2979 459 3038 quod
477 2988 628 3022 essent
645 2993 751 3022 cum
769 2979 891 3036 ipso:
913 2979 991 3023 sed
1008 2994 1103 3023 non
1122 2994 1284 3024 omnes
1303 2980 1359 3024 ad
1382 2980 1474 3024 hoc
1491 2983 1784 3040 perveniunt;
1798 2994 1916 3039 ergo
1933 2994 2030 3026 non
2049 2980 2202 3029 omnis

230 3048 327 3105 ejus
355 3046 502 3090 oratio
530 3054 596 3089 est
624 3045 847 3089 exaudita.

316 3126 358 3168 4.
391 3113 689 3157 PRAETEREA.
723 3113 774 3155 In
801 3111 920 3156 Psal.
949 3125 1017 3156 21.
1047 3113 1244 3157 dicitur·
1234 3128 1280 3157 in
1307 3129 1506 3173 persona
1534 3114 1730 3160 Christi.
1761 3114 1966 3161 Clamabo
1978 3122 2060 3176 per
2075 3114 2204 3174 dimi,

228 3186 266 3226 et
289 3195 373 3225 non
399 3180 617 3232 exaudies;
646 3193 757 3238 ergo
784 3193 878 3223 non
906 3180 1056 3223 omnis
1085 3180 1231 3224 oratio
1260 3180 1433 3226 Christi
1453 3181 1537 3226 fuit
1559 3182 1784 3227 exaudita.

320 3248 414 3292 SED
449 3260 645 3292 CONTRA
673 3256 753 3301 est,
780 3246 903 3306 quod
929 3246 1181 3304 Apostolus
1209 3247 1317 3291 dicit
1344 3248 1400 3291 ad
1428 3248 1565 3293 Hebr.
1595 3262 1655 3306 5.
1693 3249 1803 3294 Cum
1827 3249 2028 3295 clamore
2037 3247 2205 3305 valido,

229 3323 267 3361 et
288 3316 485 3374 lacrymis
511 3315 695 3373 offerens,
723 3314 937 3359 exauditus
958 3321 1013 3358 est
1033 3322 1114 3373 pro
1140 3329 1215 3358 sua
1241 3317 1488 3359 reverentia.

318 3382 608 3427 RESPONDEo
635 3381 894 3435 dicendum,
921 3381 1058 3440 quod,
1085 3381 1203 3425 sicut
1228 3382 1401 3426 dictum
1429 3393 1496 3427 est
1520 3384 1624 3440 (art.
1646 3390 1790 3442 praec.
1816 3396 1907 3442 arg.
1938 3383 2019 3441 2.),
2051 3383 2200 3429 oratio

230 3459 297 3494 est
313 3449 659 3508 quodammodo
676 3448 1014 3508 interpretativa
1025 3447 1270 3493 voluntatis
1288 3448 1542 3493 humanae:
1560 3459 1668 3494 tunc
1687 3464 1799 3509 ergo
1819 3448 2009 3508 alicujus
2025 3450 2198 3495 orantis

229 3517 465 3560 exauditur
491 3516 654 3570 oratio,
681 3518 863 3575 quando
897 3516 994 3573 ejus
1030 3513 1241 3559 voluntas
1272 3515 1572 3574 adimpletur:
1608 3516 1820 3561 voluntas
1852 3526 2007 3563 autem
2033 3516 2202 3577 simpli·

230 3583 340 3627 citer
366 3584 567 3627 hominis
595 3593 662 3628 est
687 3582 875 3627 rationis
899 3580 1135 3628 voluntas:
1163 3581 1253 3626 hoc
1283 3581 1407 3626 enim
1425 3582 1633 3628 absolute
1651 3583 1882 3638 volumuS,
1905 3583 2030 3644 quod
2045 3597 2203 3629 secun·
