2352 3926
282 198 352 267 36
837 200 1113 249 QUAEsno
1155 199 1211 238 11.
1243 197 1552 238 ARTIcums
1591 197 1669 235 111.

279 320 386 371 puta
411 322 509 354 esse
534 316 691 351 natum
717 304 772 348 de
797 302 999 361 Virgine,
1025 313 1225 360 passum,
1249 297 1529 351 crucifixum,
1556 306 1602 341 et
1625 295 1880 355 sepultum3
1906 306 1952 342 et
1974 297 2258 358 hocsefim·

282 378 546 421 damnatum
565 383 644 427 est,
663 370 938 430 approbante
957 366 1170 412 Concilio
1188 366 1418 426 Ephesino
1438 365 1537 422 (loc.
1554 365 1668 408 citat.
1682 377 1771 408 can.
1789 363 1875 421 4.),
1892 364 1974 409 sub
1985 364 2236 416 hisverbjsz

284 460 307 486 «
335 443 384 487 Si
409 443 507 501 quis
533 439 734 500 personis
763 437 947 491 duabus,
973 434 1047 479 vel
1069 433 1364 479 subsistentiis
1391 445 1482 484 eaS,
1508 444 1624 489 quae
1657 439 1762 476 sunt
1793 431 1840 475 in
1865 429 2168 491 Evangelicis,
2193 441 2239 478 et

281 509 559 569 Apostolicis
587 504 841 563 Scripturis,
867 503 1055 562 partitur
1079 515 1244 554 voces;
1271 509 1347 543 aut
1373 498 1428 542 de
1456 497 1643 541 Christo
1671 511 1697 540 a
1715 496 1895 541 Sanctis
1912 497 2070 553 dictas,
2088 498 2236 555 amal>

280 578 379 635 ipso
402 576 456 619 de
483 589 545 627 se,
573 583 615 616 et
641 570 860 630 quasdam
888 569 1071 628 quidem
1096 567 1221 611 velut
1250 565 1430 610 homini
1460 573 1638 623 praeter
1667 562 1780 608 illud
1812 577 1867 608 ex
1897 564 2002 611 Deo
2032 564 2238 631 Verbum

281 641 530 701 specialiter
557 639 787 682 intellecto
816 637 1026 695 applicat,
1053 635 1273 694 quasdam
1299 646 1423 686 vero,
1446 630 1572 676 velut
1587 630 1691 674 Deo
1709 630 1939 685 decibiles,
1956 629 2045 677 soli
2060 631 2235 682 exDeo

279 710 411 753 Patre
438 707 602 759 Verbo,
631 705 873 748 anathema
900 703 956 746 sit
977 718 1026 756 »3
1053 702 1116 746 sic
1145 714 1255 758 ergo
1281 708 1417 758 patet,
1445 712 1543 742 esse
1569 697 1799 741 haeresim
1825 697 1940 742 olim
1956 697 2011 743 ab
2028 697 2237 744 Ecclesia

281 777 555 826 damnatam,
582 772 745 824 dicere,
773 770 894 829 quod
921 771 966 812 in
991 769 1175 813 Christo
1203 776 1306 810 sunt
1331 765 1446 809 duae
1472 765 1758 823 hypostaseS‚
1784 764 1859 809 vel
1875 765 1966 809 duo
1987 766 2237 826 supposita,
2304 774 2307 776 ’

279 842 372 885 sive
398 840 519 899 quod
546 836 773 882 unio'non
800 838 856 881 sit
881 836 998 880 facta
1025 836 1071 879 in
1102 833 1351 893 hypostasi,
1384 832 1458 876 vel
1489 832 1725 891 supposito
1758 847 1809 886 »ς
1840 832 1963 877 unde
1993 832 2043 878 in
2073 833 2235 884 eadem

280 908 468 967 Synodo
497 907 608 963 (can.
635 906 698 962 2.)
726 905 910 963 legitur:
943 920 965 944 «
994 903 1043 946 Si
1065 904 1162 961 quis
1184 915 1277 944 non
1301 899 1556 953 confitetur,
1581 899 1707 942 carni
1723 899 1977 944 secundum
1996 899 2238 950 subsisten-

276 975 387 1018 tiam
414 974 590 1017 unitum
617 987 669 1016 ex
694 973 796 1015 Deo
824 972 956 1015 Patre
979 970 1195 1023 Verbum,
1222 978 1464 1026 utrumque
1492 982 1590 1012 esse
1610 967 1847 1012 Christum
1862 981 1968 1014 cum
1984 982 2067 1014 sua
2083 981 2236 1025 came,

278 1041 490 1087 eumdem
517 1040 688 1085 scilicet
712 1040 880 1092 Deum,
904 1048 947 1082 et
971 1038 1224 1090 hominem,
1248 1036 1491 1080 anathema
1518 1035 1575 1079 sit
1599 1052 1640 1078 ».
2133 1062 2138 1067 -
2164 1067 2166 1069 .

364 1110 438 1152 AD
463 1121 650 1153 PRIMUM
677 1120 786 1164 ergo
813 1105 1070 1158 dicendum,
1097 1105 1219 1163 quod
1245 1104 1360 1146 sicut
1386 1101 1679 1146 accidentalis
1710 1101 1966 1148 differentia
1988 1102 2099 1150 facit
2119 1103 2231 1154 alte·

274 1190 399 1230 rum;
422 1177 483 1219 ita
510 1173 760 1218 differentia
786 1172 1035 1216 essentialis
1057 1170 1165 1214 facit
1191 1170 1332 1214 aliud:
1368 1169 1663 1214 manifestum
1690 1179 1758 1214 est
1784 1179 1952 1225 autem,
1977 1171 2102 1231 quod
2126 1171 2235 1221 alte-

270 1243 393 1296 ritas,
419 1256 534 1300 quae
559 1242 765 1300 provenit
782 1254 835 1283 ex
861 1238 1111 1283 differentia
1138 1237 1420 1291 accidentali,
1446 1246 1597 1296 potest
1614 1237 1670 1281 ad
1693 1236 1907 1284 eamdem
1926 1237 2230 1298 hypostasim,

270 1309 344 1353 vel
369 1308 651 1368 suppositum
673 1308 895 1365 pertinere
920 1306 966 1348 in
993 1306 1124 1349 rebus
1152 1305 1336 1358 creatis3
1371 1317 1426 1347 eo
1455 1303 1578 1362 quod
1613 1304 1738 1348 idem
1762 1318 1958 1354 numero
1990 1314 2146 1365 *potest
2166 1307 2230 1352 di-

271 1376 411 1420 versis
438 1374 741 1419 accidentibus
767 1374 972 1417 subesse:
1000 1387 1093 1416 non
1113 1382 1266 1416 autem
1293 1371 1517 1429 contingit
1541 1371 1588 1414 in
1614 1371 1748 1416 rebus
1771 1372 2093 1432 creatis,-quod
2109 1373 2235 1423 idem

270 1456 462 1486 numero
489 1441 727 1484 subsistere
748 1440 890 1499 possit
907 1439 1092 1483 diversis
1114 1439 1330 1491 essentiis,
1351 1437 1427 1482 vel
1442 1438 1734 1482 naturis:·sed
1755 1453 1872 1483 unus
1888 1448 1934 1484 et
1948 1438 2072 1485 idem
2098 1438 2234 1490 Chri-

271 1519 364 1553 stus
388 1509 586 1553 subsistit
611 1510 655 1551 in
683 1507 853 1551 duabus
878 1507 1067 1550 naturis:
1096 1507 1214 1549 unde
1241 1506 1357 1549 sicut
1383 1505 1504 1564 quod
1531 1505 1695 1550 dicitur
1721 1505 1931 1561 alterum,
1957 1515 2003 1552 et
2033 1506 2231 1558 altetum

272 1578 318 1620 in
344 1576 573 1630 creaturis,
599 1589 691 1618 non
715 1574 938 1632 significat
954 1574 1259 1618 diversitatem
1285 1573 1519 1632 suppositi,
1537 1573 1616 1617 sed
1643 1571 1797 1617 solum
1813 1573 2125 1622 diversitatem
2137 1573 2231 1624 *for-

271 1659 450 1688 marum
474 1642 842 1687 accidentalium:
870 1642 931 1685 ita
949 1641 1070 1700 quod
1092 1641 1253 1684 dicitur
1280 1640 1489 1684 Christus
1507 1640 1644 1694 aliud,
1667 1650 1711 1685 et
1728 1639 1865 1696 aliud,
1889 1654 1985 1686 non
2006 1641 2232 1702 importat

274 1711 577 1755 diversitatem
618 1709 850 1768 suppositi,
890 1708 964 1752 vel
1004 1708 1276 1767 hypostasiS,
1317 1707 1396 1752 sed
1430 1708 1741 1752 diversitatem
1778 1709 2229 1764 naturarum33unde

274 1779 464 1837 Gregor.
482 1777 692 1820 Nazianz.
719 1777 765 1819 in
782 1776 920 1835 Epist.
944 1790 978 1819 1.
1007 1776 1062 1819 ad
1082 1775 1360 1820 Cledonium
1376 1775 1505 1819 dicit:
1526 1792 1551 1817 «
1569 1774 1723 1830 Aliud,
1756 1785 1802 1820 et
1817 1774 1940 1821 aliud
1954 1785 2147 1833 suntea,
2173 1790 2229 1823 ex

274 1846 433 1905 quibus
460 1843 671 1888 Salvator
696 1852 774 1896 est,
806 1857 900 1886 non
929 1852 1080 1886 autem
1121 1842 1249 1896 alius,
1292 1852 1336 1887 et
1362 1842 1497 1886 alius:
1532 1843 1636 1886 dico
1661 1856 1772 1887 vero
1805 1841 1942 1898 aliud,
1975 1850 2021 1888 esst
2051 1841 2175 1898 aliud
2200 1858 2227 1889 e

275 1912 515 1965 contrario,
541 1925 676 1969 quam
702 1911 748 1954 in
776 1909 997 1953 Trinitate
1023 1910 1176 1954 habet:
1204 1910 1267 1954 ibi
1288 1910 1412 1954 enim
1439 1909 1567 1963 alius,
1591 1920 1636 1954 et
1662 1910 1775 1955 alius
1809 1909 2019 1965 dicimus,
2050 1919 2102 1956 ut
2129 1925 2229 1957 non

274 1978 577 2024 subsistentias
604 1977 947 2030 confundamus,
979 1991 1073 2020 non
1107 1987 1258 2021 autem
1291 1977 1428 2031 aliud,
1462 1987 1507 2021 et
1538 1976 1718 2022 aliud».
2054 1993 2056 1998 ’

364 2046 439 2089 AD
467 2057 723 2089 SECUNDUM
750 2044 1006 2097 dicendum,
1040 2045 1160 2102 quod
1182 2045 1440 2103 hypostasis
1466 2044 1692 2103 significat
1716 2045 2015 2090 substantiam
2039 2045 2235 2105 par-ticu-

276 2113 432 2165 larem,
458 2125 550 2155 non
576 2124 863 2169 quocumque
889 2111 1044 2165 modo,
1071 2111 1148 2155 sed
1166 2122 1300 2170 prout
1325 2112 1454 2156 estin
1477 2126 1560 2156 suo
1588 2111 1933 2172 complemento
1950 2127 1962 2158 ε
1978 2112 2232 2162 secundum

275 2194 384 2223 vero
417 2178 538 2237 quod
556 2178 679 2222 venit
702 2178 748 2220 in
772 2180 988 2221 unionem
1016 2178 1204 2237 alicujus
1223 2182 1369 2237 magis
1388 2179 1622 2239 completi,
1647 2194 1743 2224 non
1764 2179 1929 2226 dicitur
1947 2179 2232 2240 hypostasim

277 2248 392 2291 sicut
417 2259 593 2298 manus,
624 2243 698 2288 vel
729 2260 830 2303 pes:
866 2256 907 2289 et
940 2245 1145 2290 similiter
1185 2247 1388 2290 humana
1419 2257 1580 2291 natura
1611 2247 1658 2290 in
1691 2246 2139 2307 Christosquamvis(
2173 2247 2240 2297 sit⁴

275 2313 521 2358 substantia
562 2311 855 2370 particularis,
893 2313 996 2371 quia
1038 2323 1191 2356 tamen
1230 2314 1354 2358 venit
1386 2315 1432 2358 in
1465 2315 1685 2359 unionem
1726 2314 1964 2373 cujusdam
1996 2314 2238 2376 completi,

276 2380 450 2424 scilicet
472 2380 608 2422 totius
642 2378 825 2431 Christi,
852 2389 984 2437 prout
1006 2390 1073 2423 est
1103 2381 1242 2436 Deus,
1271 2391 1315 2425 et
1348 2382 1509 2436 homo,
1541 2396 1635 2426 non
1661 2391 1811 2441 potest
1835 2381 1927 2433 dici
1955 2381 2231 2442 hypostasis,

277 2446 349 2491 vel
375 2446 677 2505 suppositum:
705 2446 781 2490 sed
807 2446 917 2490 illud
951 2447 1245 2506 completum,
1271 2450 1327 2493 ad
1350 2450 1473 2509 quod
1501 2451 1744 2505 concurrit,
1770 2449 1936 2496 dicitur
1957 2463 2063 2501 esse·
2087 2450 2233 2512 hypo-

277 2514 423 2566 stasis,
448 2512 522 2556 vel
543 2513 840 2571 suppositum.
2191 2548 2193 2550 .

366 2581 440 2624 AD
468 2592 682 2624 TERTIUM
709 2580 962 2634 dicendum,
996 2581 1116 2639 quod
1148 2582 1193 2625 in
1226 2583 1356 2628 rebus
1391 2586 1552 2629 creatis
1576 2599 1647 2629 res
1680 2584 1832 2644 aliqua
1853 2584 2109 2645 singularis
2133 2598 2241 2632 non-

278 2647 458 2706 ponitur
493 2647 538 2689 in
566 2660 743 2703 genere,
769 2647 841 2691 vel
874 2648 918 2690 in
944 2649 1094 2706 specie
1126 2650 1300 2694 ratione
1329 2653 1437 2709 ejus,
1479 2653 1602 2711 quod
1628 2653 1822 2711 pertinet
1854 2652 1911 2697 ad
1949 2654 2048 2713 ejus
2071 2647 2231 2703 indiviss

276 2714 553 2768 duationem,
576 2713 653 2756 sed
680 2714 853 2757 ratione
879 2726 1077 2768 naturae,
1105 2731 1219 2774 quae
1247 2719 1499 2762 secundum
1524 2718 1724 2763 formam
1751 2720 2100 2775 determinatum
2120 2733 2227 2767 cum

275 2780 571 2825 individuatio
605 2780 749 2838 magis
784 2781 838 2824 sit
871 2782 1119 2825 secundum
1168 2785 1405 2828 materiam
1446 2786 1493 2829 in
1529 2787 1662 2831 rebus
1695 2787 1985 2846 compositis3
2017 2786 2083 2837 sic
2115 2800 2227 2847 ergo

276 2847 519 2891 dicendum
537 2856 616 2900 est,
634 2847 754 2906 quod
782 2847 989 2892 Christus
1008 2859 1074 2893 est
1090 2850 1135 2893 in
1157 2851 1307 2909 specie
1332 2852 1535 2897 humana
1551 2856 1726 2899 ratione
1743 2864 1932 2906 naturae
1952 2863 2228 2915 assumptae,

275 2927 369 2959 non
395 2913 569 2958 ratione
596 2913 734 2972 ipsius
760 2914 1031 2972 hypostasis,

973 3077 1401 3137 ARTICULUS
1445 3083 1539 3139 1v.
1842 3038 1846 3042 ’
2096 3104 2147 3157 ,ε
2172 3085 2244 3149 10‘

275 3209 465 3249 UTRUM
520 3210 780 3262 PERsoNA,
813 3211 915 3250 VEL
957 3213 1287 3253 HYPOSTASIS
1330 3217 1545 3258 efflusi-1
1587 3222 1727 3260 POST
1766 3217 2227 3266 INCARNATIO'M

1013 3296 1096 3333 SIT
1132 3297 1464 3338 COMPOSITA.
2094 3301 2097 3304 ⁴
2208 3296 2211 3311 ³

923 3406 975 3463 (3.
1010 3406 1117 3450 Dist.
1153 3407 1193 3451 6.
1229 3423 1267 3465 q.
1300 3423 1337 3452 2.
1373 3416 1450 3453 art.
1481 3411 1552 3469 3.).

356 3513 431 3557 Ao
458 3526 691 3564 QUARTUM
721 3515 782 3559 sic
810 3517 1080 3575 proceditur.
1115 3517 1318 3574 Videtur,
1341 3522 1460 3579 quod
1482 3527 1681 3581 ‘persona
1700 3525 1873 3571 Christi
1894 3502 1989 3573 non
2008 3527 2070 3573 sit
2099 3541 2223 3577 com-

267 3579 435 3638 posita:
469 3595 662 3640 persona
690 3583 812 3627 enim
845 3583 1017 3629 Christi
1047 3599 1139 3629 non
1174 3596 1239 3631 est
1272 3587 1407 3642 aliud,
1440 3603 1577 3647 quam
1612 3606 1819 3648 persona,
1852 3594 1927 3640 vel
1961 3593 2221 3656 hypostasis

2334 3275 2341 3305 z

2327 3306 2341 3348 ἕ
