2352 3926
575 251 854 298 QUAESTIO
895 251 1046 291 XXIX.
1086 250 1394 292 ARTICULUS
1434 250 1469 289 Ι.
1918 249 2019 304 251

7 397 10 398 ⁷
158 365 196 412 3.
220 351 518 398 PRAETEREA.
546 352 747 412 Ignatius
770 362 955 412 martyr,
982 362 1031 397 ut
1058 353 1246 399 Hieron.
1275 352 1384 397 dicit
1410 366 1545 412 super
1571 350 1733 396 Matth.
1751 351 1866 412 (cap.
1883 366 1918 396 1.
1933 358 2026 410 sup.
2075 354 2079 358 ’

62 418 195 465 illud:
223 419 332 465 Cum
356 426 449 465 esset
473 419 749 480 desponsata),
766 419 885 463 hanc
904 434 1092 463 causam
1111 420 1358 479 assignavit
1378 419 1743 481 desponsationis
1762 418 1919 463 matris
1936 418 2024 462 Dei

7 498 12 531 ᾳ
59 501 95 529 ,σε
108 495 160 531 ut
182 497 335 547 partus
362 489 458 546 eius
490 486 673 532 diabolo
701 485 943 541 celaretur;
970 486 1080 529 dum
1114 501 1220 530 eum
1258 497 1384 545 putat
1418 500 1512 530 non
1551 486 1606 531 de
1631 486 1836 546 Virgine,
1862 484 1940 530 sed
1974 498 2027 528 ex

64 566 215 598 uxore
232 564 499 613 generatum
517 569 566 608 »;
594 567 711 613 quae
737 553 922 612 quidem
949 567 1086 597 causa
1112 553 1237 596 nulla
1265 567 1362 597 esse
1389 554 1590 598 videtur:
1616 564 1713 598 tum
1742 553 1846 613 quia
1873 552 2030 596 diabo-

0 619 13 681 {¹
63 619 136 664 lus
161 633 215 664 ea
241 634 357 679 quae
384 620 683 680 corporaliter
707 619 832 675 fiunt,
866 620 1209 679 perspicacitate
1228 620 1294 663 sui
1314 634 1471 663 sensus
1491 620 1752 678 cognoscit:
1775 630 1873 664 tum
1890 619 2029 663 etiam

65 687 171 747 quia
196 688 492 747 postmodum
519 702 600 748 per
624 687 769 732 multa
802 687 1028 732 evidentia
1059 687 1190 746 signa
1222 687 1472 732 daemones
1506 686 1760 746 aliqualiter
1792 686 2029 731 Christum

65 765 410 814 cognoverunt3
438 756 556 799 unde
583 755 745 799 dicitur
770 754 911 798 Marc.
944 768 995 809 1.,
1024 754 1145 813 quod
1164 755 1283 798 homo
1306 756 1351 797 in
1372 756 1523 812 spiritu
1546 754 1759 798 immundo
1777 754 2029 799 exclamavit

64 821 226 867 dicens:
255 822 371 880 Quid
394 824 528 877 nobis,
555 828 592 867 et
617 823 705 876 tibi,
728 822 824 878 Jesu
851 822 1102 879 Nazarene?
1126 823 1276 866 venisti
1303 827 1396 865 anta²
1424 827 1578 880 tempus
1592 821 1767 881 perdere
1791 822 1901 866 nos?
1925 822 2021 873 scio,

0 899 9 907 '¹
63 888 173 948 quod
195 890 251 934 sis
271 895 438 934 sanctus
462 890 572 942 Dei;
595 902 690 933 non
709 902 819 947 ergo
836 889 1013 932 videtur
1036 888 1314 932 conveniens
1337 886 1488 942 fuisse,
1508 888 1630 947 quod
1649 898 1794 932 mater
1805 888 1894 932 Dei
1913 897 2030 932 esset

0 956 1 962 ’
65 955 351 1016 desponsata.

0 1083 2 1086 y
153 1034 196 1078 4.
222 1022 519 1069 PRAETEREA.
554 1023 709 1068 Aliam
735 1023 959 1068 rationem
989 1023 1190 1082 assignat
1216 1022 1485 1082 Hieronym.
1513 1022 1612 1080 (loc.
1640 1021 1759 1079 cit.).·
1791 1021 1901 1066 «Ne
1922 1021 2030 1081 lapi-

65 1088 246 1136 daretur
271 1101 417 1136 mater
441 1091 530 1135 Dei
557 1105 582 1135 a
602 1090 800 1149 Judaeis‚
826 1091 943 1135 sicut
976 1090 1238 1135 adultera».
1271 1090 1398 1134 Haec
1432 1099 1585 1134 autem
1621 1089 1737 1133 ratio
1773 1088 1899 1133 nulla
1931 1103 2029 1133 esse

63 1157 261 1214 videtui-3
287 1158 325 1203 si
351 1158 473 1203 enim
497 1173 592 1203 non
619 1168 738 1203 esset
763 1158 1049 1216 desponsata,
1075 1172 1170 1202 non
1196 1167 1353 1216 posset
1378 1157 1434 1202 de
1462 1155 1683 1201 adulterio
1702 1156 2030 1210 condemnari;

64 1225 194 1271 etita
216 1239 311 1271 non
335 1226 515 1272 videtur
539 1225 809 1271 rationabile
830 1224 982 1280 fuisse,
1010 1225 1134 1285 quod
1161 1224 1371 1270 Christus
1394 1225 1450 1269 de
1468 1225 1743 1284 desponsata
1763 1223 1939 1282 virgine
1956 1237 2032 1267 na-

0 1304 2 1306 ’
63 1303 281 1339 sceretur.

155 1359 250 1406 SED
287 1373 483 1406 CONTRA
510 1370 594 1416 est,
623 1360 746 1421 quod
772 1360 935 1405 dicitur
965 1359 1126 1404 Matth.
1156 1374 1213 1404 1.:
1245 1360 1353 1406 Cum
1386 1365 1480 1405 esset
1510 1359 1752 1420 desponsata
1782 1363 1916 1403 mater
1934 1357 2031 1415 Jesu

0 1429 12 1478 '2⁷
65 1427 214 1473 Maria
228 1428 375 1488 Joseph
385 1444 402 1481 ,⁰
422 1439 465 1473 et
482 1427 593 1473 Luc.
622 1442 682 1473 1.:
701 1429 853 1473 Missus
874 1434 931 1473 est
955 1427 1130 1473 Gabriel
1152 1427 1318 1487 angelus
1345 1427 1399 1472 ad
1421 1428 1614 1472 Mariam
1634 1427 1844 1486 virginem
1865 1425 2033 1485 despon-

0 1502 10 1546 ,τᾳ
61 1501 198 1540 satam
217 1497 330 1550 viro,
354 1497 424 1540 cui
446 1491 595 1541 nomen
621 1502 712 1541 erat
727 1496 888 1556 Joseph.

0 1574 25 1625 i:
153 1562 442 1609 Rssponnno
475 1563 733 1618 dicendum,
767 1562 890 1623 quod
923 1563 1202 1608 conveniens
1235 1561 1333 1618 fuit,
1376 1562 1615 1607 Christum
1656 1561 1711 1606 de
1758 1561 2031 1621 desponsata

0 1627 10 1719 Ξ
65 1630 240 1690 virgine
281 1631 421 1686 nasci,
453 1641 552 1675 tum
577 1641 762 1690 propter
786 1632 950 1690 ipsum,
976 1641 1075 1675 tum
1101 1640 1285 1690 propter
1316 1640 1525 1686 matrem,
1552 1641 1650 1674 turn
1678 1629 1816 1674 etiam
1848 1638 2032 1688 propter

6 1726 10 1728 v
64 1712 165 1744 nos.
192 1698 385 1758 Propter
408 1699 558 1758 ipsum
585 1699 770 1758 quidem
796 1697 1032 1743 Christum
1060 1698 1325 1758 quadruplici
1350 1698 1548 1742 ratione:
1569 1699 1712 1757 primo
1739 1696 1941 1756 quidem,
1973 1710 2031 1740 ne

9 1792 11 1794 -
66 1766 122 1810 ab
147 1765 404 1811 infidelibus
428 1777 666 1824 tamquam
691 1765 929 1824 illegitime
954 1775 1087 1810 natus
1115 1766 1405 1823 abjiceretur;
1432 1766 1551 1809 unde
1579 1764 1794 1808 Ambros.
1823 1763 1931 1807 dicit
1963 1778 2033 1807 su-

14 1879 17 1883 ,
58 1847 145 1894 per
170 1833 281 1877 Luc.
307 1834 417 1893 (cap.
443 1849 479 1879 1.
504 1841 595 1892 sup.
623 1832 754 1877 illud:
781 1833 833 1877 In
859 1848 989 1878 mense
1014 1835 1174 1890 sexto):
1207 1849 1230 1874 «
1251 1832 1377 1885 Quid
1398 1832 1595 1890 Judaeis‚
1615 1832 1722 1891 quid
1741 1831 1913 1875 Herodi
1931 1844 2033 1889 pos-

9 1954 24 1964 .„
53 1910 135 1946 :set
158 1900 363 1956 adscribi,
389 1900 428 1945 si
457 1911 617 1945 natum
648 1900 908 1944 viderentur
934 1915 988 1945 ex
1015 1899 1236 1945 adulterio
1268 1899 1525 1959 persecuti?
1545 1915 1600 1954 »3
1630 1898 1818 1952 secundo,
1846 1908 1896 1942 ut
1928 1911 2033 1941 con-

60 1978 195 2015 'sueto
222 1969 363 2013 modo
390 1970 488 2028 ejus
519 1967 792 2028 genealogia
824 1982 904 2027 per
939 1970 1088 2012 virum
1124 1968 1477 2012 describeretur:
1516 1967 1636 2011 unde
1673 1966 1782 2010 dicit
1818 1965 2031 2010 Ambros.

65 2046 200 2097 super
225 2035 336 2080 Luc.
364 2035 478 2096 (cap.
500 2051 537 2096 3.
562 2044 651 2096 sup.
678 2035 813 2081 illud:
841 2037 896 2081 Et
920 2037 1002 2095 ipse
1018 2037 1133 2093 Jesus
1149 2042 1255 2090 erat,
1278 2037 1370 2094 etc.)
1385 2050 1398 2077 .-
1422 2051 1445 2076 <c
1466 2034 1561 2087 Qui
1577 2035 1624 2078 in
1642 2033 1877 2079 saeculum
1894 2034 2031 2087 venit,

12 2097 53 2169 '⁵3
56 2102 238 2149 saeculi
263 2103 418 2148 debuit
443 2117 572 2147 more
598 2103 805 2147 describi.
831 2102 931 2146 Viri
955 2112 1107 2147 autem
1134 2117 1327 2162 persona
1356 2102 1600 2162 quaeritur,
1629 2102 1706 2161 qui
1731 2102 1778 2145 in
1799 2111 1971 2155 senatu,
1989 2110 2034 2145 et

9 2170 249 2240 'freliquis
274 2171 409 2215 curiis
435 2170 670 2215 civitatum
712 2170 891 2228 generis
930 2171 1088 2215 asserit
1124 2170 1416 2248 dignitatem3
1445 2169 1730 2213 consuetudo
1775 2169 1913 2213 etiam
1947 2182 2033 2212 nos

19 2228 256 2284 &instituit
282 2237 632 2298 Scripturarum‚
655 2251 771 2296 quae
797 2252 979 2296 semper
1002 2237 1088 2281 viri
1115 2238 1340 2296 originem
1365 2237 1541 2296 quaerit
1557 2252 1607 2291 »3
1631 2238 1750 2281 tertio
1770 2235 1824 2279 ad
1842 2235 2033 2280 tutelam

43 2306 191 2368 ‘pueri
207 2305 316 2360 nati,
332 2318 390 2350 ne
406 2304 613 2349 diabolus
631 2315 791 2349 contra
809 2319 916 2350 eum
933 2305 1248 2349 vehementius
1265 2313 1544 2349 nocumenta
1562 2313 1846 2362 procuraret:
1865 2311 1909 2347 et
1926 2302 2030 2346 ideo

17 2367 266 2433 §gffgnatius
291 2372 414 2427 dicit,
438 2372 586 2431 ipsam
607 2371 745 2417 fuisse
771 2372 1107 2432 desponsatam,
1135 2381 1222 2416 «ut
1239 2381 1391 2430 partus
1421 2372 1516 2430 ejus
1533 2370 1719 2415 diabolo
1738 2369 1960 2415 celaretur
1977 2386 2030 2425 »3

23 2433 26 2435 Δ
149 2447 231 2496 rto,
258 2449 308 2485 ut
333 2454 359 2484 a
378 2439 550 2499 Joseph
575 2440 832 2495 nutriretur,
866 2440 985 2485 unde
1013 2451 1058 2485 et
1083 2450 1211 2500 pater
1237 2442 1333 2500 ejus
1367 2440 1512 2484 dictus
1540 2449 1620 2494 est,
1646 2440 1777 2499 quasi
1803 2439 2032 2484 nutritius.

133 2506 168 2553 t
192 2509 328 2552 etiam
356 2507 634 2552 conveniens
661 2521 716 2552 ex
731 2517 858 2567 parte
885 2507 1111 2567 Virginis:
1131 2509 1276 2567 primo
1304 2507 1504 2566 quidem,
1531 2507 1637 2566 quia
1663 2521 1742 2566 per
1768 2507 1859 2551 hoc
1886 2507 2035 2551 reddi-

39 2615 63 2639 „
160 2574 379 2619 immunis
406 2589 432 2619 a
453 2589 631 2635 poena3
656 2590 715 2620 ne
742 2575 916 2621 scilicet
941 2575 1217 2636 lapidaretur
1244 2590 1269 2619 a
1290 2575 1472 2634 Judaeis
1498 2585 1719 2635 tanquam
1746 2575 1966 2631 adultera,
1984 2585 2034 2620 ut

113 2642 376 2702 'eronymus
402 2642 510 2687 dicit
537 2643 635 2699 (loc.
662 2651 751 2703 sup.
779 2645 898 2702 cit.),·
923 2643 1118 2699 secundo,
1147 2654 1196 2688 ut
1221 2657 1303 2702 per
1327 2643 1418 2687 hoc
1447 2643 1500 2687 ab
1528 2642 1718 2687 infamia
1742 2642 2031 2688 liberaretur:

43 2706 186 2771 side
211 2709 321 2754 dicit
345 2709 560 2754 Ambros.
583 2724 718 2770 super
743 2711 854 2756 Luc.
881 2711 994 2770 (cap.
1021 2728 1056 2756 Ι.
1081 2718 1170 2770 sup.
1198 2711 1327 2755 illud.-
1354 2711 1405 2755 In
1431 2725 1563 2755 mense
1587 2711 1730 2767 sexto),
1766 2710 1888 2770 quod
1923 2711 2034 2755 «de-

130 2786 281 2822 ·nsata
306 2786 388 2831 est,
413 2790 471 2821 ne
498 2786 747 2822 temeratae
778 2778 1047 2837 virginitatis
1081 2778 1345 2822 adureretur
1375 2776 1579 2831 infamia,
1617 2778 1690 2821 cui
1726 2778 1876 2836 gravis
1904 2777 2031 2823 alvus

105 2842 351 2904 rruptelae
375 2843 604 2888 videretur
627 2844 805 2904 insigne
837 2844 1063 2904 praeferre
1079 2860 1132 2900 »3
1160 2847 1294 2899 tertio,
1323 2854 1372 2888 ut
1397 2844 1438 2888 ei
1471 2859 1497 2888 a
1523 2844 1694 2904 Joseph
1729 2844 2031 2889 ministerium

48 2907 366 2967 exhiberetur,
391 2920 441 2955 ut
465 2910 654 2955 Hieron.
683 2912 791 2955 dicit
818 2912 916 2969 (loc.
945 2914 1050 2970 cit..)
1077 2911 1143 2956 Ex
1169 2922 1294 2971 parte
1323 2911 1461 2955 etiam
1497 2921 1653 2956 nostra
1687 2911 1778 2956 hoc
1811 2910 1895 2955 fuit
1928 2925 2033 2955 con-

11 3035 14 3039 ¹
38 2978 277 3046 eniens:
296 2979 441 3038 primo
464 2977 663 3037 quidem,
687 2979 793 3038 quia
818 2978 1083 3023 testimonio
1105 2979 1276 3038 Joseph
1305 2979 1656 3038 comprobatum
1684 2988 1764 3032 est,
1794 2978 2031 3022 Christum

138 3041 321 3104 virgine
347 3053 531 3088 natum:
558 3045 677 3089 unde
703 3045 862 3089 Ambr.
886 3046 996 3090 dicit
1020 3060 1155 3105 super
1181 3046 1291 3090 Luc
1315 3046 1416 3103 (loc.
1438 3053 1524 3105 sup.
1549 3046 1667 3105 cit.):
1694 3044 2033 3103 «Locupletior

148 3131 186 3149 ν
215 3111 400 3171 pudoris
426 3110 614 3155 maritus
641 3112 892 3167 adhibetur,
920 3113 997 3172 qui
1023 3122 1176 3172 posset
1208 3123 1252 3157 et
1284 3111 1440 3156 dolere
1475 3112 1702 3188 injuriam,
1731 3122 1774 3155 et
1799 3111 2031 3155 vindicare

41 3175 79 3235 -Q
111 3177 378 3237 ·probrium‚
401 3177 440 3222 si
461 3192 555 3222 non
582 3189 852 3238 agnosceret
876 3190 1215 3224 sacramentum
1233 3195 1285 3234 »3
1313 3179 1501 3232 secundo,
1528 3179 1632 3238 quia
1658 3179 1756 3237 ipsa
1777 3178 1913 3222 verba
1934 3177 2032 3221 Vir-

43 3247 89 3301 Ξῖ
91 3242 187 3290 ‘is
211 3245 367 3290 matris
392 3245 540 3304 magis
567 3245 799 3290 credibilia
826 3247 1072 3291 redduntur
1105 3261 1235 3291 suam
1267 3246 1574 3305 virginitatem
1609 3245 1872 3290 asserentis·
1911 3245 2030 3290 unde

48 3353 71 3375 Ξ
93 3308 280 3357 ''mbros
308 3311 415 3356 dicit
440 3326 576 3371 super
602 3312 712 3357 Luc.
742 3313 915 3390 (ibidoe)
942 3329 977 3355 «
986 3314 1117 3358 Fides
1144 3314 1316 3357 Mariae
1341 3313 1490 3356 verbis
1517 3313 1663 3371 magis
1691 3311 1968 3365 adsciscitur,
1987 3321 2032 3356 et

28 2461 71 2565 {s

4 3544 5 3549 ,
38 3510 175 3570 [ὑιηετ
201 3511 403 3570 conjugii
425 3513 697 3573 praemium,
724 3524 769 3557 et
794 3514 938 3572 gratia
962 3516 1222 3574 nuptiarum
1241 3524 1392 3573 partus
1419 3513 1476 3557 sit
1502 3511 1807 3556 foeminarum
1825 3527 1875 3566 »3
1910 3526 2028 3571 quae

19 3573 255 3644 ‘uidem
279 3575 370 3622 duo
397 3578 622 3637 pertinent
648 3579 703 3623 ad
735 3578 998 3625 firmitatem
1025 3580 1130 3625 fidei
1156 3580 1530 3633 nostrae31ertio‚
1559 3588 1607 3622 ut
1632 3577 1868 3623 tolleretur
1900 3592 2030 3623 excu-

210 3641 475 3702 virginibus,
500 3658 616 3704 quae
648 3654 833 3704 propter
858 3660 988 3691 suam
1021 3646 1297 3691 incautelam
1329 3659 1422 3690 non
1450 3645 1593 3689 vitant
1618 3643 1881 3700 infamiam3
1907 3646 2026 3690 unde
