<?xml version="1.0" encoding="UTF-8"?>
<!DOCTYPE html PUBLIC "-//W3C//DTD XHTML 1.0 Transitional//EN"
    "http://www.w3.org/TR/xhtml1/DTD/xhtml1-transitional.dtd">
<html xmlns="http://www.w3.org/1999/xhtml" xml:lang="en" lang="en">
 <head>
  <title>
</title>
<meta http-equiv="Content-Type" content="text/html;charset=utf-8" />
  <meta name='ocr-system' content='tesseract 3.04.00' />
  <meta name='ocr-capabilities' content='ocr_page ocr_carea ocr_par ocr_line ocrx_word'/>
</head>
<body>
  <div class='ocr_page' id='page_1' title='image "./divithomaeaquina04thom_0202.png"; bbox 0 0 2352 3926; ppageno 0'>
   <div class='ocr_carea' id='block_1_1' title="bbox 244 184 1635 255">
    <p class='ocr_par' dir='ltr' id='par_1_1' title="bbox 244 184 1635 255">
     <span class='ocr_line' id='line_1_1' title="bbox 244 184 1635 255; baseline 0 -17"><span class='ocrx_word' id='word_1_1' title='bbox 244 184 344 255; x_wconf 84' lang='lat'>198</span> <span class='ocrx_word' id='word_1_2' title='bbox 788 198 1065 243; x_wconf 85' lang='lat' dir='ltr'>QUAESTIO</span> <span class='ocrx_word' id='word_1_3' title='bbox 1106 198 1197 237; x_wconf 74' lang='lat' dir='ltr'>xx.</span> <span class='ocrx_word' id='word_1_4' title='bbox 1229 199 1538 238; x_wconf 83' lang='lat' dir='ltr'>ARTICULUS</span> <span class='ocrx_word' id='word_1_5' title='bbox 1577 199 1635 238; x_wconf 91' lang='lat'>11.</span> 
     </span>
    </p>
   </div>
   <div class='ocr_carea' id='block_1_2' title="bbox 231 290 2201 1564">
    <p class='ocr_par' dir='ltr' id='par_1_2' title="bbox 232 290 2200 1022">
     <span class='ocr_line' id='line_1_2' title="bbox 238 290 2196 362; baseline 0.001 -17"><span class='ocrx_word' id='word_1_6' title='bbox 238 317 341 345; x_wconf 91' lang='lat' dir='ltr'>cum</span> <span class='ocrx_word' id='word_1_7' title='bbox 369 302 501 345; x_wconf 88' lang='lat' dir='ltr'>Patre</span> <span class='ocrx_word' id='word_1_8' title='bbox 529 314 752 358; x_wconf 85' lang='lat' dir='ltr'>praeesse,</span> <span class='ocrx_word' id='word_1_9' title='bbox 781 310 824 343; x_wconf 95' lang='lat' dir='ltr'>et</span> <span class='ocrx_word' id='word_1_10' title='bbox 850 299 1100 343; x_wconf 90' lang='lat' dir='ltr'>dominari:</span> <span class='ocrx_word' id='word_1_11' title='bbox 1129 300 1380 343; x_wconf 91' lang='lat' dir='ltr'>secundum</span> <span class='ocrx_word' id='word_1_12' title='bbox 1413 314 1522 344; x_wconf 90' lang='lat' dir='ltr'>vero</span> <span class='ocrx_word' id='word_1_13' title='bbox 1551 290 1740 345; x_wconf 83' lang='lat' dir='ltr'>alteram</span> <span class='ocrx_word' id='word_1_14' title='bbox 1772 311 1997 356; x_wconf 89' lang='lat' dir='ltr'>naturam,</span> <span class='ocrx_word' id='word_1_15' title='bbox 2029 301 2076 345; x_wconf 86' lang='lat' dir='ltr'>in</span> <span class='ocrx_word' id='word_1_16' title='bbox 2108 316 2196 362; x_wconf 88' lang='lat' dir='ltr'>qua</span> 
     </span>
     <span class='ocr_line' id='line_1_3' title="bbox 236 366 2196 428; baseline -0.001 -16"><span class='ocrx_word' id='word_1_17' title='bbox 236 369 478 412; x_wconf 87' lang='lat' dir='ltr'>nobiscum</span> <span class='ocrx_word' id='word_1_18' title='bbox 497 367 724 419; x_wconf 87' lang='lat' dir='ltr'>convenit,</span> <span class='ocrx_word' id='word_1_19' title='bbox 742 367 891 425; x_wconf 85' lang='lat' dir='ltr'>ipsum</span> <span class='ocrx_word' id='word_1_20' title='bbox 909 366 1106 420; x_wconf 87' lang='lat' dir='ltr'>subesse,</span> <span class='ocrx_word' id='word_1_21' title='bbox 1125 375 1170 410; x_wconf 90' lang='lat' dir='ltr'>et</span> <span class='ocrx_word' id='word_1_22' title='bbox 1190 366 1382 412; x_wconf 90' lang='lat' dir='ltr'>servire:</span> <span class='ocrx_word' id='word_1_23' title='bbox 1410 376 1455 411; x_wconf 86' lang='lat' dir='ltr'>et</span> <span class='ocrx_word' id='word_1_24' title='bbox 1479 381 1559 426; x_wconf 91' lang='lat' dir='ltr'>per</span> <span class='ocrx_word' id='word_1_25' title='bbox 1583 368 1706 411; x_wconf 92' lang='lat' dir='ltr'>hunc</span> <span class='ocrx_word' id='word_1_26' title='bbox 1733 368 1924 411; x_wconf 89' lang='lat' dir='ltr'>modum</span> <span class='ocrx_word' id='word_1_27' title='bbox 1950 368 2058 413; x_wconf 89' lang='lat' dir='ltr'>dicit</span> <span class='ocrx_word' id='word_1_28' title='bbox 2075 368 2196 428; x_wconf 87' lang='lat' dir='ltr'>Aug.</span> 
     </span>
     <span class='ocr_line' id='line_1_4' title="bbox 235 432 2196 494; baseline 0.001 -16"><span class='ocrx_word' id='word_1_29' title='bbox 235 436 335 492; x_wconf 85' lang='lat' dir='ltr'>(loc.</span> <span class='ocrx_word' id='word_1_30' title='bbox 358 442 444 492; x_wconf 79' lang='lat' dir='ltr'>sup.</span> <span class='ocrx_word' id='word_1_31' title='bbox 474 436 560 490; x_wconf 73' lang='lat' dir='ltr'>cit.)</span> <span class='ocrx_word' id='word_1_32' title='bbox 585 432 751 476; x_wconf 86' lang='lat' dir='ltr'>Filium</span> <span class='ocrx_word' id='word_1_33' title='bbox 780 447 878 476; x_wconf 90' lang='lat' dir='ltr'>esse</span> <span class='ocrx_word' id='word_1_34' title='bbox 901 433 1051 492; x_wconf 90' lang='lat' dir='ltr'>seipso</span> <span class='ocrx_word' id='word_1_35' title='bbox 1077 432 1332 477; x_wconf 83' lang='lat' dir='ltr'>minorem.</span> <span class='ocrx_word' id='word_1_36' title='bbox 1359 434 1595 478; x_wconf 87' lang='lat' dir='ltr'>sciendum</span> <span class='ocrx_word' id='word_1_37' title='bbox 1628 444 1798 487; x_wconf 90' lang='lat' dir='ltr'>tamen,</span> <span class='ocrx_word' id='word_1_38' title='bbox 1826 435 1948 494; x_wconf 84' lang='lat' dir='ltr'>quod</span> <span class='ocrx_word' id='word_1_39' title='bbox 1975 450 2081 479; x_wconf 91' lang='lat' dir='ltr'>cum</span> <span class='ocrx_word' id='word_1_40' title='bbox 2106 435 2196 480; x_wconf 91' lang='lat' dir='ltr'>hoc</span> 
     </span>
     <span class='ocr_line' id='line_1_5' title="bbox 234 500 2197 564; baseline 0.002 -20"><span class='ocrx_word' id='word_1_41' title='bbox 234 515 405 544; x_wconf 89' lang='lat' dir='ltr'>nomen</span> <span class='ocrx_word' id='word_1_42' title='bbox 433 500 623 543; x_wconf 69' lang='lat' dir='ltr'>Christus</span> <span class='ocrx_word' id='word_1_43' title='bbox 655 501 711 542; x_wconf 85' lang='lat' dir='ltr'>sit</span> <span class='ocrx_word' id='word_1_44' title='bbox 736 513 909 543; x_wconf 92' lang='lat' dir='ltr'>nomen</span> <span class='ocrx_word' id='word_1_45' title='bbox 935 513 1174 557; x_wconf 84' lang='lat' dir='ltr'>personae,</span> <span class='ocrx_word' id='word_1_46' title='bbox 1201 500 1318 543; x_wconf 88' lang='lat' dir='ltr'>sicut</span> <span class='ocrx_word' id='word_1_47' title='bbox 1343 509 1387 544; x_wconf 92' lang='lat' dir='ltr'>et</span> <span class='ocrx_word' id='word_1_48' title='bbox 1411 501 1502 544; x_wconf 93' lang='lat' dir='ltr'>hoc</span> <span class='ocrx_word' id='word_1_49' title='bbox 1529 515 1700 544; x_wconf 91' lang='lat' dir='ltr'>nomen</span> <span class='ocrx_word' id='word_1_50' title='bbox 1733 501 1884 556; x_wconf 84' lang='lat' dir='ltr'>Filius,</span> <span class='ocrx_word' id='word_1_51' title='bbox 1911 501 1990 545; x_wconf 83' lang='lat' dir='ltr'>illa</span> <span class='ocrx_word' id='word_1_52' title='bbox 2022 516 2122 564; x_wconf 88' lang='lat' dir='ltr'>per</span> <span class='ocrx_word' id='word_1_53' title='bbox 2132 514 2197 556; x_wconf 84' lang='lat' dir='ltr'>se,</span> 
     </span>
     <span class='ocr_line' id='line_1_6' title="bbox 236 565 2197 627; baseline 0.001 -17"><span class='ocrx_word' id='word_1_54' title='bbox 236 577 280 611; x_wconf 92' lang='lat' dir='ltr'>et</span> <span class='ocrx_word' id='word_1_55' title='bbox 305 566 509 610; x_wconf 89' lang='lat' dir='ltr'>absolute</span> <span class='ocrx_word' id='word_1_56' title='bbox 528 575 718 624; x_wconf 84' lang='lat' dir='ltr'>possunt</span> <span class='ocrx_word' id='word_1_57' title='bbox 740 565 829 609; x_wconf 91' lang='lat' dir='ltr'>dici</span> <span class='ocrx_word' id='word_1_58' title='bbox 846 566 901 610; x_wconf 91' lang='lat' dir='ltr'>de</span> <span class='ocrx_word' id='word_1_59' title='bbox 922 566 1122 620; x_wconf 88' lang='lat' dir='ltr'>Christo,</span> <span class='ocrx_word' id='word_1_60' title='bbox 1146 580 1262 625; x_wconf 90' lang='lat' dir='ltr'>quae</span> <span class='ocrx_word' id='word_1_61' title='bbox 1281 568 1558 611; x_wconf 87' lang='lat' dir='ltr'>conveniunt</span> <span class='ocrx_word' id='word_1_62' title='bbox 1580 568 1622 611; x_wconf 92' lang='lat' dir='ltr'>ei</span> <span class='ocrx_word' id='word_1_63' title='bbox 1643 567 1818 611; x_wconf 91' lang='lat' dir='ltr'>ratione</span> <span class='ocrx_word' id='word_1_64' title='bbox 1835 581 1943 612; x_wconf 90' lang='lat' dir='ltr'>suae</span> <span class='ocrx_word' id='word_1_65' title='bbox 1961 580 2197 627; x_wconf 81' lang='lat' dir='ltr'>personae,</span> 
     </span>
     <span class='ocr_line' id='line_1_7' title="bbox 235 633 2199 694; baseline 0.001 -18"><span class='ocrx_word' id='word_1_66' title='bbox 235 647 349 692; x_wconf 88' lang='lat' dir='ltr'>quae</span> <span class='ocrx_word' id='word_1_67' title='bbox 378 643 445 676; x_wconf 87' lang='lat' dir='ltr'>est</span> <span class='ocrx_word' id='word_1_68' title='bbox 471 642 674 676; x_wconf 85' lang='lat' dir='ltr'>aeterna:</span> <span class='ocrx_word' id='word_1_69' title='bbox 710 642 754 676; x_wconf 88' lang='lat' dir='ltr'>et</span> <span class='ocrx_word' id='word_1_70' title='bbox 786 633 985 677; x_wconf 85' lang='lat' dir='ltr'>maxime</span> <span class='ocrx_word' id='word_1_71' title='bbox 1017 633 1283 692; x_wconf 86' lang='lat' dir='ltr'>hujusmodi</span> <span class='ocrx_word' id='word_1_72' title='bbox 1308 633 1568 690; x_wconf 88' lang='lat' dir='ltr'>relationes,</span> <span class='ocrx_word' id='word_1_73' title='bbox 1601 648 1716 694; x_wconf 90' lang='lat' dir='ltr'>quae</span> <span class='ocrx_word' id='word_1_74' title='bbox 1749 634 1899 693; x_wconf 88' lang='lat' dir='ltr'>magis</span> <span class='ocrx_word' id='word_1_75' title='bbox 1928 635 2108 694; x_wconf 84' lang='lat' dir='ltr'>proprie</span> <span class='ocrx_word' id='word_1_76' title='bbox 2137 635 2199 678; x_wconf 87' lang='lat' dir='ltr'>vi·</span> 
     </span>
     <span class='ocr_line' id='line_1_8' title="bbox 235 699 2200 760; baseline 0.002 -18"><span class='ocrx_word' id='word_1_77' title='bbox 235 700 394 743; x_wconf 87' lang='lat' dir='ltr'>dentur</span> <span class='ocrx_word' id='word_1_78' title='bbox 423 700 477 742; x_wconf 88' lang='lat' dir='ltr'>ad</span> <span class='ocrx_word' id='word_1_79' title='bbox 504 713 763 758; x_wconf 89' lang='lat' dir='ltr'>personam,</span> <span class='ocrx_word' id='word_1_80' title='bbox 789 699 863 744; x_wconf 92' lang='lat' dir='ltr'>vel</span> <span class='ocrx_word' id='word_1_81' title='bbox 893 700 1181 759; x_wconf 86' lang='lat' dir='ltr'>hypostasim</span> <span class='ocrx_word' id='word_1_82' title='bbox 1206 700 1454 759; x_wconf 91' lang='lat' dir='ltr'>pertinere:</span> <span class='ocrx_word' id='word_1_83' title='bbox 1484 701 1563 745; x_wconf 92' lang='lat' dir='ltr'>sed</span> <span class='ocrx_word' id='word_1_84' title='bbox 1590 716 1643 746; x_wconf 90' lang='lat' dir='ltr'>ea</span> <span class='ocrx_word' id='word_1_85' title='bbox 1670 716 1785 760; x_wconf 90' lang='lat' dir='ltr'>quae</span> <span class='ocrx_word' id='word_1_86' title='bbox 1812 701 2091 747; x_wconf 87' lang='lat' dir='ltr'>conveniunt</span> <span class='ocrx_word' id='word_1_87' title='bbox 2114 701 2200 746; x_wconf 85' lang='lat' dir='ltr'>sibi</span> 
     </span>
     <span class='ocr_line' id='line_1_9' title="bbox 234 766 2199 825; baseline 0.002 -15"><span class='ocrx_word' id='word_1_88' title='bbox 234 766 483 810; x_wconf 88' lang='lat' dir='ltr'>secundum</span> <span class='ocrx_word' id='word_1_89' title='bbox 505 766 759 810; x_wconf 90' lang='lat' dir='ltr'>humanam</span> <span class='ocrx_word' id='word_1_90' title='bbox 779 777 1004 821; x_wconf 89' lang='lat' dir='ltr'>naturam,</span> <span class='ocrx_word' id='word_1_91' title='bbox 1022 776 1126 811; x_wconf 91' lang='lat' dir='ltr'>sunt</span> <span class='ocrx_word' id='word_1_92' title='bbox 1142 766 1184 810; x_wconf 90' lang='lat' dir='ltr'>ei</span> <span class='ocrx_word' id='word_1_93' title='bbox 1199 767 1350 825; x_wconf 90' lang='lat' dir='ltr'>potius</span> <span class='ocrx_word' id='word_1_94' title='bbox 1376 767 1660 812; x_wconf 89' lang='lat' dir='ltr'>attribuenda</span> <span class='ocrx_word' id='word_1_95' title='bbox 1683 782 1789 812; x_wconf 90' lang='lat' dir='ltr'>cum</span> <span class='ocrx_word' id='word_1_96' title='bbox 1807 768 2199 822; x_wconf 84' lang='lat' dir='ltr'>determinatione;</span> 
     </span>
     <span class='ocr_line' id='line_1_10' title="bbox 235 832 2200 891; baseline 0.002 -15"><span class='ocrx_word' id='word_1_97' title='bbox 235 843 282 877; x_wconf 92' lang='lat' dir='ltr'>ut</span> <span class='ocrx_word' id='word_1_98' title='bbox 307 832 518 877; x_wconf 88' lang='lat' dir='ltr'>videlicet</span> <span class='ocrx_word' id='word_1_99' title='bbox 545 833 766 887; x_wconf 88' lang='lat' dir='ltr'>dicamus,</span> <span class='ocrx_word' id='word_1_100' title='bbox 801 833 1039 878; x_wconf 84' lang='lat' dir='ltr'>Christum</span> <span class='ocrx_word' id='word_1_101' title='bbox 1072 848 1169 878; x_wconf 88' lang='lat' dir='ltr'>esse</span> <span class='ocrx_word' id='word_1_102' title='bbox 1197 833 1463 891; x_wconf 86' lang='lat' dir='ltr'>simpliciter</span> <span class='ocrx_word' id='word_1_103' title='bbox 1495 835 1763 889; x_wconf 85' lang='lat' dir='ltr'>maximum,</span> <span class='ocrx_word' id='word_1_104' title='bbox 1797 844 1842 879; x_wconf 91' lang='lat' dir='ltr'>et</span> <span class='ocrx_word' id='word_1_105' title='bbox 1872 834 2128 889; x_wconf 87' lang='lat' dir='ltr'>dominum,</span> <span class='ocrx_word' id='word_1_106' title='bbox 2155 846 2200 880; x_wconf 88' lang='lat' dir='ltr'>et</span> 
     </span>
     <span class='ocr_line' id='line_1_11' title="bbox 233 899 2199 959; baseline 0.003 -17"><span class='ocrx_word' id='word_1_107' title='bbox 233 899 590 958; x_wconf 85' lang='lat' dir='ltr'>praesidentem:</span> <span class='ocrx_word' id='word_1_108' title='bbox 619 900 742 959; x_wconf 92' lang='lat' dir='ltr'>quod</span> <span class='ocrx_word' id='word_1_109' title='bbox 771 910 923 945; x_wconf 89' lang='lat' dir='ltr'>autem</span> <span class='ocrx_word' id='word_1_110' title='bbox 955 900 1012 945; x_wconf 91' lang='lat' dir='ltr'>sit</span> <span class='ocrx_word' id='word_1_111' title='bbox 1037 901 1278 958; x_wconf 78' lang='lat' dir='ltr'>subjectUS,</span> <span class='ocrx_word' id='word_1_112' title='bbox 1310 900 1385 944; x_wconf 88' lang='lat' dir='ltr'>vel</span> <span class='ocrx_word' id='word_1_113' title='bbox 1417 916 1587 955; x_wconf 86' lang='lat' dir='ltr'>servus,</span> <span class='ocrx_word' id='word_1_114' title='bbox 1614 901 1688 946; x_wconf 90' lang='lat' dir='ltr'>vel</span> <span class='ocrx_word' id='word_1_115' title='bbox 1721 902 1886 956; x_wconf 89' lang='lat' dir='ltr'>minor,</span> <span class='ocrx_word' id='word_1_116' title='bbox 1913 912 1982 946; x_wconf 88' lang='lat' dir='ltr'>est</span> <span class='ocrx_word' id='word_1_117' title='bbox 2003 903 2045 946; x_wconf 89' lang='lat' dir='ltr'>ei</span> <span class='ocrx_word' id='word_1_118' title='bbox 2075 902 2199 948; x_wconf 88' lang='lat' dir='ltr'>attri-</span> 
     </span>
     <span class='ocr_line' id='line_1_12' title="bbox 232 967 2018 1022; baseline 0.002 -13"><span class='ocrx_word' id='word_1_119' title='bbox 232 967 464 1010; x_wconf 91' lang='lat' dir='ltr'>buendum</span> <span class='ocrx_word' id='word_1_120' title='bbox 488 981 594 1010; x_wconf 92' lang='lat' dir='ltr'>cum</span> <span class='ocrx_word' id='word_1_121' title='bbox 622 967 1015 1022; x_wconf 80' lang='lat' dir='ltr'>determinatione,</span> <span class='ocrx_word' id='word_1_122' title='bbox 1039 967 1214 1012; x_wconf 89' lang='lat' dir='ltr'>scilicet</span> <span class='ocrx_word' id='word_1_123' title='bbox 1235 967 1487 1011; x_wconf 91' lang='lat' dir='ltr'>secundum</span> <span class='ocrx_word' id='word_1_124' title='bbox 1513 969 1768 1013; x_wconf 88' lang='lat' dir='ltr'>humanam</span> <span class='ocrx_word' id='word_1_125' title='bbox 1793 979 2018 1014; x_wconf 88' lang='lat' dir='ltr'>naturam.</span> 
     </span>
    </p>

    <p class='ocr_par' dir='ltr' id='par_1_3' title="bbox 232 1029 2200 1292">
     <span class='ocr_line' id='line_1_13' title="bbox 320 1029 2200 1095; baseline 0.002 -18"><span class='ocrx_word' id='word_1_126' title='bbox 320 1033 396 1077; x_wconf 85' lang='lat' dir='ltr'>AD</span> <span class='ocrx_word' id='word_1_127' title='bbox 428 1047 617 1078; x_wconf 83' lang='lat' dir='ltr'>PRIMUM</span> <span class='ocrx_word' id='word_1_128' title='bbox 645 1048 754 1092; x_wconf 88' lang='lat' dir='ltr'>ergo</span> <span class='ocrx_word' id='word_1_129' title='bbox 781 1034 1040 1089; x_wconf 89' lang='lat' dir='ltr'>dicendum,</span> <span class='ocrx_word' id='word_1_130' title='bbox 1072 1035 1193 1093; x_wconf 93' lang='lat' dir='ltr'>quod</span> <span class='ocrx_word' id='word_1_131' title='bbox 1226 1033 1441 1093; x_wconf 91' lang='lat' dir='ltr'>Cyrillus,</span> <span class='ocrx_word' id='word_1_132' title='bbox 1463 1045 1509 1078; x_wconf 89' lang='lat' dir='ltr'>et</span> <span class='ocrx_word' id='word_1_133' title='bbox 1523 1035 1841 1080; x_wconf 88' lang='lat' dir='ltr'>Damascenus</span> <span class='ocrx_word' id='word_1_134' title='bbox 1868 1046 2041 1095; x_wconf 87' lang='lat' dir='ltr'>negant</span> <span class='ocrx_word' id='word_1_135' title='bbox 2067 1029 2200 1081; x_wconf 79' lang='lat' dir='ltr'>Ch&#39;r&#39;i-</span> 
     </span>
     <span class='ocr_line' id='line_1_14' title="bbox 233 1101 2195 1163; baseline 0.003 -20"><span class='ocrx_word' id='word_1_136' title='bbox 233 1111 352 1144; x_wconf 89' lang='lat' dir='ltr'>stum</span> <span class='ocrx_word' id='word_1_137' title='bbox 375 1115 473 1145; x_wconf 90' lang='lat' dir='ltr'>esse</span> <span class='ocrx_word' id='word_1_138' title='bbox 497 1101 737 1145; x_wconf 90' lang='lat' dir='ltr'>dominum</span> <span class='ocrx_word' id='word_1_139' title='bbox 759 1101 828 1145; x_wconf 92' lang='lat' dir='ltr'>sui</span> <span class='ocrx_word' id='word_1_140' title='bbox 853 1101 1006 1160; x_wconf 91' lang='lat' dir='ltr'>ipsius,</span> <span class='ocrx_word' id='word_1_141' title='bbox 1029 1102 1283 1146; x_wconf 91' lang='lat' dir='ltr'>secundum</span> <span class='ocrx_word' id='word_1_142' title='bbox 1309 1103 1431 1161; x_wconf 91' lang='lat' dir='ltr'>quod</span> <span class='ocrx_word' id='word_1_143' title='bbox 1454 1118 1534 1161; x_wconf 90' lang='lat' dir='ltr'>per</span> <span class='ocrx_word' id='word_1_144' title='bbox 1551 1103 1642 1147; x_wconf 90' lang='lat' dir='ltr'>hoc</span> <span class='ocrx_word' id='word_1_145' title='bbox 1668 1104 1940 1162; x_wconf 87' lang='lat' dir='ltr'>importatur</span> <span class='ocrx_word' id='word_1_146' title='bbox 1961 1102 2195 1163; x_wconf 82' lang='lat' dir='ltr'>pluralitas</span> 
     </span>
     <span class='ocr_line' id='line_1_15' title="bbox 232 1168 2198 1229; baseline 0.001 -18"><span class='ocrx_word' id='word_1_147' title='bbox 232 1168 588 1227; x_wconf 88' lang='lat' dir='ltr'>suppositorum,</span> <span class='ocrx_word' id='word_1_148' title='bbox 622 1182 737 1227; x_wconf 89' lang='lat' dir='ltr'>quae</span> <span class='ocrx_word' id='word_1_149' title='bbox 764 1169 1003 1226; x_wconf 88' lang='lat' dir='ltr'>requiritur</span> <span class='ocrx_word' id='word_1_150' title='bbox 1036 1169 1091 1212; x_wconf 90' lang='lat' dir='ltr'>ad</span> <span class='ocrx_word' id='word_1_151' title='bbox 1122 1169 1214 1213; x_wconf 94' lang='lat' dir='ltr'>hoc</span> <span class='ocrx_word' id='word_1_152' title='bbox 1247 1169 1370 1228; x_wconf 92' lang='lat' dir='ltr'>quod</span> <span class='ocrx_word' id='word_1_153' title='bbox 1404 1168 1564 1228; x_wconf 84' lang='lat' dir='ltr'>aliquis</span> <span class='ocrx_word' id='word_1_154' title='bbox 1596 1169 1864 1229; x_wconf 86' lang='lat' dir='ltr'>simpliciter</span> <span class='ocrx_word' id='word_1_155' title='bbox 1895 1170 1953 1214; x_wconf 87' lang='lat' dir='ltr'>sit</span> <span class='ocrx_word' id='word_1_156' title='bbox 1984 1170 2198 1214; x_wconf 88' lang='lat' dir='ltr'>dominus</span> 
     </span>
     <span class='ocr_line' id='line_1_16' title="bbox 232 1233 435 1292; baseline 0 -14"><span class='ocrx_word' id='word_1_157' title='bbox 232 1233 435 1292; x_wconf 86' lang='lat' dir='ltr'>alicujus.</span> 
     </span>
    </p>

    <p class='ocr_par' dir='ltr' id='par_1_4' title="bbox 231 1291 2200 1495">
     <span class='ocr_line' id='line_1_17' title="bbox 320 1291 2199 1379; baseline 0.002 -34"><span class='ocrx_word' id='word_1_158' title='bbox 320 1303 396 1346; x_wconf 83' lang='lat' dir='ltr'>AD</span> <span class='ocrx_word' id='word_1_159' title='bbox 420 1315 681 1347; x_wconf 84' lang='lat' dir='ltr'>SECUNDUM</span> <span class='ocrx_word' id='word_1_160' title='bbox 708 1301 966 1356; x_wconf 89' lang='lat' dir='ltr'>dicendum,</span> <span class='ocrx_word' id='word_1_161' title='bbox 986 1303 1107 1361; x_wconf 93' lang='lat' dir='ltr'>quod</span> <span class='ocrx_word' id='word_1_162' title='bbox 1135 1302 1402 1362; x_wconf 88' lang='lat' dir='ltr'>simpliciter</span> <span class='ocrx_word' id='word_1_163' title='bbox 1417 1303 1603 1379; x_wconf 85' lang='lat' dir='ltr'>quidem</span> <span class='ocrx_word' id='word_1_164' title='bbox 1629 1313 1811 1362; x_wconf 88' lang='lat' dir='ltr'>oportet</span> <span class='ocrx_word' id='word_1_165' title='bbox 1836 1318 1935 1349; x_wconf 90' lang='lat' dir='ltr'>esse</span> <span class='ocrx_word' id='word_1_166' title='bbox 1965 1303 2108 1348; x_wconf 87' lang='lat' dir='ltr'>alium</span> <span class='ocrx_word' id='word_1_167' title='bbox 2123 1291 2199 1349; x_wconf 85' lang='lat' dir='ltr'>do-</span> 
     </span>
     <span class='ocr_line' id='line_1_18' title="bbox 232 1367 2200 1446; baseline 0.002 -34"><span class='ocrx_word' id='word_1_168' title='bbox 232 1368 425 1422; x_wconf 87' lang='lat' dir='ltr'>minum,</span> <span class='ocrx_word' id='word_1_169' title='bbox 453 1379 496 1412; x_wconf 92' lang='lat' dir='ltr'>et</span> <span class='ocrx_word' id='word_1_170' title='bbox 529 1367 667 1412; x_wconf 86' lang='lat' dir='ltr'>alium</span> <span class='ocrx_word' id='word_1_171' title='bbox 700 1383 902 1413; x_wconf 89' lang='lat' dir='ltr'>servum:</span> <span class='ocrx_word' id='word_1_172' title='bbox 941 1379 1092 1428; x_wconf 90' lang='lat' dir='ltr'>potest</span> <span class='ocrx_word' id='word_1_173' title='bbox 1127 1379 1283 1413; x_wconf 89' lang='lat' dir='ltr'>tamen</span> <span class='ocrx_word' id='word_1_174' title='bbox 1317 1369 1469 1446; x_wconf 70' lang='lat' dir='ltr'>aliqua</span> <span class='ocrx_word' id='word_1_175' title='bbox 1508 1370 1624 1414; x_wconf 89' lang='lat' dir='ltr'>ratio</span> <span class='ocrx_word' id='word_1_176' title='bbox 1652 1370 1858 1425; x_wconf 89' lang='lat' dir='ltr'>dominii,</span> <span class='ocrx_word' id='word_1_177' title='bbox 1900 1380 1945 1415; x_wconf 92' lang='lat' dir='ltr'>et</span> <span class='ocrx_word' id='word_1_178' title='bbox 1975 1371 2200 1417; x_wconf 85' lang='lat' dir='ltr'>servitutis</span> 
     </span>
     <span class='ocr_line' id='line_1_19' title="bbox 231 1435 2197 1495; baseline 0.001 -16"><span class='ocrx_word' id='word_1_179' title='bbox 231 1435 415 1488; x_wconf 87' lang='lat' dir='ltr'>servari,</span> <span class='ocrx_word' id='word_1_180' title='bbox 449 1445 584 1494; x_wconf 90' lang='lat' dir='ltr'>prout</span> <span class='ocrx_word' id='word_1_181' title='bbox 609 1436 732 1479; x_wconf 92' lang='lat' dir='ltr'>idem</span> <span class='ocrx_word' id='word_1_182' title='bbox 759 1446 826 1480; x_wconf 92' lang='lat' dir='ltr'>est</span> <span class='ocrx_word' id='word_1_183' title='bbox 843 1436 1071 1490; x_wconf 88' lang='lat' dir='ltr'>dominus,</span> <span class='ocrx_word' id='word_1_184' title='bbox 1085 1446 1130 1480; x_wconf 94' lang='lat' dir='ltr'>et</span> <span class='ocrx_word' id='word_1_185' title='bbox 1151 1451 1306 1480; x_wconf 89' lang='lat' dir='ltr'>servus</span> <span class='ocrx_word' id='word_1_186' title='bbox 1323 1437 1392 1480; x_wconf 91' lang='lat' dir='ltr'>sui</span> <span class='ocrx_word' id='word_1_187' title='bbox 1418 1436 1557 1495; x_wconf 92' lang='lat' dir='ltr'>ipsius</span> <span class='ocrx_word' id='word_1_188' title='bbox 1575 1437 1829 1481; x_wconf 90' lang='lat' dir='ltr'>secundum</span> <span class='ocrx_word' id='word_1_189' title='bbox 1847 1436 1984 1490; x_wconf 87' lang='lat' dir='ltr'>aliud,</span> <span class='ocrx_word' id='word_1_190' title='bbox 2003 1447 2048 1482; x_wconf 84' lang='lat' dir='ltr'>et</span> <span class='ocrx_word' id='word_1_191' title='bbox 2062 1437 2197 1481; x_wconf 85' lang='lat' dir='ltr'>aliud.</span> 
     </span>
    </p>

    <p class='ocr_par' dir='ltr' id='par_1_5' title="bbox 321 1502 2201 1564">
     <span class='ocr_line' id='line_1_20' title="bbox 321 1502 2201 1564; baseline 0.002 -19"><span class='ocrx_word' id='word_1_192' title='bbox 321 1502 397 1545; x_wconf 87' lang='lat' dir='ltr'>AD</span> <span class='ocrx_word' id='word_1_193' title='bbox 425 1515 641 1547; x_wconf 78' lang='lat' dir='ltr'>TERTIUM</span> <span class='ocrx_word' id='word_1_194' title='bbox 669 1502 928 1555; x_wconf 88' lang='lat' dir='ltr'>dicendum,</span> <span class='ocrx_word' id='word_1_195' title='bbox 955 1503 1077 1561; x_wconf 91' lang='lat' dir='ltr'>quod</span> <span class='ocrx_word' id='word_1_196' title='bbox 1119 1513 1302 1562; x_wconf 87' lang='lat' dir='ltr'>propter</span> <span class='ocrx_word' id='word_1_197' title='bbox 1334 1503 1534 1547; x_wconf 90' lang='lat' dir='ltr'>diversas</span> <span class='ocrx_word' id='word_1_198' title='bbox 1575 1512 1724 1562; x_wconf 87' lang='lat' dir='ltr'>partes</span> <span class='ocrx_word' id='word_1_199' title='bbox 1756 1503 1974 1559; x_wconf 80' lang='lat' dir='ltr'>hominiS,</span> <span class='ocrx_word' id='word_1_200' title='bbox 2007 1518 2201 1564; x_wconf 85' lang='lat' dir='ltr'>quarum</span> 
     </span>
    </p>
   </div>
   <div class='ocr_carea' id='block_1_3' title="bbox 233 1568 2260 1633">
    <p class='ocr_par' dir='ltr' id='par_1_6' title="bbox 233 1568 2260 1633">
     <span class='ocr_line' id='line_1_21' title="bbox 233 1568 2260 1633; baseline 0.001 -20"><span class='ocrx_word' id='word_1_201' title='bbox 233 1584 321 1613; x_wconf 85' lang='lat' dir='ltr'>una</span> <span class='ocrx_word' id='word_1_202' title='bbox 358 1579 426 1612; x_wconf 91' lang='lat' dir='ltr'>est</span> <span class='ocrx_word' id='word_1_203' title='bbox 452 1569 671 1627; x_wconf 89' lang='lat' dir='ltr'>superior,</span> <span class='ocrx_word' id='word_1_204' title='bbox 699 1578 743 1612; x_wconf 93' lang='lat' dir='ltr'>et</span> <span class='ocrx_word' id='word_1_205' title='bbox 771 1568 857 1612; x_wconf 85' lang='lat' dir='ltr'>alia</span> <span class='ocrx_word' id='word_1_206' title='bbox 884 1568 1084 1623; x_wconf 88' lang='lat' dir='ltr'>inferior,</span> <span class='ocrx_word' id='word_1_207' title='bbox 1112 1570 1220 1613; x_wconf 91' lang='lat' dir='ltr'>dicit</span> <span class='ocrx_word' id='word_1_208' title='bbox 1261 1570 1399 1614; x_wconf 84' lang='lat' dir='ltr'>etiam</span> <span class='ocrx_word' id='word_1_209' title='bbox 1426 1569 1599 1614; x_wconf 92' lang='lat' dir='ltr'>Philos.</span> <span class='ocrx_word' id='word_1_210' title='bbox 1626 1571 1671 1613; x_wconf 91' lang='lat' dir='ltr'>in</span> <span class='ocrx_word' id='word_1_211' title='bbox 1710 1583 1746 1628; x_wconf 87' lang='lat'>5.</span> <span class='ocrx_word' id='word_1_212' title='bbox 1774 1569 1921 1615; x_wconf 89' lang='lat' dir='ltr'>Ethic.</span> <span class='ocrx_word' id='word_1_213' title='bbox 1948 1571 2061 1633; x_wconf 47' lang='lat' dir='ltr'>(cap,</span> <span class='ocrx_word' id='word_1_214' title='bbox 2086 1571 2200 1632; x_wconf 49' lang='lat' dir='ltr'>ult),</span> <span class='ocrx_word' id='word_1_215' title='bbox 2256 1574 2260 1578; x_wconf 82' lang='grc'><strong>“</strong></span> 
     </span>
    </p>
   </div>
   <div class='ocr_carea' id='block_1_4' title="bbox 231 1636 2202 2030">
    <p class='ocr_par' dir='ltr' id='par_1_7' title="bbox 233 1636 2202 1830">
     <span class='ocr_line' id='line_1_22' title="bbox 233 1636 2202 1699; baseline 0.002 -20"><span class='ocrx_word' id='word_1_216' title='bbox 233 1636 355 1695; x_wconf 92' lang='lat' dir='ltr'>quod</span> <span class='ocrx_word' id='word_1_217' title='bbox 383 1646 449 1679; x_wconf 90' lang='lat' dir='ltr'>est</span> <span class='ocrx_word' id='word_1_218' title='bbox 474 1637 675 1679; x_wconf 86' lang='lat' dir='ltr'>hominis</span> <span class='ocrx_word' id='word_1_219' title='bbox 704 1636 759 1678; x_wconf 88' lang='lat' dir='ltr'>ad</span> <span class='ocrx_word' id='word_1_220' title='bbox 787 1636 987 1694; x_wconf 91' lang='lat' dir='ltr'>seipsum</span> <span class='ocrx_word' id='word_1_221' title='bbox 1004 1636 1188 1693; x_wconf 88' lang='lat' dir='ltr'>justitia,</span> <span class='ocrx_word' id='word_1_222' title='bbox 1210 1637 1480 1695; x_wconf 88' lang='lat' dir='ltr'>inquantum</span> <span class='ocrx_word' id='word_1_223' title='bbox 1498 1636 1749 1691; x_wconf 91' lang='lat' dir='ltr'>irascibilis,</span> <span class='ocrx_word' id='word_1_224' title='bbox 1769 1646 1812 1682; x_wconf 88' lang='lat' dir='ltr'>et</span> <span class='ocrx_word' id='word_1_225' title='bbox 1835 1637 2202 1699; x_wconf 85' lang='lat' dir='ltr'>concupiscibilis</span> 
     </span>
     <span class='ocr_line' id='line_1_23' title="bbox 233 1702 2200 1764; baseline 0.002 -18"><span class='ocrx_word' id='word_1_226' title='bbox 233 1702 449 1747; x_wconf 91' lang='lat' dir='ltr'>obediunt</span> <span class='ocrx_word' id='word_1_227' title='bbox 481 1703 667 1746; x_wconf 86' lang='lat' dir='ltr'>rationi:</span> <span class='ocrx_word' id='word_1_228' title='bbox 697 1702 816 1747; x_wconf 92' lang='lat' dir='ltr'>unde</span> <span class='ocrx_word' id='word_1_229' title='bbox 843 1717 923 1762; x_wconf 91' lang='lat' dir='ltr'>per</span> <span class='ocrx_word' id='word_1_230' title='bbox 945 1703 1068 1747; x_wconf 89' lang='lat' dir='ltr'>hunc</span> <span class='ocrx_word' id='word_1_231' title='bbox 1095 1703 1287 1747; x_wconf 90' lang='lat' dir='ltr'>modum</span> <span class='ocrx_word' id='word_1_232' title='bbox 1320 1705 1457 1748; x_wconf 89' lang='lat' dir='ltr'>etiam</span> <span class='ocrx_word' id='word_1_233' title='bbox 1483 1704 1615 1748; x_wconf 88' lang='lat' dir='ltr'>unius</span> <span class='ocrx_word' id='word_1_234' title='bbox 1641 1704 1786 1749; x_wconf 91' lang='lat' dir='ltr'>homo</span> <span class='ocrx_word' id='word_1_235' title='bbox 1812 1714 1962 1764; x_wconf 87' lang='lat' dir='ltr'>potest</span> <span class='ocrx_word' id='word_1_236' title='bbox 1987 1704 2078 1749; x_wconf 85' lang='lat' dir='ltr'>dici</span> <span class='ocrx_word' id='word_1_237' title='bbox 2113 1705 2200 1752; x_wconf 80' lang='lat' dir='ltr'>sibi</span> 
     </span>
     <span class='ocr_line' id='line_1_24' title="bbox 233 1769 1557 1846; baseline 0.002 -34"><span class='ocrx_word' id='word_1_238' title='bbox 233 1769 474 1827; x_wconf 74' lang='lat' dir='ltr'>subJectus,</span> <span class='ocrx_word' id='word_1_239' title='bbox 502 1780 544 1813; x_wconf 90' lang='lat' dir='ltr'>et</span> <span class='ocrx_word' id='word_1_240' title='bbox 570 1769 770 1813; x_wconf 87' lang='lat' dir='ltr'>serviens</span> <span class='ocrx_word' id='word_1_241' title='bbox 796 1770 1048 1813; x_wconf 90' lang='lat' dir='ltr'>secundum</span> <span class='ocrx_word' id='word_1_242' title='bbox 1075 1770 1272 1814; x_wconf 89' lang='lat' dir='ltr'>diversas</span> <span class='ocrx_word' id='word_1_243' title='bbox 1299 1771 1368 1814; x_wconf 92' lang='lat' dir='ltr'>sui</span> <span class='ocrx_word' id='word_1_244' title='bbox 1393 1781 1557 1846; x_wconf 86' lang='lat' dir='ltr'>partes.</span> 
     </span>
    </p>

    <p class='ocr_par' dir='ltr' id='par_1_8' title="bbox 231 1836 2201 2030">
     <span class='ocr_line' id='line_1_25' title="bbox 320 1836 2198 1898; baseline 0.002 -19"><span class='ocrx_word' id='word_1_245' title='bbox 320 1836 396 1879; x_wconf 85' lang='lat' dir='ltr'>AD</span> <span class='ocrx_word' id='word_1_246' title='bbox 422 1850 533 1880; x_wconf 83' lang='lat' dir='ltr'><strong>ALIA</strong></span> <span class='ocrx_word' id='word_1_247' title='bbox 561 1845 713 1880; x_wconf 88' lang='lat' dir='ltr'>autem</span> <span class='ocrx_word' id='word_1_248' title='bbox 739 1850 1038 1882; x_wconf 79' lang='lat' dir='ltr'>ARGUMENTA</span> <span class='ocrx_word' id='word_1_249' title='bbox 1052 1846 1175 1895; x_wconf 87' lang='lat' dir='ltr'>patet</span> <span class='ocrx_word' id='word_1_250' title='bbox 1200 1838 1436 1896; x_wconf 86' lang='lat' dir='ltr'>responsio</span> <span class='ocrx_word' id='word_1_251' title='bbox 1456 1852 1508 1881; x_wconf 87' lang='lat' dir='ltr'>ex</span> <span class='ocrx_word' id='word_1_252' title='bbox 1521 1838 1664 1882; x_wconf 75' lang='lat' dir='ltr'>dictis.</span> <span class='ocrx_word' id='word_1_253' title='bbox 1678 1837 1801 1882; x_wconf 91' lang='lat' dir='ltr'>Nam</span> <span class='ocrx_word' id='word_1_254' title='bbox 1813 1838 2006 1898; x_wconf 87' lang='lat' dir='ltr'>August.</span> <span class='ocrx_word' id='word_1_255' title='bbox 2027 1837 2198 1892; x_wconf 70' lang='lat' dir='ltr'>asserit,</span> 
     </span>
     <span class='ocr_line' id='line_1_26' title="bbox 231 1902 2201 1962; baseline 0.002 -16"><span class='ocrx_word' id='word_1_256' title='bbox 231 1902 392 1946; x_wconf 85' lang='lat' dir='ltr'>Filium</span> <span class='ocrx_word' id='word_1_257' title='bbox 429 1904 580 1962; x_wconf 88' lang='lat' dir='ltr'>seipso</span> <span class='ocrx_word' id='word_1_258' title='bbox 609 1904 837 1947; x_wconf 89' lang='lat' dir='ltr'>minorem</span> <span class='ocrx_word' id='word_1_259' title='bbox 864 1918 977 1957; x_wconf 89' lang='lat' dir='ltr'>esse,</span> <span class='ocrx_word' id='word_1_260' title='bbox 1003 1904 1077 1947; x_wconf 90' lang='lat' dir='ltr'>vel</span> <span class='ocrx_word' id='word_1_261' title='bbox 1105 1904 1189 1947; x_wconf 91' lang='lat' dir='ltr'>sibi</span> <span class='ocrx_word' id='word_1_262' title='bbox 1221 1905 1491 1962; x_wconf 87' lang='lat' dir='ltr'>subjectum,</span> <span class='ocrx_word' id='word_1_263' title='bbox 1517 1905 1771 1949; x_wconf 90' lang='lat' dir='ltr'>secundum</span> <span class='ocrx_word' id='word_1_264' title='bbox 1794 1905 2050 1950; x_wconf 87' lang='lat' dir='ltr'>humanam</span> <span class='ocrx_word' id='word_1_265' title='bbox 2073 1915 2201 1950; x_wconf 86' lang='lat' dir='ltr'>natu-</span> 
     </span>
     <span class='ocr_line' id='line_1_27' title="bbox 233 1971 1461 2030; baseline 0.001 -17"><span class='ocrx_word' id='word_1_266' title='bbox 233 1985 348 2024; x_wconf 88' lang='lat' dir='ltr'>ram,</span> <span class='ocrx_word' id='word_1_267' title='bbox 374 1985 468 2015; x_wconf 94' lang='lat' dir='ltr'>non</span> <span class='ocrx_word' id='word_1_268' title='bbox 495 1971 748 2015; x_wconf 91' lang='lat' dir='ltr'>secundum</span> <span class='ocrx_word' id='word_1_269' title='bbox 776 1971 1084 2015; x_wconf 89' lang='lat' dir='ltr'>diversitatem</span> <span class='ocrx_word' id='word_1_270' title='bbox 1107 1971 1461 2030; x_wconf 85' lang='lat' dir='ltr'>suppositorum.</span> 
     </span>
    </p>
   </div>
   <div class='ocr_carea' id='block_1_5' title="bbox 872 2261 1544 2337">
    <p class='ocr_par' dir='ltr' id='par_1_9' title="bbox 872 2261 1544 2337">
     <span class='ocr_line' id='line_1_28' title="bbox 872 2261 1544 2337; baseline 0.001 -17"><span class='ocrx_word' id='word_1_271' title='bbox 872 2261 1318 2337; x_wconf 75' lang='lat' dir='ltr'>QUAESTIO</span> <span class='ocrx_word' id='word_1_272' title='bbox 1369 2262 1544 2321; x_wconf 81' lang='lat' dir='ltr'>XXI.</span> 
     </span>
    </p>
   </div>
   <div class='ocr_carea' id='block_1_6' title="bbox 345 2414 2087 2466">
    <p class='ocr_par' dir='ltr' id='par_1_10' title="bbox 345 2414 2087 2466">
     <span class='ocr_line' id='line_1_29' title="bbox 345 2414 2087 2466; baseline 0.001 -11"><span class='ocrx_word' id='word_1_273' title='bbox 345 2416 425 2455; x_wconf 90' lang='lat' dir='ltr'>DE</span> <span class='ocrx_word' id='word_1_274' title='bbox 458 2414 764 2455; x_wconf 91' lang='lat' dir='ltr'><strong>ORATIONE</strong></span> <span class='ocrx_word' id='word_1_275' title='bbox 797 2415 1050 2465; x_wconf 85' lang='lat' dir='ltr'>CHRISTI,</span> <span class='ocrx_word' id='word_1_276' title='bbox 1087 2416 1152 2454; x_wconf 93' lang='lat' dir='ltr'>IN</span> <span class='ocrx_word' id='word_1_277' title='bbox 1185 2415 1471 2466; x_wconf 85' lang='lat' dir='ltr'><strong>QUATUOR</strong></span> <span class='ocrx_word' id='word_1_278' title='bbox 1503 2417 1834 2458; x_wconf 89' lang='lat' dir='ltr'>ARTICULOS</span> <span class='ocrx_word' id='word_1_279' title='bbox 1865 2416 2087 2458; x_wconf 80' lang='lat' dir='ltr'>DIVISA.</span> 
     </span>
    </p>
   </div>
   <div class='ocr_carea' id='block_1_7' title="bbox 321 2567 1542 2613">
    <p class='ocr_par' dir='ltr' id='par_1_11' title="bbox 321 2567 1542 2613">
     <span class='ocr_line' id='line_1_30' title="bbox 321 2567 1542 2613; baseline 0.001 -1"><span class='ocrx_word' id='word_1_280' title='bbox 321 2568 500 2612; x_wconf 90' lang='lat' dir='ltr'>Deinde</span> <span class='ocrx_word' id='word_1_281' title='bbox 528 2567 912 2612; x_wconf 90' lang='lat' dir='ltr'>considerandum</span> <span class='ocrx_word' id='word_1_282' title='bbox 941 2578 1007 2612; x_wconf 92' lang='lat' dir='ltr'>est</span> <span class='ocrx_word' id='word_1_283' title='bbox 1033 2568 1087 2611; x_wconf 92' lang='lat' dir='ltr'>de</span> <span class='ocrx_word' id='word_1_284' title='bbox 1122 2569 1327 2612; x_wconf 87' lang='lat' dir='ltr'>oratione</span> <span class='ocrx_word' id='word_1_285' title='bbox 1356 2569 1542 2613; x_wconf 85' lang='lat' dir='ltr'>Christi.</span> 
     </span>
    </p>
   </div>
   <div class='ocr_carea' id='block_1_8' title="bbox 815 2680 1606 2739">
    <p class='ocr_par' dir='ltr' id='par_1_12' title="bbox 815 2680 1606 2739">
     <span class='ocr_line' id='line_1_31' title="bbox 815 2680 1606 2739; baseline 0.003 -16"><span class='ocrx_word' id='word_1_286' title='bbox 815 2680 871 2723; x_wconf 84' lang='lat' dir='ltr'>Et</span> <span class='ocrx_word' id='word_1_287' title='bbox 897 2681 1010 2723; x_wconf 85' lang='lat' dir='ltr'>circa</span> <span class='ocrx_word' id='word_1_288' title='bbox 1032 2680 1105 2724; x_wconf 81' lang='lat' dir='ltr'>hoc</span> <span class='ocrx_word' id='word_1_289' title='bbox 1127 2686 1388 2738; x_wconf 72' lang='lat' dir='ltr'>quaeruntur</span> <span class='ocrx_word' id='word_1_290' title='bbox 1414 2687 1606 2739; x_wconf 84' lang='lat' dir='ltr'>quatuor.</span> 
     </span>
    </p>
   </div>
   <div class='ocr_carea' id='block_1_9' title="bbox 320 2768 2108 3028">
    <p class='ocr_par' dir='ltr' id='par_1_13' title="bbox 320 2768 1341 2814">
     <span class='ocr_line' id='line_1_32' title="bbox 320 2768 1341 2814; baseline 0.001 -2"><span class='ocrx_word' id='word_1_291' title='bbox 320 2768 494 2813; x_wconf 87' lang='lat' dir='ltr'>Primo.</span> <span class='ocrx_word' id='word_1_292' title='bbox 521 2768 688 2812; x_wconf 89' lang='lat' dir='ltr'>Utrum</span> <span class='ocrx_word' id='word_1_293' title='bbox 716 2768 901 2812; x_wconf 90' lang='lat' dir='ltr'>Christo</span> <span class='ocrx_word' id='word_1_294' title='bbox 930 2770 1169 2813; x_wconf 84' lang='lat' dir='ltr'>conveniat</span> <span class='ocrx_word' id='word_1_295' title='bbox 1196 2784 1341 2814; x_wconf 89' lang='lat' dir='ltr'>orare.</span> 
     </span>
    </p>

    <p class='ocr_par' dir='ltr' id='par_1_14' title="bbox 322 2835 2093 3028">
     <span class='ocr_line' id='line_1_33' title="bbox 323 2835 1959 2883; baseline 0.002 -4"><span class='ocrx_word' id='word_1_296' title='bbox 323 2835 551 2880; x_wconf 90' lang='lat' dir='ltr'>Secundo.</span> <span class='ocrx_word' id='word_1_297' title='bbox 582 2835 749 2879; x_wconf 84' lang='lat' dir='ltr'>Utrum</span> <span class='ocrx_word' id='word_1_298' title='bbox 776 2835 1019 2879; x_wconf 87' lang='lat' dir='ltr'>conveniat</span> <span class='ocrx_word' id='word_1_299' title='bbox 1046 2836 1130 2879; x_wconf 90' lang='lat' dir='ltr'>sibi</span> <span class='ocrx_word' id='word_1_300' title='bbox 1156 2837 1408 2880; x_wconf 89' lang='lat' dir='ltr'>secundum</span> <span class='ocrx_word' id='word_1_301' title='bbox 1442 2852 1573 2881; x_wconf 90' lang='lat' dir='ltr'>suam</span> <span class='ocrx_word' id='word_1_302' title='bbox 1605 2836 1959 2883; x_wconf 86' lang='lat' dir='ltr'>sensualitatem.</span> 
     </span>
     <span class='ocr_line' id='line_1_34' title="bbox 322 2901 2108 2973; baseline 0.003 -27"><span class='ocrx_word' id='word_1_303' title='bbox 322 2901 496 2946; x_wconf 86' lang='lat' dir='ltr'>Tertio.</span> <span class='ocrx_word' id='word_1_304' title='bbox 525 2902 693 2946; x_wconf 91' lang='lat' dir='ltr'>Utrum</span> <span class='ocrx_word' id='word_1_305' title='bbox 721 2903 964 2946; x_wconf 87' lang='lat' dir='ltr'>conveniat</span> <span class='ocrx_word' id='word_1_306' title='bbox 995 2903 1079 2947; x_wconf 81' lang='lat' dir='ltr'>sibi</span> <span class='ocrx_word' id='word_1_307' title='bbox 1112 2918 1241 2948; x_wconf 89' lang='lat' dir='ltr'>orare</span> <span class='ocrx_word' id='word_1_308' title='bbox 1268 2919 1351 2963; x_wconf 86' lang='lat' dir='ltr'>pro</span> <span class='ocrx_word' id='word_1_309' title='bbox 1385 2905 1551 2964; x_wconf 85' lang='lat' dir='ltr'>seipso,</span> <span class='ocrx_word' id='word_1_310' title='bbox 1580 2920 1637 2949; x_wconf 90' lang='lat' dir='ltr'>an</span> <span class='ocrx_word' id='word_1_311' title='bbox 1670 2915 1847 2950; x_wconf 88' lang='lat' dir='ltr'>tantum</span> <span class='ocrx_word' id='word_1_312' title='bbox 1878 2919 1961 2966; x_wconf 90' lang='lat' dir='ltr'>pro</span> <span class='ocrx_word' id='word_1_313' title='bbox 1994 2905 2108 2973; x_wconf 77' lang='lat' dir='ltr'>aliis.</span> 
     </span>
     <span class='ocr_line' id='line_1_35' title="bbox 324 2969 1523 3028; baseline 0.003 -16"><span class='ocrx_word' id='word_1_314' title='bbox 324 2969 518 3022; x_wconf 88' lang='lat' dir='ltr'>Quarto.</span> <span class='ocrx_word' id='word_1_315' title='bbox 548 2969 713 3013; x_wconf 89' lang='lat' dir='ltr'>Utrum</span> <span class='ocrx_word' id='word_1_316' title='bbox 741 2971 890 3012; x_wconf 82' lang='lat' dir='ltr'>omnis</span> <span class='ocrx_word' id='word_1_317' title='bbox 919 2971 1015 3028; x_wconf 90' lang='lat' dir='ltr'>ejus</span> <span class='ocrx_word' id='word_1_318' title='bbox 1043 2970 1189 3014; x_wconf 90' lang='lat' dir='ltr'>oratio</span> <span class='ocrx_word' id='word_1_319' title='bbox 1217 2971 1274 3014; x_wconf 92' lang='lat' dir='ltr'>sit</span> <span class='ocrx_word' id='word_1_320' title='bbox 1300 2973 1523 3016; x_wconf 87' lang='lat' dir='ltr'>exaudita.</span> 
     </span>
    </p>
   </div>
   <div class='ocr_carea' id='block_1_10' title="bbox 691 3120 2199 3284">
    <p class='ocr_par' dir='ltr' id='par_1_15' title="bbox 691 3120 2202 3284">
     <span class='ocr_line' id='line_1_36' title="bbox 974 3120 2199 3184; baseline 0.008 -10"><span class='ocrx_word' id='word_1_321' title='bbox 974 3120 1408 3176; x_wconf 88' lang='lat' dir='ltr'>ARTICULUS</span> <span class='ocrx_word' id='word_1_322' title='bbox 1453 3123 1495 3177; x_wconf 89' lang='grc' dir='ltr'>Ι.</span> <span class='ocrx_word' id='word_1_323' title='bbox 2115 3135 2199 3184; x_wconf 78' lang='lat'>12⁶</span> 
     </span>
     <span class='ocr_line' id='line_1_37' title="bbox 691 3240 1740 3284; baseline 0.005 -6"><span class='ocrx_word' id='word_1_324' title='bbox 691 3240 884 3279; x_wconf 85' lang='lat' dir='ltr'><strong>UTRUM</strong></span> <span class='ocrx_word' id='word_1_325' title='bbox 925 3242 1165 3280; x_wconf 76' lang='lat' dir='ltr'>efflusro</span> <span class='ocrx_word' id='word_1_326' title='bbox 1203 3243 1502 3282; x_wconf 72' lang='lat' dir='ltr'>coMPETAT</span> <span class='ocrx_word' id='word_1_327' title='bbox 1545 3245 1740 3284; x_wconf 84' lang='lat' dir='ltr'>ORARE.</span> 
     </span>
    </p>
   </div>
   <div class='ocr_carea' id='block_1_11' title="bbox 453 3336 1975 3462">
    <p class='ocr_par' dir='ltr' id='par_1_16' title="bbox 453 3336 1975 3462">
     <span class='ocr_line' id='line_1_38' title="bbox 453 3336 1975 3399; baseline 0.003 -20"><span class='ocrx_word' id='word_1_328' title='bbox 453 3336 505 3395; x_wconf 83' lang='lat'>(3.</span> <span class='ocrx_word' id='word_1_329' title='bbox 534 3337 645 3380; x_wconf 80' lang='lat' dir='ltr'>Dist.</span> <span class='ocrx_word' id='word_1_330' title='bbox 673 3349 735 3395; x_wconf 90' lang='lat'>17.</span> <span class='ocrx_word' id='word_1_331' title='bbox 764 3342 843 3380; x_wconf 81' lang='lat' dir='ltr'>art.</span> <span class='ocrx_word' id='word_1_332' title='bbox 871 3351 907 3395; x_wconf 83' lang='lat'>3.</span> <span class='ocrx_word' id='word_1_333' title='bbox 935 3351 972 3395; x_wconf 86' lang='lat' dir='ltr'>q.</span> <span class='ocrx_word' id='word_1_334' title='bbox 1000 3352 1031 3381; x_wconf 82' lang='grc' dir='ltr'>ι.</span> <span class='ocrx_word' id='word_1_335' title='bbox 1065 3343 1102 3381; x_wconf 82' lang='lat' dir='ltr'>et</span> <span class='ocrx_word' id='word_1_336' title='bbox 1126 3350 1167 3393; x_wconf 84' lang='lat'>4.</span> <span class='ocrx_word' id='word_1_337' title='bbox 1188 3338 1296 3381; x_wconf 84' lang='lat' dir='ltr'>Dist.</span> <span class='ocrx_word' id='word_1_338' title='bbox 1325 3353 1380 3395; x_wconf 84' lang='lat'>15.</span> <span class='ocrx_word' id='word_1_339' title='bbox 1408 3354 1445 3396; x_wconf 86' lang='lat' dir='ltr'>q.</span> <span class='ocrx_word' id='word_1_340' title='bbox 1472 3353 1515 3395; x_wconf 85' lang='lat'>4.</span> <span class='ocrx_word' id='word_1_341' title='bbox 1549 3346 1628 3384; x_wconf 88' lang='lat' dir='ltr'>art.</span> <span class='ocrx_word' id='word_1_342' title='bbox 1659 3341 1702 3386; x_wconf 88' lang='lat'>6.</span> <span class='ocrx_word' id='word_1_343' title='bbox 1728 3355 1766 3399; x_wconf 87' lang='lat' dir='ltr'>q.</span> <span class='ocrx_word' id='word_1_344' title='bbox 1793 3355 1835 3386; x_wconf 82' lang='lat'>2.</span> <span class='ocrx_word' id='word_1_345' title='bbox 1861 3340 1916 3385; x_wconf 83' lang='lat' dir='ltr'>ad</span> <span class='ocrx_word' id='word_1_346' title='bbox 1940 3355 1975 3386; x_wconf 83' lang='lat' dir='ltr'>r.</span> 
     </span>
     <span class='ocr_line' id='line_1_39' title="bbox 962 3405 1459 3462; baseline 0.004 -14"><span class='ocrx_word' id='word_1_347' title='bbox 962 3410 998 3448; x_wconf 81' lang='lat' dir='ltr'>et</span> <span class='ocrx_word' id='word_1_348' title='bbox 1019 3405 1141 3461; x_wconf 83' lang='lat' dir='ltr'>Jocm.</span> <span class='ocrx_word' id='word_1_349' title='bbox 1177 3420 1233 3449; x_wconf 81' lang='grc' dir='ltr'>Π.</span> <span class='ocrx_word' id='word_1_350' title='bbox 1261 3405 1350 3449; x_wconf 76' lang='lat' dir='ltr'>lect.</span> <span class='ocrx_word' id='word_1_351' title='bbox 1379 3406 1459 3462; x_wconf 84' lang='lat'><em>6.).</em></span> 
     </span>
    </p>
   </div>
   <div class='ocr_carea' id='block_1_12' title="bbox 230 3506 2201 3639">
    <p class='ocr_par' dir='ltr' id='par_1_17' title="bbox 230 3506 2201 3639">
     <span class='ocr_line' id='line_1_40' title="bbox 323 3506 2197 3572; baseline 0.003 -22"><span class='ocrx_word' id='word_1_352' title='bbox 323 3506 398 3550; x_wconf 85' lang='lat' dir='ltr'>AD</span> <span class='ocrx_word' id='word_1_353' title='bbox 432 3520 620 3552; x_wconf 80' lang='lat' dir='ltr'>PRIMUM</span> <span class='ocrx_word' id='word_1_354' title='bbox 647 3508 710 3552; x_wconf 90' lang='lat' dir='ltr'>sic</span> <span class='ocrx_word' id='word_1_355' title='bbox 739 3508 1010 3568; x_wconf 87' lang='lat' dir='ltr'>proceditur.</span> <span class='ocrx_word' id='word_1_356' title='bbox 1045 3507 1248 3564; x_wconf 84' lang='lat' dir='ltr'>Videtur,</span> <span class='ocrx_word' id='word_1_357' title='bbox 1286 3510 1407 3568; x_wconf 90' lang='lat' dir='ltr'>quod</span> <span class='ocrx_word' id='word_1_358' title='bbox 1443 3510 1629 3555; x_wconf 88' lang='lat' dir='ltr'>Christo</span> <span class='ocrx_word' id='word_1_359' title='bbox 1657 3526 1750 3556; x_wconf 89' lang='lat' dir='ltr'>non</span> <span class='ocrx_word' id='word_1_360' title='bbox 1778 3521 2012 3572; x_wconf 87' lang='lat' dir='ltr'>competat</span> <span class='ocrx_word' id='word_1_361' title='bbox 2035 3525 2197 3557; x_wconf 82' lang='lat' dir='ltr'>orare:</span> 
     </span>
     <span class='ocr_line' id='line_1_41' title="bbox 230 3575 2201 3639; baseline 0.004 -24"><span class='ocrx_word' id='word_1_362' title='bbox 230 3587 355 3627; x_wconf 83' lang='lat' dir='ltr'>nam,</span> <span class='ocrx_word' id='word_1_363' title='bbox 384 3575 499 3618; x_wconf 73' lang='lat' dir='ltr'>sicut</span> <span class='ocrx_word' id='word_1_364' title='bbox 525 3575 843 3621; x_wconf 84' lang='lat' dir='ltr'>Damascenus</span> <span class='ocrx_word' id='word_1_365' title='bbox 870 3575 977 3620; x_wconf 88' lang='lat' dir='ltr'>dicit</span> <span class='ocrx_word' id='word_1_366' title='bbox 1004 3575 1114 3633; x_wconf 79' lang='lat' dir='ltr'>(lect.</span> <span class='ocrx_word' id='word_1_367' title='bbox 1127 3591 1163 3635; x_wconf 83' lang='lat'>3.</span> <span class='ocrx_word' id='word_1_368' title='bbox 1181 3577 1302 3622; x_wconf 82' lang='lat' dir='ltr'>Orth.</span> <span class='ocrx_word' id='word_1_369' title='bbox 1329 3577 1425 3621; x_wconf 88' lang='lat' dir='ltr'>Fid.</span> <span class='ocrx_word' id='word_1_370' title='bbox 1452 3586 1541 3637; x_wconf 83' lang='lat' dir='ltr'>cap.</span> <span class='ocrx_word' id='word_1_371' title='bbox 1565 3593 1634 3636; x_wconf 87' lang='lat'>24.</span> <span class='ocrx_word' id='word_1_372' title='bbox 1659 3581 1702 3623; x_wconf 87' lang='lat' dir='ltr'>in</span> <span class='ocrx_word' id='word_1_373' title='bbox 1713 3578 1890 3639; x_wconf 59' lang='lat' dir='ltr'>princ),</span> <span class='ocrx_word' id='word_1_374' title='bbox 1914 3595 1937 3620; x_wconf 73' lang='lat' dir='ltr'>c&lt;</span> <span class='ocrx_word' id='word_1_375' title='bbox 1955 3578 2102 3623; x_wconf 78' lang='lat' dir='ltr'>oratio</span> <span class='ocrx_word' id='word_1_376' title='bbox 2129 3586 2201 3625; x_wconf 85' lang='lat' dir='ltr'>est</span> 
     </span>
    </p>
   </div>
   <div class='ocr_carea' id='block_1_13' title="bbox 2321 3231 2352 3506">
    <p class='ocr_par' dir='ltr' id='par_1_18' title="bbox 2321 3231 2352 3506">
     <span class='ocr_line' id='line_1_42' title="bbox 2321 3231 2352 3506; textangle 90"><span class='ocrx_word' id='word_1_377' title='bbox 2321 3345 2352 3506; x_wconf 47' lang='lat' dir='ltr'>‘amau‘</span> <span class='ocrx_word' id='word_1_378' title='bbox 2323 3299 2327 3302; x_wconf 84' lang='lat'>&#39;</span> <span class='ocrx_word' id='word_1_379' title='bbox 2327 3231 2328 3234; x_wconf 65' lang='lat'><strong><em>‘</em></strong></span> 
     </span>
    </p>
   </div>
  </div>
 </body>
</html>
