2352 3926
654 198 933 249 QUAEs‘rto
974 198 1179 240 Lxxxn.
1218 196 1527 242 ARTICULUS
1565 198 1619 239 X.
2007 195 2112 256 755

847 397 1281 462 ARTICULUS
1323 402 1394 459 x.
2035 425 2111 474 503

449 535 643 580 UTRUM
681 538 882 579 LICEAT
924 539 1237 580 SACERDOTI
1278 539 1497 580 OMNINO
1539 537 1839 579 ABSTINERE

630 623 668 662 A·
705 622 1169 663 CONSECRATIONE
1207 621 1631 662 EUCHARISTIAE.

356 734 418 789 (4.
451 731 564 777 Dist-
597 746 660 778 12.
694 747 734 792 q.
761 746 798 791 3.
831 738 914 777 art.
941 746 981 777 2.
1014 746 1053 791 q.
1079 746 1117 792 3.
1149 738 1186 778 et
1215 732 1329 778 Dist.
1362 747 1419 793 13.
1450 747 1490 791 q.
1521 747 1558 778 1.
1590 737 1674 778 art.
1705 745 1746 778 2.
1779 746 1818 792 q.
1851 729 1922 789 1.).

244 842 322 888 An
358 855 584 890 nuenton
619 843 684 889 sic
724 842 998 903 proceditur.
1023 841 1230 899 Videtur,
1267 843 1388 903 quod
1425 843 1563 889 liceat
1597 843 1825 890 sacerdoti
1862 842 2054 888 omnino
2089 852 2116 887 a

157 912 508 957 consecratione
534 911 845 956 Eucharistiae
871 911 1115 957 abstinere:
1143 912 1259 956 sicut
1285 913 1408 956 enim
1436 911 1492 956 ad
1518 910 1722 957 officium
1746 911 1994 957 sacerdotis
2021 925 2118 973 per-

155 977 273 1023 tinet
306 978 645 1024 Eucharistiam
682 993 968 1035 consecrare,
1008 979 1071 1023 ita
1098 979 1235 1023 etiam
1260 979 1503 1039 baptizare,
1532 990 1576 1024 et
1606 980 1653 1024 in
1687 979 1786 1024 aliis
1820 979 2117 1024 sacramentis

154 1045 439 1092 ministrare:
481 1046 561 1091 sed
594 1046 808 1092 sacerdos
839 1061 935 1092 non
965 1056 1146 1092 tenetur
1176 1046 1432 1091 ministrare
1464 1046 1511 1090 in
1545 1045 1644 1091 aliis
1687 1046 1998 1101 sacramentis,
2028 1046 2116 1091 nisi

153 1122 338 1173 propter
364 1126 522 1158 curam
549 1114 807 1158 animarum
833 1124 1118 1174 susceptam3
1137 1127 1248 1173 ergo
1273 1111 1464 1169 videtur,
1490 1112 1614 1173 quod
1638 1127 1723 1158 nec
1751 1114 1887 1158 etiam
1911 1123 2118 1159 teneatur

154 1173 490 1226 Eucharistiam
517 1194 802 1236 consecrare,
829 1182 868 1226 si
899 1195 1057 1226 curam
1082 1194 1178 1226 non
1202 1180 1372 1226 habeat
1395 1180 1667 1226 animarum.

243 1259 286 1293 2.
311 1247 611 1294 PRAETEREA.
638 1247 803 1294 Nullus
829 1259 1010 1294 tenetur
1033 1247 1199 1304 facere,
1226 1247 1350 1309 quod
1377 1248 1461 1294 sibi
1487 1260 1583 1293 non
1607 1247 1738 1305 licet;
1767 1248 1971 1309 alioquin
1998 1257 2117 1294 esset

154 1314 418 1376 perplexus:
444 1317 524 1361 sed
550 1315 776 1361 sacerdoti
803 1317 1049 1375 peccatori,
1075 1316 1148 1361 vel
1167 1316 1319 1360 etiam
1347 1316 1746 1361 excommunicato
1779 1330 1875 1361 non
1900 1317 2008 1361 licet
2031 1316 2118 1360 Eu-

155 1383 419 1429 charistiam
437 1397 720 1439 consecrare,
747 1393 796 1429 ut
812 1399 946 1445 supra
965 1384 1136 1430 dictum
1154 1394 1222 1430 est
1247 1384 1349 1444 (art.
1372 1397 1411 1444 7.
1434 1384 1521 1443 huj.
1543 1383 1606 1443 q.)
1614 1399 1632 1437 ,·
1651 1398 1763 1443 ergo
1779 1384 1970 1439 videtur,
1993 1383 2116 1443 quod

154 1451 270 1497 tales
293 1465 390 1496 non
416 1460 654 1496 teneantur
680 1452 736 1496 ad
763 1451 1101 1508 celebrandum,
1139 1461 1184 1498 et
1207 1451 1271 1497 ita
1295 1466 1382 1498 nec
1416 1451 1518 1507 alii3
1546 1451 1750 1512 alioquin
1781 1465 1836 1496 ex
1867 1466 1950 1497 sua
1982 1451 2115 1510 culpa

154 1519 457 1564 commodum
482 1529 778 1579 reportarent.

245 1600 283 1645 3.
308 1587 608 1632 PRAETEREA.
635 1587 848 1645 Dignitas
873 1586 1170 1633 sacerdotalis
1185 1601 1280 1632 non
1304 1587 1504 1646 perditur
1529 1601 1609 1647 per
1625 1586 1977 1647 subsequentem
1998 1585 2117 1631 infir·

160 1654 395 1699 mitatem:
423 1653 532 1698 dicit
557 1654 678 1698 enim
699 1653 909 1699 Gelasius
927 1668 1058 1714 papa,
1076 1665 1120 1699 et
1140 1654 1334 1699 habetur
1364 1654 1414 1699 in>
1434 1654 1646 1700 Decretis
1666 1655 1796 1711 (Dist.
1817 1669 1875 1714 55.
1901 1661 1991 1714 cap.
2009 1655 2114 1712 12.).·

156 1737 181 1763 α
209 1721 339 1766 Sicut
362 1732 605 1782 praecepta
623 1722 847 1767 canonica
872 1736 966 1766 non
981 1723 1210 1782 patiuntur
1235 1723 1390 1767 venire
1416 1722 1471 1766 ad
1499 1722 1807 1766 sacerdotium
1834 1721 2003 1766 debiles
2020 1736 2116 1766 cor-

152 1803 280 1849 pore,
306 1789 369 1834 ita
404 1789 443 1833 si
469 1790 567 1848 quis
593 1789 640 1833 in
667 1803 723 1833 eo
749 1787 884 1834 fuerit
922 1791 1207 1844 constitutus,
1245 1804 1296 1834 ac
1323 1800 1430 1834 tunc
1462 1789 1597 1834 fuerit
1632 1790 1874 1843 sauciatus,
1907 1789 2114 1834 amittere

151 1871 246 1901 non
272 1866 423 1916 potest
447 1857 569 1916 quod
594 1866 804 1916 tempore
835 1871 944 1902 suae
975 1858 1244 1902 sinceritatis
1277 1858 1450 1917 accepit
1466 1873 1517 1901 »ι
1555 1858 1779 1916 contingit
1806 1867 1957 1901 autem
1976 1871 2113 1916 quan-

151 1924 318 1984 doque,
344 1925 468 1984 quod
505 1924 700 1969 ordinati
726 1926 772 1969 in
800 1924 1059 1969 sacerdotes
1084 1926 1320 1970 incurrunt
1352 1926 1529 1984 aliquos
1566 1924 1782 1979 defectus,
1810 1938 1864 1968 ex
1896 1925 2056 1983 quibus
2088 1939 2114 1968 a

151 1991 458 2037 celebratione
497 1992 821 2051 impediuntur,
851 1992 969 2037 sicut
1009 2003 1076 2037 est
1110 1991 1251 2052 lepra,
1276 1991 1351 2037 vel
1392 1993 1578 2036 morbus
1606 1992 1820 2045 caducus,
1845 1991 1920 2036 vel
1944 1991 2114 2051 aliquid

151 2059 275 2104 aliud
299 2059 589 2119 hujusmodi;
628 2073 724 2105 non
757 2073 866 2119 ergo
907 2059 1098 2115 videtur,
1140 2059 1263 2120 quod
1303 2059 1562 2104 sacerdotes
1596 2059 1652 2104 ad
1690 2058 2015 2104 celebrandum
2053 2069 2114 2104 te·

149 2137 356 2174 neantur.

241 2195 337 2240 sm>
359 2208 557 2241 CONTRA
589 2204 671 2250 est,
695 2195 818 2254 quod
844 2194 954 2240 dicit
978 2194 1251 2240 Ambrosius
1271 2195 1318 2239 in
1345 2193 1544 2254 quadam
1564 2194 1794 2239 oratione:
1816 2211 1840 2236 «
1859 2194 2012 2239 Grave
2030 2203 2111 2248 est,

149 2264 272 2325 quod
298 2263 355 2309 ad
376 2276 587 2309 mensam
612 2273 740 2309 tuam
765 2263 939 2308 mundo
957 2263 1110 2319 corde,
1137 2273 1181 2309 et
1198 2263 1406 2307 manibus
1432 2260 1750 2307 innocentibus
1764 2274 1859 2306 non
1877 2261 2111 2307 venimus:

149 2331 229 2378 sed
251 2331 434 2391 gravius
461 2342 543 2386 est,
571 2331 609 2376 si
635 2331 743 2376 dum
762 2341 950 2391 peccata
966 2331 1227 2386 metuimus,
1246 2331 1385 2376 etiam
1402 2327 1677 2374 sacrificium
1698 2343 1793 2374 non
1809 2328 2110 2374 reddamus».

237 2398 526 2445 Responnsso
567 2398 829 2454 dicendum,
870 2398 993 2459 quod
1034 2398 1220 2458 quidam
1262 2398 1483 2452 dixerunt,
1533 2397 1657 2457 quod
1698 2396 1911 2442 sacerdos
1961 2406 2110 2456 potest

157 2467 350 2512 omnino
374 2481 399 2511 a
427 2466 771 2512 consecratione
796 2465 918 2511 licite
945 2465 1184 2520 abstinere,
1210 2465 1298 2510 nisi
1321 2475 1529 2510 teneatur
1547 2479 1601 2509 ex
1618 2478 1726 2509 cura
1751 2464 1836 2509 sibi
1862 2464 2110 2508 commissa

150 2534 382 2580 celebrare
400 2532 590 2594 populo,
627 2543 671 2578 et
695 2543 982 2578 sacramenta
1003 2533 1231 2593 praebere.
1270 2531 1359 2577 Sed
1396 2532 1488 2577 hoc
1528 2531 1896 2576 irrationabiliter
1932 2531 2108 2585 dicitur,

156 2601 263 2661 quia
290 2601 599 2660 unusquisque
625 2610 803 2646 tenetur
823 2601 889 2645 uti
914 2601 1058 2660 gratia
1076 2601 1161 2645 sibi
1187 2601 1306 2655 data,
1324 2613 1430 2644 cum
1445 2599 1581 2644 fuerit
1605 2610 1928 2658 opportunum,
1955 2612 2111 2642 secun-

151 2669 262 2713 dum
286 2668 399 2713 illud
426 2681 466 2713 2.
494 2668 550 2713 ad
578 2668 786 2713 Corinth.
808 2665 871 2713 6.:
893 2669 1203 2725 Exhortamur,
1231 2684 1279 2713 ne
1301 2669 1346 2712 in
1370 2682 1555 2712 vacuum
1579 2669 1762 2726 gratiam
1787 2667 1872 2711 Dei
1886 2666 2107 2724 recipiatis.

151 2735 483 2797 Opportunitas
509 2744 663 2780 autem
690 2735 964 2780 sacrificium
987 2735 1210 2781 offerendi
1239 2749 1335 2779 non
1361 2734 1512 2780 solum
1540 2734 1782 2778 attenditur
1814 2747 1894 2792 per
1925 2746 2108 2791 compa-

148 2803 375 2849 rationem
397 2803 453 2848 ad
474 2802 630 2847 fideles
658 2803 841 2858 Christi,
860 2804 1021 2863 quibus
1047 2813 1229 2863 oportet
1252 2813 1538 2848 sacramenta
1564 2803 1822 2856 ministrari,
1849 2801 1926 2845 sed
1949 2800 2109 2859 princi-

150 2870 313 2931 paliter
339 2884 419 2930 per
458 2871 852 2930 comparationem
874 2871 931 2916 ad
963 2872 1132 2929 Deum,
1162 2871 1237 2916 cui
1277 2871 1622 2916 consecratione
1662 2868 1807 2927 hujus:
1831 2867 2107 2913 sacramenti

148 2938 423 2983 sacrificium
450 2935 658 2982 offertur:
685 2937 805 2981 unde
838 2939 1077 2994 sacerdoti,
1111 2938 1290 2983 etiamsi
1321 2952 1415 2982 non
1448 2937 1613 2981 habeat
1645 2950 1801 2979 curam
1835 2936 2106 2988 animarum,

147 3018 243 3050 non
268 3005 375 3050 licet
399 3004 591 3049 omnino
620 3017 644 3047 a
671 3003 975 3049 celebratione
1001 3019 1200 3060 cessare;
1227 3006 1306 3050 sed
1332 3004 1495 3049 saltem
1521 3004 1708 3057 videtur,
1736 3003 1857 3062 quod
1875 3001 2104 3046 celebrare

147 3082 354 3119 teneatur
379 3072 425 3116 in
452 3071 705 3132 praecipuis
731 3070 869 3126 festis,
896 3083 940 3117 et
965 3074 1163 3118 maxime
1182 3074 1331 3118 inillis
1359 3073 1531 3126 diebus,
1553 3072 1600 3115 in
1622 3072 1782 3131 quibus
1800 3071 1955 3116 fideles
1983 3085 2107 3116 com-

149 3139 381 3184 municare
404 3148 751 3183 consueverunt.
778 3137 835 3183 Et
859 3139 966 3184 hinc
993 3151 1074 3196 est,
1102 3141 1223 3200 quod
1251 3153 1290 3184 2.
1310 3139 1521 3185 Machab.
1539 3151 1582 3194 4.
1602 3149 1760 3183 contra
1786 3139 2011 3198 quosdam
2036 3153 2102 3183 sa-

149 3206 357 3253 cerdotes
383 3206 559 3260 dicitur,
587 3206 708 3265 quod
725 3208 820 3265 jam
836 3221 919 3252 non
945 3209 1058 3254 circa
1075 3210 1223 3254 altam's
1246 3209 1379 3268 officia
1395 3206 1520 3252 dediti
1536 3212 1667 3261 erant,
1687 3213 1917 3266 contempto
1936 3207 2101 3267 templo,

147 3280 187 3320 et
207 3275 424 3333 sacrificiis
448 3273 648 3334 neglectis.

236 3342 314 3387 An
339 3354 527 3388 numm
555 3354 664 3400 ergo
691 3338 950 3397 dicendum,
972 3342 1095 3402 quod
1122 3343 1209 3387 alia
1236 3351 1524 3387 sacramenta
1549 3340 1843 3401 perficiuntur
1873 3339 1921 3384 in
1946 3352 2030 3385 usu
2055 3339 2103 3384 fi-

149 3406 342 3474 delium3
368 3418 414 3454 et
446 3408 552 3453 ideo
587 3408 634 3452 in
661 3406 759 3452 aliis
801 3406 1057 3455 ministrare
1097 3424 1192 3454 non
1226 3420 1418 3464 tenetur,
1439 3409 1527 3454 nisi
1563 3408 1639 3453 ille
1672 3408 1749 3468 qui
1775 3421 1909 3466 super
1944 3406 2101 3452 fideles

147 3475 267 3520 susci
300 3484 335 3520 it
357 3488 540 3520 curam:
567 3474 645 3519 sed
677 3475 767 3520 hoc
800 3486 1136 3521 sacramentum
1168 3476 1396 3536 perficitur
1426 3475 1474 3520 in
1507 3474 1852 3520 consecratione
1884 3473 2102 3519 Euchari-

148 3539 275 3597 Sti'ae,
300 3542 350 3588 i'n
369 3555 459 3603 qua
488 3541 763 3588 sacrificium
788 3542 891 3588 Deo
924 3540 1125 3599 offertur,
1158 3544 1213 3588 ad
1246 3543 1368 3603 quod
1401 3542 1615 3589 sacerdos
1642 3542 1870 3602 obligatur
1908 3542 2012 3587 Deo
2045 3556 2104 3589 ex

148 3608 307 3655 ordine
330 3610 425 3669 jam
452 3620 680 3669 suscepto.
