2352 3926
283 239 390 295 292
813 240 1091 286 QUAESTIO
1133 241 1299 280 xxxv.
1331 230 1647 282 ARTICU'LUS
1688 242 1725 282 1.

890 544 1339 622 QUAESTIO
1390 545 1667 607 XXXV.

427 699 507 738 DE
540 699 906 740 NATIVITATE
939 700 1192 752 CHRISTI,
1229 702 1295 741 IN
1328 701 1482 742 OCTO
1517 702 1848 744 ARTICULOS
1881 702 2119 745 DIVISA..

376 877 724 937 Consequenter
749 889 852 937 post
880 879 1050 924 Christi
1074 880 1426 956 conceptionem
1454 881 1683 939 agendum
1712 890 1780 925 est
1801 880 1856 924 de
1874 881 1978 939 ejus
1989 878 2250 936 mtivitate3

285 951 329 988 et
347 946 490 1003 primo
518 955 739 1003 quantum
767 946 859 989 ad'
848 961 995 1005 ipsam
1022 947 1332 991 nativitatem·
1359 947 1529 992 secundo
1558 957 1779 1006 quantum
1807 947 1863 991 ad
1889 947 2136 993 nativitatis
2158 960 2250 993 ma-

283 1012 637 1057 nifestationem.

884 1124 1014 1170 Circa
1036 1127 1231 1185 primum
1263 1133 1515 1184 quaerentur
1545 1132 1648 1171 octo.

374 1213 548 1257 Primo.
576 1213 743 1258 Utrum
769 1215 979 1258 nativitas
1006 1215 1068 1258 sit'
1087 1225 1290 1269 naturae,
1315 1214 1391 1259 vel
1416 1206 1655 1274 personae.

377 1281 606 1325 Secundo.
641 1281 809 1325 Utrum
839 1282 1023 1325 Christo
1052 1281 1109 1325 sit
1136 1282 1420 1325 attribuenda
1449 1281 1536 1325 alia
1563 1282 1774 1325 nativitas
1801 1290 1979 1340 praeter
2004 1291 2250 1327 aeternam.

377 1346 551 1392 Tertio.
581 1348 748 1392 Utrum
770 1349 1022 1392 secundum
1040 1348 1324 1392 nativitatem
1342 1348 1648 1408 temporalem
1666 1350 1717 1392 B.
1735 1349 1881 1406 Virgo
1903 1348 1963 1393 sit
1977 1358 2126 1393 mater
2141 1350 2250 1408 ejus.

379 1413 573 1467 Quarto.
603 1415 770 1459 Utrum
799 1416 960 1459 debeat
985 1416 1075 1459 dici
1100 1426 1247 1460 mater
1273 1417 1373 1460 Dei.
1407 1410 1410 1411 ⁷

377 1481 568 1535 Quinto.
594 1482 760 1526 Utrum
790 1483 999 1526 Christus
1016 1483 1272 1527 secundum
1290 1483 1401 1527 duas
1428 1483 1673 1528 filiationes
1691 1483 1748 1528 sit
1770 1483 1889 1528 filius
1917 1483 2007 1528 Dei
2031 1484 2191 1540 Patris,
2207 1493 2254 1530 et

285 1547 488 1607 Virginis
513 1549 681 1592 matris.

376 1615 530 1659 Sexto.
556 1617 628 1659 De
655 1616 798 1660 modo
825 1616 1089 1661 nativitatis.

376 1683 598 1742 Septimo.
626 1684 697 1727 De
724 1682 846 1728 loco.

377 1750 575 1795 Octavo.
599 1751 671 1795 De
697 1761 907 1810 tempore
933 1751 1194 1796 nativitatis.

1016 1908 1451 1986 ARTICULUS
1488 1930 1531 1986 1.
1882 1904 1885 1906 ’
1928 1894 1931 1895 ᾗ
2166 1945 2251 1991 188

538 2064 730 2103 UTRUM
769 2065 1066 2104 NATIVITAS
1109 2066 1194 2103 SIT
1234 2067 1512 2116 NATURAE,
1551 2066 1658 2104 VEL
1697 2066 1997 2106 PERSONAE.

1032 2175 1082 2235 (3.
1110 2177 1224 2221 Dist.
1247 2177 1286 2221 8.
1315 2182 1398 2220 art.
1425 2174 1502 2233 2.).

368 2285 444 2329 AD
471 2299 659 2331 PRIMUM
686 2286 749 2330 sic
777 2287 1049 2346 proceditur.
1076 2286 1282 2340 Videtur,
1301 2286 1422 2345 quod
1447 2286 1655 2329 nativitas
1683 2295 1870 2329 naturae
1898 2285 2144 2331 conveniat
2157 2301 2252 2331 ma-

281 2353 366 2412 gis,
393 2367 530 2412 quam
558 2367 804 2413 personae:
832 2354 941 2398 dicit
967 2355 1090 2398 enim
1117 2355 1310 2413 August.
1339 2354 1385 2397 in
1412 2354 1528 2397 libro
1556 2353 1611 2396 de
1635 2353 1743 2396 Fide
1768 2352 1824 2396 ad
1850 2352 2034 2397 Petrum
2065 2352 2178 2414 (cap.-
2205 2361 2255 2399 ⁷22>

272 2429 433 2480 parum
452 2427 543 2464 ante
569 2421 714 2481 med.):
741 2421 954 2465 «Natura
983 2432 1179 2475 aeterna,
1208 2431 1343 2480 atque
1370 2421 1523 2464 divina
1549 2434 1643 2463 non
1666 2430 1822 2479 posset
1839 2420 2035 2480 concipi,
2053 2429 2098 2464 et
2116 2420 2256 2465 nasci

273 2503 330 2532 ex
354 2488 558 2531 humana
585 2499 759 2542 natura,
786 2489 873 2532 nisi
895 2489 1149 2533 secundum
1171 2488 1411 2532 veritatem
1438 2489 1668 2531 humanae
1692 2498 1880 2532 naturae
1903 2501 1944 2531 »ε
1965 2488 2003 2532 si
2030 2487 2168 2548 igitur
2188 2488 2252 2532 di-

274 2555 406 2599 vinae
440 2564 628 2598 naturae
672 2555 886 2599 convenit
920 2556 1114 2615 concipi,
1149 2565 1193 2599 et
1223 2556 1351 2599 nasci
1394 2555 1568 2598 ratione
1601 2555 1832 2599 humanae
1864 2563 2090 2609 naturae,
2086 2554 2248 2604 multo

273 2622 420 2680 magis
449 2622 664 2665 convenit
689 2623 920 2666 humanae
942 2633 1148 2667 naturae.

361 2701 400 2732 2.
430 2688 728 2733 PRAETEREA.
757 2689 1021 2733 Secundum
1048 2689 1387 2748 Philosophum
1415 2702 1450 2744 ς.
1480 2688 1680 2746 Metaph.
1705 2689 1808 2746 (tex.
1828 2689 1902 2747 5.)‚
1934 2702 2149 2734 «nomen
2172 2702 2251 2734 na-

269 2768 397 2801 turae
426 2770 451 2798 a
477 2756 707 2800 nascendo
735 2767 969 2815 sumptum
989 2766 1056 2800 est
1074 2773 1114 2811 »3
1142 2757 1221 2800 sed
1250 2756 1646 2800 denominationes
1674 2755 1787 2799 fiunt
1813 2755 2066 2800 secundum
2090 2755 2247 2801 simili-

267 2822 435 2868 tudi-nis
464 2823 857 2877 convenientiam3
892 2837 1002 2882 ergo
1036 2824 1227 2877 videtur,
1256 2823 1378 2882 quod
1410 2823 1622 2866 nativitas
1650 2822 1797 2881 magis
1823 2823 2047 2882 pertineat
2079 2823 2136 2868 ad
2168 2837 2245 2868 na·

268 2900 434 2944 turam,
462 2884 683 2949 quam'ad
711 2905 971 2949 personam.

334 3002 346 3018 ⁴
363 2971 400 3017 3.
428 2957 726 3002 PRAETEREA.
766 2957 877 3000 [llud
910 2959 1091 3016 proprie
1124 2957 1339 3011 nascitur,
1367 2957 1489 3015 quod
1516 2971 1597 3016 per
1622 2957 1907 3002 nativitatem
1932 2957 2090 3018 incipit
2115 2956 2239 3003 ease:

267 3024 347 3069 sed
375 3038 455 3083 per
480 3024 763 3068 nativitatem
783 3024 954 3068 Christi
980 3039 1073 3068 non
1100 3025 1269 3083 incepit
1291 3037 1389 3067 esse
1404 3037 1596 3082 persona
1626 3023 1813 3078 Christi,
1831 3025 1909 3069 sed
1926 3026 2023 3084 ejus
2039 3024 2245 3070 humana

267 3101 452 3145 natura3
481 3105 592 3150 ergo
619 3090 808 3145 videtur,
844 3091 966 3150 quod
1004 3091 1214 3135 nativitas
1251 3092 1433 3150 proprie
1467 3091 1690 3150 pertineat
1727 3091 1782 3135 ad
1814 3100 2040 3169 naturam,
2064 3104 2161 3138 non
2186 3091 2244 3137 ad

270 3173 532 3218 personam.

359 3226 453 3270 SED
478 3237 674 3270 CONTRA
704 3234 783 3279 est,
811 3224 932 3284 quod
958 3226 1171 3269 Damasc
1200 3224 1344 3268 dicit'
1334 3239 1380 3267 m
1411 3239 1447 3283 3.
1475 3224 1550 3268 lib.
1581 3225 1727 3281 (Orth.
1751 3225 1845 3271 Fid.
1869 3231 1963 3286 cap.'
1982 3240 2022 3271 2.
2041 3239 2078 3285 3.
2100 3230 2145 3272 εί
2158 3224 2242 3284 6.).·

271 3309 294 3334 (ε
320 3292 544 3337 Nativitas
576 3293 836 3353 hypostasis
863 3302 943 3346 est,
970 3307 1063 3336 non
1091 3303 1279 3336 naturae
1307 3308 1348 3336 ».

357 3361 645 3404 Responnsso
674 3360 933 3413 dicendum,
961 3359 1082 3419 quod
1110 3359 1269 3402 nativit
1274 3373 1320 3402 as
1349 3368 1498 3416 potest
1522 3359 1702 3403 attribui
1729 3358 1864 3404 alicui
1886 3358 2137 3419 dupliciter:
2159 3373 2243 3404 uno

265 3427 386 3470 modo
421 3427 536 3471 sicut
562 3427 794 3483 subjecto:
828 3427 911 3471 alio
946 3427 1064 3470 modo
1099 3427 1214 3469 sicut
1240 3428 1464 3480 termin03
1499 3426 1614 3470 sicut
1647 3427 1852 3484 subjecto
1885 3425 2089 3486 quidem,
2117 3425 2238 3471 attri-

265 3493 416 3537 buitur
439 3494 494 3547 ei,
517 3494 638 3554 quod
667 3494 886 3538 nascitur:
914 3494 1003 3538 hoc
1028 3503 1180 3537 autem
1205 3494 1384 3552 proprie
1420 3503 1487 3537 est
1519 3493 1792 3553 hypostasis,
1813 3507 1909 3538 non
1930 3503 2115 3539 natura:
2135 3507 2241 3538 cum

268 3560 390 3603 enirn
423 3562 549 3605 nasci
577 3562 632 3604 sit
659 3561 890 3619 quoddam
925 3560 1144 3619 generari,
1178 3562 1291 3603 sicut
1326 3571 1565 3617 generatur
1597 3560 1766 3619 aliquid
1800 3560 1855 3604 ad
1888 3560 1979 3606 hoc
2012 3559 2134 3620 quod
2169 3559 2239 3614 sit,

271 3627 331 3670 ita
360 3629 558 3672 nascitur
586 3628 753 3687 aliquid
783 3629 837 3672 ad
866 3628 953 3672 hoc
983 3627 1103 3687 quod
1132 3627 1210 3671 sit:
1236 3642 1332 3671 esse
1362 3639 1514 3672 autem
1548 3628 1728 3687 proprie
1762 3637 1830 3673 est
1850 3628 1916 3672 rei
1942 3626 2239 3683 subsistentis,
