2352 3926
686 214 966 263 Quansno
1008 215 1096 256 ιν.
1134 213 1445 256 armemus
1484 214 1542 255 11.
1972 201 2077 270 463

123 319 326 367 ctionem
352 317 525 364 Christi
551 317 798 373 testificari,
831 318 1085 363 secundum
1115 315 1228 363 illud
1252 318 1356 363 Act.
1382 330 1450 373 4.:
1486 317 1646 362 Virtute
1677 329 1832 376 magna
1863 315 2088 361 reddebant

40 385 57 417 ”-’
123 387 313 448 Apostoli
342 387 621 432 testimonium
650 387 963 432 resurrectionis
978 387 1075 444 Jasu
1104 386 1261 431 Christi
1280 387 1462 430 Domini
1492 386 1643 430 nostri.-
1670 384 1750 429 sed
1782 383 2085 428 certissimum

44 443 57 464 '¹
123 450 194 505 est
220 452 534 499 testimonium
567 453 624 498 de
648 453 774 508 visu3
800 466 911 513 ergo
938 452 1217 499 conveniens
1242 451 1415 507 fuisset,
1447 462 1497 497 ut
1527 451 1674 511 ipsam
1706 450 2088 496 resurrectionem

40 523 64 585 ’
125 519 299 568 Christi
321 520 541 565 viderent.

36 589 62 640 *j*
212 600 253 632 2.
285 587 582 632 Falernum.
614 586 687 631 Ad
730 586 1047 633 certitudinem
1086 585 1192 630 fidei
1226 585 1486 630 habendam
1523 584 1733 645 discipuli
1770 584 2088 630 ascensionem

43 684 52 704 ἢ,
124 653 296 700 Christi
319 653 543 708 viderunt,
574 653 827 698 secundum
858 652 970 698 illud
996 653 1099 697 Act.
1133 666 1190 696 1.:
1226 652 1462 697 Videntibus
1492 653 1574 696 illis
1605 653 1785 696 elevatus
1815 658 1871 697 est
1881 667 1897 704 ;
1925 651 2004 696 sed
2036 652 2091 696 si-

36 712 51 730 ³
122 719 291 766 militer
321 730 502 780 oportet
533 721 589 765 de
621 720 951 765 resurrectione
978 718 1149 764 Christi
1175 728 1347 763 certam
1380 718 1518 763 fidem
1549 719 1741 773 habere3
1774 732 1885 778 ergo
1910 718 2090 763 videtur

123 787 246 848 quod
273 786 505 846 discipulis
530 786 786 831 videntibus
812 786 1016 830 debuerit
1043 785 1252 830 Christus
1279 798 1528 844 resurgere.

215 868 255 914 3.
279 853 577 900 PRAETEREA.
604 853 894 898 Resurrectio
922 853 1082 896 Lazari
1113 852 1347 911 quoddam
1379 852 1598 896 indicium
1630 851 1715 897 fuit
1744 851 1922 896 futurae
1947 866 2090 897 resur-

121 921 337 967 rectionis
360 920 555 966 Christi:
578 920 656 965 sed
678 919 910 979 discipulis
927 919 1182 963 videntibus
1200 919 1430 963 Dominus
1448 919 1671 963 Lazarum
1695 919 1953 974 suscitavit;
1977 933 2087 979 ergo

24 1010 31 1034 1
120 988 312 1042 videtur,
337 987 459 1047 quod
487 986 624 1031 etiarn
653 987 861 1031 Christus
886 1000 1122 1043 resurgere
1148 986 1352 1030 debuerit
1378 986 1606 1045 discipulis
1627 985 1898 1030 videntibus.

43 1094 49 1110 ,
213 1054 308 1100 SED
341 1067 537 1100 CONTRA
564 1063 645 1108 est,
671 1053 794 1112 quod
821 1054 984 1098 dicitur
1008 1053 1154 1098 Marci
1179 1052 1279 1097 ult.:
1309 1055 1532 1110 Resurgens
1558 1054 1767 1097 Dominus
1799 1067 1919 1097 mane
1944 1053 2088 1112 prima

40 1134 54 1169 ἴ
120 1122 297 1175 sabbati,
330 1123 532 1181 apparuit
555 1122 698 1180 primo
732 1121 900 1165 Mariae
933 1121 1231 1179 Magdalenae:
1259 1120 1338 1164 sed
1369 1120 1515 1164 Maria
1546 1119 1821 1178 Magdalena
1853 1133 1947 1163 non
1977 1119 2090 1163 vidit

46 1227 51 1232 .
122 1202 230 1238 eum
254 1201 515 1246 resurgere;
541 1188 619 1232 sed
647 1201 752 1231 cum
780 1202 886 1232 eum
905 1197 1141 1246 quaereret
1165 1187 1212 1230 in
1229 1186 1488 1245 sepulchro,
1513 1186 1681 1230 audivit
1699 1187 1752 1230 ab
1773 1185 1963 1245 angelo:
1992 1186 2092 1231 Sur-

4 1297 6 1299 .
121 1257 246 1311 rexit,
273 1269 357 1299 non
382 1261 436 1300 est
461 1255 552 1307 hic,·
582 1268 693 1312 ergo
721 1253 871 1298 nullus
897 1255 1010 1298 vidit
1035 1268 1141 1298 eum
1167 1268 1416 1311 resurgere.

208 1321 498 1368 Responnno
526 1321 786 1375 dicendum,
814 1322 951 1381 quod,
983 1321 1100 1366 sicut
1126 1321 1236 1364 dicit
1253 1321 1414 1380 Apost.
1441 1320 1579 1364 Rom.
1607 1334 1688 1379 13„
1707 1334 1810 1379 quae
1827 1334 1854 1364 a
1870 1320 1961 1365 Deo
1977 1325 2084 1372 sunt,

121 1388 319 1434 ordinata
341 1395 462 1441 sunu
482 1398 550 1433 est
576 1398 729 1433 autem
751 1388 826 1432 hic
854 1388 968 1432 ordo
996 1388 1209 1432 divinitus
1225 1388 1468 1442 institutus,
1486 1398 1536 1432 ut
1561 1402 1615 1433 ea
1641 1402 1758 1448 quae
1784 1402 1920 1447 supra
1944 1387 2094 1431 homi·

121 1469 202 1501 nes
228 1465 347 1510 sunt,
371 1455 635 1500 hominibus
660 1469 740 1514 per
766 1454 957 1514 angelos
982 1455 1252 1509 revelentur,
1279 1465 1328 1499 ut
1353 1465 1477 1514 patet
1501 1469 1582 1514 per
1606 1455 1745 1500 Dion.
1773 1470 1873 1514 cap.
1890 1467 1932 1510 4.
1958 1453 2091 1499 Coel.

121 1522 246 1568 Hier.
278 1523 328 1581 (a
358 1522 500 1580 med).
521 1521 730 1568 Christus
762 1532 916 1567 autem
948 1536 1188 1581 resurgens
1219 1536 1314 1566 non
1346 1521 1478 1566 rediit
1519 1522 1576 1566 ad
1607 1522 1751 1566 vitam
1785 1521 2092 1566 communiter

2 1592 3 1595 ’
120 1589 385 1635 hominibus
409 1600 584 1643 notam,
610 1589 688 1634 sed
716 1589 772 1634 ad
797 1590 939 1634 vitam
966 1590 1195 1648 quandam
1228 1589 1555 1643 immortalem,
1584 1599 1628 1633 et
1652 1589 1756 1633 Deo
1784 1588 2088 1642 conformem,

122 1657 377 1703 secundum
400 1656 513 1701 illud
544 1656 742 1701 Roman.
769 1654 837 1703 6.:
867 1657 992 1713 Quod
1013 1658 1124 1700 enim
1155 1658 1280 1710 vivit,
1306 1658 1420 1702 vivit
1445 1657 1537 1701 Deo
1552 1671 1569 1709 ,⁰
1597 1666 1643 1700 et
1666 1657 1772 1700 ideo
1797 1656 1896 1715 ipsa
1919 1655 2091 1700 Christi

121 1725 391 1771 resurrectio
427 1738 522 1768 non
554 1724 708 1768 debuit
742 1724 1007 1768 immediate
1045 1724 1099 1767 ab
1137 1723 1400 1768 hominibus
1427 1723 1584 1777 videri,
1617 1723 1696 1767 sed
1730 1723 1793 1768 eis
1830 1723 1884 1767 ab
1913 1722 2086 1781 angelis

45 1795 49 1800 f
121 1791 343 1836 nuntiari:
370 1790 490 1835 unde
515 1790 658 1834 Hilar.
686 1791 793 1835 dicit
817 1805 953 1850 super
976 1790 1139 1835 Matth.
1166 1792 1278 1848 (can.
1299 1791 1374 1834 ult.
1392 1792 1437 1834 in
1451 1791 1547 1847 fin.)
1566 1790 1689 1849 quod
1719 1806 1742 1831 ‹<
1768 1791 1872 1834 ideo
1901 1789 2090 1848 angelus

22 1875 55 1922 3¹4
121 1858 245 1918 prior
269 1857 610 1902 resurrectionis
636 1866 704 1902 est
727 1858 876 1912 index,
895 1868 943 1902 ut
969 1858 1171 1917 quodam
1195 1857 1419 1902 famulatu
1444 1868 1658 1917 paternae
1674 1857 1922 1902 voluntatis
1947 1871 2091 1902 resur-

31 1942 44 1979 ἡ
120 1925 266 1970 rectio
290 1925 572 1970 nuntiaretur
598 1941 638 1968 ».
811 1930 813 1933 ’

43 2030 56 2057 3
211 1992 288 2038 AD
319 2005 508 2038 numm
540 2005 650 2051 ergo
688 1991 948 2046 dicendum,
982 1991 1104 2051 quod
1138 1991 1354 2050 Apostoli
1385 2002 1630 2050 potuerunt
1660 1991 1892 2037 testificari
1919 1991 2091 2036 Christi

34 2058 41 2066 ”
120 2061 500 2105 resurrectionem
526 2060 664 2103 etiam
688 2060 744 2103 de
768 2059 891 2104 visu:
919 2059 1024 2118 quia
1053 2059 1289 2103 Christum
1314 2070 1418 2118 post
1448 2059 1831 2104 resurrectionem
1857 2059 2088 2103 viventem

35 2120 67 2193 ff*
121 2125 304 2175 occulta
329 2124 416 2170 fide
442 2125 668 2180 viderunt,
694 2139 831 2184 quem
857 2136 1093 2170 mortuum
1118 2126 1367 2170 sciverant:
1396 2127 1474 2170 sed
1507 2126 1624 2170 sicut
1656 2126 1711 2169 ad
1738 2127 1963 2170 visionem
1990 2126 2092 2169 bea-

43 2195 65 2220 ”’
120 2203 219 2243 tam
242 2192 501 2253 pervenitur
526 2207 605 2252 per
632 2193 836 2237 auditum
862 2192 989 2247 fidei;
1016 2193 1079 2236 ita
1106 2192 1160 2236 ad
1183 2193 1409 2237 visionem
1435 2193 1607 2237 Christi
1632 2195 1910 2251 resurgentis
1937 2206 2090 2252 perve-

4 2261 54 2308 ›.'·.'-·
121 2270 284 2307 nerunt
308 2260 520 2304 homines
546 2274 626 2319 per
653 2274 720 2313 ea,
747 2274 863 2319 quae
891 2260 1013 2320 prius
1040 2260 1093 2304 ab
1122 2260 1295 2318 angelis
1321 2260 1572 2305 audierunt.

210 2327 286 2372 AD
319 2340 580 2372 SECUNDUM
614 2327 871 2381 dicendum,
905 2327 1027 2386 quod
1061 2327 1269 2371 ascensio
1298 2327 1469 2372 Christi
1503 2338 1724 2386 quantum
1757 2327 1812 2371 ad
1844 2328 2090 2371 terminum

2 2401 3 2406 ’
28 2399 63 2458 j]
123 2408 152 2440 a
165 2409 263 2455 quo,
279 2408 375 2440 non
391 2395 738 2440 transcendebat
758 2394 999 2438 hominum
1029 2408 1327 2438 communem
1353 2395 1579 2451 notitiam,
1598 2394 1677 2438 sed
1695 2395 1845 2438 solum
1869 2404 2090 2453 quantum

123 2461 179 2506 ad
203 2462 450 2506 terminum
472 2462 526 2506 ad
542 2477 660 2520 quem
669 2477 685 2515 ;
705 2471 750 2506 et
764 2462 869 2506 ideo
897 2460 1105 2521 discipuli
1126 2471 1372 2520 potuerunt
1387 2462 1540 2506 videre
1569 2462 1887 2506 ascensionem
1908 2460 2091 2515 Christi,

122 2537 342 2588 quantum
369 2529 424 2574 ad
448 2529 696 2574 terminum
722 2543 748 2573 a
774 2544 868 2588 quo,
901 2528 1019 2572 idest
1044 2529 1298 2573 secundum
1325 2528 1447 2588 quod
1481 2527 1742 2573 elevabatur
1769 2543 1793 2572 a
1819 2542 1961 2573 terra:
1995 2541 2089 2571 non

125 2604 278 2640 autem
307 2595 516 2640 viderunt
546 2596 695 2654 ipsum
728 2605 949 2656 quantum
982 2596 1038 2639 ad
1069 2595 1316 2639 terminum
1349 2595 1403 2640 ad
1444 2611 1577 2654 quem,
1614 2596 1718 2655 quia
1754 2610 1848 2640 non
1881 2595 2092 2639 viderunt

125 2661 360 2722 quomodo
383 2662 659 2722 reciperetur
675 2664 721 2707 in
740 2662 898 2707 coelo:
927 2662 1006 2707 sed
1028 2662 1298 2706 resurrectio
1319 2662 1490 2707 Christi
1515 2663 1862 2707 transcendebat
1886 2676 2091 2707 commu-

4 2726 26 2739 ’
61 2758 66 2761 -
124 2742 234 2774 nem
257 2728 482 2784 notitiam,
508 2740 553 2775 et
577 2741 797 2790 quantum
825 2730 880 2774 ad
906 2730 1153 2775 terminum
1181 2743 1206 2774 a
1229 2745 1323 2788 quo,
1350 2729 1601 2774 secundum
1630 2730 1752 2789 quod
1779 2730 1932 2773 anima
1958 2728 2090 2773 rediit

125 2794 181 2840 ab
208 2794 375 2850 inferis,
401 2805 447 2840 et
471 2810 636 2856 corpus
661 2797 717 2843 de
742 2797 986 2857 sepulchro
1015 2796 1171 2841 clauso
1195 2796 1345 2850 exivit,
1369 2806 1414 2842 et
1437 2807 1658 2856 quantum
1685 2797 1740 2840 ad
1767 2796 2013 2841 terminum
2036 2794 2089 2838 ad

124 2876 262 2921 quem,
287 2862 537 2907 secundum
563 2863 686 2923 quod
718 2873 784 2909 est
816 2864 1003 2922 adeptus
1029 2864 1172 2908 vitam
1205 2863 1482 2922 gloriosam3
1509 2874 1554 2908 et
1583 2863 1689 2908 ideo
1721 2878 1816 2907 non
1849 2862 2002 2907 debuit
2025 2874 2090 2904 re-

125 2929 343 2974 surrectio
370 2927 466 2974 fieri
490 2929 570 2984 sic,
597 2930 719 2989 quod
746 2932 799 2976 ab
826 2931 1015 2975 homine
1043 2930 1280 2975 videretur.

214 2996 290 3040 An
309 3008 524 3040 TERTIUM
550 2996 807 3051 dicendum,
829 2999 951 3057 quod
971 2998 1168 3042 Lazarus
1190 2998 1481 3042 resuscitatus
1505 3008 1584 3053 est,
1606 3007 1655 3042 ut
1672 2998 1837 3042 rediret
1860 2995 1914 3039 ad
1931 2995 2088 3048 vitam,

41 3055 51 3070 ‘³
126 3062 309 3124 qualem
331 3062 452 3122 prius
468 3063 700 3118 habuerat,
716 3078 831 3123 quae
855 3079 1154 3109 communem
1171 3065 1382 3109 notitiam
1408 3065 1652 3110 hominum
1678 3079 1772 3108 non
1799 3061 2088 3115 transcendit,

127 3140 173 3175 ct
194 3130 300 3175 ideo
325 3143 420 3174 non
445 3139 514 3177 est
536 3129 698 3175 similis
722 3132 854 3176 ratio.
