2352 3926
299 234 406 305 508
799 249 1076 295 QUAESTIO
1116 250 1204 289 Lx.
1246 249 1556 290 Axi-mutus
1593 251 1709 292 vm.

296 352 470 396 forma:
496 353 584 410 Ego
612 359 650 396 te
675 353 837 410 baptizo
863 353 908 395 in
925 352 1092 395 nomine
1107 352 1264 407 Patris,
1281 359 1320 397 et
1333 353 1453 408 Filii,
1477 360 1515 401 et
1529 354 1712 413 Spiritus
1726 355 1901 400 Sancti:
1923 355 2092 402 Graeci
2108 366 2261 402 autem

296 419 378 463 sub
406 420 516 463 ista:
543 421 785 477 Baptizatur
803 433 946 462 servus
975 418 1134 463 Christi
1160 420 1216 464 N.
1243 421 1289 464 in
1311 422 1478 465 nominc
1504 420 1660 481 Patris,
1689 431 1800 476 etc.;
1826 432 1872 466 et
1901 431 2058 468 tamen
2083 423 2261 482 utrique

296 501 455 530 verum
483 485 723 529 conferunt
749 498 1112 542 sacramentum3
1136 501 1248 547 ergo
1273 488 1320 531 in
1345 487 1505 533 formis
1532 499 1925 534 sacramentorum
1950 489 2059 537 licet
2084 491 2261 550 atiqaid

298 553 481 606 addere,
506 553 579 596 vel
603 553 822 597 minuere.
2192 587 2193 590 η

386 620 674 664 RESPONDEO
703 620 963 676 dicendum,
990 622 1113 680 quod
1141 622 1262 666 circa
1288 636 1450 668 omnes
1477 624 1585 668 istas
1617 624 1913 678 mutationes,
1935 637 2051 684 quae
2073 634 2265 684 possunt

297 688 340 731 in
362 686 524 731 formis
551 698 947 732 sacramentorum
974 690 1256 748 contingere,
1281 691 1362 736 duo
1388 692 1597 736 videntur
1622 706 1722 736 esse
1750 691 2101 738 consideranda:
2127 706 2259 737 unum

298 755 481 813 quidem
509 770 562 799 ex
588 765 714 814 parte
742 757 853 814 ejus,
879 757 957 816 qui
982 756 1153 816 profert
1176 759 1329 813 verba,
1363 761 1491 818 cujus
1527 760 1719 804 intentio
1753 759 1997 819 requiritur
2029 759 2087 808 ad
2114 771 2266 805 'sacra-

297 833 518 876 mentum,
545 833 594 866 ut
615 822 731 867 infra
756 824 931 869 dicetur
956 826 1014 884 (q.
1043 825 1115 882 64.
1142 832 1225 871 art.
1252 826 1345 884 8.),·
1373 837 1419 871 et
1442 827 1547 872 ideo
1576 828 1614 871 si
1645 827 1851 872 intendat
1881 841 1962 887 per
1996 827 2262 886 hujusmodi

299 889 594 944 additionem,
621 890 693 934 vel
722 891 1076 936 diminutionem
1103 892 1243 937 alium
1265 894 1403 938 ritum
1426 894 1655 949 inducere,
1682 895 1760 953 qui
1785 908 1882 939 non
1904 893 1963 940 sit
1986 894 2043 939 ab
2056 892 2266 941 Ecclesia

299 967 520 1015 receptus,
547 971 641 1001 non
667 957 844 1002 videtur
865 958 1023 1017 perfici
1047 970 1408 1005 sacramentum:
1438 962 1542 1020 quia
1567 975 1661 1006 non
1683 961 1875 1015 videtur,
1907 960 2031 1020 quod
2062 960 2266 1007 intendat

300 1023 451 1067 facere
477 1024 537 1078 id,
564 1025 686 1083 quod
712 1024 822 1069 facit
846 1025 1073 1070 Ecclesia.
1097 1028 1213 1071 aliud
1238 1038 1393 1072 tamen
1419 1039 1487 1073 est
1512 1029 1898 1074 considerandum
1911 1042 1972 1074 ex
1987 1028 2265 1089 partesigni-

297 1090 523 1135 ficationis
548 1092 807 1136 verborum.
827 1093 949 1137 Cum
973 1095 1095 1138 enim
1122 1096 1260 1139 verba
1282 1106 1526 1155 operentur
1546 1097 1593 1140 in
1615 1097 1925 1151 sacramentis,
1950 1102 2172 1156 quantum
2207 1095 2264 1146 ad

299 1172 484 1202 sensum
511 1173 650 1217 quem
675 1158 862 1214 faciunt,
885 1171 933 1204 ut
959 1175 1093 1220 supra
1120 1162 1292 1206 dictum
1319 1173 1386 1207 est
1412 1164 1516 1221 (art.
1536 1172 1681 1223 praec.
1708 1164 1763 1208 ad
1787 1180 1822 1210 Ι.
1849 1169 1892 1209 et'
1910 1163 1965 1208 ad
1984 1163 2063 1224 3.),
2086 1167 2268 1224 oportet

300 1227 603 1281 considerare,
631 1236 783 1271 utrum
805 1243 885 1287 per
910 1228 1050 1272 talem
1078 1231 1380 1274 mutationem
1406 1231 1594 1276 tollatur
1616 1232 1791 1276 debitus
1817 1245 1981 1278 sensus
1993 1231 2263 1277 verbulum:

299 1293 403 1351 quia
429 1293 469 1336 si
494 1294 575 1346 sic,
601 1294 896 1339 manifestum
923 1306 1004 1349 est,
1032 1297 1154 1355 quod
1176 1297 1351 1341 tollitur
1367 1298 1533 1342 veritas
1556 1297 1847 1343 sacramenti.
1882 1296 2181 1343 Manifestum
2199 1307 2269 1342 est

301 1370 471 1414 autern,
498 1361 620 1419 quod
648 1362 686 1405 si
712 1362 991 1406 diminuatur
1013 1363 1181 1422 aliquid
1209 1378 1385 1418 eorum,
1422 1379 1538 1423 quae
1575 1374 1680 1413 sunt
1714 1364 1770 1408 de
1806 1363 2057 1409 substantia
2087 1361 2265 1408 formae

301 1428 659 1481 sacramentalis,
685 1428 860 1472 tollitur
887 1430 1061 1474 debitus
1084 1445 1243 1475 sensus
1269 1431 1538 1485 verborum3
1561 1441 1605 1476 et
1631 1431 1735 1475 ideo
1761 1446 1855 1475 non
1877 1430 2106 1490 perficitur
2120 1444 2269 1475 sacrar-

300 1505 534 1548 mentum;
561 1496 680 1540 unde
707 1496 934 1556 Didymus
962 1498 1071 1541 dicit
1096 1500 1141 1542 in
1168 1497 1243 1542 lib.
1282 1511 1322 1542 2.
1361 1499 1416 1543 de
1447 1499 1617 1558 Spiritu
1652 1499 1824 1543 Sancto
1861 1499 2037 1559 (parum
2069 1512 2097 1543 a
2125 1499 2267 1558 princ.
2320 1513 2327 1518 “

299 1564 405 1606 inter
437 1571 503 1622 op.
545 1564 768 1620 Hieron.).·
806 1579 830 1605 (ε
858 1564 907 1608 Si
937 1565 1036 1622 quis
1073 1565 1135 1608 ita
1171 1565 1400 1624 baptizare
1438 1576 1644 1620 conetur,
1682 1576 1732 1610 ut
1764 1580 1908 1610 unum
1940 1565 1998 1610 de
2028 1565 2270 1625 praedictis

300 1629 564 1673 nominibus
591 1631 921 1687 praetermittat
942 1631 1136 1687 (scilicet
1161 1632 1322 1686 Patris,
1350 1644 1394 1677 et
1414 1633 1531 1687 Filii,
1558 1643 1602 1677 et
1629 1633 1821 1692 Spiritus
1849 1633 2044 1690 Sancti),
2057 1632 2157 1677 sine
2174 1646 2270 1691 per·

302 1695 500 1740 sectione
526 1697 770 1755 baptizabit
794 1715 817 1739 »
836 1713 847 1751 ;
870 1698 907 1741 si
935 1708 1087 1742 autern
1107 1699 1396 1743 subtrahatur
1415 1700 1598 1758 aliquid,
1617 1701 1740 1759 quod
1758 1713 1855 1744 non
1870 1700 1930 1745 sit
1949 1700 2005 1744 de
2022 1699 2271 1745 substantia

300 1762 493 1817 formae,
520 1764 622 1807 talis
649 1765 891 1808 diminutio
917 1781 1011 1810 non
1038 1766 1158 1810 tollit
1185 1768 1387 1811 debitum
1420 1782 1606 1812 sensum
1638 1768 1899 1821 verborum,
1932 1777 1977 1811 et
2006 1780 2086 1827 per
2112 1780 2270 1810 conse-

302 1844 445 1888 quens
473 1845 557 1874 nec
585 1833 859 1875 sacramenti
886 1833 1243 1892 perfectionem3
1269 1834 1387 1879 sicut
1411 1835 1458 1879 in
1483 1834 1633 1878 forma
1659 1834 1988 1888 Eucharistiae,
2021 1847 2138 1893 quae
2170 1842 2265 1878 est:
2306 1850 2309 1854 ⁴

302 1897 397 1941 Hoc
425 1904 482 1941 est
506 1900 614 1941 enim
644 1897 806 1957 Corpus
831 1915 984 1954 meum,
1006 1900 1054 1959 ly
1080 1903 1189 1945 enim
1215 1900 1443 1945 sublatum
1469 1916 1564 1946 non
1591 1901 1712 1945 tollit
1738 1902 1941 1946 debitum
1965 1914 2151 1946 sensum
2174 1914 2271 1946 vet·

303 1965 492 2008 borum:
523 1975 567 2009 et
591 1966 695 2010 ideo
721 1978 816 2009 non·
843 1968 1033 2026 impedit
1057 1968 1387 2027 perfectionem
1420 1970 1716 2014 sacramenti:
1752 1970 1960 2028 quamvis
1991 1969 2135 2030 possit
2165 1981 2270 2012 con·
2348 2013 2352 2023 4

301 2032 491 2090 tingere,
515 2033 637 2091 quod
663 2033 740 2077 ille
778 2035 855 2093 qui
890 2036 1223 2093 praetermittit,
1254 2047 1415 2094 peccet
1450 2051 1503 2080 ex
1539 2036 1835 2096 negligentia,
1870 2034 1945 2080 vel
1987 2045 2266 2094 contemptu.
2293 2057 2308 2064 =
2346 2054 2352 2066 fl

305 2099 439 2142 Circa
467 2100 746 2145 additionem
771 2101 910 2145 etiam
933 2104 1155 2162 contingit
1174 2103 1341 2162 aliquid
1369 2104 1552 2163 apponi,
1577 2104 1699 2163 quod
1718 2114 1786 2148 est
1802 2103 2115 2162 corruptivum
2130 2102 2270 2147 debiti
2340 2098 2352 2102 ’“

302 2180 485 2210 sensus:
514 2178 622 2225 puta
648 2168 686 2212 si
709 2168 870 2227 aliquis
899 2169 1040 2213 dicat:
1067 2172 1156 2230 Ego
1186 2177 1220 2215 te
1247 2173 1406 2231 baptizo
1434 2174 1478 2215 in
1503 2173 1669 2215 nominc
1700 2171 1841 2217 Patris
1872 2172 2062 2230 majoris,
2095 2176 2135 2215 et
2165 2169 2269 2215 Filii

302 2235 492 2287 minoris,
521 2235 637 2278 sicut
663 2236 822 2281 Ariani
847 2236 1149 2296 baptizabant,
1177 2249 1221 2283 et
1245 2239 1350 2283 ideo
1378 2238 1480 2283 talis
1509 2239 1678 2282 additio
1705 2238 1826 2283 tollit
1854 2239 2094 2282 veritatem
2126 2250 2272 2282 sacra-
2343 2269 2352 2286 ff

303 2301 471 2355 menti;
497 2302 535 2345 si
560 2317 670 2347 vero
697 2303 754 2347 sit
774 2304 878 2348 talis
902 2305 1086 2359 additio,
1104 2320 1222 2364 quae
1242 2320 1336 2350 non
1357 2306 1528 2351 auferat
1547 2307 1748 2351 debiturn
1768 2319 1969 2360 sensum,
1984 2318 2080 2351 non
2094 2304 2270 2350 tollitur

302 2369 579 2412 sacramenti
603 2370 792 2426 veritas;
819 2385 905 2415 nec
938 2371 1086 2426 refert,
1124 2383 1275 2417 utrum
1308 2373 1411 2418 talis
1449 2373 1619 2418 additio
1652 2373 1732 2418 fiat
1763 2373 1811 2417 in
1845 2372 2085 2432 principio,
2116 2371 2192 2416 vel
2222 2371 2269 2417 in
2323 2373 2334 2413 f

304 2436 474 2490 medio,
500 2436 575 2482 vel
599 2437 646 2481 in
673 2437 786 2482 fine:
816 2447 863 2483 ut
895 2439 932 2482 si
967 2438 1129 2498 aliquis
1163 2440 1307 2484 dicat:
1343 2442 1434 2500 Ego
1461 2447 1495 2485 tc
1533 2442 1697 2500 baptizo
1731 2442 1777 2484 in
1808 2442 1978 2485 nomine
2011 2440 2096 2485 Dei
2127 2439 2271 2485 Patris
2326 2487 2352 2511 ἦ

303 2505 612 2562 omnip0tcntis,
629 2511 665 2550 et
682 2507 785 2550 Filii
797 2509 883 2565 ejas
893 2508 1109 2565 unigeniti,
1124 2513 1159 2552 et
1169 2508 1351 2566 Spiritus
1362 2509 1505 2553 Sancti
1512 2508 1732 2567 paracliti,
1747 2507 1830 2552 erit
1841 2521 2002 2552 verum
2018 2506 2266 2566 baptismat

303 2580 347 2614 et
368 2570 575 2614 similiter
601 2572 639 2615 si
665 2575 763 2630 quis
791 2574 934 2617 dicat:
958 2574 1047 2631 Ego
1076 2580 1110 2618 te
1137 2575 1300 2634 baptizo
1327 2577 1372 2619 in
1397 2577 1562 2619 nomine
1595 2576 1750 2630 Patris,
1783 2581 1822 2620 et
1855 2575 1975 2629 Filii,
2011 2579 2050 2620 ct
2087 2574 2271 2633 Spiritus·

301 2638 460 2692 Sancti,
488 2644 524 2682 et
549 2639 598 2684 B.
632 2639 755 2697 Virgo
784 2647 819 2684 te
846 2640 1031 2698 adjuvet,
1061 2641 1145 2685 erit
1170 2656 1330 2685 verum
1362 2642 1602 2701 baptisma.
1639 2642 1774 2686 Forte
1811 2642 2038 2687 autem.si
2073 2641 2264 2687 diceret:

303 2706 392 2763 Ego
422 2711 456 2749 te
482 2707 646 2764 baptizo
673 2707 718 2750 in
744 2709 910 2751 nomine
937 2709 1091 2762 Patris,
1118 2715 1156 2753 et
1181 2709 1300 2762 Filii,
1320 2716 1355 2754 et
1376 2711 1558 2769 Spiritus
1578 2710 1738 2766 Sancti,
1754 2711 1857 2755 etB.
1884 2711 1922 2754 V
1921 2711 2072 2770 irginis
2086 2708 2270 2764 Mariae,

303 2786 398 2817 non
425 2783 544 2817 esset
565 2773 840 2831 baptismus3
864 2775 968 2832 quia
996 2775 1159 2819 dicitur
1186 2790 1220 2820 1.
1245 2777 1300 2820 ad
1329 2777 1437 2821 Cor.
1463 2791 1522 2821 1.:
1549 2778 1770 2836 Numquid
1787 2778 1941 2822 Paulus
1949 2785 2032 2837 pro
2046 2778 2165 2822 vobis
2179 2790 2272 2822 cru-

305 2840 451 2896 cifixus
476 2847 545 2893 est,
575 2847 649 2885 aut
674 2842 719 2884 in
744 2843 909 2885 nomine
937 2843 1060 2886 Pauli
1088 2844 1287 2902 baptizati
1311 2846 1433 2889 estis?
1462 2844 1551 2889 Sed
1578 2844 1668 2888 hoc
1695 2859 1856 2889 verum
1882 2855 1964 2899 est,
1986 2845 2025 2890 si
2049 2845 2113 2889 sic
2139 2841 2270 2888 intel-
2334 2867 2352 2891 a

305 2907 471 2966 ligatur
511 2908 558 2951 in
598 2909 787 2952 nomine
830 2909 879 2952 B.
918 2908 1119 2967 Virginis
1154 2911 1383 2968 baptizari,
1417 2912 1533 2956 sicut
1565 2912 1610 2956 in
1652 2913 1842 2957 nomine
1885 2910 2137 2965 Trinitatis,
2177 2923 2268 2970 quo

304 2975 556 3034 baptismus
584 2986 904 3020 consecratur:
929 2976 1030 3020 talis
1059 2978 1179 3021 enim
1209 2993 1367 3023 sensus
1396 2989 1513 3023 esset
1541 2980 1793 3024 contrarius
1815 2993 1950 3024 verae
1974 2978 2095 3033 fidei,
2117 2987 2163 3023 et
2190 2990 2271 3038 per

307 3056 592 3101 consequens
610 3042 792 3087 tolleret
813 3044 1049 3087 veritatem
1065 3046 1358 3100 sacramenti3
1377 3046 1414 3090 si
1431 3061 1540 3090 vero
1554 3047 1617 3091 sic
1636 3047 1913 3106 intelligatur
1930 3046 2054 3106 quod
2071 3045 2269 3098 additura

304 3111 358 3155 Et
384 3112 429 3155 in
455 3113 622 3156 nomine
648 3113 695 3155 Β.
733 3112 929 3169 Virginis,
964 3125 1057 3154 non
1083 3114 1210 3170 quasi
1236 3128 1409 3158 nomen
1436 3114 1596 3158 beatae
1623 3114 1826 3173 Virginis
1858 3113 2026 3174 aliquid
2059 3118 2271 3173 opere&
2313 3134 2350 3172 5:³³⁴

305 3179 348 3221 in
372 3178 616 3237 baptismo,
644 3178 721 3222 sed
750 3188 797 3222 ut
824 3179 918 3236 ejus
935 3179 1201 3223 intercessio
1222 3181 1363 3239 prosit
1379 3181 1605 3240 baptizato
1625 3181 1680 3225 ad
1700 3181 2061 3226 conservandam
2077 3168 2321 3244 gratim'
2345 3174 2352 3228 ‘¹2

304 3245 640 3304 baptismalem,
668 3260 761 3290 non
788 3245 962 3290 tollitur
989 3245 1206 3305 perfectio
1234 3249 2352 3296 sacramenti.

395 3314 471 3357 AD
498 3327 687 3358 PRIMUM
716 3327 825 3371 ergo
849 3313 1109 3366 dicendum,
1137 3315 1259 3371 quod
1287 3316 1342 3358 ad
1378 3315 1516 3359 verba
1550 3330 1705 3360 sacrae
1741 3315 2002 3375 Scripturae
2035 3326 2131 3359 non
2161 3312 2268 3358 lieet

306 3381 474 3440 aliquid
498 3397 742 3441 apponere,
769 3392 988 3441 quantum
1018 3382 1072 3425 ad
1100 3396 1308 3436 sensum3
1333 3383 1413 3426 sed
1441 3393 1662 3442 quantum
1691 3383 1745 3427 ad
1765 3382 2098 3442 expositionem
2112 3391 2270 3425 sacrae

307 3450 566 3508 Scripturae
595 3450 738 3494 multa
767 3451 830 3494 eis
855 3450 992 3494 verba
1021 3464 1045 3492 a
1073 3449 1334 3492 doctoribus
1370 3461 1681 3508 apponuntur:
1704 3464 1798 3494 non
1824 3459 1979 3494 tamen
2004 3448 2113 3494 licet
2131 3446 2268 3493 etiam

305 3518 440 3561 verba
468 3532 623 3562 sacrae
652 3518 911 3576 Scripturae
939 3529 1167 3575 apponere
1187 3516 1262 3569 ita,
1282 3517 1403 3574 quod
1423 3517 1631 3560 dicantur
1653 3531 1750 3561 esse
1769 3517 1823 3561 de
1840 3515 2101 3576 integritate
2114 3525 2268 3559 sacrae

308 3585 591 3644 Scripturae;
619 3585 723 3644 quia
749 3585 839 3629 hoc
867 3593 985 3628 esset
1010 3582 1170 3627 vitium
1194 3582 1424 3627 falsitatis:
1452 3594 1496 3628 et
1513 3583 1720 3629 similiter
1737 3585 1775 3628 si
1795 3582 1895 3643 quis
1912 3583 2083 3628 diceret
2098 3577 2267 3640 aliquid

307 3666 406 3696 esse
433 3652 488 3697 de
515 3652 786 3697 necessitate
812 3651 1003 3706 formae,
1025 3650 1147 3710 quod
1174 3663 1267 3695 non
1284 3660 1375 3714 est.
