2352 3926
565 200 844 247 QUAESTIO
884 200 1066 266 μων.
1105 199 1415 241 Axi-munis
1453 200 1547 241 vn.
1922 186 1987 254 65
1998 199 2024 254 3

110 351 113 354 ,
153 303 231 349 AD
255 315 443 349 PRIMUM
461 315 572 362 ergo
587 302 846 358 dicendum,
863 304 985 363 quod
1002 303 1192 348 verbum
1208 302 1319 348 illud
1338 302 1560 362 Cypriani
1576 311 1644 347 est
1659 299 2008 361 intelligendum
2020 335 2032 356 ,

62 371 314 416 secundum
339 371 463 430 quod
489 370 651 415 dicitur
675 369 786 415 illud
813 385 911 415 esse
932 385 1026 415 non
1048 385 1196 430 posse,
1220 371 1342 430 quod
1365 370 1691 415 convenienter
1713 383 1811 414 esse
1832 382 1928 413 non
1952 383 2031 428 po·

62 446 164 492 test,
187 447 233 483 et
256 437 321 482 sic
344 436 595 482 similitudo
612 437 691 482 illa
708 438 950 483 attenditur
967 448 1188 497 quantum
1206 438 1261 482 ad
1280 438 1324 481 id
1342 437 1464 497 quod
1482 436 1616 482 debet
1634 435 1745 491 fieri,
1761 450 1856 481 non
1875 445 2031 480 autem

63 514 284 565 quantum
310 505 366 549 ad
392 507 746 559 necessitatem;
782 519 891 549 nam
926 519 1041 564 aqua
1077 515 1144 550 est
1177 505 1232 549 de
1269 505 1464 549 essentia
1489 505 1633 564 panis,
1659 518 1755 549 non
1788 514 1942 549 autem
1977 503 2033 548 de

3 596 11 602 ·
64 572 260 617 essentia
285 572 393 615 vini.

154 639 230 684 AD
266 651 529 684 SECUNDUM
567 638 826 692 dicendum,
860 638 982 697 quod
1017 637 1178 682 effusio
1217 638 1448 696 sanguinis
1484 638 1653 683 directe
1688 631 1941 698 pertinebat
1973 637 2031 682 ad

62 705 210 765 ipsam
237 705 408 751 Christi
434 707 718 763 passionem3
746 715 814 749 est
835 705 958 749 enim
979 704 1185 749 naturale
1208 705 1390 763 corpori
1408 706 1613 750 humano
1636 705 1890 759 vulnerato,
1907 704 2031 764 quod

64 787 118 817 ex
144 787 200 817 eo
227 772 422 831 profluat
447 772 655 830 sanguis:
689 773 768 816 sed
795 771 959 816 effusio
987 786 1132 830 aquae
1163 786 1258 815 non
1289 771 1373 816 fuit
1405 773 1459 817 de
1493 773 1764 818 necessitate
1791 773 2032 833 passionis,

62 840 142 884 sed
169 839 225 884 ad
251 839 660 885 demonstrandum
687 837 901 883 effectum
928 839 1168 897 passioniS,
1196 839 1273 897 qui
1299 849 1367 883 est
1392 839 1564 884 ablutio
1598 854 1623 884 a
1655 840 1868 899 peccatis,
1897 849 1942 884 et
1965 853 2034 884 re·

61 906 298 966 frigerium
320 916 478 951 contra
500 907 710 950 ardorem
733 906 1145 964 concupiscentiae,
1169 915 1212 950 et
1232 905 1338 950 ideo
1362 920 1478 965 aqua
1495 921 1590 951 non
1611 921 1821 951 seorsum
1843 906 2032 952 offertur

64 988 91 1019 a
115 974 225 1019 vino
251 975 299 1018 in
323 974 414 1018 hoc
441 983 746 1028 sacramento,
773 973 890 1018 sicut
909 973 1073 1029 *vinum
1100 971 1287 1017 offertur
1313 987 1521 1018 seorsum
1560 988 1586 1018 a
1621 988 1764 1034 pane;
1801 975 1880 1019 sed
1913 988 2033 1034 aqua

64 1038 252 1086 offertur
275 1041 384 1085 vino
410 1041 647 1100 permixta,
674 1050 723 1084 ut
748 1039 1012 1085 ostendatur
1037 1040 1161 1100 quod
1186 1041 1344 1084 vinum
1370 1054 1450 1100 per
1475 1055 1524 1085 se
1550 1041 1744 1100 pertinet
1770 1041 1826 1085 ad
1851 1041 1943 1085 hoc
1966 1054 2035 1086 sa-

63 1118 365 1163 cramentum,
381 1118 600 1168 tanquam
622 1108 678 1152 de
696 1109 791 1167 ejus
808 1108 1079 1155 necessitate
1097 1108 1306 1164 existens,
1324 1123 1442 1168 aqua
1459 1119 1613 1154 autem
1637 1109 1891 1154 secundum
1907 1108 2032 1170 quod

63 1174 326 1236 adjungitur
350 1176 475 1220 vino.

152 1242 230 1288 AD
257 1255 474 1288 TERTIUM
501 1242 761 1297 dicendum,
788 1243 912 1303 quod
938 1242 1044 1302 quia
1071 1243 1290 1289 admixtio
1324 1258 1469 1303 aquae
1497 1244 1553 1288 ad
1578 1245 1737 1289 vinum
1762 1259 1858 1290 non
1885 1254 1953 1290 est
1977 1244 2033 1289 de

61 1309 331 1355 necessitate
357 1311 644 1366 sacramenti,
667 1325 763 1355 non
788 1310 923 1355 refert
940 1321 1161 1369 quantum
1180 1312 1236 1356 ad
1253 1312 1527 1356 sacramenti
1542 1313 1878 1367 necessitatem,
1896 1326 2031 1372 quae-

64 1391 262 1437 cumque
305 1391 423 1436 aqua
463 1377 710 1422 misceatur
748 1377 872 1431 vino,
904 1378 1001 1422 sive
1038 1378 1271 1432 naturalis,
1308 1379 1403 1423 sive
1436 1379 1696 1434 artificialis,
1732 1389 1781 1424 ut
1820 1393 2035 1434 rosacea;

63 1446 285 1504 quamvis,
310 1454 532 1504 quantum
559 1445 615 1488 ad
643 1445 1013 1489 convenientiam
1047 1446 1337 1500 sacramenti,
1372 1457 1547 1505 peccet,
1581 1447 1655 1506 qui
1693 1445 1831 1491 aliam
1864 1461 2030 1507 aquam

63 1511 226 1556 miscet
249 1511 337 1556 nisi
361 1510 647 1565 naturalem,
667 1523 712 1556 et
745 1526 927 1558 veram:
965 1513 1071 1571 quia
1097 1513 1152 1556 de
1179 1512 1320 1557 latere
1354 1513 1526 1557 Christi
1557 1514 1795 1573 pendentis
1819 1514 1867 1558 in
1894 1528 2031 1558 cruce

63 1592 180 1637 aqua
205 1592 313 1622 vera
337 1578 562 1637 profluxit,
586 1591 681 1623 non
708 1580 878 1623 humor
898 1579 1250 1637 phlegmaticus,
1277 1589 1326 1624 ut
1353 1579 1538 1638 quidam
1565 1580 1788 1633 dixerunt,
1807 1581 1862 1623 ad
1886 1588 2034 1623 osten-

63 1646 262 1690 dendum
296 1647 419 1705 quod
457 1660 622 1705 corpus
651 1646 825 1690 Christi
863 1656 959 1690 erat
982 1660 1089 1690 vere
1124 1648 1432 1705 compositum
1467 1660 1521 1690 ex
1545 1656 1741 1705 quatuor
1768 1645 2031 1701 elementis3

63 1712 180 1756 sicut
200 1727 282 1772 per
302 1713 572 1771 sanguinem
590 1712 807 1756 fluentem
827 1713 1163 1767 ostendebatur,
1182 1713 1305 1772 quod
1323 1723 1419 1757 erat
1436 1713 1747 1772 compositum
1765 1727 1817 1757 ex
1836 1723 2032 1772 quatuor

62 1779 350 1834 humoribus,
376 1790 426 1824 ut
450 1780 744 1824 Innocentius
771 1780 849 1824 III.
877 1779 985 1824 dicit
1009 1780 1056 1824 in
1083 1781 1279 1839 quadam
1311 1779 1545 1825 Decretali
1566 1781 1692 1839 (quae
1719 1781 1813 1824 hab.
1840 1788 1951 1840 cap.:
1978 1780 2030 1824 In

64 1846 262 1906 quadam,
289 1848 357 1892 De
381 1847 569 1892 celebrat.
597 1849 732 1898 Mis).
763 1847 886 1900 Quia
911 1862 1022 1892 vero
1050 1848 1268 1892 admixtio
1302 1862 1447 1906 aquae
1477 1848 1532 1891 ad
1559 1847 1753 1892 farinam
1781 1857 1848 1892 est
1873 1848 1930 1892 de
1954 1861 2031 1892 ne·

65 1914 275 1959 cessitate
301 1915 437 1974 hujus
469 1915 758 1969 sacramenti,
790 1924 948 1974 utpote
982 1915 1264 1959 constituens
1290 1915 1587 1960 substantiam
1623 1916 1768 1973 panis,
1795 1915 1834 1959 si
1857 1914 2030 1959 farinae

64 1980 391 2027 admisceretur
415 1996 534 2041 aqua
559 1996 764 2036 rosacea,
785 1981 861 2026 vel
886 1983 1162 2041 quicumque
1186 1982 1298 2026 alius
1322 1982 1486 2042 liquor,
1503 1996 1643 2042 quam
1659 1996 1766 2027 vera
1784 1996 1917 2042 aqua,
1934 1995 2030 2026 non

0 2059 3 2088 f
62 2058 219 2107 posset
241 2062 297 2093 ex
322 2062 379 2094 eo
405 2048 572 2094 confici
597 2059 953 2104 sacramentum,
979 2049 1086 2108 quia
1111 2063 1206 2094 non
1234 2059 1352 2094 esset
1377 2063 1510 2094 verus
1537 2050 1687 2109 panis·

732 2247 1166 2308 ARTICULUS
1207 2248 1362 2304 vm.
1943 2274 2031 2322 439

247 2397 443 2439 UTRUM
473 2397 628 2446 AQUA
659 2398 876 2443 DEBEAT
907 2399 965 2438 IN
998 2398 1191 2440 MAGNA
1225 2399 1589 2446 QUANTITATE
1621 2398 1839 2439 APPONI.

389 2523 453 2582 (4.
482 2525 590 2569 Dist.
612 2539 670 2570 Η.
694 2539 732 2583 q.
759 2539 799 2570 2.
825 2530 909 2570 art.
935 2538 977 2582 4.
1005 2539 1043 2584 q.
1070 2537 1113 2582 4.
1140 2530 1176 2569 et
1205 2536 1242 2567 1.
1266 2531 1380 2584 corp.
1407 2539 1466 2570 Π.
1494 2523 1584 2569 lect.
1613 2523 1692 2574 6.).

1 2695 6 2701 „
156 2650 234 2696 AD
270 2663 507 2698 OCTAVUM
542 2654 607 2698 sic
646 2653 920 2713 proceditur.
953 2652 1157 2707 Videtur,
1184 2652 1307 2712 quod
1334 2661 1567 2712 oporteret
1593 2664 1760 2710 aquam
1786 2650 1832 2694 in
1859 2663 2033 2708 magna

67 2718 317 2778 quantitate
343 2719 539 2778 apponi:
566 2720 682 2765 sicut
707 2721 831 2765 enim
856 2723 1040 2780 sanguis
1069 2721 1124 2765 de
1150 2720 1291 2765 latere
1319 2719 1494 2764 Christi
1514 2717 1785 2764 sensibiliter
1805 2715 1947 2771 fluxit,
1970 2717 2031 2760 ita

68 2795 114 2830 et
138 2799 279 2845 aqua3
312 2786 431 2830 unde
462 2786 625 2831 dicitur
649 2787 779 2845 Joan.
819 2801 908 2847 19.:
944 2789 1034 2845 Qui
1063 2788 1189 2842 vidit,
1223 2788 1504 2832 testimonium
1531 2786 1776 2846 perhibuit.-
1805 2784 1884 2828 sed
1913 2797 2030 2843 aqua

0 2854 5 2871 ἲ
67 2867 161 2897 non
187 2862 342 2912 posset
365 2852 636 2898 sensibiliter
661 2868 759 2899 esse
783 2855 831 2898 in
855 2855 947 2899 hoc
974 2864 1281 2908 sacramento,
1307 2854 1396 2898 nisi
1417 2854 1463 2898 in
1485 2867 1655 2912 magna
1678 2851 1928 2910 quantitate
1951 2864 2033 2909 po-

23 2959 26 2960 r
67 2930 274 2975 neretur3
301 2934 411 2979 ergo
437 2920 626 2974 videtur,
653 2921 774 2980 quod
798 2936 913 2980 aqua
941 2922 1102 2967 debeat
1128 2921 1296 2981 apponi
1322 2922 1369 2965 in
1396 2935 1566 2979 magna
1592 2919 1858 2978 quantitate.

10 2979 31 3037 ²}
156 3000 198 3032 2.
224 2988 521 3032 PRAETEREA.
548 2987 694 3032 Parva
721 3002 837 3048 aqua
860 2987 1006 3033 multo
1027 2989 1136 3034 vino
1160 2989 1359 3033 admixta
1377 2987 1705 3046 corrumpitur:
1732 2984 1854 3044 quod
1874 2993 2028 3028 autem

23 3055 37 3114 ζ
67 3064 332 3114 corruptum
360 3065 441 3109 est,
466 3055 561 3112 jam
582 3068 677 3098 non
699 3064 791 3110 est;
818 3069 928 3114 ergo
956 3055 1079 3100 idem
1106 3067 1173 3101 est
1199 3070 1427 3115 apponere
1454 3068 1616 3114 parum
1643 3053 1698 3097 de
1721 3065 1839 3111 aqua
1863 3051 1910 3095 in
1936 3051 2029 3095 hoc

66 3132 372 3178 sacramento,
398 3132 443 3166 et
467 3121 583 3166 nihil
608 3134 861 3182 apponere:
888 3122 967 3167 sed
991 3137 1087 3168 non
1111 3123 1220 3168 licet
1243 3122 1358 3167 nihil
1385 3134 1640 3181 apponere;
1667 3133 1778 3178 ergo
1804 3132 1899 3162 non
1922 3117 2032 3174 licet

66 3203 229 3250 parum
253 3201 498 3249 apponere.
686 3236 690 3240 ,
1546 3243 1555 3249 ,

161 3270 199 3316 3.
225 3257 522 3302 PRAETEREA.
547 3255 597 3300 Si
623 3254 850 3300 sufficeret
874 3269 1035 3314 parum
1063 3271 1306 3317 apponere,
1332 3270 1411 3316 per
1445 3267 1728 3313 consequens
1762 3261 1882 3297 esset
1914 3251 2036 3297 suffi-

68 3322 207 3378 ciens,
233 3324 356 3383 quod
383 3333 508 3383 gutta
532 3336 675 3382 aquae
702 3323 748 3365 in
773 3332 924 3367 totum
947 3322 1121 3367 dolium
1148 3324 1465 3383 projiceretur:
1493 3321 1571 3365 sed
1604 3321 1694 3364 hoc
1721 3319 1899 3364 videtur
1930 3319 2035 3364 ridi-

2 3407 4 3409 *
27 3402 35 3438 ᾗ
70 3389 248 3445 culum3
276 3404 386 3450 ergo
412 3404 507 3434 non
533 3388 711 3444 sufficit,
736 3389 859 3448 quod
885 3403 1023 3448 parva
1048 3391 1275 3450 quantitas
1304 3398 1573 3449 apponatur.

30 3454 33 3457 ’
161 3457 256 3503 SED
282 3470 478 3503 CONTRA
505 3467 586 3511 est,
603 3456 725 3516 quod
753 3466 890 3510 extra,
915 3457 987 3501 De
1010 3456 1331 3502 Celebratione
1354 3456 1596 3499 Missarum
1615 3453 1727 3513 (cap.
1750 3454 1827 3512 13.)
1847 3452 2031 3498 dicitur:

73 3539 98 3566 α
118 3524 408 3570 Perniciosus
433 3525 480 3568 in
506 3523 594 3569 tuis
620 3523 818 3583 partibus
844 3522 1032 3568 inolevit
1057 3524 1240 3578 abusus,
1266 3522 1479 3567 videlicet
1495 3520 1617 3581 quod
1643 3521 1690 3565 in
1714 3519 1878 3579 maiori
1894 3534 2034 3579 quan·

69 3590 197 3636 titate
221 3590 278 3636 de
305 3604 424 3651 aqua
448 3591 495 3635 in
520 3589 744 3636 sacrificio
771 3591 968 3649 ponitur,
995 3603 1133 3650 quam
1158 3591 1214 3636 de
1240 3592 1373 3644 vino;
1407 3602 1513 3634 cum
1544 3588 1797 3633 secundum
1829 3586 2032 3632 rationa-
