2352 3926
47 133 163 214 gf
633 157 911 204 QUAESTIO
951 156 1080 195 xxv.
1122 154 1430 211 aaa-tentus
1469 154 1546 194 111.
1957 156 2062 211 225

59 226 77 239 2,
84 210 137 244 *13³³-
144 213 156 235 ‘a

38 252 361 323 *ff‘exemplan
390 261 468 306 sed
495 262 642 319 ipsum
669 258 899 319 exemplar
925 257 1121 317 (scilicet
1147 257 1377 314 Christus)
1405 267 1472 301 est
1498 256 1780 301 adorandum
1802 256 2067 303 adoratione

30 336 62 373 :·'
109 330 293 385 latriae;
319 342 429 386 ergo
457 337 499 371 et
526 329 621 385 ejus
647 325 817 384 imago.

136 452 139 453 1
194 396 486 441 ΒεεΡοΝῡΕο
513 393 772 445 dicendum,
799 391 937 451 quod,
964 394 1080 436 sicut
1105 390 1416 449 Philosophus
1449 390 1558 435 dicit
1583 390 1629 434 in
1656 390 1730 436 lib.
1765 391 1820 436 de
1851 391 1991 438 Mem.
2026 403 2070 437 et

107 459 289 514 Remin.
309 462 418 521 (cap.
441 476 480 506 2.
504 462 579 504 cir.
605 458 708 503 med.
707 459 747 516 ),
767 458 917 518 duplex
935 468 1002 502 est
1020 468 1173 502 motus
1203 458 1382 501 animae
1399 458 1445 501 in
1462 457 1736 516 imaginem:
1763 474 1869 504 unus
1884 459 2070 520 quidem

38 548 43 573 ss
109 530 158 576 in
190 531 341 590 ipsam
375 529 641 586 imaginem,
677 525 930 570 secundum
957 525 1079 583 quod
1106 538 1177 567 res
1204 524 1427 582 quaedam
1457 535 1543 569 est:
1577 525 1661 570 alio
1693 526 1814 571 modo
1840 527 1886 571 in
1911 526 2072 586 imagi-

111 612 234 649 nem,
259 597 528 655 inquantum
557 603 624 637 est
648 593 805 650 imago
833 592 1042 636 alterius:
1071 600 1116 634 et
1141 591 1259 634 inter
1283 591 1369 634 hos
1395 591 1494 635 duos
1521 602 1672 636 motus
1705 603 1772 637 est
1802 594 1916 639 haec
1950 594 2074 639 diffe-

29 692 37 697 »
91 665 278 711 ⁴tentia:
305 663 410 722 quia
431 663 598 721 primus
622 669 788 712 motuS‚
816 673 907 718 quo
935 658 1034 717 quis
1062 666 1272 701 movetur
1303 658 1348 700 in
1382 658 1648 716 imaginem,
1676 670 1724 704 ut
1750 670 1817 705 est
1842 676 1913 706 res
1940 676 2075 722 quae-

27 731 45 765 ζ,
113 731 235 784 dam,
261 739 329 778 est
353 727 465 772 alius
493 740 518 769 a
545 736 690 779 motu,
716 725 793 784 qui
820 736 890 769 est
912 724 959 768 in
982 738 1102 768 rem:
1129 723 1326 768 secundas
1352 733 1507 768 autem
1525 735 1691 779 motus,
1709 727 1787 786 qui
1809 738 1877 773 est
1897 729 1943 772 in
1964 729 2075 773 ima-

25 829 57 843 .1
112 795 284 859 'ginerm
310 795 578 854 inquantum
606 802 674 837 est
698 792 870 850 imago,
897 800 964 836 est
990 805 1105 834 unus
1132 800 1177 834 et
1201 789 1324 834 idem
1353 804 1458 834 cum
1483 790 1579 845 illo,
1604 793 1680 850 qui
1706 803 1774 838 est
1795 795 1841 839 in
1863 810 1986 850 rem3
2008 795 2073 848 sic

26 915 27 918 1
111 866 224 924 ergo
251 862 495 907 dicendum
522 870 602 914 est,
629 858 750 918 quod
773 858 965 918 imagini
991 857 1177 917 Christi,
1203 857 1474 915 inquantum
1502 868 1569 902 est
1596 873 1664 903 res
1693 863 1918 919 quaedam
1945 864 2074 923 (puta

25 931 40 986 J
113 931 291 992 lignum
331 927 572 988 sculptum,
603 926 677 986 vel
709 926 919 985 pictum),
952 924 1078 969 nulla
1110 924 1363 968 reverentia
1390 925 1654 972 exhibetur:
1689 929 1793 986 quia
1825 932 2076 976 reverentia

35 989 51 1014 ⁷
113 997 295 1051 nonnisi
321 994 532 1040 rationali
557 1004 743 1038 naturae
770 993 977 1038 debetur:
1006 991 1272 1055 relinquitur
1299 1005 1424 1050 ergo,
1451 993 1574 1052 quod
1608 994 1872 1040 exhibeatur
1893 1000 1933 1042 ei
1956 1014 2078 1044 reve-

114 1065 273 1118 rentia,
298 1061 450 1108 solum
475 1061 745 1120 inquantum
772 1070 838 1104 est
863 1060 1044 1119 imago:
1073 1070 1115 1103 et
1141 1058 1205 1102 sic
1238 1059 1454 1117 sequitur,
1484 1061 1606 1118 quod
1634 1062 1796 1107 eadem
1822 1067 2075 1111 reverentia

29 1179 36 1187 .‚
116 1132 380 1187 exhibeatur
403 1129 595 1189 imagini
622 1127 807 1180 Christi,
827 1136 870 1170 et
887 1125 971 1186 ipsi
995 1125 1196 1170 Christo.
1226 1124 1349 1169 Cum
1373 1140 1483 1184 ergo
1508 1126 1718 1173 Christus
1741 1130 1954 1176 adoretur
1976 1134 2079 1178 ado-

37 1239 38 1242 ,
115 1189 292 1249 ratione
304 1189 475 1250 latriae,
489 1209 772 1254 consequens
792 1204 858 1238 est
876 1194 998 1253 quod
1017 1194 1111 1251 ejus
1128 1193 1283 1251 imago
1302 1192 1358 1237 sit
1376 1193 1643 1239 adoratione
1659 1195 1817 1241 latriae
1831 1199 2077 1244 adoranda.

47 1267 49 1269 ’
206 1266 283 1311 Ao
314 1277 501 1310 PmMUM
533 1277 643 1321 ergo
677 1262 937 1315 dicendum,
965 1261 1087 1319 quod
1120 1274 1215 1304 non
1246 1259 1512 1318 prohibetur
1542 1261 1623 1307 illo
1654 1276 1899 1324 praecepto
1930 1267 2081 1313 facere

117 1346 455 1394 quamcumque
481 1329 772 1389 sculpturam,
798 1328 872 1372 vel
899 1327 1260 1380 similitudinem,
1278 1326 1365 1371 sed.
1384 1326 1535 1373 facere
1556 1330 1610 1373 ad
1630 1332 1939 1388 adorandum3
1962 1336 2080 1380 unde

42 1414 49 1421 ·
117 1399 289 1446 subdit:
316 1398 414 1445 Non
436 1397 630 1441 adorabis
656 1411 719 1450 ea,
742 1411 867 1454 neque
889 1395 1018 1440 coles:
1049 1404 1093 1439 et
1118 1394 1238 1453 quia,
1270 1393 1388 1438 sicut
1423 1395 1595 1440 dictum
1629 1407 1698 1442 est
1724 1398 1789 1455 (in
1811 1409 1925 1460 corp.
1959 1404 2079 1460 art),

118 1468 242 1517 idem
268 1475 335 1510 est
355 1474 508 1509 motus
533 1464 580 1506 in
606 1463 871 1522 imaginem,
905 1472 949 1506 et
974 1463 1019 1506 in
1046 1476 1158 1515 rem,
1182 1475 1238 1506 eo
1265 1461 1407 1505 modo
1440 1464 1706 1522 prohibetur
1738 1467 1943 1515 adoratio
1977 1472 2084 1516 ima-

122 1535 254 1594 ginis,
273 1528 363 1592 quo
381 1532 643 1592 prohibetur
668 1530 875 1584 vadoratio
899 1530 978 1583 rei,
998 1530 1123 1586 cujus
1151 1529 1308 1587 imago
1328 1539 1418 1573 est:
1439 1532 1558 1575 unde
1575 1532 1636 1576 ibi
1653 1533 1920 1595 intelligitur
1936 1540 2086 1598 prohi-

122 1601 219 1647 beri
250 1599 456 1644 adoratio
491 1598 760 1656 imaginum,
794 1611 905 1656 quas
934 1596 1140 1641 Gentiles
1177 1595 1407 1640 faciebant
1437 1597 1483 1641 in
1515 1601 1860 1648 venerationem
1892 1605 2084 1650 deorum

123 1659 326 1722 suorum,
352 1667 468 1710 idest
492 1666 796 1713 daemonum:
825 1675 869 1708 et
900 1663 1004 1708 ideo
1041 1662 1362 1722 praemittitur:
1392 1664 1490 1709 Non
1521 1666 1684 1712 habebis
1715 1669 1806 1714 deos
1836 1656 1988 1724 alienos
2019 1690 2086 1719 co-

123 1750 218 1782 ram
249 1749 338 1786 me;
371 1733 457 1792 ipsi
483 1742 635 1776 autem
660 1745 770 1775 vero
796 1731 914 1785 Deo,
943 1745 1048 1774 cum
1082 1731 1138 1774 sit
1163 1731 1475 1788 incorporeus,
1499 1733 1624 1777 nulla
1650 1736 1807 1795 imago
1834 1741 2085 1799 corporalis

123 1811 300 1863 poterat
320 1796 449 1860 poni:
478 1799 597 1858 quia,
620 1809 669 1842 ut
690 1799 904 1843 Damasc.
927 1798 1036 1843 dicit
1061 1798 1160 1855 (loc.
1177 1805 1264 1856 sup.
1289 1799 1396 1855 cit),
1421 1814 1443 1839 «
1465 1798 1750 1859 insipientiae
1773 1819 1982 1852 summae
2006 1819 2086 1864 est,

125 1881 170 1916 et
194 1868 438 1929 impietatis
461 1866 655 1926 figurare
682 1866 804 1925 quod
822 1874 890 1909 est
906 1865 1111 1908 divinum
1128 1879 1168 1908 »t
1199 1864 1277 1908 sed
1305 1865 1410 1923 quia
1427 1866 1473 1908 in
1495 1881 1618 1911 novo
1645 1867 1943 1918 Testamento
1960 1875 2087 1921 Deus

124 1938 270 1983 factus
296 1946 364 1981 est
387 1936 548 1988 homo,
575 1942 726 1993 potest
741 1934 787 1977 in
816 1933 885 1977 sui
910 1932 1113 1990 imagine
1141 1932 1371 1990 corporali
1399 1933 1591 1978 adorari.

215 2005 292 2049 AD
319 2015 579 2048 SECUNDUM
606 2000 866 2054 dicendum,
893 2000 1015 2059 quod
1043 1998 1296 2058 Apostolus
1323 2000 1536 2058 prohibet
1569 2003 1778 2061 operibus
1800 1990 2090 2056 infructuosis

129 2070 383 2118 Gentilium
401 2067 768 2113 communicare:
796 2066 1142 2111 communicare
1167 2074 1320 2110 autem
1343 2065 1526 2112 utilibus
1545 2083 1705 2114 eorum
1724 2074 1947 2131 operibus,
1971 2079 2092 2138 Apo-

127 2138 271 2185 stolus
296 2151 389 2182 non
415 2135 649 2196 prohibet:
684 2134 891 2179 adoratio
927 2143 1080 2183 autem
1106 2133 1360 2192 imaginum
1396 2143 1463 2178 est
1494 2134 1610 2195 inter
1641 2136 1921 2186 infructuosa
1953 2159 2092 2204 opera

129 2204 452 2266 computanda,
479 2212 700 2262 quantum
729 2203 784 2259 ad
811 2202 916 2247 duo:
941 2202 1084 2260 primo
1113 2198 1298 2259 quidem
1318 2210 1539 2260 quantum
1561 2204 1615 2247 ad
1633 2204 1739 2259 hoc,
1766 2210 1888 2266 quod
1906 2213 2092 2270 quidam

130 2286 292 2331 eorum
317 2270 566 2316 adorabant
590 2269 709 2332 ipsas
731 2269 955 2327 imagines
976 2277 1024 2311 ut
1044 2281 1114 2330 res
1131 2267 1366 2330 quasdam,
1391 2268 1626 2315 credentes
1644 2274 1689 2316 in
1708 2274 1772 2318 eis
1791 2289 1889 2321 esse
1906 2279 2092 2340 aliquod

130 2353 316 2394 numen,
341 2347 524 2397 propter
546 2350 762 2395 responsa
789 2334 905 2395 quae
937 2334 1186 2379 daemones
1220 2335 1266 2378 in
1300 2335 1363 2379 eis
1397 2335 1577 2390 dabant,
1611 2348 1655 2383 et
1682 2340 1796 2385 alios
1827 2343 2094 2403 hujusmodi

133 2405 320 2452 effectus
351 2403 603 2448 mirabiles:
636 2403 811 2448 secundo
843 2413 1028 2462 propter
1059 2415 1145 2456 reS,
1182 2415 1374 2460 quarum
1408 2414 1536 2447 erant
1566 2404 1805 2465 imagineS‚
1838 2416 2095 2462 statuebant

135 2473 259 2519 enim
282 2471 548 2532 hujusmodi
572 2471 796 2530 imagines
824 2469 1047 2529 aliquibus
1075 2469 1305 2523 creaturis,
1333 2484 1443 2528 quas
1470 2470 1517 2514 in
1536 2473 1599 2516 eis
1617 2477 1910 2524 veneratione
1937 2481 2095 2530 latriae

133 2540 490 2591 venerabantur:
518 2552 604 2582 nos
632 2547 783 2582 autem
813 2537 1058 2581 adoramus
1085 2536 1351 2580 adoratione
1369 2535 1528 2582 latriae
1545 2539 1796 2599 imaginem
1815 2545 2000 2604 Christi,
2019 2553 2097 2611 qui

135 2618 203 2653 est
226 2621 358 2652 verus
383 2606 525 2660 Deus,
550 2619 644 2649 non
661 2615 846 2665 propter
872 2605 1019 2664 ipsam
1041 2603 1308 2663 imaginem,
1334 2604 1412 2648 sed
1439 2616 1625 2665 propter
1649 2623 1762 2664 rem,
1790 2613 1916 2671 cujus
1938 2616 2095 2678 imago

135 2684 217 2729 est,
243 2674 362 2729 sicut
385 2674 559 2726 dictum
585 2683 653 2717 est
680 2671 743 2729 (in
770 2679 883 2732 corp.
916 2671 1034 2729 art).

225 2740 301 2799 AD
331 2750 547 2796 TERTmM
573 2739 831 2792 dicendum,
858 2737 980 2798 quod
1015 2748 1246 2783 creaturae
1273 2737 1485 2782 rationali
1510 2739 1699 2817 debf‘tur
1722 2750 1973 2796 reverentia
1998 2769 2100 2812 pro-

137 2819 237 2869 pter
263 2807 487 2868 seipsam:
516 2817 561 2851 et
590 2807 694 2865 ideo
728 2807 764 2850 si
798 2814 1029 2851 creaturae
1055 2805 1281 2859 rationali,
1313 2805 1359 2849 in
1394 2820 1482 2865 qua
1510 2817 1576 2852 est
1599 2805 1759 2869 i‘mago
1792 2813 1894 2870 Dei,
1922 2820 2100 2866 exhibe-

139 2885 261 2920 retur
288 2872 493 2926 adoratio
519 2873 692 2941 latriae,
711 2883 864 2933 posset
890 2886 998 2922 esse¹
1013 2872 1177 2917 erroris
1205 2872 1388 2916 occasio
1404 2889 1414 2926 ;
1432 2883 1480 2917 ut
1497 2874 1672 2920 scilicet
1694 2889 1847 2926 motus
1870 2886 2099 2934 adorantis

140 2943 317 2987 sisteret
340 2940 387 2985 in
412 2940 616 2996 homine,
642 2941 911 2999 inquantum
947 2949 1014 2984 est
1048 2954 1119 2983 res
1156 2939 1395 2998 quaedam,
1434 2950 1478 2984 et
1511 2955 1605 2986 non
1638 2942 1828 2991 ferretur
1852 2949 1899 2995 in
1930 2953 2081 3000 Deum

142 3010 270 3068 cuius
296 3015 363 3052 est
387 3008 565 3073 imago:
599 3007 722 3066 quod
746 3021 841 3051 non
867 3016 1015 3065 potest
1043 3007 1308 3064 contingere
1336 3006 1390 3051 de
1419 3008 1620 3067 imagine
1647 3011 1836 3072 sculpta,
1874 3018 1946 3063 vel
1977 2991 2098 3079 picta

139 3076 186 3121 in
211 3073 402 3119 materia
426 3073 639 3133 sensibili.

233 3142 310 3187 An
329 3154 565 3192 QUARTUM
583 3140 842 3198 dicendum,
868 3140 990 3200 quod
1017 3139 1231 3199 Apostoli
1256 3140 1470 3186 familiari
1498 3142 1714 3189 instinctu
1732 3147 1924 3207 Spiritus
1944 3153 2101 3202 Sancti

60 3259 64 3266 ,⁴
141 3209 367 3271 quaedam
390 3206 603 3252 Ecc'lesiis
619 3206 898 3254 tradiderunt
914 3207 1149 3267 servanda,
1176 3222 1291 3265 quae
1317 3222 1411 3252 non
1436 3208 1714 3269 reliquerunt
1738 3214 1785 3258 in
1812 3219 2002 3278 scriptis,
2020 3226 2097 3270 sed

142 3278 189 3323 in
220 3274 536 3338 observatione
553 3273 783 3319 Ecclesiae
814 3289 894 3334 per
924 3268 1263 3320 succession'e'm
1296 3274 1519 3321 fidelium:
1543 3278 1662 3322 unde
1683 3279 1778 3338 ipse
1804 3283 1965 3342 Apost.
1994 3290 2103 3337 dicit

0 3353 4 3371 t
70 3406 71 3409 ¹
143 3357 184 3390 2.
204 3344 259 3388 ad
278 3342 408 3387 Tess.
428 3354 493 3387 2.:
518 3333 642 3396 State,
662 3348 700 3387 et
716 3347 837 3386 tenete
854 3342 1111 3396 traditiones,
1130 3357 1232 3401 quas
1247 3342 1460 3397 didicistis,
1477 3346 1650 3403 siveper
1665 3361 1907 3406 sermonem,
1930 3356 2105 3404 scilicet

144 3426 226 3457 ore
251 3409 496 3470 prolatum,
520 3410 605 3453 sive
623 3415 701 3468 per
721 3409 948 3467 epistolam,
975 3406 1150 3454 scilicet
1175 3410 1345 3469 scripto
1371 3411 1684 3456 transmissam
1706 3429 1714 3458 :
1743 3425 1785 3459 et
1811 3416 1928 3464 inter
1953 3422 2103 3483 hujus-

0 3473 2 3480 ‘
64 3487 77 3519 ³2
146 3478 274 3523 modi
298 3476 563 3522 traditiones
589 3484 657 3519 est
690 3474 945 3532 imaginum
982 3475 1155 3520 Christi
1192 3476 1424 3530 adorati03
1460 3477 1578 3521 unde
1606 3489 1650 3523 et
1682 3480 1730 3525 Β.
1765 3482 1912 3531 Lucas
1939 3489 2104 3539 dicitur

149 3545 401 3606 depinxisse
429 3542 598 3587 Christi
624 3540 887 3600 imaginem,
914 3556 1028 3600 quae
1055 3542 1234 3587 Romae
1261 3543 1463 3588 habetur.

332 3647 365 3681 S.
393 3645 547 3703 'Ifiionn
574 3644 705 3679 &mma
737 3643 938 3688 Theologica.
963 3643 1045 3678 vol.
1072 3644 1133 3680 1v.
1903 3668 1938 3703 15
