2352 3926
279 188 385 243 608
809 175 1087 248 QuAsssn'o
1129 203 1276 242 ant.
1317 175 1627 244 AR‘rrcuLus
1665 205 1721 245 x.

278 319 416 365 grave
443 314 698 365 generatur,
725 313 938 348 movetur
965 304 1196 359 deorsum,
1229 305 1319 350 nisi
1348 305 1405 350 sit
1442 305 1611 366 aliquid
1635 307 1896 367 prohibens,
1921 323 2015 370 quo
2046 319 2244 364 remoto,

277 373 431 418 statim
458 372 616 430 incipit
641 372 819 415 moveri
836 371 1067 416 deorsum.
1090 371 1148 416 Et
1173 372 1382 417 similiter
1403 374 1586 432 quando
1610 374 1772 433 aliquis
1791 375 2057 435 baptizatur,
2081 378 2247 437 accipit

280 441 607 492 characterem,
634 439 764 497 quasi
789 437 1004 492 formam,
1031 448 1076 483 et
1102 440 1398 498 consequitur
1418 441 1654 500 proprium
1680 440 1909 497 effectum,
1926 444 2003 502 qui
2019 445 2247 504 estfflss-atia

278 507 511 550 remittens
539 505 695 549 omnia
721 515 935 563 peccata3
961 505 1206 564 impeditur
1233 516 1386 551 autem
1418 508 1692 567 quandoque
1724 523 1804 568 per
1833 509 2093 566 fictionem;
2125 511 2246 556 unde

281 585 473 635 oportet,
507 574 629 632 quod
661 583 840 618 remota
880 588 934 618 ea
970 588 1050 632 per
1089 575 1433 634 poenitentiam,
1475 575 1726 634 baptismus
1758 577 1911 621 statim
1944 587 2249 638 consequatur

280 657 414 687 suum
441 641 669 686 effectum.

369 710 445 753 AD
478 722 667 753 PRIMUM
694 722 805 767 ergo
839 708 1097 763 dicendum,
1135 709 1258 768 quod
1291 720 1631 754 sacramentum
1666 710 1881 770 baptismi
1905 720 1974 756 est
1999 725 2115 771 opus
2144 711 2249 767 Dei,

281 787 326 821 et
349 790 444 819 non
471 776 687 830 hominis,
715 785 760 819 et
783 776 890 821 ideo
915 790 1012 820 non
1038 786 1105 820 est
1130 786 1366 821 mortuum
1397 777 1445 820 in
1477 777 1601 831 ficto,
1628 778 1706 837 qui
1731 779 1829 823 sine
1861 778 2081 824 charitate
2111 779 2251 839 bapti-

282 853 422 888 zatur.
1524 892 1527 893 ⁷

372 911 447 955 AD
475 923 736 955 SECUNDUM
755 909 1015 965 dicendum,
1033 910 1156 970 quod
1181 910 1307 955 fictio
1333 925 1427 955 non
1454 921 1717 956 removetur
1741 926 1822 971 per
1851 912 2144 972 baptismum,
2170 913 2250 959 sed

282 993 363 1038 per
387 977 716 1036 poenitentiam
739 978 1117 1036 subsequentem;
1145 980 1448 1037 quafremota,
1485 979 1736 1037 baptismus
1770 979 1915 1024 aufert
1946 994 2134 1025 omnem
2161 979 2252 1026 cul-

283 1060 405 1105 pam,
432 1053 475 1088 et
507 1052 684 1088 reatum
717 1044 927 1088 omnium
963 1041 1259 1103 peccatorum
1300 1046 1674 1103 praecedentium
1708 1047 2002 1105 baptismum,
2036 1057 2081 1092 et
2112 1048 2252 1093 etiam

283 1112 422 1157 simul
459 1111 746 1156 existentium
783 1126 889 1155 cum
920 1111 1174 1170 baptismo;
1200 1111 1321 1156 unde
1347 1113 1541 1171 August.
1569 1114 1678 1157 dicit
1708 1114 1755 1157 in
1787 1114 1903 1158 libro
1930 1115 1987 1159 de
2013 1115 2251 1175 Baptismo

284 1181 384 1238 (loc.
409 1187 498 1238 sup.
524 1179 646 1236 cit.).·
671 1194 695 1220 «
724 1178 926 1223 Solvitur
946 1179 1184 1223 hesternus
1211 1179 1321 1232 dies,
1346 1189 1391 1223 et
1412 1180 1629 1239 quidquid
1654 1190 1858 1239 superest
1881 1180 2086 1236 solvitur,
2113 1182 2252 1227 etiam

282 1248 382 1307 ipsa
406 1247 536 1300 hora,
563 1256 944 1305 momentumque
972 1256 1075 1289 ante
1107 1246 1402 1305 baptismum,
1429 1256 1474 1290 et
1504 1247 1551 1290 in
1575 1247 1832 1306 baptismo:
1859 1248 2072 1308 deinceps
2099 1259 2253 1293 autem

285 1314 505 1359 continuo
539 1328 670 1358 meus
705 1327 801 1357 esse
833 1313 992 1370 incipit
1023 1327 1079 1356 »ε
1114 1322 1158 1356 et
1190 1314 1253 1356 sic
1289 1313 1343 1356 ad
1375 1313 1589 1370 baptismi
1621 1313 1836 1358 effectum
1877 1315 2254 1374 consequendum

285 1381 517 1426 concurrit
541 1381 807 1439 baptismus,
827 1389 869 1424 et
895 1380 1200 1438 poenitentia;
1222 1381 1301 1424 sed
1327 1380 1592 1438 baptismus,
1611 1381 1727 1424 sicut
1752 1395 1890 1425 causa
1915 1395 1996 1440 per
2019 1395 2069 1427 se
2091 1396 2255 1442 agens;

284 1448 579 1509 poenitentia,
605 1448 722 1491 sicut
749 1461 886 1491 causa
911 1461 991 1505 per
1017 1447 1242 1500 accidens,
1269 1447 1386 1491 idest
1411 1461 1654 1491 removens
1680 1448 1940 1507 prohibens.

376 1515 453 1559 AD
482 1527 699 1559 TERTIUM
732 1514 992 1568 dicendum,
1026 1514 1149 1572 quod
1182 1513 1368 1558 effectus
1404 1515 1618 1574 baptismi
1648 1529 1744 1559 non
1775 1526 1844 1560 est
1873 1515 2036 1562 tollere
2066 1527 2256 1577 peccata

285 1582 450 1636 futura,
477 1582 555 1626 sed
582 1582 854 1639 praesentia,
880 1580 954 1624 vel
979 1581 1243 1639 praeterita:
1272 1592 1317 1625 et
1341 1581 1463 1635 ideo,
1484 1582 1726 1627 recedente
1752 1582 1953 1638 fictione,
1978 1594 2168 1643 peccata
2191 1598 2256 1630 se-
2341 1584 2351 1598 ”

287 1650 472 1708 quentia
497 1650 786 1693 remittuntur
807 1649 1007 1707 quidem,
1024 1649 1102 1692 sed
1124 1663 1203 1707 per
1225 1649 1570 1706 poenitentiam,
1587 1663 1682 1693 non
1704 1664 1784 1709 per
1810 1650 2111 1708 baptismum:
2135 1651 2255 1696 unde

287 1731 383 1760 non
407 1717 698 1760 remittuntur
722 1726 945 1776 quantum
972 1715 1028 1759 ad
1060 1725 1211 1760 totum
1242 1725 1435 1770 reatum,
1472 1716 1589 1761 sicut
1619 1727 1812 1776 peccata
1842 1719 2160 1777 praecedentia
2183 1719 2257 1763 ba-

288 1794 521 1843 ptismum.

918 2164 1366 2243 QUAESTIO
1425 2164 1629 2225 LXX.

455 2323 536 2363 DE
583 2321 1068 2370 CIRCUMCISIONE,
1121 2321 1285 2372 QUAE
1332 2320 1685 2362 PRAECESSIT
1731 2322 2093 2374 BAPTISMUM,

753 2412 818 2451 IN
866 2410 1154 2462 QUATUOR
1200 2409 1530 2451 ARTICULOS
1577 2410 1798 2452 DIVISA.

383 2585 562 2630 Deinde
590 2585 974 2630 considerandum
1000 2595 1068 2630 est
1093 2585 1148 2629 de
1175 2585 1523 2645 praeparatoriis
1551 2586 1606 2630 ad
1632 2586 1925 2646 baptismum.
1951 2586 2009 2632 Et
2025 2588 2169 2648 primo
2201 2588 2259 2634 de
2329 2591 2335 2603 ”

295 2653 651 2714 praeparatorio,
675 2653 798 2712 quod
836 2655 1080 2711 praecessit
1119 2653 1411 2712 baptismum,
1448 2652 1565 2697 idest
1591 2653 1645 2698 de
1680 2654 2055 2701 circumcisione:
2084 2655 2259 2701 secundo

296 2722 352 2766 de
378 2721 738 2780 praeparatoriis,
776 2734 892 2779 quae
919 2730 1197 2764 concurrunt
1230 2719 1369 2764 simul
1390 2734 1496 2764 cum
1527 2721 1768 2780 baptismo,
1802 2721 1977 2767 scilicet
2011 2722 2068 2768 de
2109 2721 2260 2770 chate-

297 2789 491 2843 chismo,
519 2798 563 2833 et
589 2787 861 2832 exorcismo.

856 2898 985 2944 Circa
1003 2900 1197 2959 primum
1223 2906 1482 2959 quaeruntur
1507 2906 1700 2959 quatuor.

386 2989 558 3034 Primo.
585 2988 751 3033 Utrum
778 2988 1068 3033 circumcisio
1093 2988 1227 3033 fuerit
1252 2990 1602 3049 praeparatoria,
1630 3002 1673 3037 et
1699 2991 1936 3052 figurativa
1960 2992 2188 3054 baptismi.

389 3056 617 3101 Secundo.
643 3056 716 3100 De
740 3056 1023 3100 institutione
1049 3055 1202 3115 ipsius.

389 3122 564 3167 Tertio.
591 3124 663 3168 De
688 3124 776 3168 ritu
802 3123 912 3181 ejus.

391 3190 586 3243 Quarto.
613 3191 685 3236 De
711 3190 875 3236 effectu
901 3190 1056 3251 ipsius.
