2352 3926
626 250 904 298 QUABSTIO
946 249 1038 289 L11.
1077 248 1386 290 ARTICULUS
1426 248 1518 288 vn.
1936 247 2043 304 447

0 345 18 430 }
87 353 166 400 sed
192 353 411 411 absolute,
438 366 491 396 ac
518 352 556 397 si
588 353 770 407 diceret,
803 352 925 412 quod
958 352 1103 411 gratia
1135 351 1267 406 unius
1300 350 1473 397 Christi
1505 350 1751 403 abundavit
1781 350 1829 395 in
1860 350 2047 405 multos,

1 460 7 471 ›

0 484 7 507 ῑ

87 421 204 467 sicut
229 430 274 466 et
298 429 539 481 peccatum
566 419 696 464 Adae
722 419 927 479 pervenit
952 419 1007 463 ad
1029 418 1221 463 multos:
1249 418 1329 463 sed
1347 418 1464 463 sicut
1481 428 1718 478 peccatum
1738 416 1869 466 Adae
1893 417 1948 462 ad
1967 431 2046 462 eos

83 498 262 535 tantum
287 489 506 547 pervenit,
529 487 606 546 qui
625 501 703 546 per
721 486 991 530 seminalem
1010 487 1235 530 rationem
1255 486 1496 530 carnaliter
1523 486 1576 528 ab
1605 499 1661 530 eo
1690 485 2045 540 descenderunt;

85 556 151 601 ita
182 555 326 614 gratia
354 554 527 599 Christi
554 554 608 598 ad
632 553 735 597 illos
761 563 938 597 tantum
965 553 1182 612 pervenit,
1209 553 1286 611 qui
1318 552 1538 612 spirituali
1571 552 1917 611 regeneratione
1951 554 2047 611 ejus

86 623 293 668 membra
325 632 430 666 sunt
460 620 588 665 facti:
623 621 745 679 quod
777 635 871 664 non
899 619 1118 678 competit
1153 619 1303 678 pueris
1340 619 1660 664 decedentibus
1695 633 1800 664 cum
1837 618 2049 678 originali

117 698 291 735 eccato.

85 704 115 751 p
175 757 252 802 An
278 768 497 801 ’ri-:R’rmM
524 754 782 807 dicendum,
801 753 923 812 quod
939 752 1190 811 baptismus
1209 752 1447 796 adhibetur
1472 752 1736 797 hominibus
1762 753 1808 796 in
1826 752 1914 798 hac
1936 753 2045 807 vita,

84 823 133 868 in
159 838 249 884 qua
274 824 419 867 homo
446 831 595 881 potest
619 820 911 866 transmutari
937 820 992 864 de
1021 819 1152 879 culpa
1179 821 1223 863 in
1251 820 1468 878 gratiam:
1497 820 1575 863 sed
1603 820 1847 865 descensus
1873 820 2049 869 Christi

87 890 143 935 ad
168 889 341 934 inferos
374 889 596 933 exhibitus
628 887 711 931 fuit
745 887 980 931 animabus
1013 897 1116 945 post
1146 886 1265 930 hanc
1298 886 1455 940 vitam,
1489 887 1564 930 ubi
1595 902 1689 931 non
1722 898 1825 931 sunt
1857 902 2048 948 capaces

84 955 476 1002 transmutationis
503 955 785 1014 praedictae:
820 963 864 997 et
895 954 1000 998 ideo
1033 968 1113 1012 per
1144 954 1421 1011 baptismum
1453 954 1580 1013 pueri
1613 954 1860 999 liberantur
1891 970 1916 1001 a
1948 970 2050 1014 pec-

87 1034 191 1071 cato
217 1022 445 1084 originali,
471 1032 516 1067 et
541 1022 594 1066 ab
621 1021 816 1075 inferno,
849 1035 943 1065 non
971 1031 1123 1065 autem
1150 1035 1230 1080 per
1257 1021 1527 1065 descensum
1557 1021 1730 1066 Christi
1756 1022 1813 1067 ad
1838 1022 2022 1067 inferos.

741 1199 1175 1257 ARTICULUS
1217 1201 1374 1255 vm.
1962 1229 2044 1277 293

86 1317 279 1381 UTRU‘M
300 1335 568 1374 CHRISTUS
584 1335 692 1375 SUO
714 1335 997 1375 DESCENSU
1018 1336 1373 1374 LIBERAVERIT
1392 1336 1594 1375 ANIMAS
1617 1336 1652 1374 A
1668 1336 2047 1376 PURGATORIO.

411 1445 467 1505 (3.
493 1446 605 1491 Dist.
631 1459 694 1491 21.
722 1460 761 1504 q.
787 1460 828 1496 2.
855 1451 938 1492 art.
966 1460 1004 1491 2.
1032 1460 1070 1504 q.
1096 1459 1139 1503 4.
1170 1452 1208 1490 et
1233 1454 1368 1506 opusc.
1396 1461 1437 1492 2.
1465 1454 1556 1506 cap.
1582 1446 1716 1504 241.).

175 1557 252 1603 An
285 1569 523 1602 OCTAVUM
554 1552 618 1601 sic
652 1550 925 1616 proceditur.
957 1557 1162 1611 Videtur,
1200 1558 1323 1617 quod
1361 1557 1570 1603 Christus
1612 1572 1695 1603 suo
1732 1557 1953 1605 descensu
1987 1558 2044 1604 ad

3 1608 25 1683 s.
86 1623 257 1670 inferos
282 1624 542 1672 liberaverit
559 1624 733 1670 animas
753 1638 778 1668 a
795 1625 1084 1683 purgatorio:
1113 1625 1222 1669 dicit
1239 1625 1362 1669 enim
1379 1625 1499 1684 Aug.
1517 1625 1563 1669 in
1593 1626 1721 1684 epist.
1746 1626 1802 1670 ad
1818 1625 2047 1670 Evodium

20 1698 21 1701 ’
85 1693 212 1752 (quae
236 1698 292 1737 est
322 1707 393 1751 99.
427 1697 520 1736 ante
551 1691 706 1749 med.).·
744 1708 767 1732 «
787 1691 911 1743 Quia
943 1692 1168 1736 evidentia
1201 1692 1464 1737 testimonia
1503 1702 1547 1736 et
1582 1692 1809 1737 infernum
1844 1707 2048 1738 comme-

4 1761 23 1805 ’ς
86 1768 282 1815 morant,
311 1769 357 1803 et
387 1757 585 1813 dolores,
611 1757 736 1801 nulla
765 1773 901 1802 causa
930 1759 1141 1813 occurrit,
1171 1773 1249 1803 cur
1273 1758 1353 1803 illo
1388 1759 1596 1804 credatur
1618 1760 1796 1804 venisse
1823 1759 2050 1816 Salvator,

85 1827 174 1871 nisi
198 1835 248 1870 ut
274 1825 327 1869 ab
355 1825 527 1870 eisdem
553 1824 787 1869 doloribus
810 1825 961 1869 salvos
986 1825 1180 1870 faceret:
1208 1826 1286 1870 sed
1314 1837 1463 1870 utrum
1493 1841 1669 1880 omnes,
1692 1841 1807 1886 quos
1828 1827 1875 1871 in
1899 1828 1963 1872 eis
1985 1828 2050 1872 in-

85 1893 224 1950 venit,
250 1907 307 1937 an
333 1892 571 1953 quosdam,
591 1906 705 1951 quos
723 1892 802 1936 illo
820 1892 1043 1936 beneficio
1063 1892 1226 1952 dignos
1246 1893 1477 1951 judicavit,
1501 1894 1648 1937 adhuc
1676 1896 1882 1953 requiro:
1910 1894 2048 1939 fuisse

84 1969 239 2010 tamen
266 1958 504 2004 Christum
531 1959 650 2018 apud
675 1957 859 2014 inferos,
888 1969 932 2003 et
956 1959 1003 2003 in
1026 1973 1187 2004 eorum
1214 1959 1449 2004 doloribus
1477 1961 1731 2004 constitutis
1763 1961 1854 2005 hoc
1880 1961 2048 2006 benefi-

18 2018 40 2063 ἔ
88 2026 211 2073 cium
235 2026 526 2087 praestitisse,
546 2041 642 2070 non
668 2026 824 2070 dubito
847 2043 888 2070 n.
911 2026 1019 2070 Non
1046 2038 1201 2071 autern
1222 2027 1445 2086 praestitit
1469 2026 1743 2071 beneficium
1768 2028 2048 2075 liberationis

22 2133 42 2156 ·‡.
87 2093 327 2147 damnatis,
349 2094 468 2139 sicut
492 2107 627 2153 supra
650 2093 824 2138 dictum
842 2104 909 2138 est
930 2095 1033 2151 (art.
1057 2094 1097 2140 6.
1122 2095 1209 2151 huj.
1228 2094 1319 2153 q.).·
1345 2105 1524 2154 praeter
1542 2109 1621 2139 eos
1641 2105 1792 2139 autern
1810 2095 1924 2140 nulli
1946 2106 2050 2142 sunt

46 2207 48 2210 ,
84 2160 377 2206 indoloribus
391 2159 657 2219 poenalibus
671 2161 917 2215 constituti,
935 2161 1020 2205 nisi
1036 2159 1102 2204 illi
1121 2161 1314 2220 quisunt
1329 2161 1377 2205 in
1399 2162 1689 2220 purgatorio;
1708 2177 1818 2222 ergo
1838 2162 2049 2208 Christus

30 2231 51 2285 12.
87 2228 264 2273 animas
287 2228 342 2273 de
368 2230 632 2287 purgatorio
659 2227 878 2272 liberavit.

174 2308 216 2340 2.
252 2295 550 2340 PRAETEREA.
588 2295 692 2354 Ipsa
729 2294 902 2339 Christi
934 2295 1189 2353 praesentia
1227 2309 1323 2339 non
1360 2296 1591 2341 minorem
1629 2296 1845 2341 effectum
1876 2298 2049 2352 habuit,

46 2376 51 2405 3
85 2377 224 2423 quam
240 2372 526 2407 sacramenta
542 2362 706 2421 ipsius:
734 2362 812 2406 sed
830 2376 910 2420 per
925 2373 1211 2406 sacramenta
1231 2362 1404 2407 Christi
1429 2363 1676 2407 liberantur
1704 2366 1884 2409 animae
1903 2380 1929 2409 a
1951 2380 2052 2424 pur-

37 2432 52 2493 ᾗ,
86 2430 280 2490 gatorio‚
298 2441 343 2474 et
358 2429 599 2489 praecipue
617 2443 697 2489 per
713 2428 1026 2473 Eucharistiae
1053 2440 1406 2484 sacramentum,
1426 2440 1474 2474 ut
1495 2430 1611 2474 infra
1634 2431 1808 2475 dicetur
1831 2432 2048 2492 (supplem.

39 2511 126 2558 ,.q,
158 2510 221 2556 71.
246 2502 328 2542 art.
361 2497 452 2556 9.).·
480 2509 590 2555 ergo
618 2495 764 2539 multo
783 2495 930 2555 magis
949 2510 1029 2554 per
1053 2497 1358 2556 praesentiam
1387 2497 1559 2541 Christi
1586 2499 1642 2542 ad
1668 2497 1838 2543 inferos
1866 2500 2050 2544 descen-

55 2568 58 2606 ζ
84 2563 232 2608 dentis
258 2572 364 2607 sunt
389 2562 570 2607 animae
598 2577 621 2606 a
648 2563 913 2621 purgatorio
940 2562 1170 2607 liberatae.
1230 2579 1234 2587 ·

180 2645 218 2691 3.
244 2630 542 2675 PRAETEREA.
572 2645 596 2671 «
618 2629 828 2674 Christus
855 2644 1171 2689 quoscumque
1199 2630 1371 2674 curavit
1395 2630 1442 2674 in
1468 2631 1555 2675 hac
1577 2631 1685 2687 vita,
1703 2633 1905 2679 totaliter
1927 2649 2050 2679 cura·

85 2697 152 2742 vit
170 2714 214 2752 n,
240 2707 289 2741 ut
309 2698 501 2755 August.
534 2696 643 2740 dicit
666 2696 712 2740 in
739 2696 814 2740 lib.
843 2697 898 2740 de
925 2697 1103 2741 Poenit.
1133 2697 1218 2753 (seu
1245 2698 1292 2742 de
1333 2699 1455 2752 Vera,
1483 2705 1520 2743 et
1544 2700 1675 2744 Falsa
1702 2702 1862 2746 Poenit.
1882 2710 1973 2761 cap.
2007 2717 2049 2762 9.

0 2805 2 2827 ὲ
46 2797 60 2801 .
87 2778 115 2810 a
137 2764 280 2822 med),
300 2775 344 2809 et
363 2764 493 2821 Joan
512 2776 569 2839 7,
585 2763 815 2807 Dominus
842 2764 974 2808 dicit:
1006 2765 1155 2808 Totum
1183 2765 1390 2809 hominem
1410 2766 1576 2810 salvum
1584 2767 1705 2825 fect
1689 2783 1734 2811 ιη
1751 2770 1950 2814 sabbato.-
1969 2769 2047 2813 sed

0 2828 4 2859 ³
89 2831 299 2882 Christus
325 2845 421 2886 eos,
449 2829 526 2890 qui
550 2829 598 2874 in
623 2830 887 2890 purgatorio
920 2840 1061 2884 erant,
1094 2830 1302 2876 liberavit
1334 2846 1358 2876 a
1390 2843 1518 2877 reatu
1550 2847 1727 2894 poenae
1750 2835 1923 2890 damni,
1956 2850 2047 2895 quo

56 2894 60 2905 ’
89 2897 445 2946 excludebantur
468 2910 493 2940 a
520 2894 691 2956 gloria3
718 2910 829 2955 ergo
857 2897 994 2941 etiam
1018 2897 1229 2946 liberavit
1255 2913 1334 2943 eos
1362 2913 1387 2942 a
1413 2890 1539 2944 reatu
1566 2915 1743 2960 poenae
1769 2903 2032 2961 purgatorii

179 2964 274 3009 SED
302 2976 498 3010 CONTRA
525 2971 606 3018 est,
632 2963 756 3022 quod
784 2963 923 3023 Greg.
951 2964 1094 3009 dicit'
1084 2979 1130 3008 m
1164 2978 1228 3024 ¹3·
1254 2965 1418 3011 Moral.
1449 2967 1558 3026 (cap.
1586 2982 1641 3027 15.
1659 2969 1713 3013 ad
1727 2970 1794 3028 fin
1798 2970 1859 3027 .:)
1883 2986 1906 3010 «
1923 2970 2048 3014 Dum

0 3025 5 3078 .ss
91 3030 317 3086 conditor,
346 3044 398 3074 ac
425 3029 687 3088 redemptor
715 3039 871 3075 noster
903 3030 1099 3076 claustra
1124 3031 1288 3076 inferni
1314 3043 1569 3092 penetrans,
1602 3034 1854 3081 electorum
1887 3035 2048 3080 exinde

0 3095 5 3123 ἶ·
44 3118 47 3148 ;
90 3098 268 3150 animas
293 3097 461 3152 eduxit,
487 3110 573 3141 nos
598 3095 680 3141 illo
705 3096 771 3141 ire
794 3110 889 3143 non
915 3098 1095 3158 patitur,
1122 3098 1241 3143 unde
1269 3100 1363 3158 jam
1397 3099 1512 3145 alios
1543 3101 1861 3147 descendendo
1894 3102 2051 3147 libera-

47 3162 57 3198 j·
86 3165 153 3210 vit
172 3179 223 3209 »z
252 3165 417 3222 patitur
443 3173 597 3207 autern
621 3177 708 3207 nos
723 3163 789 3208 ire
807 3163 862 3212 ad
880 3165 1217 3224 purgatorium;
1245 3180 1355 3227 ergo
1383 3166 1664 3213 descendens
1691 3169 1747 3213 ad
1773 3169 1942 3214 interos
1960 3168 2052 3214 ani-

55 3238 57 3240 ’
91 3246 191 3277 mas
218 3247 244 3277 a
269 3231 534 3292 purgatorio
560 3244 655 3274 non
681 3230 900 3276 liberavit.

176 3299 466 3345 Responnzo
487 3298 746 3352 dicendum,
772 3298 910 3357 quod,
937 3299 1055 3343 sicut
1070 3314 1204 3359 saepe
1224 3301 1397 3345 dictum
1416 3311 1483 3346 est
1499 3302 1603 3359 (art
1615 3310 1758 3361 praec.
1785 3308 1821 3347 et
1845 3316 1886 3359 4.
1906 3303 1992 3362 huj.
2010 3318 2048 3362 q.

89 3366 143 3412 ad
173 3382 213 3413 2.
245 3374 284 3413 et
309 3374 391 3412 art.
413 3381 450 3426 5.
478 3373 516 3411 et
542 3366 620 3421 6.),
648 3365 891 3410 descensus
923 3365 1097 3412 Christi
1114 3368 1169 3411 ad
1187 3367 1356 3414 inferos
1388 3367 1671 3413 liberatorius
1700 3368 1819 3413 fuit
1808 3384 1853 3413 m
1886 3371 2049 3414 virtute

49 3427 63 3497 ῥ’
90 3434 314 3494 passionis
330 3434 492 3494 ipsius:
520 3433 671 3492 passio
692 3442 843 3476 autem
867 3432 961 3490 ejus
978 3446 1072 3476 non
1090 3433 1227 3478 habet
1252 3435 1554 3493 temporalem
1581 3437 1807 3490 virtutem,
1831 3445 1874 3481 et
1895 3437 2051 3481 transi-

48 3499 53 3554 }
89 3501 272 3555 teriam,
297 3501 376 3546 sed
402 3500 742 3559 sempiternam,
768 3499 1020 3543 secundum
1046 3499 1157 3544 illud
1184 3501 1299 3545 Heb.
1324 3514 1414 3546 lo.:
1446 3503 1540 3546 Una
1566 3503 1770 3546 oblatione
1793 3518 2048 3549 consumma·

44 3563 67 3616 ,,”
89 3569 154 3612 vit
177 3569 222 3612 in
246 3569 540 3627 sempiternum
572 3566 874 3624 sanctificatos:
905 3575 949 3609 et
973 3565 1038 3610 sic
1070 3576 1208 3625 patet,
1235 3568 1356 3626 quod
1384 3582 1477 3611 non
1503 3568 1660 3612 habuit
1691 3578 1797 3614 tunc
1825 3571 2049 3629 majorem

93 3633 347 3681 efficaciam
372 3634 525 3694 passio
553 3632 740 3687 Christi,
767 3645 906 3693 quam
932 3631 1098 3677 habeat
1122 3647 1259 3677 nunc.
1286 3633 1342 3678 Et
1358 3634 1462 3679 ideo
1505 3634 1571 3678 illi
1602 3635 1678 3696 qui
1703 3635 1885 3682 fuerunt
1921 3637 2049 3692 tales,
