<?xml version="1.0" encoding="UTF-8"?>
<!DOCTYPE html PUBLIC "-//W3C//DTD XHTML 1.0 Transitional//EN"
    "http://www.w3.org/TR/xhtml1/DTD/xhtml1-transitional.dtd">
<html xmlns="http://www.w3.org/1999/xhtml" xml:lang="en" lang="en">
 <head>
  <title>
</title>
<meta http-equiv="Content-Type" content="text/html;charset=utf-8" />
  <meta name='ocr-system' content='tesseract 3.04.00' />
  <meta name='ocr-capabilities' content='ocr_page ocr_carea ocr_par ocr_line ocrx_word'/>
</head>
<body>
  <div class='ocr_page' id='page_1' title='image "./divithomaeaquina04thom_0121.png"; bbox 0 0 2352 3926; ppageno 0'>
   <div class='ocr_carea' id='block_1_1' title="bbox 747 197 2138 253">
    <p class='ocr_par' dir='ltr' id='par_1_1' title="bbox 747 197 2138 253">
     <span class='ocr_line' id='line_1_1' title="bbox 747 197 2138 253; baseline -0.001 -15"><span class='ocrx_word' id='word_1_1' title='bbox 747 197 1026 244; x_wconf 78' lang='lat' dir='ltr'><strong>QUAESTIO</strong></span> <span class='ocrx_word' id='word_1_2' title='bbox 1065 198 1118 237; x_wconf 86' lang='lat' dir='ltr'>X.</span> <span class='ocrx_word' id='word_1_3' title='bbox 1160 197 1469 239; x_wconf 83' lang='lat' dir='ltr'>ARTICULUS</span> <span class='ocrx_word' id='word_1_4' title='bbox 1509 197 1564 237; x_wconf 88' lang='lat'>11.</span> <span class='ocrx_word' id='word_1_5' title='bbox 2038 198 2057 236; x_wconf 87' lang='lat'>1</span> <span class='ocrx_word' id='word_1_6' title='bbox 2076 198 2138 253; x_wconf 91' lang='lat'>17</span> 
     </span>
    </p>
   </div>
   <div class='ocr_carea' id='block_1_2' title="bbox 89 297 2142 963">
    <p class='ocr_par' dir='ltr' id='par_1_2' title="bbox 89 297 2142 828">
     <span class='ocr_line' id='line_1_2' title="bbox 89 297 2140 358; baseline -0.001 -14"><span class='ocrx_word' id='word_1_7' title='bbox 89 344 95 350; x_wconf 66' lang='grc'>,,</span> <span class='ocrx_word' id='word_1_8' title='bbox 177 298 286 344; x_wconf 83' lang='lat' dir='ltr'>dam</span> <span class='ocrx_word' id='word_1_9' title='bbox 303 307 406 344; x_wconf 89' lang='lat' dir='ltr'>sunt</span> <span class='ocrx_word' id='word_1_10' title='bbox 432 298 479 343; x_wconf 92' lang='lat' dir='ltr'>in</span> <span class='ocrx_word' id='word_1_11' title='bbox 505 297 604 344; x_wconf 91' lang='lat' dir='ltr'>sola</span> <span class='ocrx_word' id='word_1_12' title='bbox 620 298 824 358; x_wconf 89' lang='lat' dir='ltr'>potentia</span> <span class='ocrx_word' id='word_1_13' title='bbox 837 298 1012 354; x_wconf 81' lang='lat' dir='ltr'>divina3</span> <span class='ocrx_word' id='word_1_14' title='bbox 1030 308 1073 344; x_wconf 93' lang='lat' dir='ltr'>et</span> <span class='ocrx_word' id='word_1_15' title='bbox 1095 300 1359 358; x_wconf 88' lang='lat' dir='ltr'>hujusmodi</span> <span class='ocrx_word' id='word_1_16' title='bbox 1375 314 1469 345; x_wconf 92' lang='lat' dir='ltr'>non</span> <span class='ocrx_word' id='word_1_17' title='bbox 1487 299 1643 345; x_wconf 87' lang='lat' dir='ltr'>omnia</span> <span class='ocrx_word' id='word_1_18' title='bbox 1661 297 1904 358; x_wconf 85' lang='lat' dir='ltr'>cognoscit</span> <span class='ocrx_word' id='word_1_19' title='bbox 1926 297 2140 343; x_wconf 91' lang='lat' dir='ltr'>inVerbo</span> 
     </span>
     <span class='ocr_line' id='line_1_3' title="bbox 100 365 2142 427; baseline -0.001 -15"><span class='ocrx_word' id='word_1_20' title='bbox 100 367 102 369; x_wconf 69' lang='grc'><strong><em>’</em></strong></span> <span class='ocrx_word' id='word_1_21' title='bbox 174 365 328 412; x_wconf 80' lang='lat' dir='ltr'>anima</span> <span class='ocrx_word' id='word_1_22' title='bbox 353 365 545 411; x_wconf 87' lang='lat' dir='ltr'>Christi:</span> <span class='ocrx_word' id='word_1_23' title='bbox 572 365 664 411; x_wconf 92' lang='lat' dir='ltr'>hoc</span> <span class='ocrx_word' id='word_1_24' title='bbox 689 365 813 410; x_wconf 88' lang='lat' dir='ltr'>enim</span> <span class='ocrx_word' id='word_1_25' title='bbox 839 376 959 411; x_wconf 89' lang='lat' dir='ltr'>esset</span> <span class='ocrx_word' id='word_1_26' title='bbox 984 366 1374 426; x_wconf 86' lang='lat' dir='ltr'>comprehendere</span> <span class='ocrx_word' id='word_1_27' title='bbox 1400 368 1572 422; x_wconf 90' lang='lat' dir='ltr'>omnia,</span> <span class='ocrx_word' id='word_1_28' title='bbox 1595 381 1712 427; x_wconf 90' lang='lat' dir='ltr'>quae</span> <span class='ocrx_word' id='word_1_29' title='bbox 1743 367 1870 411; x_wconf 88' lang='lat' dir='ltr'>Deus</span> <span class='ocrx_word' id='word_1_30' title='bbox 1897 376 2048 426; x_wconf 91' lang='lat' dir='ltr'>potest</span> <span class='ocrx_word' id='word_1_31' title='bbox 2077 365 2142 410; x_wconf 86' lang='lat' dir='ltr'>fa-</span> 
     </span>
     <span class='ocr_line' id='line_1_4' title="bbox 166 432 2140 494; baseline -0.001 -16"><span class='ocrx_word' id='word_1_32' title='bbox 166 432 303 487; x_wconf 63' lang='lat' dir='ltr'>&#39;c&#39;ere3</span> <span class='ocrx_word' id='word_1_33' title='bbox 320 432 441 492; x_wconf 89' lang='lat' dir='ltr'>quod</span> <span class='ocrx_word' id='word_1_34' title='bbox 459 442 579 477; x_wconf 91' lang='lat' dir='ltr'>esset</span> <span class='ocrx_word' id='word_1_35' title='bbox 604 432 996 492; x_wconf 84' lang='lat' dir='ltr'>comprehendere</span> <span class='ocrx_word' id='word_1_36' title='bbox 1015 433 1217 477; x_wconf 89' lang='lat' dir='ltr'>divinam</span> <span class='ocrx_word' id='word_1_37' title='bbox 1233 434 1517 488; x_wconf 89' lang='lat' dir='ltr'>virtutem,et</span> <span class='ocrx_word' id='word_1_38' title='bbox 1534 448 1614 493; x_wconf 91' lang='lat' dir='ltr'>per</span> <span class='ocrx_word' id='word_1_39' title='bbox 1631 447 1915 494; x_wconf 89' lang='lat' dir='ltr'>consequens</span> <span class='ocrx_word' id='word_1_40' title='bbox 1937 433 2140 477; x_wconf 87' lang='lat' dir='ltr'>divinam</span> 
     </span>
     <span class='ocr_line' id='line_1_5' title="bbox 173 499 2137 560; baseline -0.002 -14"><span class='ocrx_word' id='word_1_41' title='bbox 173 499 439 546; x_wconf 78' lang='lat' dir='ltr'>essentiam:</span> <span class='ocrx_word' id='word_1_42' title='bbox 474 499 616 545; x_wconf 90' lang='lat' dir='ltr'>virtus</span> <span class='ocrx_word' id='word_1_43' title='bbox 643 500 767 545; x_wconf 89' lang='lat' dir='ltr'>enim</span> <span class='ocrx_word' id='word_1_44' title='bbox 793 499 1020 560; x_wconf 88' lang='lat' dir='ltr'>quaelibet</span> <span class='ocrx_word' id='word_1_45' title='bbox 1053 499 1347 559; x_wconf 81' lang='lat' dir='ltr'>cognoscitur</span> <span class='ocrx_word' id='word_1_46' title='bbox 1382 516 1462 560; x_wconf 88' lang='lat' dir='ltr'>per</span> <span class='ocrx_word' id='word_1_47' title='bbox 1490 501 1805 560; x_wconf 83' lang='lat' dir='ltr'>cognitionem</span> <span class='ocrx_word' id='word_1_48' title='bbox 1837 501 2063 555; x_wconf 89' lang='lat' dir='ltr'>omnium,</span> <span class='ocrx_word' id='word_1_49' title='bbox 2089 501 2137 544; x_wconf 91' lang='lat' dir='ltr'>in</span> 
     </span>
     <span class='ocr_line' id='line_1_6' title="bbox 174 567 2139 644; baseline 0 -33"><span class='ocrx_word' id='word_1_50' title='bbox 174 580 292 627; x_wconf 88' lang='lat' dir='ltr'>quae</span> <span class='ocrx_word' id='word_1_51' title='bbox 317 576 492 627; x_wconf 85' lang='lat' dir='ltr'>potest:</span> <span class='ocrx_word' id='word_1_52' title='bbox 520 567 748 627; x_wconf 86' lang='lat' dir='ltr'>quaedam</span> <span class='ocrx_word' id='word_1_53' title='bbox 772 581 883 612; x_wconf 88' lang='lat' dir='ltr'>vero</span> <span class='ocrx_word' id='word_1_54' title='bbox 909 578 1015 612; x_wconf 89' lang='lat' dir='ltr'>sunt</span> <span class='ocrx_word' id='word_1_55' title='bbox 1035 581 1129 611; x_wconf 92' lang='lat' dir='ltr'>non</span> <span class='ocrx_word' id='word_1_56' title='bbox 1157 567 1348 611; x_wconf 91' lang='lat' dir='ltr'>solum</span> <span class='ocrx_word' id='word_1_57' title='bbox 1336 582 1382 611; x_wconf 79' lang='lat' dir='ltr'>in</span> <span class='ocrx_word' id='word_1_58' title='bbox 1405 569 1606 644; x_wconf 86' lang='lat' dir='ltr'>potentia</span> <span class='ocrx_word' id='word_1_59' title='bbox 1634 567 1802 622; x_wconf 91' lang='lat' dir='ltr'>divina,</span> <span class='ocrx_word' id='word_1_60' title='bbox 1829 568 1907 613; x_wconf 90' lang='lat' dir='ltr'>sed</span> <span class='ocrx_word' id='word_1_61' title='bbox 1925 567 2064 613; x_wconf 87' lang='lat' dir='ltr'>etiam</span> <span class='ocrx_word' id='word_1_62' title='bbox 2092 569 2139 612; x_wconf 89' lang='lat' dir='ltr'>in</span> 
     </span>
     <span class='ocr_line' id='line_1_7' title="bbox 168 634 2140 695; baseline 0.001 -16.003"><span class='ocrx_word' id='word_1_63' title='bbox 168 635 376 694; x_wconf 84' lang='lat' dir='ltr'>potentia</span> <span class='ocrx_word' id='word_1_64' title='bbox 403 644 659 690; x_wconf 83' lang='lat' dir='ltr'>creaturae3</span> <span class='ocrx_word' id='word_1_65' title='bbox 687 645 731 679; x_wconf 91' lang='lat' dir='ltr'>et</span> <span class='ocrx_word' id='word_1_66' title='bbox 756 634 1023 695; x_wconf 88' lang='lat' dir='ltr'>hujusmodi</span> <span class='ocrx_word' id='word_1_67' title='bbox 1050 635 1206 679; x_wconf 89' lang='lat' dir='ltr'>omnia</span> <span class='ocrx_word' id='word_1_68' title='bbox 1237 635 1324 679; x_wconf 86' lang='lat' dir='ltr'>scit</span> <span class='ocrx_word' id='word_1_69' title='bbox 1351 636 1504 679; x_wconf 87' lang='lat' dir='ltr'>anima</span> <span class='ocrx_word' id='word_1_70' title='bbox 1532 636 1740 680; x_wconf 84' lang='lat' dir='ltr'>Christi</span> <span class='ocrx_word' id='word_1_71' title='bbox 1728 651 1775 680; x_wconf 90' lang='lat' dir='ltr'>m</span> <span class='ocrx_word' id='word_1_72' title='bbox 1801 636 1979 682; x_wconf 84' lang='lat' dir='ltr'>Verbo:</span> <span class='ocrx_word' id='word_1_73' title='bbox 2015 649 2140 680; x_wconf 90' lang='lat' dir='ltr'>com-</span> 
     </span>
     <span class='ocr_line' id='line_1_8' title="bbox 170 670 2134 763; baseline 0.001 -17"><span class='ocrx_word' id='word_1_74' title='bbox 170 701 410 762; x_wconf 86' lang='lat' dir='ltr'>prehendit</span> <span class='ocrx_word' id='word_1_75' title='bbox 433 702 556 746; x_wconf 90' lang='lat' dir='ltr'>enirn</span> <span class='ocrx_word' id='word_1_76' title='bbox 576 702 623 745; x_wconf 89' lang='lat' dir='ltr'>in</span> <span class='ocrx_word' id='word_1_77' title='bbox 648 670 804 747; x_wconf 61' lang='lat' dir='ltr'>’Verbo</span> <span class='ocrx_word' id='word_1_78' title='bbox 837 702 989 747; x_wconf 89' lang='lat' dir='ltr'>omnis</span> <span class='ocrx_word' id='word_1_79' title='bbox 1016 712 1249 746; x_wconf 86' lang='lat' dir='ltr'>creaturae</span> <span class='ocrx_word' id='word_1_80' title='bbox 1276 703 1537 756; x_wconf 86' lang='lat' dir='ltr'>essentiam,</span> <span class='ocrx_word' id='word_1_81' title='bbox 1560 713 1605 746; x_wconf 90' lang='lat' dir='ltr'>et</span> <span class='ocrx_word' id='word_1_82' title='bbox 1629 717 1707 761; x_wconf 92' lang='lat' dir='ltr'>per</span> <span class='ocrx_word' id='word_1_83' title='bbox 1735 717 2020 763; x_wconf 89' lang='lat' dir='ltr'>consequens</span> <span class='ocrx_word' id='word_1_84' title='bbox 2052 717 2134 762; x_wconf 86' lang='lat' dir='ltr'>po·</span> 
     </span>
     <span class='ocr_line' id='line_1_9' title="bbox 170 768 1777 828; baseline 0 -15"><span class='ocrx_word' id='word_1_85' title='bbox 170 768 374 823; x_wconf 89' lang='lat' dir='ltr'>tentiam,</span> <span class='ocrx_word' id='word_1_86' title='bbox 401 778 446 813; x_wconf 89' lang='lat' dir='ltr'>et</span> <span class='ocrx_word' id='word_1_87' title='bbox 468 768 697 823; x_wconf 84' lang='lat' dir='ltr'>virtutem,</span> <span class='ocrx_word' id='word_1_88' title='bbox 719 779 764 813; x_wconf 92' lang='lat' dir='ltr'>et</span> <span class='ocrx_word' id='word_1_89' title='bbox 789 769 946 813; x_wconf 87' lang='lat' dir='ltr'>omnia</span> <span class='ocrx_word' id='word_1_90' title='bbox 972 782 1088 828; x_wconf 91' lang='lat' dir='ltr'>quae</span> <span class='ocrx_word' id='word_1_91' title='bbox 1106 778 1210 813; x_wconf 89' lang='lat' dir='ltr'>sunt</span> <span class='ocrx_word' id='word_1_92' title='bbox 1231 769 1278 813; x_wconf 89' lang='lat' dir='ltr'>in</span> <span class='ocrx_word' id='word_1_93' title='bbox 1299 769 1503 827; x_wconf 89' lang='lat' dir='ltr'>potentia</span> <span class='ocrx_word' id='word_1_94' title='bbox 1532 778 1777 813; x_wconf 86' lang='lat' dir='ltr'>creaturae.</span> 
     </span>
    </p>

    <p class='ocr_par' dir='ltr' id='par_1_3' title="bbox 175 834 2139 963">
     <span class='ocr_line' id='line_1_10' title="bbox 259 834 2139 895; baseline 0.001 -16"><span class='ocrx_word' id='word_1_95' title='bbox 259 834 337 880; x_wconf 85' lang='lat' dir='ltr'>AD</span> <span class='ocrx_word' id='word_1_96' title='bbox 367 847 556 881; x_wconf 78' lang='lat' dir='ltr'>PRIMUM</span> <span class='ocrx_word' id='word_1_97' title='bbox 587 849 698 895; x_wconf 91' lang='lat' dir='ltr'>ergo</span> <span class='ocrx_word' id='word_1_98' title='bbox 739 836 999 890; x_wconf 90' lang='lat' dir='ltr'>dicendum,</span> <span class='ocrx_word' id='word_1_99' title='bbox 1041 836 1163 895; x_wconf 92' lang='lat' dir='ltr'>quod</span> <span class='ocrx_word' id='word_1_100' title='bbox 1194 835 1307 880; x_wconf 91' lang='lat' dir='ltr'>illud</span> <span class='ocrx_word' id='word_1_101' title='bbox 1332 836 1537 880; x_wconf 89' lang='lat' dir='ltr'>Verbum</span> <span class='ocrx_word' id='word_1_102' title='bbox 1567 836 1887 881; x_wconf 88' lang='lat' dir='ltr'>intellexerunt</span> <span class='ocrx_word' id='word_1_103' title='bbox 1912 836 2066 891; x_wconf 89' lang='lat' dir='ltr'>Arius,</span> <span class='ocrx_word' id='word_1_104' title='bbox 2093 845 2139 880; x_wconf 91' lang='lat' dir='ltr'>et</span> 
     </span>
     <span class='ocr_line' id='line_1_11' title="bbox 175 901 2138 963; baseline -0.001 -16"><span class='ocrx_word' id='word_1_105' title='bbox 175 901 446 957; x_wconf 83' lang='lat' dir='ltr'>Eunomius,</span> <span class='ocrx_word' id='word_1_106' title='bbox 471 916 566 947; x_wconf 90' lang='lat' dir='ltr'>non</span> <span class='ocrx_word' id='word_1_107' title='bbox 593 912 814 962; x_wconf 89' lang='lat' dir='ltr'>quantum</span> <span class='ocrx_word' id='word_1_108' title='bbox 841 903 897 948; x_wconf 89' lang='lat' dir='ltr'>ad</span> <span class='ocrx_word' id='word_1_109' title='bbox 923 903 1162 948; x_wconf 90' lang='lat' dir='ltr'>scientiam</span> <span class='ocrx_word' id='word_1_110' title='bbox 1196 903 1391 957; x_wconf 90' lang='lat' dir='ltr'>animae,</span> <span class='ocrx_word' id='word_1_111' title='bbox 1424 917 1563 962; x_wconf 84' lang='lat' dir='ltr'>quam</span> <span class='ocrx_word' id='word_1_112' title='bbox 1595 903 1642 946; x_wconf 90' lang='lat' dir='ltr'>in</span> <span class='ocrx_word' id='word_1_113' title='bbox 1670 903 1857 948; x_wconf 88' lang='lat' dir='ltr'>Christo</span> <span class='ocrx_word' id='word_1_114' title='bbox 1893 903 2138 963; x_wconf 81' lang='lat' dir='ltr'>ponebant3</span> 
     </span>
    </p>
   </div>
   <div class='ocr_carea' id='block_1_3' title="bbox 54 960 2138 1030">
    <p class='ocr_par' dir='ltr' id='par_1_4' title="bbox 54 960 2138 1030">
     <span class='ocr_line' id='line_1_12' title="bbox 54 960 2138 1030; baseline -0.002 -13"><span class='ocrx_word' id='word_1_115' title='bbox 54 960 71 1010; x_wconf 64' lang='lat' dir='ltr'>s</span> <span class='ocrx_word' id='word_1_116' title='bbox 99 1015 101 1017; x_wconf 87' lang='lat'>.</span> <span class='ocrx_word' id='word_1_117' title='bbox 165 977 224 1014; x_wconf 44' lang='lat' dir='ltr'>‘ut</span> <span class='ocrx_word' id='word_1_118' title='bbox 258 982 394 1030; x_wconf 86' lang='lat' dir='ltr'>supra</span> <span class='ocrx_word' id='word_1_119' title='bbox 418 969 592 1014; x_wconf 89' lang='lat' dir='ltr'>dictum</span> <span class='ocrx_word' id='word_1_120' title='bbox 619 980 687 1014; x_wconf 91' lang='lat' dir='ltr'>est</span> <span class='ocrx_word' id='word_1_121' title='bbox 722 970 784 1029; x_wconf 85' lang='lat' dir='ltr'>(q.</span> <span class='ocrx_word' id='word_1_122' title='bbox 817 984 858 1030; x_wconf 90' lang='lat'>9.</span> <span class='ocrx_word' id='word_1_123' title='bbox 891 977 974 1016; x_wconf 83' lang='lat' dir='ltr'>art.</span> <span class='ocrx_word' id='word_1_124' title='bbox 1002 970 1078 1028; x_wconf 84' lang='lat'>1.)‚</span> <span class='ocrx_word' id='word_1_125' title='bbox 1117 970 1197 1014; x_wconf 91' lang='lat' dir='ltr'>sed</span> <span class='ocrx_word' id='word_1_126' title='bbox 1239 980 1460 1029; x_wconf 90' lang='lat' dir='ltr'>quantum</span> <span class='ocrx_word' id='word_1_127' title='bbox 1494 970 1550 1014; x_wconf 90' lang='lat' dir='ltr'>ad</span> <span class='ocrx_word' id='word_1_128' title='bbox 1577 970 1779 1014; x_wconf 88' lang='lat' dir='ltr'>divinam</span> <span class='ocrx_word' id='word_1_129' title='bbox 1822 971 2138 1030; x_wconf 88' lang='lat' dir='ltr'>cognitionem</span> 
     </span>
    </p>
   </div>
   <div class='ocr_carea' id='block_1_4' title="bbox 164 1035 2138 2172">
    <p class='ocr_par' dir='ltr' id='par_1_5' title="bbox 164 1035 2138 2089">
     <span class='ocr_line' id='line_1_13' title="bbox 171 1035 2138 1096; baseline 0 -16"><span class='ocrx_word' id='word_1_130' title='bbox 171 1035 287 1091; x_wconf 85' lang='lat' dir='ltr'>Filii,</span> <span class='ocrx_word' id='word_1_131' title='bbox 319 1049 458 1096; x_wconf 87' lang='lat' dir='ltr'>quem</span> <span class='ocrx_word' id='word_1_132' title='bbox 489 1037 721 1095; x_wconf 90' lang='lat' dir='ltr'>ponebant</span> <span class='ocrx_word' id='word_1_133' title='bbox 752 1051 850 1081; x_wconf 91' lang='lat' dir='ltr'>esse</span> <span class='ocrx_word' id='word_1_134' title='bbox 876 1037 1106 1082; x_wconf 88' lang='lat' dir='ltr'>minorem</span> <span class='ocrx_word' id='word_1_135' title='bbox 1137 1037 1271 1082; x_wconf 90' lang='lat' dir='ltr'>Patre</span> <span class='ocrx_word' id='word_1_136' title='bbox 1298 1047 1519 1096; x_wconf 89' lang='lat' dir='ltr'>quantum</span> <span class='ocrx_word' id='word_1_137' title='bbox 1547 1037 1602 1081; x_wconf 90' lang='lat' dir='ltr'>ad</span> <span class='ocrx_word' id='word_1_138' title='bbox 1628 1037 1891 1092; x_wconf 87' lang='lat' dir='ltr'>scientiam;</span> <span class='ocrx_word' id='word_1_139' title='bbox 1918 1038 1998 1082; x_wconf 91' lang='lat' dir='ltr'>sed</span> <span class='ocrx_word' id='word_1_140' title='bbox 2019 1036 2138 1082; x_wconf 89' lang='lat' dir='ltr'>istud</span> 
     </span>
     <span class='ocr_line' id='line_1_14' title="bbox 171 1104 2136 1164; baseline -0.001 -16"><span class='ocrx_word' id='word_1_141' title='bbox 171 1112 294 1148; x_wconf 86' lang='lat' dir='ltr'>stare</span> <span class='ocrx_word' id='word_1_142' title='bbox 320 1116 415 1149; x_wconf 90' lang='lat' dir='ltr'>non</span> <span class='ocrx_word' id='word_1_143' title='bbox 440 1113 612 1163; x_wconf 88' lang='lat' dir='ltr'>potest:</span> <span class='ocrx_word' id='word_1_144' title='bbox 640 1104 746 1163; x_wconf 88' lang='lat' dir='ltr'>quia</span> <span class='ocrx_word' id='word_1_145' title='bbox 771 1112 849 1164; x_wconf 84' lang='lat' dir='ltr'>per</span> <span class='ocrx_word' id='word_1_146' title='bbox 879 1105 1059 1149; x_wconf 79' lang='lat' dir='ltr'>Verbum</span> <span class='ocrx_word' id='word_1_147' title='bbox 1085 1106 1170 1149; x_wconf 81' lang='lat' dir='ltr'>Dei</span> <span class='ocrx_word' id='word_1_148' title='bbox 1197 1105 1315 1162; x_wconf 85' lang='lat' dir='ltr'>facta</span> <span class='ocrx_word' id='word_1_149' title='bbox 1339 1111 1436 1150; x_wconf 83' lang='lat' dir='ltr'>sunt</span> <span class='ocrx_word' id='word_1_150' title='bbox 1459 1106 1618 1159; x_wconf 87' lang='lat' dir='ltr'>omnia,</span> <span class='ocrx_word' id='word_1_151' title='bbox 1648 1113 1696 1148; x_wconf 93' lang='lat' dir='ltr'>ut</span> <span class='ocrx_word' id='word_1_152' title='bbox 1723 1104 1885 1148; x_wconf 89' lang='lat' dir='ltr'>dicitur</span> <span class='ocrx_word' id='word_1_153' title='bbox 1905 1104 2035 1162; x_wconf 90' lang='lat' dir='ltr'>Joan.</span> <span class='ocrx_word' id='word_1_154' title='bbox 2075 1117 2136 1158; x_wconf 89' lang='lat'>1.;</span> 
     </span>
     <span class='ocr_line' id='line_1_15' title="bbox 170 1170 2136 1232; baseline 0 -17"><span class='ocrx_word' id='word_1_155' title='bbox 170 1179 216 1215; x_wconf 89' lang='lat' dir='ltr'>et</span> <span class='ocrx_word' id='word_1_156' title='bbox 238 1170 358 1215; x_wconf 87' lang='lat' dir='ltr'>inter</span> <span class='ocrx_word' id='word_1_157' title='bbox 383 1170 472 1215; x_wconf 89' lang='lat' dir='ltr'>alia</span> <span class='ocrx_word' id='word_1_158' title='bbox 488 1171 612 1230; x_wconf 78' lang='lat' dir='ltr'>facta</span> <span class='ocrx_word' id='word_1_159' title='bbox 632 1177 726 1216; x_wconf 84' lang='lat' dir='ltr'>sunt</span> <span class='ocrx_word' id='word_1_160' title='bbox 751 1172 890 1215; x_wconf 89' lang='lat' dir='ltr'>etiam</span> <span class='ocrx_word' id='word_1_161' title='bbox 911 1180 991 1232; x_wconf 75' lang='lat' dir='ltr'>per</span> <span class='ocrx_word' id='word_1_162' title='bbox 1011 1174 1145 1231; x_wconf 85' lang='lat' dir='ltr'>ipsum</span> <span class='ocrx_word' id='word_1_163' title='bbox 1168 1174 1308 1215; x_wconf 86' lang='lat' dir='ltr'>omnia</span> <span class='ocrx_word' id='word_1_164' title='bbox 1325 1178 1540 1231; x_wconf 71' lang='lat' dir='ltr'>tempora:</span> <span class='ocrx_word' id='word_1_165' title='bbox 1566 1171 1682 1215; x_wconf 87' lang='lat' dir='ltr'>nihil</span> <span class='ocrx_word' id='word_1_166' title='bbox 1700 1181 1853 1216; x_wconf 89' lang='lat' dir='ltr'>autem</span> <span class='ocrx_word' id='word_1_167' title='bbox 1880 1186 1960 1230; x_wconf 91' lang='lat' dir='ltr'>per</span> <span class='ocrx_word' id='word_1_168' title='bbox 1985 1172 2136 1230; x_wconf 90' lang='lat' dir='ltr'>ipsum</span> 
     </span>
     <span class='ocr_line' id='line_1_16' title="bbox 167 1236 2130 1298; baseline 0.001 -16"><span class='ocrx_word' id='word_1_169' title='bbox 167 1236 340 1283; x_wconf 84' lang='lat' dir='ltr'>factum</span> <span class='ocrx_word' id='word_1_170' title='bbox 365 1247 448 1292; x_wconf 91' lang='lat' dir='ltr'>est,</span> <span class='ocrx_word' id='word_1_171' title='bbox 474 1237 598 1297; x_wconf 91' lang='lat' dir='ltr'>quod</span> <span class='ocrx_word' id='word_1_172' title='bbox 625 1239 679 1282; x_wconf 90' lang='lat' dir='ltr'>ab</span> <span class='ocrx_word' id='word_1_173' title='bbox 699 1252 755 1283; x_wconf 92' lang='lat' dir='ltr'>eo</span> <span class='ocrx_word' id='word_1_174' title='bbox 781 1239 1040 1298; x_wconf 85' lang='lat' dir='ltr'>ignoretur3</span> <span class='ocrx_word' id='word_1_175' title='bbox 1064 1239 1229 1283; x_wconf 88' lang='lat' dir='ltr'>dicitur</span> <span class='ocrx_word' id='word_1_176' title='bbox 1251 1253 1361 1298; x_wconf 89' lang='lat' dir='ltr'>ergo</span> <span class='ocrx_word' id='word_1_177' title='bbox 1387 1239 1564 1283; x_wconf 89' lang='lat' dir='ltr'>nescire</span> <span class='ocrx_word' id='word_1_178' title='bbox 1591 1239 1715 1294; x_wconf 80' lang='lat' dir='ltr'>diem,</span> <span class='ocrx_word' id='word_1_179' title='bbox 1736 1248 1780 1283; x_wconf 92' lang='lat' dir='ltr'>et</span> <span class='ocrx_word' id='word_1_180' title='bbox 1796 1239 1944 1283; x_wconf 86' lang='lat' dir='ltr'>horam</span> <span class='ocrx_word' id='word_1_181' title='bbox 1958 1239 2130 1298; x_wconf 86' lang='lat' dir='ltr'>judicii,</span> 
     </span>
     <span class='ocr_line' id='line_1_17' title="bbox 166 1304 2134 1365; baseline 0 -16"><span class='ocrx_word' id='word_1_182' title='bbox 166 1304 275 1365; x_wconf 86' lang='lat' dir='ltr'>quia</span> <span class='ocrx_word' id='word_1_183' title='bbox 298 1317 393 1349; x_wconf 87' lang='lat' dir='ltr'>non</span> <span class='ocrx_word' id='word_1_184' title='bbox 418 1304 527 1350; x_wconf 88' lang='lat' dir='ltr'>facit</span> <span class='ocrx_word' id='word_1_185' title='bbox 552 1305 690 1351; x_wconf 81' lang='lat' dir='ltr'>scire:</span> <span class='ocrx_word' id='word_1_186' title='bbox 718 1307 1022 1365; x_wconf 89' lang='lat' dir='ltr'>interrogatus</span> <span class='ocrx_word' id='word_1_187' title='bbox 1045 1306 1172 1351; x_wconf 88' lang='lat' dir='ltr'>enim</span> <span class='ocrx_word' id='word_1_188' title='bbox 1198 1321 1334 1365; x_wconf 90' lang='lat' dir='ltr'>super</span> <span class='ocrx_word' id='word_1_189' title='bbox 1358 1306 1449 1351; x_wconf 92' lang='lat' dir='ltr'>hoc</span> <span class='ocrx_word' id='word_1_190' title='bbox 1478 1307 1532 1351; x_wconf 89' lang='lat' dir='ltr'>ab</span> <span class='ocrx_word' id='word_1_191' title='bbox 1559 1305 1799 1365; x_wconf 90' lang='lat' dir='ltr'>Apostolis</span> <span class='ocrx_word' id='word_1_192' title='bbox 1822 1305 1926 1350; x_wconf 91' lang='lat' dir='ltr'>Act.</span> <span class='ocrx_word' id='word_1_193' title='bbox 1960 1319 2011 1360; x_wconf 92' lang='lat'>1.,</span> <span class='ocrx_word' id='word_1_194' title='bbox 2043 1305 2134 1349; x_wconf 91' lang='lat' dir='ltr'>hoc</span> 
     </span>
     <span class='ocr_line' id='line_1_18' title="bbox 168 1371 2137 1432; baseline 0 -15"><span class='ocrx_word' id='word_1_195' title='bbox 168 1372 234 1418; x_wconf 88' lang='lat' dir='ltr'>eis</span> <span class='ocrx_word' id='word_1_196' title='bbox 253 1371 403 1417; x_wconf 88' lang='lat' dir='ltr'>noluit</span> <span class='ocrx_word' id='word_1_197' title='bbox 422 1371 648 1427; x_wconf 83' lang='lat' dir='ltr'>revelare3</span> <span class='ocrx_word' id='word_1_198' title='bbox 674 1373 792 1418; x_wconf 87' lang='lat' dir='ltr'>sicut</span> <span class='ocrx_word' id='word_1_199' title='bbox 813 1387 838 1417; x_wconf 89' lang='lat' dir='ltr'>e</span> <span class='ocrx_word' id='word_1_200' title='bbox 861 1373 1091 1418; x_wconf 88' lang='lat' dir='ltr'>contrario</span> <span class='ocrx_word' id='word_1_201' title='bbox 1123 1373 1289 1432; x_wconf 89' lang='lat' dir='ltr'>legitur</span> <span class='ocrx_word' id='word_1_202' title='bbox 1313 1373 1430 1418; x_wconf 91' lang='lat' dir='ltr'>Gen.</span> <span class='ocrx_word' id='word_1_203' title='bbox 1458 1385 1553 1419; x_wconf 89' lang='lat'>22.:</span> <span class='ocrx_word' id='word_1_204' title='bbox 1581 1374 1707 1419; x_wconf 84' lang='lat' dir='ltr'>Nunc</span> <span class='ocrx_word' id='word_1_205' title='bbox 1730 1374 1921 1432; x_wconf 83' lang='lat' dir='ltr'>cognovi,</span> <span class='ocrx_word' id='word_1_206' title='bbox 1950 1372 2058 1432; x_wconf 87' lang='lat' dir='ltr'>quod</span> <span class='ocrx_word' id='word_1_207' title='bbox 2091 1375 2137 1418; x_wconf 83' lang='lat' dir='ltr'>ti-</span> 
     </span>
     <span class='ocr_line' id='line_1_19' title="bbox 165 1436 2135 1499; baseline -0.001 -14"><span class='ocrx_word' id='word_1_208' title='bbox 165 1453 278 1485; x_wconf 71' lang='lat' dir='ltr'>meas</span> <span class='ocrx_word' id='word_1_209' title='bbox 307 1440 464 1494; x_wconf 79' lang='lat' dir='ltr'>Deum,</span> <span class='ocrx_word' id='word_1_210' title='bbox 502 1439 620 1484; x_wconf 88' lang='lat' dir='ltr'>idest</span> <span class='ocrx_word' id='word_1_211' title='bbox 644 1454 766 1484; x_wconf 91' lang='lat' dir='ltr'>nunc</span> <span class='ocrx_word' id='word_1_212' title='bbox 793 1454 1078 1499; x_wconf 87' lang='lat' dir='ltr'>cognoscere</span> <span class='ocrx_word' id='word_1_213' title='bbox 1106 1450 1151 1485; x_wconf 89' lang='lat' dir='ltr'>te</span> <span class='ocrx_word' id='word_1_214' title='bbox 1183 1440 1291 1487; x_wconf 87' lang='lat' dir='ltr'>feci:</span> <span class='ocrx_word' id='word_1_215' title='bbox 1330 1436 1495 1485; x_wconf 83' lang='lat' dir='ltr'>dicitur</span> <span class='ocrx_word' id='word_1_216' title='bbox 1521 1450 1674 1485; x_wconf 84' lang='lat' dir='ltr'>autem</span> <span class='ocrx_word' id='word_1_217' title='bbox 1710 1440 1846 1485; x_wconf 91' lang='lat' dir='ltr'>Pater</span> <span class='ocrx_word' id='word_1_218' title='bbox 1871 1440 2002 1494; x_wconf 91' lang='lat' dir='ltr'>scire,</span> <span class='ocrx_word' id='word_1_219' title='bbox 2029 1442 2135 1499; x_wconf 88' lang='lat' dir='ltr'>quia</span> 
     </span>
     <span class='ocr_line' id='line_1_20' title="bbox 164 1504 2133 1568; baseline 0 -17"><span class='ocrx_word' id='word_1_220' title='bbox 164 1504 433 1566; x_wconf 88' lang='lat' dir='ltr'>hujusmodi</span> <span class='ocrx_word' id='word_1_221' title='bbox 457 1507 772 1566; x_wconf 87' lang='lat' dir='ltr'>cognitionem</span> <span class='ocrx_word' id='word_1_222' title='bbox 803 1507 987 1552; x_wconf 86' lang='lat' dir='ltr'>tradidit</span> <span class='ocrx_word' id='word_1_223' title='bbox 1010 1507 1149 1563; x_wconf 89' lang='lat' dir='ltr'>Filio;</span> <span class='ocrx_word' id='word_1_224' title='bbox 1177 1507 1296 1552; x_wconf 91' lang='lat' dir='ltr'>unde</span> <span class='ocrx_word' id='word_1_225' title='bbox 1337 1508 1383 1551; x_wconf 91' lang='lat' dir='ltr'>in</span> <span class='ocrx_word' id='word_1_226' title='bbox 1421 1508 1513 1552; x_wconf 91' lang='lat' dir='ltr'>hoc</span> <span class='ocrx_word' id='word_1_227' title='bbox 1554 1509 1654 1568; x_wconf 87' lang='lat' dir='ltr'>ipso</span> <span class='ocrx_word' id='word_1_228' title='bbox 1685 1507 1809 1567; x_wconf 92' lang='lat' dir='ltr'>quod</span> <span class='ocrx_word' id='word_1_229' title='bbox 1842 1507 2018 1562; x_wconf 90' lang='lat' dir='ltr'>dicitur,</span> <span class='ocrx_word' id='word_1_230' title='bbox 2051 1509 2133 1552; x_wconf 81' lang='lat' dir='ltr'>nisi</span> 
     </span>
     <span class='ocr_line' id='line_1_21' title="bbox 166 1573 2137 1651; baseline 0 -33"><span class='ocrx_word' id='word_1_231' title='bbox 166 1573 307 1629; x_wconf 75' lang='lat' dir='ltr'>Pater,</span> <span class='ocrx_word' id='word_1_232' title='bbox 334 1573 464 1619; x_wconf 90' lang='lat' dir='ltr'>datur</span> <span class='ocrx_word' id='word_1_233' title='bbox 491 1573 707 1651; x_wconf 88' lang='lat' dir='ltr'>intelligi,</span> <span class='ocrx_word' id='word_1_234' title='bbox 726 1574 850 1634; x_wconf 88' lang='lat' dir='ltr'>quod</span> <span class='ocrx_word' id='word_1_235' title='bbox 875 1574 1016 1619; x_wconf 89' lang='lat' dir='ltr'>Filius</span> <span class='ocrx_word' id='word_1_236' title='bbox 1053 1575 1304 1634; x_wconf 86' lang='lat' dir='ltr'>cognoscit,</span> <span class='ocrx_word' id='word_1_237' title='bbox 1338 1585 1382 1619; x_wconf 93' lang='lat' dir='ltr'>et</span> <span class='ocrx_word' id='word_1_238' title='bbox 1403 1589 1498 1620; x_wconf 91' lang='lat' dir='ltr'>non</span> <span class='ocrx_word' id='word_1_239' title='bbox 1525 1574 1678 1620; x_wconf 90' lang='lat' dir='ltr'>solum</span> <span class='ocrx_word' id='word_1_240' title='bbox 1709 1584 1932 1634; x_wconf 87' lang='lat' dir='ltr'>quantum</span> <span class='ocrx_word' id='word_1_241' title='bbox 1953 1574 2009 1618; x_wconf 90' lang='lat' dir='ltr'>ad</span> <span class='ocrx_word' id='word_1_242' title='bbox 2027 1573 2137 1618; x_wconf 85' lang='lat' dir='ltr'>divi-</span> 
     </span>
     <span class='ocr_line' id='line_1_22' title="bbox 167 1641 2136 1720; baseline -0.001 -35"><span class='ocrx_word' id='word_1_243' title='bbox 167 1653 277 1686; x_wconf 88' lang='lat' dir='ltr'>nam</span> <span class='ocrx_word' id='word_1_244' title='bbox 301 1650 527 1696; x_wconf 85' lang='lat' dir='ltr'>naturam,</span> <span class='ocrx_word' id='word_1_245' title='bbox 549 1642 628 1686; x_wconf 90' lang='lat' dir='ltr'>sed</span> <span class='ocrx_word' id='word_1_246' title='bbox 651 1642 790 1686; x_wconf 90' lang='lat' dir='ltr'>etiam</span> <span class='ocrx_word' id='word_1_247' title='bbox 817 1652 1038 1701; x_wconf 88' lang='lat' dir='ltr'>quantum</span> <span class='ocrx_word' id='word_1_248' title='bbox 1071 1642 1127 1686; x_wconf 89' lang='lat' dir='ltr'>ad</span> <span class='ocrx_word' id='word_1_249' title='bbox 1153 1642 1428 1686; x_wconf 86' lang='lat' dir='ltr'>humanam.</span> <span class='ocrx_word' id='word_1_250' title='bbox 1461 1642 1582 1701; x_wconf 90' lang='lat' dir='ltr'>quia,</span> <span class='ocrx_word' id='word_1_251' title='bbox 1616 1651 1665 1686; x_wconf 92' lang='lat' dir='ltr'>ut</span> <span class='ocrx_word' id='word_1_252' title='bbox 1692 1641 1857 1720; x_wconf 88' lang='lat' dir='ltr'>Chrys.</span> <span class='ocrx_word' id='word_1_253' title='bbox 1896 1654 2136 1700; x_wconf 88' lang='lat' dir='ltr'>argumen-</span> 
     </span>
     <span class='ocr_line' id='line_1_23' title="bbox 165 1698 2136 1769; baseline 0 -16"><span class='ocrx_word' id='word_1_254' title='bbox 165 1716 287 1753; x_wconf 83' lang='lat' dir='ltr'>tatur</span> <span class='ocrx_word' id='word_1_255' title='bbox 311 1709 443 1767; x_wconf 86' lang='lat' dir='ltr'>(hom.</span> <span class='ocrx_word' id='word_1_256' title='bbox 476 1710 544 1768; x_wconf 90' lang='lat'>78.</span> <span class='ocrx_word' id='word_1_257' title='bbox 571 1698 840 1767; x_wconf 60' lang='lat' dir='ltr'>ivstMatth.),</span> <span class='ocrx_word' id='word_1_258' title='bbox 875 1710 913 1754; x_wconf 93' lang='lat' dir='ltr'>si</span> <span class='ocrx_word' id='word_1_259' title='bbox 945 1709 1132 1754; x_wconf 91' lang='lat' dir='ltr'>Christo</span> <span class='ocrx_word' id='word_1_260' title='bbox 1164 1709 1344 1755; x_wconf 90' lang='lat' dir='ltr'>homini</span> <span class='ocrx_word' id='word_1_261' title='bbox 1381 1711 1536 1754; x_wconf 86' lang='lat' dir='ltr'>datum</span> <span class='ocrx_word' id='word_1_262' title='bbox 1584 1718 1665 1765; x_wconf 91' lang='lat' dir='ltr'>est,</span> <span class='ocrx_word' id='word_1_263' title='bbox 1708 1719 1756 1754; x_wconf 92' lang='lat' dir='ltr'>ut</span> <span class='ocrx_word' id='word_1_264' title='bbox 1788 1709 1903 1754; x_wconf 91' lang='lat' dir='ltr'>sciat</span> <span class='ocrx_word' id='word_1_265' title='bbox 1944 1708 2136 1769; x_wconf 89' lang='lat' dir='ltr'>qualiter</span> 
     </span>
     <span class='ocr_line' id='line_1_24' title="bbox 167 1776 2136 1836; baseline 0.001 -17"><span class='ocrx_word' id='word_1_266' title='bbox 167 1784 379 1835; x_wconf 84' lang='lat' dir='ltr'>oporteat</span> <span class='ocrx_word' id='word_1_267' title='bbox 407 1776 624 1835; x_wconf 89' lang='lat' dir='ltr'>judicare,</span> <span class='ocrx_word' id='word_1_268' title='bbox 655 1776 779 1835; x_wconf 91' lang='lat' dir='ltr'>quod</span> <span class='ocrx_word' id='word_1_269' title='bbox 812 1787 880 1821; x_wconf 92' lang='lat' dir='ltr'>est</span> <span class='ocrx_word' id='word_1_270' title='bbox 912 1778 1074 1836; x_wconf 90' lang='lat' dir='ltr'>majus,</span> <span class='ocrx_word' id='word_1_271' title='bbox 1108 1776 1254 1827; x_wconf 90' lang='lat' dir='ltr'>multo</span> <span class='ocrx_word' id='word_1_272' title='bbox 1296 1777 1445 1835; x_wconf 90' lang='lat' dir='ltr'>magis</span> <span class='ocrx_word' id='word_1_273' title='bbox 1472 1777 1631 1821; x_wconf 91' lang='lat' dir='ltr'>datum</span> <span class='ocrx_word' id='word_1_274' title='bbox 1664 1786 1731 1821; x_wconf 86' lang='lat' dir='ltr'>est</span> <span class='ocrx_word' id='word_1_275' title='bbox 1757 1776 1800 1820; x_wconf 91' lang='lat' dir='ltr'>ei</span> <span class='ocrx_word' id='word_1_276' title='bbox 1834 1776 1965 1830; x_wconf 92' lang='lat' dir='ltr'>scire,</span> <span class='ocrx_word' id='word_1_277' title='bbox 2011 1776 2136 1836; x_wconf 90' lang='lat' dir='ltr'>quod</span> 
     </span>
     <span class='ocr_line' id='line_1_25' title="bbox 166 1842 2134 1904; baseline 0.001 -18"><span class='ocrx_word' id='word_1_278' title='bbox 166 1842 319 1887; x_wconf 86' lang='lat' dir='ltr'>minus</span> <span class='ocrx_word' id='word_1_279' title='bbox 351 1852 432 1898; x_wconf 83' lang='lat' dir='ltr'>est,</span> <span class='ocrx_word' id='word_1_280' title='bbox 463 1842 639 1888; x_wconf 90' lang='lat' dir='ltr'>scilicet</span> <span class='ocrx_word' id='word_1_281' title='bbox 668 1854 849 1903; x_wconf 91' lang='lat' dir='ltr'>tempus</span> <span class='ocrx_word' id='word_1_282' title='bbox 873 1844 1054 1903; x_wconf 86' lang='lat' dir='ltr'>judicii:</span> <span class='ocrx_word' id='word_1_283' title='bbox 1076 1843 1305 1903; x_wconf 89' lang='lat' dir='ltr'>Origenes</span> <span class='ocrx_word' id='word_1_284' title='bbox 1323 1853 1480 1889; x_wconf 88' lang='lat' dir='ltr'>tamen</span> <span class='ocrx_word' id='word_1_285' title='bbox 1510 1844 1650 1901; x_wconf 85' lang='lat' dir='ltr'>(tract.</span> <span class='ocrx_word' id='word_1_286' title='bbox 1679 1859 1745 1904; x_wconf 80' lang='lat'>30.</span> <span class='ocrx_word' id='word_1_287' title='bbox 1772 1845 1817 1888; x_wconf 85' lang='lat' dir='ltr'>in</span> <span class='ocrx_word' id='word_1_288' title='bbox 1844 1843 2017 1900; x_wconf 84' lang='lat' dir='ltr'>Matth.)</span> <span class='ocrx_word' id='word_1_289' title='bbox 2043 1843 2134 1888; x_wconf 92' lang='lat' dir='ltr'>hoc</span> 
     </span>
     <span class='ocr_line' id='line_1_26' title="bbox 167 1910 2135 1970; baseline -0.001 -15"><span class='ocrx_word' id='word_1_290' title='bbox 167 1910 353 1969; x_wconf 82' lang='lat' dir='ltr'>exponit</span> <span class='ocrx_word' id='word_1_291' title='bbox 371 1910 426 1955; x_wconf 93' lang='lat' dir='ltr'>de</span> <span class='ocrx_word' id='word_1_292' title='bbox 444 1910 632 1955; x_wconf 91' lang='lat' dir='ltr'>Christo</span> <span class='ocrx_word' id='word_1_293' title='bbox 659 1911 912 1955; x_wconf 89' lang='lat' dir='ltr'>secundum</span> <span class='ocrx_word' id='word_1_294' title='bbox 935 1925 1100 1970; x_wconf 89' lang='lat' dir='ltr'>corpus</span> <span class='ocrx_word' id='word_1_295' title='bbox 1119 1913 1215 1970; x_wconf 83' lang='lat' dir='ltr'>ejus</span> <span class='ocrx_word' id='word_1_296' title='bbox 1243 1911 1365 1970; x_wconf 92' lang='lat' dir='ltr'>quod</span> <span class='ocrx_word' id='word_1_297' title='bbox 1384 1921 1453 1955; x_wconf 90' lang='lat' dir='ltr'>est</span> <span class='ocrx_word' id='word_1_298' title='bbox 1469 1911 1690 1968; x_wconf 87' lang='lat' dir='ltr'>Ecclesia,</span> <span class='ocrx_word' id='word_1_299' title='bbox 1705 1925 1821 1970; x_wconf 89' lang='lat' dir='ltr'>quae</span> <span class='ocrx_word' id='word_1_300' title='bbox 1847 1910 1937 1954; x_wconf 91' lang='lat' dir='ltr'>hoc</span> <span class='ocrx_word' id='word_1_301' title='bbox 1955 1920 2135 1969; x_wconf 90' lang='lat' dir='ltr'>tempus</span> 
     </span>
     <span class='ocr_line' id='line_1_27' title="bbox 164 1976 2131 2037; baseline -0.001 -15"><span class='ocrx_word' id='word_1_302' title='bbox 164 1976 369 2036; x_wconf 85' lang='lat' dir='ltr'>ignorat:</span> <span class='ocrx_word' id='word_1_303' title='bbox 403 1978 588 2037; x_wconf 88' lang='lat' dir='ltr'>quidam</span> <span class='ocrx_word' id='word_1_304' title='bbox 612 1988 766 2023; x_wconf 86' lang='lat' dir='ltr'>autem</span> <span class='ocrx_word' id='word_1_305' title='bbox 791 1978 962 2033; x_wconf 91' lang='lat' dir='ltr'>dicunt,</span> <span class='ocrx_word' id='word_1_306' title='bbox 983 1978 1075 2022; x_wconf 92' lang='lat' dir='ltr'>hoc</span> <span class='ocrx_word' id='word_1_307' title='bbox 1094 1991 1193 2023; x_wconf 89' lang='lat' dir='ltr'>esse</span> <span class='ocrx_word' id='word_1_308' title='bbox 1224 1977 1573 2037; x_wconf 90' lang='lat' dir='ltr'>intelligendum</span> <span class='ocrx_word' id='word_1_309' title='bbox 1591 1978 1646 2022; x_wconf 91' lang='lat' dir='ltr'>de</span> <span class='ocrx_word' id='word_1_310' title='bbox 1670 1977 1764 2022; x_wconf 91' lang='lat' dir='ltr'>filio</span> <span class='ocrx_word' id='word_1_311' title='bbox 1782 1978 1872 2022; x_wconf 88' lang='lat' dir='ltr'>Dei</span> <span class='ocrx_word' id='word_1_312' title='bbox 1899 1977 2131 2037; x_wconf 90' lang='lat' dir='ltr'>adoptivo,</span> 
     </span>
     <span class='ocr_line' id='line_1_28' title="bbox 164 2043 704 2089; baseline 0.002 -1"><span class='ocrx_word' id='word_1_313' title='bbox 164 2057 260 2089; x_wconf 88' lang='lat' dir='ltr'>non</span> <span class='ocrx_word' id='word_1_314' title='bbox 291 2044 348 2089; x_wconf 93' lang='lat' dir='ltr'>de</span> <span class='ocrx_word' id='word_1_315' title='bbox 372 2043 468 2089; x_wconf 89' lang='lat' dir='ltr'>filio</span> <span class='ocrx_word' id='word_1_316' title='bbox 494 2045 704 2089; x_wconf 87' lang='lat' dir='ltr'>naturali.</span> 
     </span>
    </p>

    <p class='ocr_par' dir='ltr' id='par_1_6' title="bbox 164 2111 2132 2172">
     <span class='ocr_line' id='line_1_29' title="bbox 164 2111 2132 2172; baseline -0.001 -15"><span class='ocrx_word' id='word_1_317' title='bbox 164 2123 171 2126; x_wconf 84' lang='grc'><em>·</em></span> <span class='ocrx_word' id='word_1_318' title='bbox 252 2112 330 2157; x_wconf 86' lang='lat' dir='ltr'>An</span> <span class='ocrx_word' id='word_1_319' title='bbox 356 2125 618 2158; x_wconf 76' lang='lat' dir='ltr'>SECUNDUM</span> <span class='ocrx_word' id='word_1_320' title='bbox 649 2113 909 2167; x_wconf 90' lang='lat' dir='ltr'>dicendum,</span> <span class='ocrx_word' id='word_1_321' title='bbox 927 2113 1050 2172; x_wconf 91' lang='lat' dir='ltr'>quod</span> <span class='ocrx_word' id='word_1_322' title='bbox 1067 2113 1194 2157; x_wconf 90' lang='lat' dir='ltr'>Deus</span> <span class='ocrx_word' id='word_1_323' title='bbox 1219 2112 1447 2157; x_wconf 87' lang='lat' dir='ltr'>intantum</span> <span class='ocrx_word' id='word_1_324' title='bbox 1464 2111 1705 2170; x_wconf 90' lang='lat' dir='ltr'>perfectius</span> <span class='ocrx_word' id='word_1_325' title='bbox 1733 2111 1975 2170; x_wconf 90' lang='lat' dir='ltr'>cognoscit</span> <span class='ocrx_word' id='word_1_326' title='bbox 2001 2126 2132 2156; x_wconf 89' lang='lat' dir='ltr'>suam</span> 
     </span>
    </p>
   </div>
   <div class='ocr_carea' id='block_1_5' title="bbox 86 2179 2133 2306">
    <p class='ocr_par' dir='ltr' id='par_1_7' title="bbox 55 2162 2133 2306">
     <span class='ocr_line' id='line_1_30' title="bbox 164 2179 2133 2239; baseline -0.001 -15.105"><span class='ocrx_word' id='word_1_327' title='bbox 164 2181 424 2234; x_wconf 71' lang='lat' dir='ltr'>essentiam,</span> <span class='ocrx_word' id='word_1_328' title='bbox 450 2193 589 2239; x_wconf 91' lang='lat' dir='ltr'>quam</span> <span class='ocrx_word' id='word_1_329' title='bbox 612 2180 766 2224; x_wconf 90' lang='lat' dir='ltr'>anima</span> <span class='ocrx_word' id='word_1_330' title='bbox 793 2180 978 2234; x_wconf 90' lang='lat' dir='ltr'>Christi,</span> <span class='ocrx_word' id='word_1_331' title='bbox 1006 2180 1128 2239; x_wconf 89' lang='lat' dir='ltr'>quod</span> <span class='ocrx_word' id='word_1_332' title='bbox 1163 2194 1267 2224; x_wconf 88' lang='lat' dir='ltr'>eam</span> <span class='ocrx_word' id='word_1_333' title='bbox 1295 2180 1668 2238; x_wconf 84' lang='lat' dir='ltr'>comprehendit3</span> <span class='ocrx_word' id='word_1_334' title='bbox 1693 2189 1737 2223; x_wconf 88' lang='lat' dir='ltr'>et</span> <span class='ocrx_word' id='word_1_335' title='bbox 1757 2179 1863 2224; x_wconf 93' lang='lat' dir='ltr'>ideo</span> <span class='ocrx_word' id='word_1_336' title='bbox 1891 2180 2133 2237; x_wconf 90' lang='lat' dir='ltr'>cognoscit</span> 
     </span>
     <span class='ocr_line' id='line_1_31' title="bbox 86 2241 2130 2306; baseline -0.002 -11.033"><span class='ocrx_word' id='word_1_337' title='bbox 86 2241 93 2265; x_wconf 42' lang='lat' dir='ltr'>s</span> <span class='ocrx_word' id='word_1_338' title='bbox 161 2246 338 2302; x_wconf 80' lang='lat' dir='ltr'>omnia,</span> <span class='ocrx_word' id='word_1_339' title='bbox 360 2260 458 2291; x_wconf 88' lang='lat' dir='ltr'>non</span> <span class='ocrx_word' id='word_1_340' title='bbox 483 2247 637 2291; x_wconf 91' lang='lat' dir='ltr'>solum</span> <span class='ocrx_word' id='word_1_341' title='bbox 663 2261 779 2306; x_wconf 92' lang='lat' dir='ltr'>quae</span> <span class='ocrx_word' id='word_1_342' title='bbox 805 2257 910 2291; x_wconf 90' lang='lat' dir='ltr'>sunt</span> <span class='ocrx_word' id='word_1_343' title='bbox 935 2249 981 2291; x_wconf 90' lang='lat' dir='ltr'>in</span> <span class='ocrx_word' id='word_1_344' title='bbox 1025 2257 1127 2291; x_wconf 91' lang='lat' dir='ltr'>actu</span> <span class='ocrx_word' id='word_1_345' title='bbox 1154 2246 1408 2291; x_wconf 88' lang='lat' dir='ltr'>secundum</span> <span class='ocrx_word' id='word_1_346' title='bbox 1442 2247 1764 2306; x_wconf 90' lang='lat' dir='ltr'>quodcumque</span> <span class='ocrx_word' id='word_1_347' title='bbox 1790 2256 1985 2304; x_wconf 89' lang='lat' dir='ltr'>tempus,</span> <span class='ocrx_word' id='word_1_348' title='bbox 2013 2260 2130 2305; x_wconf 89' lang='lat' dir='ltr'>quae</span> 
     </span>
    </p>
   </div>
   <div class='ocr_carea' id='block_1_6' title="bbox 163 2312 2130 2373">
    <p class='ocr_par' dir='ltr' id='par_1_8' title="bbox 163 2312 2130 2373">
     <span class='ocr_line' id='line_1_32' title="bbox 163 2312 2130 2373; baseline -0.001 -15"><span class='ocrx_word' id='word_1_349' title='bbox 163 2313 329 2358; x_wconf 84' lang='lat' dir='ltr'>dicitur</span> <span class='ocrx_word' id='word_1_350' title='bbox 353 2326 633 2373; x_wconf 89' lang='lat' dir='ltr'>cognoscere</span> <span class='ocrx_word' id='word_1_351' title='bbox 651 2315 840 2359; x_wconf 89' lang='lat' dir='ltr'>scientia</span> <span class='ocrx_word' id='word_1_352' title='bbox 861 2314 1064 2369; x_wconf 90' lang='lat' dir='ltr'>visionis,</span> <span class='ocrx_word' id='word_1_353' title='bbox 1091 2313 1171 2358; x_wconf 87' lang='lat' dir='ltr'>sed</span> <span class='ocrx_word' id='word_1_354' title='bbox 1189 2314 1328 2358; x_wconf 89' lang='lat' dir='ltr'>etiam</span> <span class='ocrx_word' id='word_1_355' title='bbox 1351 2316 1508 2357; x_wconf 89' lang='lat' dir='ltr'>omnia</span> <span class='ocrx_word' id='word_1_356' title='bbox 1534 2327 1850 2373; x_wconf 90' lang='lat' dir='ltr'>quaecumque</span> <span class='ocrx_word' id='word_1_357' title='bbox 1867 2313 1963 2371; x_wconf 90' lang='lat' dir='ltr'>ipse</span> <span class='ocrx_word' id='word_1_358' title='bbox 1979 2312 2130 2357; x_wconf 84' lang='lat' dir='ltr'>facere</span> 
     </span>
    </p>
   </div>
   <div class='ocr_carea' id='block_1_7' title="bbox 21 2364 2129 2440">
    <p class='ocr_par' dir='ltr' id='par_1_9' title="bbox 21 2364 2129 2452">
     <span class='ocr_line' id='line_1_33' title="bbox 21 2364 2129 2440; baseline -0.003 -11"><span class='ocrx_word' id='word_1_359' title='bbox 21 2369 28 2375; x_wconf 40' lang='lat'>⁸</span> <span class='ocrx_word' id='word_1_360' title='bbox 53 2364 91 2429; x_wconf 27' lang='lat' dir='ltr'>⁴1⁵·ss</span> <span class='ocrx_word' id='word_1_361' title='bbox 164 2389 328 2440; x_wconf 84' lang='lat' dir='ltr'>potest,</span> <span class='ocrx_word' id='word_1_362' title='bbox 342 2394 458 2440; x_wconf 91' lang='lat' dir='ltr'>quae</span> <span class='ocrx_word' id='word_1_363' title='bbox 474 2380 638 2425; x_wconf 89' lang='lat' dir='ltr'>dicitur</span> <span class='ocrx_word' id='word_1_364' title='bbox 659 2395 940 2440; x_wconf 85' lang='lat' dir='ltr'>cognoscere</span> <span class='ocrx_word' id='word_1_365' title='bbox 961 2395 1042 2440; x_wconf 93' lang='lat' dir='ltr'>per</span> <span class='ocrx_word' id='word_1_366' title='bbox 1057 2380 1313 2439; x_wconf 86' lang='lat' dir='ltr'>simplicem</span> <span class='ocrx_word' id='word_1_367' title='bbox 1335 2380 1700 2440; x_wconf 89' lang='lat' dir='ltr'>intelligentiam,</span> <span class='ocrx_word' id='word_1_368' title='bbox 1727 2392 1776 2424; x_wconf 92' lang='lat' dir='ltr'>ut</span> <span class='ocrx_word' id='word_1_369' title='bbox 1792 2382 1837 2424; x_wconf 93' lang='lat' dir='ltr'>in</span> <span class='ocrx_word' id='word_1_370' title='bbox 1859 2394 1894 2423; x_wconf 91' lang='lat'>1.</span> <span class='ocrx_word' id='word_1_371' title='bbox 1922 2379 2129 2424; x_wconf 90' lang='lat' dir='ltr'>habitum</span> 
     </span>
    </p>
   </div>
   <div class='ocr_carea' id='block_1_8' title="bbox 165 2446 2132 2574">
    <p class='ocr_par' dir='ltr' id='par_1_10' title="bbox 165 2446 2132 2574">
     <span class='ocr_line' id='line_1_34' title="bbox 167 2446 2132 2507; baseline -0.001 -14"><span class='ocrx_word' id='word_1_372' title='bbox 167 2455 237 2493; x_wconf 76' lang='lat' dir='ltr'>est</span> <span class='ocrx_word' id='word_1_373' title='bbox 261 2446 319 2507; x_wconf 88' lang='lat' dir='ltr'>(q.</span> <span class='ocrx_word' id='word_1_374' title='bbox 337 2461 402 2505; x_wconf 80' lang='lat'>14.</span> <span class='ocrx_word' id='word_1_375' title='bbox 420 2453 502 2493; x_wconf 80' lang='lat' dir='ltr'>art.</span> <span class='ocrx_word' id='word_1_376' title='bbox 521 2450 603 2507; x_wconf 89' lang='lat'>9.),·</span> <span class='ocrx_word' id='word_1_377' title='bbox 631 2449 716 2493; x_wconf 88' lang='lat' dir='ltr'>scit</span> <span class='ocrx_word' id='word_1_378' title='bbox 727 2462 844 2507; x_wconf 85' lang='lat' dir='ltr'>ergo</span> <span class='ocrx_word' id='word_1_379' title='bbox 863 2449 1016 2493; x_wconf 88' lang='lat' dir='ltr'>anima</span> <span class='ocrx_word' id='word_1_380' title='bbox 1039 2447 1211 2492; x_wconf 90' lang='lat' dir='ltr'>Christi</span> <span class='ocrx_word' id='word_1_381' title='bbox 1239 2448 1410 2502; x_wconf 90' lang='lat' dir='ltr'>omnia,</span> <span class='ocrx_word' id='word_1_382' title='bbox 1428 2462 1544 2507; x_wconf 84' lang='lat' dir='ltr'>quae</span> <span class='ocrx_word' id='word_1_383' title='bbox 1560 2448 1687 2492; x_wconf 91' lang='lat' dir='ltr'>Deus</span> <span class='ocrx_word' id='word_1_384' title='bbox 1713 2448 1760 2491; x_wconf 91' lang='lat' dir='ltr'>in</span> <span class='ocrx_word' id='word_1_385' title='bbox 1787 2447 1938 2507; x_wconf 92' lang='lat' dir='ltr'>seipso</span> <span class='ocrx_word' id='word_1_386' title='bbox 1963 2461 2132 2506; x_wconf 92' lang='lat' dir='ltr'>cogno-</span> 
     </span>
     <span class='ocr_line' id='line_1_35' title="bbox 165 2514 2132 2574; baseline -0.001 -15"><span class='ocrx_word' id='word_1_387' title='bbox 165 2514 253 2560; x_wconf 69' lang='lat' dir='ltr'>scit</span> <span class='ocrx_word' id='word_1_388' title='bbox 275 2528 355 2574; x_wconf 87' lang='lat' dir='ltr'>per</span> <span class='ocrx_word' id='word_1_389' title='bbox 379 2514 619 2559; x_wconf 86' lang='lat' dir='ltr'>scientiam</span> <span class='ocrx_word' id='word_1_390' title='bbox 635 2515 845 2560; x_wconf 89' lang='lat' dir='ltr'>visionis:</span> <span class='ocrx_word' id='word_1_391' title='bbox 872 2529 967 2559; x_wconf 92' lang='lat' dir='ltr'>non</span> <span class='ocrx_word' id='word_1_392' title='bbox 989 2525 1144 2559; x_wconf 91' lang='lat' dir='ltr'>tamen</span> <span class='ocrx_word' id='word_1_393' title='bbox 1172 2515 1342 2569; x_wconf 89' lang='lat' dir='ltr'>omnia,</span> <span class='ocrx_word' id='word_1_394' title='bbox 1361 2530 1477 2574; x_wconf 90' lang='lat' dir='ltr'>quae</span> <span class='ocrx_word' id='word_1_395' title='bbox 1503 2516 1629 2559; x_wconf 91' lang='lat' dir='ltr'>Deus</span> <span class='ocrx_word' id='word_1_396' title='bbox 1655 2515 1701 2558; x_wconf 92' lang='lat' dir='ltr'>in</span> <span class='ocrx_word' id='word_1_397' title='bbox 1719 2515 1871 2573; x_wconf 89' lang='lat' dir='ltr'>seipso</span> <span class='ocrx_word' id='word_1_398' title='bbox 1891 2515 2132 2574; x_wconf 92' lang='lat' dir='ltr'>cognoscit</span> 
     </span>
    </p>
   </div>
   <div class='ocr_carea' id='block_1_9' title="bbox 156 2581 2128 2642">
    <p class='ocr_par' dir='ltr' id='par_1_11' title="bbox 55 2563 2128 2642">
     <span class='ocr_line' id='line_1_36' title="bbox 156 2581 2128 2642; baseline 0 -16"><span class='ocrx_word' id='word_1_399' title='bbox 156 2589 245 2641; x_wconf 22' lang='lat' dir='ltr'>,per</span> <span class='ocrx_word' id='word_1_400' title='bbox 267 2583 505 2626; x_wconf 88' lang='lat' dir='ltr'>scientiam</span> <span class='ocrx_word' id='word_1_401' title='bbox 529 2581 750 2642; x_wconf 89' lang='lat' dir='ltr'>simplicis</span> <span class='ocrx_word' id='word_1_402' title='bbox 775 2582 1133 2641; x_wconf 89' lang='lat' dir='ltr'>intelligentiae;</span> <span class='ocrx_word' id='word_1_403' title='bbox 1156 2591 1200 2626; x_wconf 90' lang='lat' dir='ltr'>et</span> <span class='ocrx_word' id='word_1_404' title='bbox 1224 2582 1287 2626; x_wconf 88' lang='lat' dir='ltr'>ita</span> <span class='ocrx_word' id='word_1_405' title='bbox 1312 2582 1443 2640; x_wconf 87' lang='lat' dir='ltr'>plura</span> <span class='ocrx_word' id='word_1_406' title='bbox 1469 2582 1554 2627; x_wconf 87' lang='lat' dir='ltr'>scit</span> <span class='ocrx_word' id='word_1_407' title='bbox 1579 2583 1706 2626; x_wconf 89' lang='lat' dir='ltr'>Deus</span> <span class='ocrx_word' id='word_1_408' title='bbox 1724 2584 1770 2626; x_wconf 90' lang='lat' dir='ltr'>in</span> <span class='ocrx_word' id='word_1_409' title='bbox 1796 2582 1962 2642; x_wconf 89' lang='lat' dir='ltr'>seipso,</span> <span class='ocrx_word' id='word_1_410' title='bbox 1989 2596 2128 2640; x_wconf 90' lang='lat' dir='ltr'>quam</span> 
     </span>
    </p>
   </div>
   <div class='ocr_carea' id='block_1_10' title="bbox 0 0 106 3762">
    <p class='ocr_par' dir='ltr' id='par_1_12' title="bbox 0 0 106 3762">
     <span class='ocr_line' id='line_1_37' title="bbox 0 0 106 3762; baseline 0 0"><span class='ocrx_word' id='word_1_411' title='bbox 0 0 106 3762; x_wconf 95' lang='lat' dir='ltr'> </span> 
     </span>
    </p>
   </div>
   <div class='ocr_carea' id='block_1_11' title="bbox 59 2648 2132 3381">
    <p class='ocr_par' dir='ltr' id='par_1_13' title="bbox 59 2648 531 2710">
     <span class='ocr_line' id='line_1_38' title="bbox 59 2648 531 2710; baseline 0 -17"><span class='ocrx_word' id='word_1_412' title='bbox 59 2663 86 2710; x_wconf 69' lang='grc' dir='ltr'> </span> <span class='ocrx_word' id='word_1_413' title='bbox 167 2648 321 2693; x_wconf 74' lang='lat' dir='ltr'>anima</span> <span class='ocrx_word' id='word_1_414' title='bbox 345 2648 531 2694; x_wconf 88' lang='lat' dir='ltr'>Christi.</span> 
     </span>
    </p>

    <p class='ocr_par' dir='ltr' id='par_1_14' title="bbox 80 2712 2132 3381">
     <span class='ocr_line' id='line_1_39' title="bbox 80 2712 2129 2776; baseline -0 -16"><span class='ocrx_word' id='word_1_415' title='bbox 80 2712 96 2723; x_wconf 79' lang='grc'><em>”</em></span> <span class='ocrx_word' id='word_1_416' title='bbox 181 2726 214 2750; x_wconf 59' lang='lat'>„2</span> <span class='ocrx_word' id='word_1_417' title='bbox 254 2715 332 2760; x_wconf 83' lang='lat' dir='ltr'>An</span> <span class='ocrx_word' id='word_1_418' title='bbox 358 2727 574 2761; x_wconf 75' lang='lat' dir='ltr'>TERTIUM</span> <span class='ocrx_word' id='word_1_419' title='bbox 607 2716 866 2771; x_wconf 91' lang='lat' dir='ltr'>dicendum,</span> <span class='ocrx_word' id='word_1_420' title='bbox 899 2716 1021 2776; x_wconf 89' lang='lat' dir='ltr'>quod</span> <span class='ocrx_word' id='word_1_421' title='bbox 1058 2715 1284 2776; x_wconf 89' lang='lat' dir='ltr'>quantitas</span> <span class='ocrx_word' id='word_1_422' title='bbox 1325 2716 1542 2761; x_wconf 88' lang='lat' dir='ltr'>scientiae</span> <span class='ocrx_word' id='word_1_423' title='bbox 1579 2730 1674 2760; x_wconf 90' lang='lat' dir='ltr'>non</span> <span class='ocrx_word' id='word_1_424' title='bbox 1706 2714 1858 2760; x_wconf 89' lang='lat' dir='ltr'>solum</span> <span class='ocrx_word' id='word_1_425' title='bbox 1885 2715 2129 2760; x_wconf 90' lang='lat' dir='ltr'>attenditur</span> 
     </span>
     <span class='ocr_line' id='line_1_40' title="bbox 166 2782 2128 2842; baseline -0.002 -13"><span class='ocrx_word' id='word_1_426' title='bbox 166 2782 419 2829; x_wconf 77' lang='lat' dir='ltr'>seeundum</span> <span class='ocrx_word' id='word_1_427' title='bbox 443 2797 688 2828; x_wconf 90' lang='lat' dir='ltr'>numerum</span> <span class='ocrx_word' id='word_1_428' title='bbox 714 2784 959 2838; x_wconf 90' lang='lat' dir='ltr'>scibilium,</span> <span class='ocrx_word' id='word_1_429' title='bbox 991 2784 1069 2828; x_wconf 91' lang='lat' dir='ltr'>sed</span> <span class='ocrx_word' id='word_1_430' title='bbox 1098 2783 1237 2828; x_wconf 92' lang='lat' dir='ltr'>etiam</span> <span class='ocrx_word' id='word_1_431' title='bbox 1263 2784 1517 2828; x_wconf 89' lang='lat' dir='ltr'>secundum</span> <span class='ocrx_word' id='word_1_432' title='bbox 1550 2782 1805 2828; x_wconf 88' lang='lat' dir='ltr'>claritatem</span> <span class='ocrx_word' id='word_1_433' title='bbox 1829 2782 2128 2842; x_wconf 81' lang='lat' dir='ltr'>cognitionis3</span> 
     </span>
     <span class='ocr_line' id='line_1_41' title="bbox 166 2850 2129 2910; baseline -0.001 -16"><span class='ocrx_word' id='word_1_434' title='bbox 166 2850 373 2909; x_wconf 73' lang='lat' dir='ltr'>quamvis</span> <span class='ocrx_word' id='word_1_435' title='bbox 414 2851 550 2910; x_wconf 89' lang='lat' dir='ltr'>igitur</span> <span class='ocrx_word' id='word_1_436' title='bbox 589 2851 780 2896; x_wconf 89' lang='lat' dir='ltr'>scientia</span> <span class='ocrx_word' id='word_1_437' title='bbox 822 2851 1003 2896; x_wconf 90' lang='lat' dir='ltr'>animae</span> <span class='ocrx_word' id='word_1_438' title='bbox 1037 2850 1225 2906; x_wconf 89' lang='lat' dir='ltr'>Christi,</span> <span class='ocrx_word' id='word_1_439' title='bbox 1257 2865 1396 2910; x_wconf 89' lang='lat' dir='ltr'>quam</span> <span class='ocrx_word' id='word_1_440' title='bbox 1423 2851 1563 2895; x_wconf 90' lang='lat' dir='ltr'>habet</span> <span class='ocrx_word' id='word_1_441' title='bbox 1587 2851 1634 2894; x_wconf 89' lang='lat' dir='ltr'>in</span> <span class='ocrx_word' id='word_1_442' title='bbox 1660 2850 1829 2905; x_wconf 90' lang='lat' dir='ltr'>Verbo,</span> <span class='ocrx_word' id='word_1_443' title='bbox 1871 2850 2129 2909; x_wconf 89' lang='lat' dir='ltr'>parificetur</span> 
     </span>
     <span class='ocr_line' id='line_1_42' title="bbox 166 2915 2130 2978; baseline -0.001 -17"><span class='ocrx_word' id='word_1_444' title='bbox 166 2915 381 2962; x_wconf 68' lang='lat' dir='ltr'>udentiae</span> <span class='ocrx_word' id='word_1_445' title='bbox 411 2918 617 2973; x_wconf 87' lang='lat' dir='ltr'>visionis,</span> <span class='ocrx_word' id='word_1_446' title='bbox 645 2932 783 2978; x_wconf 90' lang='lat' dir='ltr'>quam</span> <span class='ocrx_word' id='word_1_447' title='bbox 809 2919 935 2963; x_wconf 90' lang='lat' dir='ltr'>Deus</span> <span class='ocrx_word' id='word_1_448' title='bbox 966 2918 1106 2962; x_wconf 89' lang='lat' dir='ltr'>habet</span> <span class='ocrx_word' id='word_1_449' title='bbox 1130 2918 1177 2961; x_wconf 91' lang='lat' dir='ltr'>in</span> <span class='ocrx_word' id='word_1_450' title='bbox 1209 2918 1375 2975; x_wconf 89' lang='lat' dir='ltr'>seipso,</span> <span class='ocrx_word' id='word_1_451' title='bbox 1402 2929 1624 2977; x_wconf 90' lang='lat' dir='ltr'>quantum</span> <span class='ocrx_word' id='word_1_452' title='bbox 1651 2918 1704 2962; x_wconf 89' lang='lat' dir='ltr'>ad</span> <span class='ocrx_word' id='word_1_453' title='bbox 1731 2931 1975 2961; x_wconf 89' lang='lat' dir='ltr'>numerum</span> <span class='ocrx_word' id='word_1_454' title='bbox 2002 2917 2130 2960; x_wconf 90' lang='lat' dir='ltr'>scibi-</span> 
     </span>
     <span class='ocr_line' id='line_1_43' title="bbox 167 2981 2132 3044; baseline -0.001 -16"><span class='ocrx_word' id='word_1_455' title='bbox 167 2981 303 3028; x_wconf 83' lang='lat' dir='ltr'>lium:</span> <span class='ocrx_word' id='word_1_456' title='bbox 330 2985 518 3030; x_wconf 87' lang='lat' dir='ltr'>scientia</span> <span class='ocrx_word' id='word_1_457' title='bbox 533 2995 688 3030; x_wconf 89' lang='lat' dir='ltr'>tamen</span> <span class='ocrx_word' id='word_1_458' title='bbox 713 2986 803 3030; x_wconf 93' lang='lat' dir='ltr'>Dei</span> <span class='ocrx_word' id='word_1_459' title='bbox 825 2985 1001 3030; x_wconf 84' lang='lat' dir='ltr'>excedit</span> <span class='ocrx_word' id='word_1_460' title='bbox 1025 2985 1072 3028; x_wconf 92' lang='lat' dir='ltr'>in</span> <span class='ocrx_word' id='word_1_461' title='bbox 1094 2984 1337 3038; x_wconf 88' lang='lat' dir='ltr'>infinitum,</span> <span class='ocrx_word' id='word_1_462' title='bbox 1365 2994 1587 3044; x_wconf 90' lang='lat' dir='ltr'>quantum</span> <span class='ocrx_word' id='word_1_463' title='bbox 1614 2985 1670 3030; x_wconf 90' lang='lat' dir='ltr'>ad</span> <span class='ocrx_word' id='word_1_464' title='bbox 1697 2984 1951 3029; x_wconf 90' lang='lat' dir='ltr'>claritatem</span> <span class='ocrx_word' id='word_1_465' title='bbox 1975 2984 2132 3042; x_wconf 90' lang='lat' dir='ltr'>cogni-</span> 
     </span>
     <span class='ocr_line' id='line_1_44' title="bbox 166 3050 2126 3112; baseline -0.001 -16"><span class='ocrx_word' id='word_1_466' title='bbox 166 3050 318 3107; x_wconf 82' lang='lat' dir='ltr'>tionis,</span> <span class='ocrx_word' id='word_1_467' title='bbox 339 3052 578 3097; x_wconf 86' lang='lat' dir='ltr'>scientiam</span> <span class='ocrx_word' id='word_1_468' title='bbox 604 3054 784 3098; x_wconf 88' lang='lat' dir='ltr'>animae</span> <span class='ocrx_word' id='word_1_469' title='bbox 809 3053 1011 3098; x_wconf 80' lang='lat' dir='ltr'>Christi:</span> <span class='ocrx_word' id='word_1_470' title='bbox 1044 3053 1150 3112; x_wconf 89' lang='lat' dir='ltr'>quia</span> <span class='ocrx_word' id='word_1_471' title='bbox 1175 3053 1330 3097; x_wconf 89' lang='lat' dir='ltr'>lumen</span> <span class='ocrx_word' id='word_1_472' title='bbox 1364 3053 1619 3097; x_wconf 87' lang='lat' dir='ltr'>increatum</span> <span class='ocrx_word' id='word_1_473' title='bbox 1644 3052 1785 3096; x_wconf 84' lang='lat' dir='ltr'>divini</span> <span class='ocrx_word' id='word_1_474' title='bbox 1809 3052 2065 3096; x_wconf 88' lang='lat' dir='ltr'>intellectus</span> <span class='ocrx_word' id='word_1_475' title='bbox 2082 3053 2126 3095; x_wconf 87' lang='lat' dir='ltr'>in</span> 
     </span>
     <span class='ocr_line' id='line_1_45' title="bbox 167 3115 2126 3179; baseline -0.001 -18"><span class='ocrx_word' id='word_1_476' title='bbox 167 3115 393 3163; x_wconf 82' lang='lat' dir='ltr'>infinitum</span> <span class='ocrx_word' id='word_1_477' title='bbox 422 3120 598 3164; x_wconf 82' lang='lat' dir='ltr'>excedit</span> <span class='ocrx_word' id='word_1_478' title='bbox 638 3120 794 3165; x_wconf 91' lang='lat' dir='ltr'>lumen</span> <span class='ocrx_word' id='word_1_479' title='bbox 828 3131 1033 3165; x_wconf 91' lang='lat' dir='ltr'>creatum</span> <span class='ocrx_word' id='word_1_480' title='bbox 1059 3120 1383 3179; x_wconf 90' lang='lat' dir='ltr'>quodcumque</span> <span class='ocrx_word' id='word_1_481' title='bbox 1416 3130 1653 3178; x_wconf 91' lang='lat' dir='ltr'>receptum</span> <span class='ocrx_word' id='word_1_482' title='bbox 1684 3120 1729 3163; x_wconf 90' lang='lat' dir='ltr'>in</span> <span class='ocrx_word' id='word_1_483' title='bbox 1753 3119 1906 3162; x_wconf 90' lang='lat' dir='ltr'>anima</span> <span class='ocrx_word' id='word_1_484' title='bbox 1930 3117 2126 3172; x_wconf 82' lang='lat' dir='ltr'>Christi3</span> 
     </span>
     <span class='ocr_line' id='line_1_46' title="bbox 167 3181 2127 3247; baseline -0.001 -18"><span class='ocrx_word' id='word_1_485' title='bbox 167 3181 289 3240; x_wconf 77' lang='lat' dir='ltr'>licet,</span> <span class='ocrx_word' id='word_1_486' title='bbox 314 3185 520 3231; x_wconf 85' lang='lat' dir='ltr'>absolute</span> <span class='ocrx_word' id='word_1_487' title='bbox 558 3186 807 3247; x_wconf 90' lang='lat' dir='ltr'>loquendo,</span> <span class='ocrx_word' id='word_1_488' title='bbox 844 3187 1213 3232; x_wconf 90' lang='lat' dir='ltr'>scientia-divina</span> <span class='ocrx_word' id='word_1_489' title='bbox 1247 3187 1435 3231; x_wconf 86' lang='lat' dir='ltr'>excedat</span> <span class='ocrx_word' id='word_1_490' title='bbox 1461 3187 1700 3231; x_wconf 89' lang='lat' dir='ltr'>scientiam</span> <span class='ocrx_word' id='word_1_491' title='bbox 1727 3187 1906 3229; x_wconf 88' lang='lat' dir='ltr'>animae</span> <span class='ocrx_word' id='word_1_492' title='bbox 1940 3184 2127 3239; x_wconf 91' lang='lat' dir='ltr'>Christi,</span> 
     </span>
     <span class='ocr_line' id='line_1_47' title="bbox 169 3251 2131 3313; baseline -0.001 -18"><span class='ocrx_word' id='word_1_493' title='bbox 169 3263 265 3296; x_wconf 87' lang='lat' dir='ltr'>non</span> <span class='ocrx_word' id='word_1_494' title='bbox 287 3252 440 3297; x_wconf 84' lang='lat' dir='ltr'>solum</span> <span class='ocrx_word' id='word_1_495' title='bbox 465 3263 688 3313; x_wconf 88' lang='lat' dir='ltr'>quantum</span> <span class='ocrx_word' id='word_1_496' title='bbox 721 3255 776 3298; x_wconf 87' lang='lat' dir='ltr'>ad</span> <span class='ocrx_word' id='word_1_497' title='bbox 803 3254 995 3299; x_wconf 88' lang='lat' dir='ltr'>modum</span> <span class='ocrx_word' id='word_1_498' title='bbox 1023 3254 1350 3313; x_wconf 89' lang='lat' dir='ltr'>cognoscendi,</span> <span class='ocrx_word' id='word_1_499' title='bbox 1377 3253 1455 3298; x_wconf 91' lang='lat' dir='ltr'>sed</span> <span class='ocrx_word' id='word_1_500' title='bbox 1483 3254 1623 3298; x_wconf 88' lang='lat' dir='ltr'>etiam</span> <span class='ocrx_word' id='word_1_501' title='bbox 1649 3262 1868 3312; x_wconf 87' lang='lat' dir='ltr'>quantum</span> <span class='ocrx_word' id='word_1_502' title='bbox 1892 3251 1947 3295; x_wconf 94' lang='lat' dir='ltr'>ad</span> <span class='ocrx_word' id='word_1_503' title='bbox 1973 3265 2131 3295; x_wconf 89' lang='lat' dir='ltr'>nurne-</span> 
     </span>
     <span class='ocr_line' id='line_1_48' title="bbox 169 3318 1286 3381; baseline 0.003 -19"><span class='ocrx_word' id='word_1_504' title='bbox 169 3330 272 3363; x_wconf 80' lang='lat' dir='ltr'>rum</span> <span class='ocrx_word' id='word_1_505' title='bbox 296 3318 537 3376; x_wconf 88' lang='lat' dir='ltr'>scibilium,</span> <span class='ocrx_word' id='word_1_506' title='bbox 562 3330 612 3366; x_wconf 88' lang='lat' dir='ltr'>ut</span> <span class='ocrx_word' id='word_1_507' title='bbox 637 3321 808 3367; x_wconf 90' lang='lat' dir='ltr'>dictum</span> <span class='ocrx_word' id='word_1_508' title='bbox 835 3331 904 3366; x_wconf 90' lang='lat' dir='ltr'>est</span> <span class='ocrx_word' id='word_1_509' title='bbox 928 3322 996 3380; x_wconf 85' lang='lat' dir='ltr'>(in</span> <span class='ocrx_word' id='word_1_510' title='bbox 1027 3329 1141 3381; x_wconf 84' lang='lat' dir='ltr'>corp.</span> <span class='ocrx_word' id='word_1_511' title='bbox 1168 3323 1286 3372; x_wconf 66' lang='lat' dir='ltr'>art).</span> 
     </span>
    </p>
   </div>
  </div>
 </body>
</html>
