2352 3926
655 251 933 299 QUAESTIO
974 251 1031 290 11.
1071 250 1380 291 ARTICULUS
1419 249 1477 289 11.
1971 247 2035 304 33

798 462 1238 521 ARTICULUS
1281 463 1353 518 II.
2017 474 2044 519 8

251 602 444 643 UTRUM
484 601 616 640 nmo
656 600 812 639 VERBI
853 597 1154 639 INCARNATI
1188 598 1272 636 SIT
1313 597 1496 636 FACTA
1522 598 1578 636 m
1618 595 1882 636 PERSONA.

704 709 849 768 (Locis
877 717 1007 770 supra
1030 714 1110 753 art.
1133 723 1168 754 1.
1195 707 1406 766 inductis).

114 846 129 851 ff
173 826 250 871 AD
281 837 542 871 SECUNDUM
569 826 634 870 sic
659 824 932 883 proceditur.
965 823 1170 877 Videtur,
1193 822 1316 882 quod
1342 824 1451 867 unio
1470 821 1610 866 Verbi
1632 822 1854 868 incarnati
1875 836 1969 868 non
1992 823 2049 868 sit

84 892 207 940 ficta
229 893 276 938 in
292 905 510 952 persona:
532 905 727 951 persona
753 891 877 936 enim
902 891 991 935 Dei
1016 904 1110 934 non
1123 900 1191 935 est
1211 889 1333 934 aliud
1360 904 1383 934 a
1406 899 1565 934 natura
1587 890 1740 949 ipsius,
1767 900 1817 934 ut
1840 890 2048 934 habitum

85 960 225 1007 estin
255 974 292 1005 1.
317 959 379 1019 (q.
406 974 443 1019 3.
476 965 560 1004 art.
588 959 676 1018 3.);
710 958 748 1003 si
774 972 884 1018 ergo
924 958 1033 1002 unio
1059 972 1154 1002 non
1181 967 1249 1002 est
1272 956 1393 1002 facta
1416 958 1463 1001 in
1489 967 1664 1010 natura,
1697 957 1897 1017 sequitur
1925 957 2049 1017 quod

85 1041 182 1075 non
206 1027 265 1073 sit
283 1026 403 1072 facta
427 1026 474 1070 in
500 1040 708 1085 persona.

47 1104 51 1107 “
100 1121 115 1127 --
175 1107 218 1140 2.
242 1093 540 1140 Puerum.
567 1093 741 1138 Natura
752 1092 957 1137 humana
977 1106 1072 1137 non
1090 1102 1157 1136 est
1174 1092 1364 1136 minoris
1382 1092 1610 1152 dignitatis
1626 1091 1674 1136 in
1692 1091 1893 1146 Christo,
1912 1106 2050 1151 quam

86 1161 138 1209 in
165 1161 321 1216 nobis3
352 1160 652 1221 personalitas
685 1171 836 1205 autem
872 1159 928 1204 ad
961 1159 1230 1219 dignitatem
1262 1160 1469 1219 pertinet,
1495 1157 1550 1203 ’ut
1591 1160 1637 1203 in
1674 1173 1710 1204 1.
1742 1159 1951 1203 habitum
1984 1168 2052 1203 est

22 1232 49 1290 5‘
87 1230 240 1289 (φης.
265 1234 346 1274 art.
368 1243 404 1287 3.
428 1228 483 1273 ad
503 1228 595 1285 2.);
624 1242 730 1272 cum
757 1241 868 1286 ergo
895 1237 1057 1272 natura
1082 1227 1286 1271 humana
1317 1226 1363 1270 in
1390 1226 1524 1270 nobis
1551 1226 1783 1285 propriam
1809 1225 2054 1285 personali-

88 1300 232 1343 εικῆ
254 1295 435 1350 habeat,
460 1295 608 1340 multo
630 1295 777 1353 magis
804 1294 963 1339 habuit
987 1295 1219 1354 propriam
1241 1293 1612 1354 personalitatem
1638 1293 1685 1338 in
1713 1293 1913 1338 Christo.

31 1414 34 1415 ἥ
183 1377 222 1423 3.
246 1362 544 1408 Puer-snm.
572 1361 700 1406 Sicut
722 1362 849 1406 Boet.
877 1362 986 1406 dicit
1010 1362 1057 1405 in
1083 1361 1158 1405 lib.
1186 1361 1242 1406 de
1263 1361 1412 1406 Duab.
1429 1361 1550 1417 Nat.‚
1576 1378 1599 1403 «
1616 1375 1812 1420 persona
1838 1371 1907 1405 est
1922 1362 2056 1405 ratio-

22 1447 33 1475 ι.
89 1428 207 1489 nalis
221 1440 411 1475 naturae
427 1428 657 1473 individua
673 1429 961 1473 substantia»
976 1445 987 1484 ;
1007 1429 1085 1473 sed
1099 1429 1290 1472 verbum
1302 1429 1392 1472 Dei
1410 1429 1653 1488 assumpsit
1670 1437 1879 1472 naturam
1895 1428 2055 1472 huma-

89 1511 200 1543 nam
223 1496 525 1550 individuam:
561 1512 585 1537 «
602 1506 762 1540 natura
789 1496 911 1540 enim
937 1495 1205 1540 universalis
1235 1509 1331 1539 non
1357 1495 1557 1540 subsistit
1587 1495 1842 1540 secundum
1875 1509 1939 1549 se,
1974 1494 2055 1540 sed

92 1565 140 1610 in
163 1564 287 1609 nuda
318 1562 705 1622 contemplatione
739 1562 1109 1616 consideratur»,
1141 1573 1190 1607 ut
1220 1563 1437 1607 Damasc.
1471 1563 1578 1607 dicit
1611 1562 1704 1620 (lib.
1726 1578 1762 1622 3.
1801 1563 1924 1608 Orth.
1957 1561 2054 1607 Fid.

93 1638 187 1692 cap.
208 1630 319 1688 11.),·
351 1644 462 1689 ergo
497 1630 698 1674 humana
733 1640 890 1674 natura
918 1629 1058 1674 habet
1081 1642 1213 1674 suam
1238 1629 1611 1688 personalitatem
1637 1631 1684 1674 in
1717 1629 1927 1685 Christo;
1959 1643 2055 1674 non

93 1712 204 1758 ergo
229 1697 417 1751 videtur,
443 1697 565 1756 quod
590 1697 647 1741 sit
675 1696 795 1741 facta
820 1697 929 1740 unio
955 1696 1001 1740 in
1027 1710 1234 1755 persona.

185 1765 279 1810 SED
306 1776 501 1810 coum
527 1773 608 1817 est,
626 1764 748 1822 quod
775 1765 821 1808 in
840 1763 1059 1808 Chalced.
1087 1763 1196 1823 Syn.
1225 1763 1389 1822 legitur
1416 1763 1567 1823 (gener.
1590 1778 1632 1821 4.
1660 1765 1758 1809 Act.
1780 1763 1842 1823 5.)
1861 1780 1875 1809 :
1907 1763 2056 1808 «Non

94 1833 143 1878 in
166 1832 278 1877 duas
310 1845 527 1891 personas
553 1832 782 1890 partitum,
819 1841 896 1875 aut
931 1831 1143 1885 divisum,
1179 1831 1258 1875 sed
1285 1845 1428 1874 unum
1455 1840 1498 1875 et
1532 1831 1746 1875 eumdem
1771 1830 1938 1875 Filium
1965 1830 2059 1874 uni-

0 1894 27 1978 ξ
94 1899 315 1961 genitum,
344 1899 497 1943 Deum
522 1897 728 1943 Verbum
753 1899 1009 1942 Dominum
1034 1907 1243 1942 nostrum
1269 1898 1426 1956 Jesum
1455 1898 1692 1943 Christum
1725 1898 1998 1943 confitemur
2014 1912 2057 1952 »3

97 1979 209 2026 ergo
232 1965 354 2010 facta
378 1975 446 2010 est
470 1965 580 2010 unio
607 1965 747 2009 Verbi
771 1966 819 2009 in
844 1979 1053 2024 persona.

3 2032 48 2092 ᾗ,
184 2033 472 2085 RESPONDEO
498 2032 758 2087 dicendum,
776 2032 899 2092 quod
924 2046 1120 2092 persona
1138 2032 1259 2076 aliud
1282 2032 1521 2091 significat,
1545 2047 1683 2092 quam
1700 2042 2059 2077 naturatnatura

3 2103 34 2146 251:
96 2100 235 2155 enim,
260 2110 310 2145 ut
334 2100 507 2146 dictum
525 2109 591 2144 est
615 2100 716 2156 (art.
736 2101 913 2159 praec),
943 2098 1167 2158 significat
1188 2100 1431 2144 essentiam
1459 2100 1642 2159 speciei,
1670 2114 1808 2159 quarn
1834 2099 2060 2159 significat

14 2165 50 2222 «ῥῖ
87 2167 322 2218 'fflnitioz
360 2178 405 2212 et
429 2167 468 2212 si
493 2167 678 2227 quidem
709 2167 796 2221 his,
823 2181 939 2226 quae
976 2166 1031 2210 ad
1058 2166 1285 2210 rationem
1326 2167 1494 2226 speciei
1525 2168 1764 2226 pertinent,
1790 2166 1905 2210 nihil
1938 2166 2059 2210 aliud

96 2234 361 2295 adiunctum
386 2235 579 2279 inveniri
603 2244 770 2293 posset,
786 2234 913 2278 nulla
938 2235 1185 2278 necessitas
1203 2242 1322 2278 esset
1342 2234 1648 2293 distinguendi
1672 2244 1884 2279 naturam
1911 2248 1936 2278 a
1962 2249 2061 2293 sup-

90 2302 247 2363 posito
272 2311 474 2355 naturae,
500 2302 624 2362 quod
657 2312 725 2346 est
749 2301 1036 2346 individuum
1062 2302 1310 2345 subsistens
1353 2301 1399 2345 in
1437 2312 1599 2346 natura
1631 2301 1730 2347 illa:
1765 2302 1870 2361 quia
1901 2316 2061 2345 unum-

97 2368 309 2431 quodque
333 2369 618 2413 individuum
644 2369 894 2414 subsistens
920 2369 967 2413 in
989 2378 1151 2413 natura
1178 2368 1327 2427 aliqua
1352 2379 1473 2413 esset
1499 2370 1691 2413 omnino
1709 2370 1832 2414 idem
1856 2383 1961 2414 cum
1978 2382 2062 2413 sua

95 2445 285 2483 natura:
313 2436 536 2495 contingit
568 2445 722 2481 autem
753 2436 798 2479 in
826 2435 1098 2495 quibusdam
1124 2436 1256 2480 rebus
1290 2436 1634 2481 subsistentibus
1660 2436 1852 2480 inveniri
1879 2435 2062 2495 aliquid,

96 2503 221 2565 quod
245 2516 341 2548 non
366 2503 559 2563 pertinet
585 2503 640 2547 ad
667 2504 893 2548 rationem
919 2503 1102 2562 speciei,
1141 2503 1315 2548 scilicet
1348 2504 1613 2558 accidentia,
1641 2514 1685 2548 et
1710 2504 1931 2563 principia
1948 2503 2063 2548 indi-

97 2569 359 2625 viduantia,
347 2585 358 2596 ·
386 2572 507 2614 sicut·
527 2571 727 2615 maxime
750 2580 936 2630 apparet
957 2570 1003 2614 in
1029 2570 1116 2624 his,
1143 2585 1258 2629 quae
1286 2581 1392 2616 sunt
1408 2585 1463 2615 ex
1481 2573 1686 2625 materia,
1702 2582 1745 2615 et
1760 2571 1910 2615 forma
1937 2585 2064 2615 com-

18 2635 71 2702 {5-
94 2637 248 2698 'posita
272 2637 401 2696 (conf.
428 2644 547 2698 part.
570 2653 605 2684 1.
633 2653 671 2697 q.
695 2644 775 2683 art.
798 2638 878 2697 5),
907 2647 951 2682 et
976 2638 1080 2682 ideo
1122 2638 1169 2681 in
1200 2637 1366 2683 talibus
1393 2640 1530 2683 etiam
1567 2639 1819 2683 secundum
1853 2653 1952 2684 rem
1985 2638 2064 2682 dif-

18 2702 186 2759 piat
207 2713 382 2758 natura,
410 2714 455 2748 et
478 2705 791 2764 suppositum3
813 2719 907 2748 non
933 2705 1063 2764 quasi
1089 2705 1280 2749 omnino
1317 2705 1466 2764 aliqua
1508 2716 1737 2765 separata3
1778 2706 1856 2751 sed
1884 2706 1989 2765 quia
2015 2706 2061 2749 in

43 2771 84 2823 ξ’-
86 2771 334 2837 supposito
359 2771 639 2816 includitur
628 2786 726 2831 ipsa
743 2782 904 2817 natura
925 2773 1093 2832 speciei
1114 2782 1159 2816 et
1183 2774 1544 2832 superadduntur
1560 2775 1786 2832 quaedam
1813 2773 1915 2827 alia,
1948 2786 2063 2832 quae

70 2832 207 2893 ἥψωῐ
229 2848 405 2898 praeter
430 2839 656 2884 rationem
683 2840 873 2899 speciei3
898 2839 1019 2884 unde
1045 2841 1330 2899 suppositum
1347 2840 1626 2899 significatur
1643 2851 1691 2885 ut
1716 2851 1865 2885 totum
1890 2841 2063 2885 habens

38 2914 71 2981 ’,ᾗ
95 2913 312 2952 naturam
335 2907 454 2951 sicut
476 2916 652 2966 partem
678 2906 937 2961 formalem,
964 2917 1008 2952 et
1033 2907 1328 2966 perfectivam
1355 2908 1448 2962 sui;
1475 2917 1520 2952 et
1545 2918 1730 2967 propter
1755 2909 1915 2954 hocin
1942 2921 2064 2952 com-

67 2970 261 3032 &positis
285 2985 341 3017 ex
365 2974 572 3030 materia,
600 2983 645 3018 et
668 2973 819 3018 forma
844 2984 1004 3018 natura
1029 2989 1124 3018 non
1151 2974 1436 3034 praedicatur
1453 2975 1508 3019 de
1534 2976 1794 3035 supposito:
1820 2989 1914 3019 non
1942 2974 2064 3019 enim

55 3038 311 3100 ὥῇεἰωυε,
336 3041 459 3100 quod
484 3041 559 3086 hic
586 3041 731 3086 homo
758 3042 815 3086 sit
847 3055 929 3086 sua
954 3035 1235 3086 humanitas:
1263 3042 1302 3086 si
1327 3056 1415 3101 qua
1437 3056 1548 3087 vero
1575 3057 1645 3087 res
1677 3053 1759 3097 est,
1785 3043 1831 3086 in
1855 3056 1943 3101 qua
1969 3055 2070 3085 om-

31 3107 35 3110 ’
63 3105 214 3154 nino
238 3107 353 3152 nihil
387 3106 510 3152 aliud
543 3119 611 3153 est
646 3119 824 3168 praeter
854 3111 1080 3154 rationem
1113 3109 1295 3169 speciei,
1320 3108 1396 3153 vel
1420 3121 1607 3154 naturae
1634 3124 1756 3165 suae,
1784 3110 1900 3154 sicut
1925 3118 1992 3152 est
2017 3107 2063 3151 in

106 3171 260 3237 Deo,
249 3189 297 3219 m
313 3189 369 3220 ea
393 3189 488 3221 non
515 3186 583 3221 est
608 3176 729 3221 aliud
747 3178 1001 3222 secundum
1026 3191 1124 3222 rem
1151 3187 1453 3236 suppositum,
1467 3187 1512 3221 et
1536 3188 1710 3231 natura,
1729 3177 1807 3222 sed
1833 3176 1983 3222 solum
2001 3189 2067 3220 se-

73 3239 306 3287 cundum
331 3244 556 3288 rationem
578 3242 885 3303 intelligendi:
899 3244 1004 3303 quia
1030 3254 1191 3289 natura
1214 3245 1390 3299 dicitur,
1407 3245 1659 3289 secundum
1686 3244 1807 3303 quod
1835 3253 1903 3287 est
1920 3256 2067 3287 essen-

88 3305 170 3352 tia
192 3308 447 3367 quaedam,
474 3309 637 3355 eadem
651 3325 761 3355 vero
789 3311 952 3355 dicitur
969 3312 1268 3371 suppositum,
1296 3312 1547 3355 secundum
1565 3311 1686 3370 quod
1705 3320 1772 3354 est
1796 3310 2064 3363 subsistens,

55 3371 89 3433 {j
102 3383 155 3421 >a
177 3375 299 3434 quod
326 3385 394 3420 est
419 3376 591 3420 dictum
613 3376 669 3421 de
695 3378 947 3437 supposito,
981 3378 1327 3437 intelligendum
1355 3388 1422 3422 est
1448 3378 1503 3421 de
1541 3391 1736 3436 persona
1777 3377 1822 3419 in
1861 3386 2065 3421 creatura

67 3441 334 3496 rationali,
358 3442 432 3487 vel
453 3442 775 3488 intellectuali·
800 3444 905 3504 quia
932 3445 1046 3489 nihil
1072 3445 1193 3488 aliud
1222 3454 1289 3489 est
1310 3459 1519 3503 persona,
1542 3458 1678 3502 quam
1706 3444 1925 3487 rationalis
1948 3450 2067 3488 natu-

52 3501 182 3570 J}roee
203 3507 426 3553 individua
447 3510 688 3564 substantia,
717 3513 969 3555 secundum
997 3512 1209 3556 Boetium
1238 3512 1333 3566 (lib.
1360 3511 1406 3555 de
1424 3512 1568 3554 Duab.
1591 3511 1732 3566 Nat)
1752 3523 1890 3553 omne
1916 3510 2064 3568 igitur,

42 3574 230 3639 qnod
256 3585 325 3620 est
349 3574 486 3620 alicui
506 3590 744 3649 personae,
771 3579 869 3623 sive
880 3579 1114 3637 pertineat
1141 3579 1195 3622 ad
1222 3588 1432 3622 naturam
1459 3579 1570 3635 ejus,
1596 3577 1690 3620 sive
1717 3591 1824 3631 non,
1851 3578 2003 3622 unitur
2024 3579 2067 3621 ei

79 3679 83 3683 ,.
176 3653 398 3700 persona3
424 3643 461 3687 si
487 3645 598 3702 ergo
622 3644 825 3688 humana
850 3654 1011 3688 natura
1036 3644 1189 3688 Verbo
1216 3645 1303 3688 Dei
1329 3658 1423 3688 non
1451 3645 1601 3687 unitur
1625 3643 1670 3687 in
1698 3657 1906 3702 persona,
1937 3643 2064 3688 nullo

0 797 28 1181 ‘warwafflffiffl
7 733 9 736 *
14 691 26 707 s
1 410 31 671 αὖ
3 255 12 366 ν

289 3742 324 3777 S.
351 3742 504 3778 ΤιιοκΛε
531 3745 662 3778 Summa
695 3745 896 3789 Theologica.
924 3745 1005 3779 Vol.
1034 3745 1096 3779 lv.
1867 3757 1882 3789 3
