2352 3926
261 235 367 290 828
730 249 1007 297 QUAEsno
1046 249 1267 290 Lxxxrx.
1299 246 1607 291 annotinus
1627 250 1719 292 vt.

938 440 1373 499 ARTICULUS
1411 442 1510 498 VI.
1721 498 1737 507 „
2122 470 2210 520 545,

601 553 794 592 UTRUM
832 555 932 593 PER
970 555 1387 596 POENITENTIAM
1425 555 1862 603 SUBSEQUENTEM

692 628 863 666 ETIAM
896 629 1074 669 OPERA
1104 629 1337 669 MORTUA
1367 631 1775 671 VIVIFICENTUR.

435 717 495 774 (4.
522 717 632 761 Dist.
660 730 724 773 14.
752 732 790 776 q.
816 732 854 763 2.
883 724 965 763 art.
987 733 1023 776 3.
1050 733 1087 778 q.
1110 735 1146 764 1.
1173 725 1209 764 et
1234 719 1348 771 Dist.
1378 732 1436 779 15.
1464 735 1502 779 q.
1534 733 1571 764 1.
1595 727 1675 768 art.
1696 736 1733 781 3.
1761 736 1798 780 q.
1823 735 1867 779 4.
1893 728 1933 769 et
1950 721 2027 782 5.).

344 812 420 856 AD
453 825 644 857 SEXTUM
671 814 737 857 sic
770 815 1042 873 proceditur.
1069 815 1273 871 Videtur,
1311 817 1432 876 quod
1469 832 1548 876 per
1573 818 1900 875 poenitentiam
1936 818 2209 877 subsequen·

257 888 350 923 tem
377 879 513 923 etiam
541 894 678 939 opera
703 891 898 935 mortua,
925 896 1040 941 quae
1067 882 1243 928 scilicet
1266 898 1360 927 non
1385 884 1550 928 suntin
1574 885 1794 929 charitate
1825 884 1959 940 facta,
1972 884 2207 930 vivificen-

255 956 340 990 tur.
366 945 607 991 Difficilius
634 948 758 992 enim
787 949 978 1004 videtur,
1004 950 1128 1009 quod
1155 950 1211 995 ad
1237 951 1378 996 vitam
1403 952 1636 1010 perveniat
1659 952 1772 997 illud
1794 952 1917 1013 quod
1940 952 2026 998 fuit
2051 952 2207 998 morti·-

255 1012 455 1068 ficatum‚
483 1014 603 1073 quod
630 1029 863 1074 nunquam
890 1016 940 1060 fit
965 1017 1217 1062 secundum
1247 1029 1473 1074 naturam,
1505 1033 1644 1079 quam
1674 1019 1786 1064 illud
1813 1020 1936 1082 quod
1966 1031 2203 1080 nunquam

255 1079 339 1124 fuit
362 1081 533 1135 vivum,
564 1081 839 1138 vivificetur3
877 1083 982 1142 quia
1008 1098 1062 1128 ex
1077 1099 1171 1128 non
1187 1085 1302 1130 vivis
1318 1085 1569 1130 secundum
1594 1097 1803 1131 naturam
1827 1086 1979 1148 aliqua
2001 1087 2108 1132 viva
2131 1101 2208 1147 ge-

255 1158 495 1193 nerantur:
523 1148 603 1192 sed
630 1163 770 1208 opera
801 1151 1074 1195 mortificata
1101 1166 1181 1211 per
1205 1153 1531 1211 poenitentiam
1557 1153 1853 1211 vivificantur,
1878 1165 1943 1200 ut
1949 1155 2208 1201 dictumest

256 1214 360 1272 (art.
381 1223 512 1274 praec
516 1216 575 1271 .);
605 1230 715 1275 ergo
742 1216 888 1261 multo
915 1218 1062 1277 magis
1089 1233 1226 1276 opera
1253 1229 1434 1263 mortua
1459 1220 1756 1266 vivificantur.

344 1294 383 1325 2.
415 1282 713 1328 PRAETEREA.
735 1283 932 1328 Remota
950 1299 1099 1340 causa,
1116 1296 1381 1330 removetur
1398 1286 1608 1342 effectus3
1635 1288 1714 1332 sed
1741 1303 1892 1343 causa,
1909 1301 2049 1349 quare
2065 1302 2204 1349 opera

254 1348 308 1392 de
336 1363 503 1406 genere
529 1350 757 1394 bonorum
784 1352 880 1395 sine
907 1352 1126 1397 charitate
1153 1352 1272 1397 facta
1297 1367 1391 1397 non
1417 1352 1598 1398 fuerunt
1621 1355 1740 1409 viva,
1766 1354 1850 1400 fuit
1875 1354 2077 1400 defectus
2102 1354 2210 1400 cha-

251 1415 408 1470 ritatis,
435 1426 480 1460 et
511 1417 704 1475 gratiae:
741 1418 818 1462 sed
854 1419 938 1463 iste
965 1418 1164 1464 defectus
1186 1419 1360 1468 tollitur
1384 1435 1464 1479 per
1489 1422 1837 1480 poenitentiam3
1870 1436 1985 1483 ergo
2002 1436 2082 1482 per
2100 1435 2210 1483 poe-

251 1482 487 1526 nitentiam
510 1498 648 1542 opera
681 1495 859 1528 mortua
890 1485 1187 1530 vivificantur.

345 1564 382 1608 3.
415 1550 711 1595 PRAETEREA.
745 1552 1054 1612 Hieronymus
1081 1554 1190 1598 dicit
1215 1555 1282 1613 (in
1307 1554 1411 1599 illud
1441 1556 1602 1615 Aggaei
1626 1571 1685 1602 1..
1680 1556 1958 1602 ·Seminastis
1976 1556 2204 1615 multum).·

257 1633 279 1658 κ
307 1617 356 1661 Si
382 1619 562 1677 quando
599 1619 763 1663 videris
788 1620 905 1664 inter
930 1621 1073 1665 multa
1109 1622 1232 1666 mala
1259 1637 1398 1682 opera
1434 1623 1584 1668 facere
1610 1635 1902 1683 peccatorem
1926 1636 2205 1685 quemquam

253 1684 417 1743 aliqua,
444 1700 559 1743 quae
577 1687 694 1744 iusta
711 1696 828 1740 sunt,
854 1701 948 1731 non
976 1698 1042 1732 est
1059 1698 1152 1732 tam
1167 1689 1357 1747 injustus
1374 1690 1514 1745 Deus,
1532 1701 1581 1735 ut
1597 1702 1779 1751 propter
1796 1691 1941 1736 multa
1958 1691 2079 1736 mala
2094 1690 2207 1736 obli·

251 1752 448 1796 viscatur
473 1767 724 1811 paucorum
749 1754 977 1799 bonorum
1000 1771 1049 1800 ».
1077 1756 1155 1801 sed
1173 1757 1263 1800 hoc
1282 1757 1482 1802 maxime
1513 1758 1702 1813 videtur,
1735 1759 1918 1818 quando
1943 1759 2065 1804 mala
2082 1772 2208 1818 prae-

251 1819 383 1863 terita
408 1834 488 1877 per
513 1821 842 1879 poenitentiam
859 1822 1105 1878 tolluntur3
1133 1838 1242 1882 ergo
1268 1825 1460 1879 videtur,
1478 1826 1599 1884 quod
1618 1836 1722 1885 post
1732 1827 2060 1885 poenitentiam
2075 1824 2208 1871 Deus

253 1897 512 1930 remuneret
536 1888 688 1946 priora
713 1888 834 1932 bona
861 1904 1001 1947 opera
1026 1891 1072 1934 in
1099 1901 1215 1935 statu
1243 1893 1419 1951 peccati
1443 1892 1576 1947 facta,
1603 1894 1724 1952 quod
1752 1903 1816 1938 est
1849 1908 1902 1938 ea
1925 1893 2159 1939 vivificari.

342 1952 435 1997 SED
469 1967 664 1999 CONTRA
697 1965 777 2010 est,
804 1957 925 2015 quod
947 1958 1107 2016 Apost.
1131 1958 1239 2002 dicit
1270 1972 1304 2002 1.
1335 1959 1543 2003 Corinth.
1576 1973 1665 2019 13.:
1693 1961 1739 2006 Si
1763 1960 2007 2006 distribuero
2028 1963 2075 2006 in
2091 1961 2205 2007 cibos

249 2027 488 2079 pauperum
520 2036 657 2066 omnes
694 2023 911 2079 facultates
942 2039 1066 2077 meas,
1100 2031 1137 2069 et
1166 2027 1201 2069 si
1233 2026 1443 2070 tradidero
1477 2034 1627 2087 corpus
1657 2043 1808 2083 meum,
1842 2030 1903 2073 ita
1937 2034 1986 2074 ut
2013 2027 2202 2083 ardeam,

250 2089 491 2133 charitatem
513 2095 647 2134 autem
673 2105 756 2134 non
787 2092 986 2147 habuero,
1012 2093 1118 2136 nihil
1138 2093 1241 2136 mihi
1255 2093 1451 2153 prodest;
1479 2094 1568 2138 hoc
1596 2105 1748 2138 autern
1775 2109 1868 2140 non
1894 2105 2027 2151 esset,
2053 2095 2092 2140 si
2116 2094 2209 2140 sal--

248 2165 343 2199 tem
369 2170 447 2214 per
472 2156 798 2215 poenitentiam
824 2159 1175 2218 subsequentem
1200 2160 1560 2216 vivificarentur3
1586 2175 1680 2206 non
1704 2176 1815 2222 ergo
1839 2162 2130 2244 poenitentia
2141 2160 2205 2207 vi-

248 2222 400 2266 vificat
424 2237 562 2281 opera
587 2225 708 2282 prius
735 2236 929 2270 mortua.

338 2289 625 2335 REsPoum-:o
643 2291 900 2346 dicendum,
919 2292 1040 2352 quod
1068 2307 1182 2352 opus
1199 2293 1385 2353 aliquod
1408 2295 1570 2339 dicitur
1586 2306 1820 2340 mortuum
1852 2296 2098 2356 dupliciter.
2111 2261 2203 2342 Uno

248 2356 368 2400 modo
395 2356 614 2412 effective,
641 2359 745 2417 quia
771 2359 946 2404 scilicet
971 2370 1038 2404 est
1059 2375 1195 2405 causa
1221 2363 1406 2406 mortis·
1435 2373 1479 2406 et
1494 2364 1746 2407 secundum
1763 2364 1855 2408 hoc
1873 2376 2012 2423 opera
2027 2363 2205 2423 peccati

250 2424 459 2469 dicuntur
485 2439 624 2483 opera
655 2435 849 2480 mortua,
876 2428 1127 2471 secundum
1160 2428 1271 2472 illud
1304 2429 1440 2473 Hebr.
1467 2444 1534 2490 9.:
1571 2430 1748 2489 Sanguis
1782 2431 1938 2475 Christi
1965 2430 2206 2476 emundabit

249 2493 511 2536 conscientias
541 2498 702 2537 nostras
726 2494 778 2537 ab
805 2496 992 2552 operibus
1017 2497 1207 2540 mortuis.
1241 2496 1368 2540 Haec
1394 2496 1532 2555 igitur
1563 2510 1701 2555 opera
1732 2507 1915 2541 mortua
1945 2509 2039 2542 non
2063 2496 2205 2542 vivifi-

250 2568 409 2602 cantur
434 2573 514 2618 per
538 2559 881 2617 poenitentiam,
903 2562 981 2605 sed
998 2563 1145 2620 magis
1163 2562 1413 2617 abolentur,
1440 2564 1690 2607 secundum
1714 2563 1823 2608 illud
1846 2564 1984 2610 Hebr.
2008 2563 2077 2611 6.=
2104 2565 2204 2611 Non

249 2641 391 2670 rursus
396 2627 596 2685 facientes
608 2626 932 2684 fundamentum
943 2631 1221 2688 poenitentiae
1243 2631 1294 2674 ab
1322 2631 1512 2689 operibus
1533 2633 1720 2675 mortuis.
1739 2631 1838 2675 Alio
1855 2631 2205 2677 mododicuntur

250 2706 387 2751 opera
413 2703 594 2737 mortua
619 2694 851 2752 privative,
877 2695 1051 2739 scilicet
1076 2696 1182 2754 quia
1214 2706 1369 2740 carent
1393 2697 1486 2740 vita
1512 2697 1744 2755 spirituali,
1778 2711 1894 2757 quae
1925 2707 1995 2743 est
2017 2712 2073 2744 ex
2099 2698 2202 2744 cha·

248 2761 392 2813 ritate,
423 2773 504 2818 per
529 2774 667 2819 quam
694 2761 845 2805 anima
866 2762 969 2805 Deo
993 2762 1296 2821 conjungitur,
1325 2777 1378 2807 ex
1410 2778 1500 2822 quo
1523 2765 1646 2818 vivit,
1674 2765 1789 2809 sicut
1820 2779 1986 2825 corpus
2010 2779 2093 2825 per
2111 2765 2204 2810 ani-

248 2841 396 2871 mam:
424 2836 468 2871 et
489 2842 569 2886 per
594 2827 716 2871 hunc
742 2829 933 2873 modum
968 2830 1103 2873 etiam
1131 2829 1255 2885 fides,
1284 2845 1398 2890 quae
1427 2842 1494 2876 est
1511 2833 1607 2876 sine
1635 2833 1870 2889 charitate,
1897 2833 2059 2878 dicitur
2081 2833 2203 2879 ἑῇσι·-

246 2903 338 2948 tua,
355 2895 606 2938 secundum
622 2894 733 2939 illud
745 2896 901 2954 Jacob.
926 2909 988 2941 2.:
1015 2897 1057 2940 F
1058 2896 1139 2941 ides
1161 2899 1247 2942 sine
1265 2900 1452 2958 operibus
1477 2906 1645 2944 mortua
1665 2907 1731 2945 est.
1752 2900 1807 2944 Et
1828 2914 1908 2960 per
1923 2899 2047 2946 hunc
2062 2901 2200 2946 etiam

248 2961 439 3005 modum
465 2963 617 3006 omnia
652 2977 805 3022 opera,
833 2978 949 3023 quae
981 2974 1085 3008 sunt
1109 2964 1229 3008 bona
1256 2979 1308 3009 ex
1335 2979 1515 3024 genere,
1543 2968 1578 3011 si
1607 2968 1703 3012 sine
1730 2968 1950 3013 charitate
1980 2966 2104 3023 fiant,
2135 2968 2203 3014 di-

251 3038 411 3072 cuntur
437 3039 631 3083 mortua,
653 3029 922 3089 inquantum
947 3031 1120 3076 scilicet
1144 3046 1237 3075 non
1255 3034 1507 3091 procedunt
1533 3049 1587 3078 ex
1613 3035 1835 3094 principio
1860 3035 2004 3090 vitae3
2026 3035 2144 3081 sicut
2162 3035 2203 3081 si

247 3095 454 3140 dicamus
481 3111 647 3141 sonum
678 3097 880 3142 citharae
921 3113 1088 3143 vocem
1115 3111 1356 3143 mortuam.
1387 3100 1462 3144 Sic
1502 3101 1639 3160 igitur
1679 3101 1931 3146 differentia
1956 3102 2131 3157 mortis,
2156 3111 2203 3149 et

245 3164 364 3208 vitae
391 3164 436 3208 in
465 3165 674 3223 operibus
702 3176 767 3210 est
793 3165 1044 3210 secundum
1071 3167 1461 3226 comparationem
1487 3168 1542 3211 ad
1569 3169 1857 3228 principium,
1879 3182 1906 3214 a
1926 3182 2019 3229 quo
2044 3181 2202 3230 proce·

247 3230 380 3276 dunt:
409 3246 547 3290 opera
576 3242 727 3277 autem
753 3247 846 3277 non
864 3244 1053 3292 possunt
1069 3234 1234 3279 iterum
1257 3248 1282 3278 a
1307 3234 1529 3294 principio
1547 3237 1809 3294 procedere,
1830 3238 1935 3297 quia
1949 3246 2200 3294 transeunt,

247 3307 290 3342 et
314 3298 478 3342 iterum
507 3300 665 3343 eadem
690 3314 883 3345 numero
917 3301 1087 3346 resumi
1121 3315 1214 3346 non
1253 3312 1455 3361 possunt.
1492 3303 1625 3348 Unde
1651 3304 1934 3363 impossibile
1962 3314 2045 3360 est,
2064 3305 2199 3366 ‘quod

246 3378 385 3425 opera
411 3376 593 3410 mortua·
616 3367 781 3411 iterum
806 3367 914 3412 fiant
941 3369 1043 3412 viva
1068 3383 1149 3428 per
1175 3369 1515 3427 poenitentiam.

334 3433 410 3478 AD
437 3447 623 3479 PRIMUM
650 3449 759 3494 ergo
787 3435 1045 3490 dicendum,
1069 3436 1190 3495 quod
1212 3437 1259 3480 in
1284 3437 1418 3481 rebus
1438 3437 1716 3483 naturalibus
1733 3448 1827 3484 tam
1844 3449 2040 3495 mortua,
2056 3448 2196 3500 quam

247 3500 517 3546 mortificata
537 3511 690 3546 carent
707 3502 929 3562 principio
946 3503 1087 3548 vitae:
1108 3503 1186 3548 sed
1204 3516 1342 3563 opera
1359 3504 1569 3549 dicuntur
1585 3506 1870 3562 mortificata,
1887 3520 1981 3551 non
1997 3519 2053 3551 ex
2068 3516 2195 3567 parte

245 3567 466 3627 principii,
492 3582 544 3612 ex
572 3582 662 3628 quo
688 3579 1019 3628 processerunt,
1046 3570 1126 3615 sed
1153 3585 1207 3615 ex
1232 3581 1358 3630 parte
1380 3571 1694 3631 impedimenti
1725 3573 1989 3630 extrinseci3
2015 3582 2197 3620 mortua

248 3644 398 3679 autem
426 3636 634 3681 dicuntur
661 3650 715 3681 ex
737 3647 862 3696 parte
889 3636 1124 3696 principii:
1153 3647 1196 3683 et
1220 3638 1324 3684 ideo
1351 3652 1444 3683 non
1471 3649 1539 3685 est
1563 3639 1722 3686 similis
1748 3641 1875 3686 ratio.
