2352 3926
640 259 919 307 Quas-rm
960 260 1087 300 Lxx.
1127 258 1435 300 AarrcuLus
1475 258 1550 297 1v.
1956 242 2060 311 613

102 361 395 442 cpmcidenti
376 377 428 416 se,
456 364 654 422 quoniam
686 362 844 410 debitor
874 369 929 409 est
959 364 1177 409 universae
1201 362 1299 422 legis
1320 361 1569 423 faciendae,·
1598 373 1709 420 ergo
1732 359 1772 407 si
1787 373 1842 405 ex
1869 358 2062 404 circum-

102 442 275 477 cisione
300 439 370 474 est
383 429 568 490 justitia,
594 429 805 475 Christus
827 432 980 488 gratis,
1007 430 1124 475 idest
1148 429 1246 475 sine
1273 443 1424 485 causa,
1447 438 1655 474 mortuus
1672 437 1763 473 est.
1780 427 1863 473 sed
1879 427 1971 472 hoc
1992 436 2061 471 est

101 491 454 551 inconveniens3
485 510 580 542 non
606 511 717 556 ergo
752 511 806 542 ex
833 497 1180 542 circumcisione
1208 507 1304 541 erat
1341 497 1486 556 gratia
1521 495 1768 555 justificans
1802 509 1828 540 a
1853 503 2059 555 peccato.

193 577 234 610 2.
260 564 558 610 PRAETEREA.
595 565 716 610 Ante
749 565 1079 611 institutionem
1117 564 1479 609 circumcisionis
1505 563 1603 608 sola
1631 563 1742 608 fides
1769 562 1826 607 ad
1850 561 2064 622 justifica-

0 610 6 633 'V
32 619 41 625 ⁵
100 631 278 677 tionem
304 630 577 677 sufficiebat:
607 632 716 676 dicit
741 632 863 675 enim
886 631 1122 690 Gregor.
1111 646 1157 674 m
1179 643 1220 686 4.
1249 632 1366 675 Mor.
1393 631 1508 691 (cap.
1531 647 1567 690 3.
1595 646 1620 674 α
1641 630 1835 690 princ.):
1867 647 1890 672 ‹<
1921 628 2063 682 Quod

102 698 220 758 apud
258 713 346 743 nos
385 698 507 743 valet
539 713 655 758 aqua
687 698 984 758 baptismalis,
1025 698 1115 741 hoc
1159 697 1252 756 egit
1278 697 1396 755 apud
1423 707 1598 742 veteres
1632 711 1713 756 pro
1740 695 1940 756 parvulis
1966 694 2068 740 sola

99 764 212 810 fides
229 780 278 810 »z
306 766 385 811 sed
411 766 551 810 virtus
577 765 682 810 fidei
706 780 801 810 non
819 775 886 808 est
901 764 1142 808 imminuta
1160 778 1239 822 per
1257 764 1524 808 mandatum
1543 764 1930 818 circumcisioni33
1951 776 2063 823 ergo

101 829 200 877 sola
227 832 338 877 fides
363 833 577 892 parvulos
603 832 886 890 justificabat,
921 841 965 876 et
989 845 1082 874 non
1111 831 1415 874 circumcisio.

197 913 234 958 3.
267 899 564 962 Pinacium.
591 899 729 958 Josue
762 911 797 957 5.
824 898 1003 957 legitur,
1030 897 1150 956 quod
1171 898 1361 957 populus,
1389 899 1461 956 qui
1492 904 1612 942 natus
1637 904 1690 942 est
1722 899 1766 942 in
1786 894 1957 951 deserto,
1985 905 2065 957 per

105 964 385 1026 quadraginta
418 981 547 1011 annos
573 967 884 1011 incircumcisus
899 966 1014 1024 fuit:
1033 965 1081 1016 si,
1097 978 1208 1023 ergo
1235 978 1315 1024 per
1342 964 1738 1008 circumcisionem
1782 963 2067 1009 auferebatur

100 1043 343 1093 peccatum
380 1033 616 1092 originale,
648 1033 823 1077 videtur
854 1031 977 1091 quod
1010 1046 1187 1086 omnes,
1222 1031 1298 1090 qui
1330 1031 1375 1075 in
1408 1031 1586 1075 deserto
1620 1031 1790 1075 mortui
1816 1041 1934 1085 sunt,
1967 1040 2063 1074 tam

99 1098 292 1160 parvuli,
318 1091 457 1159 quam
483 1099 638 1154 adulti,
661 1098 828 1144 fuerint
853 1099 1080 1154 damnati3
1108 1109 1152 1142 et
1183 1098 1346 1143 eadem
1379 1098 1575 1156 objectio
1604 1109 1671 1142 est
1702 1098 1757 1142 de
1790 1098 1956 1157 pueris,
1984 1099 2061 1156 qui

3 1201 12 1210 .
67 1167 73 1171 ’
101 1166 411 1212 moriebantur
437 1176 540 1211 ante
568 1176 784 1211 octavum
811 1165 932 1210 diem
959 1165 1336 1220 circumcisionis,
1355 1165 1432 1225 qui
1453 1165 1708 1225 praeveniri
1733 1179 1827 1209 non
1855 1164 2062 1218 debebat,

101 1243 152 1292 ut
173 1232 348 1280 dictum
369 1243 438 1278 est
461 1234 566 1292 (art.
581 1241 727 1294 praec.
759 1233 813 1278 ad
830 1234 906 1292 3.).

127 1294 131 1298 ’
188 1312 232 1356 4.
256 1300 554 1346 PRAETEREA.
581 1300 707 1344 Nihil
734 1300 924 1359 impedit
946 1300 1181 1344 introitum
1205 1299 1334 1359 regni
1350 1298 1576 1355 coelestis,
1593 1299 1682 1344 nisi
1699 1308 1965 1358 peccatum:
1984 1299 2063 1343 sed

102 1367 362 1414 circumcisi
387 1378 490 1412 ante
515 1370 778 1428 passionem
806 1367 979 1414 Christi
998 1367 1360 1427 impediebantur
1385 1367 1439 1411 ab
1465 1367 1652 1411 introitu
1675 1366 1806 1426 regni
1828 1365 2065 1421 coelestis3

100 1449 194 1480 non
222 1449 334 1494 ergo
356 1449 437 1494 per
462 1435 857 1480 circumcisionem
887 1435 1101 1479 homines
1123 1434 1482 1494 justificabantur
1508 1449 1534 1478 a
1560 1444 1766 1494 peccato.

195 1515 232 1561 5.
254 1503 556 1549 PRAETEREA.
573 1502 823 1549 Peccatum
850 1501 1073 1561 originale
1098 1516 1194 1546 non
1220 1502 1459 1546 dimittitur
1475 1502 1573 1546 sine
1590 1501 1780 1547 actuali:
1809 1502 1915 1560 quia
1945 1516 1970 1543 «
1985 1500 2068 1544 im-

100 1570 229 1631 pium
257 1579 326 1615 est
350 1585 376 1615 a
401 1570 504 1614 Deo
531 1569 769 1614 dimidiam
794 1583 975 1628 sperare
1001 1569 1183 1613 veniam
1205 1586 1247 1623 »,
1274 1578 1323 1613 ut
1337 1569 1532 1628 August.
1552 1568 1662 1613 dicit
1684 1568 1747 1626 (in
1769 1569 1840 1613 lib.
1858 1569 1926 1613 De
1946 1581 2067 1624 vera,

100 1644 139 1683 et
149 1637 267 1696 falsa
285 1638 440 1697 poenit.
467 1645 557 1697 cap.
585 1652 626 1696 9.
653 1639 730 1682 cir.
753 1637 907 1696 med.).·
933 1637 1012 1682 sed
1037 1651 1266 1696 nusquam
1297 1637 1477 1695 legitur,
1504 1636 1626 1696 quod
1653 1651 1733 1696 per
1759 1636 2068 1681 circumcisio·

99 1718 209 1749 nem
247 1704 551 1749 remitteretur
586 1703 763 1748 actuale
789 1714 1056 1764 peccatum;
1097 1718 1207 1764 ergo
1242 1704 1381 1748 etiam
1413 1718 1562 1764 neque
1589 1702 1811 1764 originale
1846 1718 1926 1764 per
1962 1718 2066 1748 eam

102 1770 425 1817 dimittebatur.

193 1838 289 1884 SED
317 1850 512 1884 CONTRA
540 1847 621 1893 est,
648 1838 770 1898 quod
796 1838 990 1898 August.
1018 1838 1127 1883 dicit
1149 1839 1205 1883 ad
1230 1838 1468 1883 Valerium
1494 1848 1615 1882 cont.
1637 1838 1802 1896 Julian.
1832 1838 1928 1895 (lib.
1950 1853 1991 1885 2.
2013 1838 2060 1883 de

99 1906 235 1967 Nupt.
257 1911 295 1951 et
324 1906 511 1966 Concup.
535 1914 624 1966 cap.
647 1919 708 1951 ιι.
731 1920 758 1950 a
782 1906 934 1965 med.).·
957 1923 980 1948 c<
999 1905 1064 1950 Ex
1091 1920 1182 1965 quo
1199 1906 1403 1951 instituta
1430 1916 1497 1950 est
1521 1905 1811 1950 circumcisio
1827 1905 1876 1950 in
1892 1904 2066 1965 populo

102 1973 207 2027 Dei,
231 1986 348 2033 quae
372 1982 468 2018 erat
492 1972 780 2032 signaculum
804 1973 1001 2032 justitiae
1034 1973 1152 2027 fidei,
1181 1973 1236 2017 ad
1269 1972 1655 2031 significationem
1681 1973 1965 2032 purgationis
1990 1987 2064 2016 va-

101 2039 225 2100 lebat
248 2039 447 2099 parvulis
474 2039 724 2099 originalis,
746 2040 1001 2100 veterisque
1022 2040 1221 2100 peccati:
1249 2040 1366 2084 sicut
1383 2050 1427 2085 et
1447 2040 1696 2100 baptismus
1724 2054 1779 2084 ex
1803 2039 1884 2084 illo
1912 2040 2066 2100 coepit

26 2126 42 2162 ᾗ,
102 2095 257 2152 valere
282 2116 491 2167 tempore
518 2107 574 2153 ad
599 2107 945 2152 innovationem
971 2107 1189 2161 hominis,
1213 2121 1266 2151 ex
1288 2122 1379 2166 quo
1411 2107 1639 2152 institutus
1667 2117 1734 2151 est
1759 2124 1800 2151 ».

34 2214 41 2220 .
189 2173 481 2221 RESPONDEO
519 2174 779 2229 dicendum,
806 2174 928 2234 quod
957 2174 1009 2217 ab
1044 2174 1257 2218 omnibus
1292 2174 1601 2218 communiter
1637 2175 1835 2234 ponitur,
1862 2174 1984 2234 quod
2016 2174 2065 2218 in

23 2253 39 2294 p
102 2240 452 2287 circumcisione
494 2252 734 2301 peccatum
777 2240 999 2300 originale
1040 2242 1366 2286 remittebatur.
1412 2241 1613 2294 Quidam
1651 2252 1808 2286 tamen
1840 2242 2065 2298 dixerunt,

101 2309 225 2371 quod
250 2322 345 2352 non
373 2307 688 2353 conferebatur
714 2309 875 2367 gratia,
899 2308 977 2352 sed
1004 2308 1156 2353 solum
1184 2308 1468 2353 auferebatur
1488 2319 1744 2368 peccatum,
1772 2310 1896 2369 quod
1921 2310 2068 2368 Magi-

4 2375 34 2439 ζ
100 2385 193 2421 ster
215 2377 347 2435 ponit
369 2375 417 2419 in
454 2389 490 2419 1.
518 2375 618 2420 dist.
644 2388 686 2431 4.
716 2375 841 2420 Sent.
869 2385 914 2420 et
941 2375 1077 2420 Rom.
1109 2388 1151 2430 4.
1184 2375 1411 2420 in-Gloss.
1435 2376 1545 2435 (ord.
1577 2385 1702 2437 super
1727 2376 1857 2422 illud.-
1886 2377 2071 2436 Signum„

8 2441 25 2486 3}
101 2442 309 2502 accepiO:
335 2442 414 2487 sed
440 2442 530 2495 hoc
547 2456 641 2487 non
668 2452 816 2503 potest
839 2457 952 2497 esse,
982 2443 1087 2502 quia
1106 2442 1239 2502 culpa
1264 2457 1359 2487 non
1386 2443 1627 2488 remittitur
1642 2444 1731 2488 nisi
1755 2458 1836 2504 per
1853 2444 2063 2504 gratiam,

103 2508 358 2554 secundum
381 2507 494 2554 illud
519 2509 656 2555 Rom.
687 2524 749 2569 3.:
770 2510 996 2569 Justificati
1018 2511 1153 2568 gratis
1177 2518 1257 2569 per
1285 2512 1484 2569 gratiam,
1511 2521 1594 2555 etc.
1622 2511 1678 2555 Et
1703 2511 1807 2556 ideo
1842 2511 1920 2555 alii
1945 2512 2064 2556 dixe·

7 2569 40 2607 '‘-
103 2585 222 2631 runt,
249 2575 372 2636 quod
396 2590 475 2636 per
501 2577 901 2621 circumcisionem
927 2576 1246 2621 conferebatur
1271 2578 1416 2637 gratia
1442 2588 1664 2636 quantum
1691 2578 1746 2622 ad
1774 2577 1962 2623 effectus
1997 2593 2066 2623 re·

104 2640 306 2687 motivos
332 2641 508 2701 culpae,
523 2643 603 2688 sed
629 2657 723 2688 non
741 2654 958 2703 quantum
984 2644 1039 2688 ad
1060 2643 1247 2688 effectus
1264 2644 1510 2703 positivos;
1532 2659 1589 2688 ne
1608 2655 1881 2704 cogerentur
1897 2645 2064 2700 dicere,

105 2708 228 2768 quod
254 2708 399 2767 gratia
424 2709 471 2752 in
497 2710 846 2756 circumcisione
864 2710 1032 2755 collata
1057 2710 1308 2756 sufficiebat
1325 2712 1380 2755 ad
1397 2711 1684 2772 implendum
1701 2713 1916 2757 mandata
1933 2712 2063 2772 legis,

106 2785 151 2820 et
174 2775 238 2820 ita
263 2774 513 2835 superfluus
537 2775 670 2821 fuerit
697 2778 915 2822 adventus
949 2777 1143 2823 Christi:
1182 2779 1260 2823 sed
1292 2778 1407 2823 haec
1441 2779 1579 2823 etiam
1611 2780 1778 2840 positio
1815 2789 1933 2824 stare
1966 2794 2062 2823 non

14 2845 43 2900 {212
105 2852 276 2902 potest:
297 2844 441 2903 primo
468 2843 665 2903 quidem,
688 2845 795 2903 quia
819 2859 900 2904 per
926 2845 1326 2890 circumcisionem
1358 2845 1548 2891 dabatur
1573 2848 1722 2906 pueris
1753 2846 1944 2890 facultas
1976 2860 2061 2890 suo

104 2920 311 2969 tempore
338 2910 630 2969 perveniendi
656 2911 711 2955 ad
737 2910 947 2970 gloriam,
970 2926 1085 2971 quae
1111 2923 1178 2957 est
1204 2912 1389 2957 ultimu's
1412 2913 1598 2958 effectus
1622 2914 1841 2973 positivus
1865 2914 2062 2972 gratiae:

39 3018 67 3043 :2
103 2975 291 3030 secundo,
325 2975 430 3035 quia
466 2976 639 3035 priores
665 2987 768 3021 sunt
806 2978 1071 3023 naturaliter
1109 2980 1362 3024 secundum
1405 2981 1615 3024 ordinem
1658 2995 1820 3024 causae
1852 2979 2060 3024 formalis

30 3042 62 3095 ‘'1}
105 3041 292 3088 effectus
319 3043 517 3101 positivi,
539 3058 679 3102 quam
712 3044 934 3103 privativi,
970 3045 1078 3090 licet
1103 3047 1356 3091 secundum
1383 3048 1591 3092 ordinem
1619 3062 1781 3092 causae
1810 3047 2059 3092 materialis

104 3110 202 3155 site
229 3124 476 3165 converso;
503 3109 652 3154 forma
678 3111 799 3155 enim
817 3125 910 3155 non
938 3111 1135 3156 excludit
1156 3113 1473 3172 privationem,
1500 3115 1587 3158 nisi
1604 3114 1893 3158 informando
1916 3114 2061 3172 subje-

27 3176 52 3237 ‘3232
107 3186 245 3221 ctum.
273 3176 330 3221 Et
355 3177 457 3221 ideo
487 3177 560 3220 alii
589 3177 809 3231 dixerunt,
832 3179 951 3237 quod
970 3179 1014 3222 in
1034 3179 1382 3225 circumcisione
1410 3181 1726 3225 conferebatur
1746 3181 1904 3239 gratia,
1923 3181 2062 3226 etiam

106 3253 327 3304 quantum
355 3243 409 3287 ad
439 3243 638 3302 aliquem
665 3243 878 3287 effectum
895 3246 1155 3303 positivum,
1172 3249 1247 3306 qui
1268 3257 1333 3292 est
1358 3247 1507 3292 facere
1535 3248 1723 3307 dignum
1750 3250 1842 3292 vita
1864 3258 2061 3303 aeterna,

107 3310 185 3356 sed
211 3324 306 3354 non
333 3320 554 3369 quantum
582 3310 636 3353 ad
665 3324 828 3355 omnes
854 3310 1064 3357 effectus:
1092 3314 1197 3372 quia
1222 3329 1315 3358 non
1343 3314 1593 3359 sufficiebat
1616 3315 1863 3374 reprimere
1891 3330 2062 3360 concu-

40 3399 44 3405 ·=
107 3378 375 3438 piscentiam
402 3376 590 3430 fomitis,
617 3391 700 3420 nec
729 3377 866 3421 etiam
891 3378 947 3422 ad
970 3378 1255 3439 implendum
1282 3382 1495 3425 mandata
1518 3381 1655 3439 legis;
1675 3382 1797 3440 quod
1825 3382 1962 3426 etiam
1983 3382 2064 3427 ali-

0 3455 1 3458 ’
28 3431 29 3436 ’
55 3478 57 3480 .
107 3444 289 3503 quando
315 3444 428 3488 mihi
450 3444 598 3488 visum
622 3454 689 3489 est
714 3444 777 3503 (4.
802 3445 910 3489 Dist.
937 3457 975 3488 1.
1008 3460 1046 3504 q.
1073 3461 1112 3491 2.
1135 3454 1215 3492 art.
1248 3462 1290 3505 4.
1314 3463 1351 3507 q.
1380 3451 1452 3506 3.).
1483 3448 1572 3491 Sed
1599 3447 1837 3506 diligenter
1855 3449 2062 3494 conside-

50 3562 57 3568 ,
107 3511 224 3555 tanti
265 3521 465 3570 apparet,
507 3511 598 3555 hoc
634 3525 729 3554 non
771 3524 868 3555 esse
894 3525 1067 3565 verum,
1115 3514 1221 3572 quia
1263 3515 1453 3557 minima
1481 3514 1625 3572 gratia
1663 3525 1812 3573 potest
1852 3516 2062 3562 resistere

0 3610 2 3636 :
80 3568 292 3621 *cuilibet
327 3578 740 3636 concupiscentiae,
784 3587 828 3621 et
853 3577 995 3622 vitare
1021 3592 1160 3624 omne
1191 3591 1430 3639 peccatum
1460 3581 1670 3635 mortale,
1698 3582 1820 3640 quod
1854 3584 2065 3628 commit-

107 3643 216 3688 titur
239 3643 287 3688 in
311 3644 669 3703 transgressione
696 3644 1017 3689 mandatorum
1044 3644 1181 3705 legis:
1210 3647 1400 3691 minima
1427 3649 1549 3691 enim
1573 3648 1768 3693 charitas
1796 3648 1896 3708 plus
1916 3649 2062 3710 diligit
