2352 3926
654 217 934 265 QUAESTIO
976 216 1033 256 11.
1074 216 1382 257 ARTICULUS
1422 215 1494 255 VI.
1985 215 2049 270 41

97 322 249 379 minis,
273 335 368 367 non
394 331 462 367 est
487 320 676 366 dicenda
703 319 875 380 opinio,
902 319 980 364 sed
1006 319 1231 364 sententia
1258 318 1514 364 catholicae
1539 315 1666 363 fidei:
1690 315 1897 363 similiter
1919 316 2057 361 etiam

32 382 70 443 s*
97 390 243 453 prima
269 389 441 449 opinio,
467 403 583 448 quae
610 387 738 448 ponit
759 388 871 432 duas
896 387 1182 447 hypostaseS,
1210 397 1253 431 et
1278 387 1423 440 tertia,
1450 400 1566 445 quae
1592 386 1722 445 ponit
1746 385 1966 429 unionem
1988 397 2058 427 ac-

97 455 384 513 cidentalem,
410 470 504 500 non
531 465 635 500 sunt
660 454 880 499 dicendae
908 454 1164 513 opiniones,
1196 453 1275 497 sed
1306 453 1517 497 haereses
1554 454 1600 496 in
1639 451 1861 497 Conciliis
1896 452 1949 495 ab
1980 451 2060 494 Ec-

99 523 239 571 clesia
265 523 522 568 damnatae.

45 585 56 634 Ϊ
184 590 262 636 An
282 602 471 635 PRIMUM
490 602 601 648 ergo
628 587 887 641 dicendum,
905 586 1043 646 quod,
1071 586 1188 630 sicut
1212 586 1529 631 Damascenus
1555 586 1665 631 dicit
1679 586 1726 630 in
1747 600 1784 646 3.
1804 585 1880 630 lib.
1909 584 2056 643 (Orth.

97 657 191 705 Fid.
212 666 302 719 cap.
329 659 438 717 26),
473 674 496 699 «
521 672 616 702 non
642 670 829 701 necesse
856 666 923 700 est
940 654 1246 708 omnifariam,
1273 663 1316 699 et
1341 654 1613 698 indefective
1648 653 1887 699 assimilari
1913 667 2061 698 exem-

19 727 43 779 f
97 724 341 787 plaz'quod
367 725 489 770 enim
517 735 584 769 est
609 724 655 768 in
684 723 895 768 omnibus
922 722 1085 776 simile,
1102 721 1271 765 ibidem
1298 721 1452 779 utique
1480 722 1575 774 erit,
1599 732 1644 765 et
1665 736 1758 766 non
1781 719 2061 780 exemplum,

23 818 46 831 .-
99 802 146 839 et
167 792 366 839 maxime
379 792 428 836 in
444 792 630 837 divinis:
657 790 942 851 impossibile
960 791 1083 834 enim
1101 799 1169 835 est
1185 789 1333 834 simile
1353 789 1615 848 exemplum
1632 790 1835 835 invenire
1850 790 1899 835 in
1916 789 2063 835 omni-

97 858 196 915 bus,
222 870 268 905 et
289 859 337 904 in
364 858 628 918 Theologia
645 858 783 916 (idest
806 858 853 902 in
869 857 1051 902 Deitate
1077 857 1413 915 personarum),
1427 866 1472 900 et
1492 857 1539 900 in
1565 856 1901 915 dispensatione
1924 856 2063 914 (idest

18 940 36 972 11
98 926 148 975 in
186 926 405 987 mysterio
445 925 797 983 Incarnationis)
825 941 876 980 »3
902 924 1106 968 humana
1133 938 1243 982 ergo
1284 933 1446 968 natura
1485 923 1532 966 in
1561 923 1747 968 Christo
1790 923 2064 969 assimilatur

93 994 288 1048 habitui,
311 993 426 1038 idest
450 993 739 1046 vestimento,
770 1006 865 1036 non
898 991 1083 1050 quidem
1116 1001 1338 1050 quantum
1375 989 1431 1034 ad
1471 990 1802 1035 accidentalem
1828 991 2063 1044 unionem,

95 1061 182 1109 moed
218 1071 439 1120 quantum
472 1060 529 1105 ad
559 1060 667 1114 hoc,
700 1058 823 1118 quod
848 1058 1055 1102 Verbum
1085 1058 1264 1102 videtur
1295 1071 1375 1116 per
1406 1057 1659 1101 humanam
1689 1067 1917 1111 naturam,
1949 1058 2066 1102 sicut

96 1127 246 1175 homo
270 1141 351 1188 per
379 1127 731 1181 vestimentum3
758 1136 802 1171 et
827 1125 966 1170 etiam
998 1134 1219 1184 quantum
1246 1124 1303 1168 ad
1336 1124 1443 1179 hoc,
1470 1124 1592 1183 quod
1619 1124 1945 1169 vestimentum
1970 1139 2066 1168 mu-

100 1203 233 1249 tatur,
259 1195 366 1254 quia
390 1194 565 1239 scilicet
595 1192 818 1238 formatur
850 1192 1102 1236 secundum
1134 1191 1328 1250 figuram
1362 1193 1456 1250 ejus
1489 1191 1567 1251 qui
1591 1191 1738 1236 induit
1761 1192 1927 1251 ipsum,
1960 1191 2066 1250 quia

96 1275 186 1309 ma
211 1260 363 1307 forma
391 1275 487 1307 non
518 1270 719 1305 mutatur
750 1270 934 1319 propter
964 1259 1315 1314 vestimentum;
1348 1269 1392 1302 et
1432 1258 1639 1303 similiter
1670 1259 1874 1303 humana
1905 1269 2067 1302 natura

101 1338 335 1388 assumpta
360 1343 386 1373 a
409 1328 549 1373 verbo
575 1329 664 1372 Dei
690 1337 757 1372 est
781 1326 1038 1378 meliorata,
1067 1326 1216 1385 ipsum
1243 1336 1397 1370 autem
1419 1324 1623 1371 Verbum
1645 1326 1735 1371 Dei
1755 1340 1851 1371 non
1878 1336 1945 1371 est
1970 1340 2066 1370 mu-

97 1405 265 1450 tatum,
288 1405 339 1440 ut
361 1395 556 1454 August.
582 1394 768 1454 exponit
791 1394 838 1438 in
864 1393 939 1437 lib.
967 1408 1038 1454 93.
1069 1392 1181 1446 QQ.
1208 1396 1266 1452 (q.
1291 1394 1387 1453 73).

0 1474 27 1523 ᾗ
193 1462 271 1508 An
293 1475 554 1508 SECUNDUM
580 1461 838 1515 dicendum,
857 1461 980 1520 quod
1006 1459 1131 1515 illud,
1154 1461 1278 1519 quod
1305 1461 1487 1505 advenit
1512 1470 1618 1520 post
1643 1475 1742 1505 esse
1769 1460 2068 1520 completum,

107 1528 445 1577 accidentaliter
471 1528 666 1582 advenit,
693 1527 781 1572 nisi
810 1528 1015 1572 trahatur
1044 1527 1091 1571 in
1124 1529 1506 1572 communionem
1537 1527 1657 1572 illius
1691 1542 1789 1572 esse
1825 1527 2065 1587 completi:

105 1597 224 1644 sicut
245 1597 293 1643 in
318 1596 652 1641 resurrectione.
675 1609 837 1655 corpus
865 1595 1075 1639 adveniet
1106 1595 1287 1639 animae
1314 1596 1665 1654 praeexistenti3
1691 1610 1786 1640 non
1810 1606 1966 1640 tamen
2001 1609 2070 1638 ac-

108 1663 404 1717 cidentaliter,
429 1663 536 1722 quia
562 1662 617 1706 ad
644 1662 767 1706 idem
793 1676 892 1706 esse
919 1671 1187 1716 assumetur,
1213 1672 1264 1706 ut
1289 1662 1464 1707 scilicet
1490 1677 1656 1721 corpus
1688 1663 1857 1708 habeat
1882 1677 1982 1708 esse
2007 1661 2069 1705 vi-

106 1730 196 1775 tale
222 1744 302 1789 per
327 1729 553 1774 animam:
579 1743 673 1773 non
701 1739 769 1773 est
795 1739 948 1773 autem
974 1729 1038 1773 sic
1067 1728 1122 1773 de
1149 1728 1379 1774 albedine:
1408 1730 1511 1788 quia
1540 1729 1660 1774 aliud
1683 1741 1751 1775 est
1771 1744 1869 1775 esse
1898 1729 2001 1783 albi,
2025 1738 2070 1773 et

107 1796 230 1842 aliud
254 1806 324 1858 est
347 1810 446 1841 esse
476 1796 694 1849 hominiS,
728 1796 800 1840 cui
833 1796 1015 1840 advenit
1044 1796 1230 1840 albedo:
1259 1797 1461 1841 Verbum
1489 1807 1641 1841 autem
1673 1798 1764 1842 Dei
1795 1798 1849 1842 ab
1884 1806 2068 1841 aeterno

3 1885 31 1914 :22
106 1877 206 1910 esse
237 1863 520 1923 completum
551 1863 708 1907 habuit
740 1863 993 1907 secundum
1023 1863 1324 1923 hypostasim,
1357 1864 1451 1909 sive
1483 1878 1749 1923 personam:
1778 1878 1831 1909 ex
1862 1874 2070 1923 tempore

6 1924 40 1991 34
106 1942 262 1977 autem
287 1930 470 1976 advenit
494 1930 536 1975 ei
560 1941 721 1975 natura
746 1930 964 1984 humana,
991 1944 1086 1975 non
1113 1932 1241 1990 quasi
1269 1941 1501 1990 assumpta
1533 1932 1589 1975 ad
1621 1946 1764 1975 unum
1798 1946 1910 1986 esse,
1937 1940 2072 1991 prout

2 1999 47 2059 ῥ’)
106 2007 392 2052 &nami-ae,
408 1998 525 2043 sicut
541 2011 706 2056 corpus
733 1998 976 2042 assumitur
1003 1998 1059 2042 ad
1086 2012 1185 2042 esse
1213 1998 1421 2053 animae;
1447 1999 1525 2042 sed
1553 1998 1609 2042 ad
1632 2013 1775 2043 unum
1802 2013 1916 2053 esse,
1937 2007 2073 2057 prout

2 2062 45 2124 {J
108 2074 178 2111 αῖ
198 2065 472 2126 hypostasis,
497 2064 577 2110 vel
607 2078 856 2124 personae;
883 2075 928 2109 et
952 2065 1056 2109 ideo
1082 2065 1287 2110 humana
1318 2075 1480 2110 natura
1510 2080 1606 2110 non
1638 2067 1789 2110 unitur
1821 2065 2073 2110 accidenta-

16 2134 59 2186 ἐξ·
98 2130 209 2194 Bter
226 2131 344 2178 Filio
361 2132 463 2177 Dei.

5 2210 57 2257 1ᾖς,
98 2220 109 2247 ·:
194 2198 272 2245 An
290 2212 507 2246 TERTIUM
523 2198 783 2254 dicendum,
810 2199 933 2259 quod
961 2198 1173 2244 accidens
1200 2199 1413 2244 dividitur
1439 2210 1599 2245 contra
1625 2200 1948 2247 substantiam:
1975 2201 2074 2245 sub-

22 2253 62 2314 ,⁸
95 2266 274 2314 mutia
297 2275 465 2322 autem,
490 2277 541 2311 ut
564 2276 688 2326 patet
717 2280 754 2324 5.
781 2266 983 2325 Metaph.
1011 2267 1115 2325 (tex.
1141 2266 1235 2326 15.)‚
1264 2266 1487 2327 duplt'citer
1519 2268 1704 2313 dicitur:
1727 2283 1810 2312 uno
1842 2268 1963 2313 modo
1990 2281 2072 2327 pro

103 2334 321 2389 ›mentia,
346 2334 440 2379 sive
466 2344 651 2379 natura:
679 2335 763 2389 alio
795 2334 916 2378 modo
942 2348 1025 2393 pro
1058 2334 1310 2394 supposito,
1342 2335 1438 2378 sive
1463 2335 1723 2395 hypostasi;
1750 2336 1869 2380 unde
1895 2334 2073 2390 sufficit,

108 2399 285 2448 adhoc
311 2401 434 2460 quod
458 2416 554 2447 non
579 2402 638 2446 sit
662 2401 771 2446 unio
799 2400 1106 2455 accidentalis,
1134 2401 1256 2461 quod
1289 2401 1346 2446 sit
1376 2401 1496 2447 facta
1521 2403 1631 2447 unio
1654 2403 1907 2448 secundum
1933 2403 2075 2463 hypo-

112 2467 285 2523 stasim,
309 2466 416 2513 licet
439 2482 536 2513 non
561 2469 620 2513 sit
642 2468 763 2514 facta
787 2469 897 2513 unio
919 2468 1173 2513 secundum
1195 2478 1419 2514 naturam.

16 2531 23 2586 ζ
202 2534 281 2581 An
318 2548 556 2586 QUARTUM
593 2535 854 2590 dicendum,
879 2535 1002 2595 quod
1027 2550 1133 2580 non.
1150 2550 1288 2580 omne
1315 2536 1439 2595 quod
1465 2537 1709 2581 assumitur
1734 2546 1783 2582 ut
1806 2537 2076 2582 instrumen-

109 2610 223 2656 tum,
254 2604 447 2662 pertinet
484 2602 541 2647 ad
573 2603 858 2663 hypostasim
892 2603 1187 2658 assumentis;
1220 2603 1338 2648 sicut
1377 2614 1501 2662 patet
1541 2605 1596 2649 de
1639 2604 1801 2658 securi,
1828 2614 1872 2648 et
1898 2604 2072 2663 gladio:

19 2674 54 2726 :27
101 2667 226 2717 :nihil
248 2678 405 2715 tamen
427 2670 652 2729 prohibet,
677 2669 791 2714 illud
812 2669 935 2729 quod
959 2670 1203 2715 assumitur
1225 2671 1282 2716 ad
1304 2670 1524 2715 unitatem
1550 2671 1824 2731 hypostasis,
1841 2686 1889 2716 se
1907 2671 2074 2715 habere

63 2746 66 2765 ῑ
110 2737 561 2792 ιῐῑ,ὶιιεῖι·υῐῐιεοῑιιω;
591 2737 709 2782 sicut
740 2751 905 2796 corpus
936 2738 1152 2792 hominis,
1184 2737 1258 2782 vel
1291 2739 1498 2782 membra
1530 2740 1650 2797 ejus;
1682 2738 1921 2783 Nestorius
1963 2752 2072 2797 ergo

110 2803 277 2864 posuit,
303 2804 426 2863 quod
451 2814 612 2848 natura
637 2804 843 2848 humana
868 2814 935 2849 est
961 2815 1192 2864 assumpta
1210 2819 1236 2848 a
1252 2804 1405 2849 Verbo
1433 2805 1585 2850 solum
1606 2820 1687 2864 per
1703 2806 1897 2850 modum
1917 2806 2075 2849 instru-

103 2870 271 2926 menti,
296 2885 393 2916 non
419 2881 572 2916 autem
614 2871 669 2915 ad
711 2872 933 2916 unitatem
958 2872 1243 2931 hypostasis;
1277 2882 1322 2916 et
1350 2872 1455 2917 ideo
1488 2887 1584 2917 non
1625 2873 1919 2927 concedebat,
1953 2872 2074 2931 quod

95 2935 259 2985 homo
283 2937 362 2983 ille
388 2953 495 2983 vere
522 2948 640 2983 esset
670 2938 789 2983 filius
815 2938 918 2993 Dei,
952 2940 1031 2983 sed
1063 2939 1416 2984 instrumentum
1442 2941 1566 2998 ejus3
1594 2940 1713 2984 unde
1741 2939 1942 2999 Cyrillus
1968 2939 2076 2983 dicit

31 3001 44 3062 f⁴
103 3003 161 3053 in
184 3005 314 3066 epist.
340 3005 419 3066 (1.)
445 3006 501 3050 ad
526 3006 785 3050 Monachos
811 3006 1032 3065 Aegypti:
1064 3023 1087 3048 c<
1114 3007 1246 3050 Hunc
1280 3006 1632 3052 Emmanuelem
1660 3007 1796 3065 (idest
1817 3006 2074 3062 Christum)

110 3084 207 3135 non
230 3082 467 3132 tamquam
493 3073 784 3118 instrumenti
806 3072 959 3117 officio
993 3084 1277 3132 assumptum
1314 3074 1421 3118 dicit
1460 3074 1705 3134 Scriptura,
1732 3074 1810 3118 sed
1837 3084 2074 3131 tamquam

102 3137 268 3186 v--Deum
283 3154 390 3185 vere
405 3140 709 3185 humanatum
734 3157 777 3194 ›>,
794 3140 908 3185 idest
928 3140 1166 3184 hominem
1192 3140 1388 3185 factum:
1408 3141 1726 3186 Damascenus
1748 3151 1901 3184 autem
1926 3139 2077 3198 posuit

113 3214 323 3252 naturam
354 3206 610 3252 humanam
641 3207 688 3252 in
716 3206 901 3252 Christo
928 3221 1041 3262 esse,
1067 3207 1184 3252 sicut
1208 3207 1560 3254 instrumentum
1594 3208 1650 3253 ad
1683 3207 1903 3252 unitatem
1934 3206 2077 3265 hypo·

103 3272 245 3322 ‚nasis
270 3268 511 3333 pertinens.
