<?xml version="1.0" encoding="UTF-8"?>
<!DOCTYPE html PUBLIC "-//W3C//DTD XHTML 1.0 Transitional//EN"
    "http://www.w3.org/TR/xhtml1/DTD/xhtml1-transitional.dtd">
<html xmlns="http://www.w3.org/1999/xhtml" xml:lang="en" lang="en">
 <head>
  <title>
</title>
<meta http-equiv="Content-Type" content="text/html;charset=utf-8" />
  <meta name='ocr-system' content='tesseract 3.04.00' />
  <meta name='ocr-capabilities' content='ocr_page ocr_carea ocr_par ocr_line ocrx_word'/>
</head>
<body>
  <div class='ocr_page' id='page_1' title='image "./divithomaeaquina04thom_0331.png"; bbox 0 0 2352 3926; ppageno 0'>
   <div class='ocr_carea' id='block_1_1' title="bbox 552 176 2040 232">
    <p class='ocr_par' dir='ltr' id='par_1_1' title="bbox 552 176 2040 232">
     <span class='ocr_line' id='line_1_1' title="bbox 552 176 2040 232; baseline -0.001 -16"><span class='ocrx_word' id='word_1_1' title='bbox 552 177 830 223; x_wconf 78' lang='lat' dir='ltr'>QUAESTIO</span> <span class='ocrx_word' id='word_1_2' title='bbox 870 178 1097 216; x_wconf 83' lang='lat' dir='ltr'>XXXVIII.</span> <span class='ocrx_word' id='word_1_3' title='bbox 1139 176 1445 217; x_wconf 77' lang='lat' dir='ltr'>ARTICULUS</span> <span class='ocrx_word' id='word_1_4' title='bbox 1485 176 1558 215; x_wconf 82' lang='lat' dir='ltr'>vl.</span> <span class='ocrx_word' id='word_1_5' title='bbox 1934 176 2040 232; x_wconf 81' lang='grc'>327</span> 
     </span>
    </p>
   </div>
   <div class='ocr_carea' id='block_1_2' title="bbox 77 276 2043 1271">
    <p class='ocr_par' dir='ltr' id='par_1_2' title="bbox 83 276 2042 456">
     <span class='ocr_line' id='line_1_2' title="bbox 127 276 2042 338; baseline -0.001 -16"><span class='ocrx_word' id='word_1_6' title='bbox 127 318 131 322; x_wconf 82' lang='grc'><em>.</em></span> <span class='ocrx_word' id='word_1_7' title='bbox 172 278 268 324; x_wconf 64' lang='lat' dir='ltr'>San</span> <span class='ocrx_word' id='word_1_8' title='bbox 287 291 482 324; x_wconf 75' lang='lat' dir='ltr'>coNTRA</span> <span class='ocrx_word' id='word_1_9' title='bbox 511 288 591 332; x_wconf 90' lang='lat' dir='ltr'>est,</span> <span class='ocrx_word' id='word_1_10' title='bbox 618 278 740 337; x_wconf 88' lang='lat' dir='ltr'>quod</span> <span class='ocrx_word' id='word_1_11' title='bbox 766 279 960 337; x_wconf 88' lang='lat' dir='ltr'>August.</span> <span class='ocrx_word' id='word_1_12' title='bbox 989 279 1096 323; x_wconf 89' lang='lat' dir='ltr'>dicit</span> <span class='ocrx_word' id='word_1_13' title='bbox 1122 293 1256 338; x_wconf 89' lang='lat' dir='ltr'>super</span> <span class='ocrx_word' id='word_1_14' title='bbox 1276 278 1408 337; x_wconf 90' lang='lat' dir='ltr'>Joan.</span> <span class='ocrx_word' id='word_1_15' title='bbox 1440 278 1586 336; x_wconf 82' lang='lat' dir='ltr'>(tract.</span> <span class='ocrx_word' id='word_1_16' title='bbox 1608 292 1645 336; x_wconf 85' lang='lat'>5.</span> <span class='ocrx_word' id='word_1_17' title='bbox 1666 291 1692 321; x_wconf 87' lang='lat' dir='ltr'>a</span> <span class='ocrx_word' id='word_1_18' title='bbox 1714 276 1870 335; x_wconf 73' lang='lat' dir='ltr'>med.).·</span> <span class='ocrx_word' id='word_1_19' title='bbox 1891 293 1915 319; x_wconf 87' lang='lat'><strong><em>«</em></strong></span> <span class='ocrx_word' id='word_1_20' title='bbox 1946 276 2042 329; x_wconf 87' lang='lat' dir='ltr'>Qui</span> 
     </span>
     <span class='ocr_line' id='line_1_3' title="bbox 83 343 2039 404; baseline -0.001 -16"><span class='ocrx_word' id='word_1_21' title='bbox 83 343 298 403; x_wconf 85' lang='lat' dir='ltr'>baptizati</span> <span class='ocrx_word' id='word_1_22' title='bbox 337 355 441 390; x_wconf 90' lang='lat' dir='ltr'>sunt</span> <span class='ocrx_word' id='word_1_23' title='bbox 476 345 746 403; x_wconf 88' lang='lat' dir='ltr'>baptismate</span> <span class='ocrx_word' id='word_1_24' title='bbox 781 345 986 403; x_wconf 89' lang='lat' dir='ltr'>Joannis,</span> <span class='ocrx_word' id='word_1_25' title='bbox 1025 346 1277 404; x_wconf 87' lang='lat' dir='ltr'>oportebat,</span> <span class='ocrx_word' id='word_1_26' title='bbox 1313 355 1361 389; x_wconf 91' lang='lat' dir='ltr'>ut</span> <span class='ocrx_word' id='word_1_27' title='bbox 1398 345 1732 403; x_wconf 86' lang='lat' dir='ltr'>baptizarentur</span> <span class='ocrx_word' id='word_1_28' title='bbox 1767 344 2039 403; x_wconf 89' lang='lat' dir='ltr'>baptismate</span> 
     </span>
     <span class='ocr_line' id='line_1_4' title="bbox 85 410 312 456; baseline 0 0"><span class='ocrx_word' id='word_1_29' title='bbox 85 410 312 456; x_wconf 82' lang='lat' dir='ltr'>Christi».</span> 
     </span>
    </p>

    <p class='ocr_par' dir='ltr' id='par_1_3' title="bbox 77 476 2043 1271">
     <span class='ocr_line' id='line_1_5' title="bbox 172 476 2041 536; baseline -0.001 -15"><span class='ocrx_word' id='word_1_30' title='bbox 172 477 459 523; x_wconf 77' lang='lat' dir='ltr'>RESPONDEO</span> <span class='ocrx_word' id='word_1_31' title='bbox 486 477 745 532; x_wconf 90' lang='lat' dir='ltr'>dicendum,</span> <span class='ocrx_word' id='word_1_32' title='bbox 773 477 894 536; x_wconf 93' lang='lat' dir='ltr'>quod</span> <span class='ocrx_word' id='word_1_33' title='bbox 927 478 1180 522; x_wconf 90' lang='lat' dir='ltr'>secundum</span> <span class='ocrx_word' id='word_1_34' title='bbox 1214 478 1479 536; x_wconf 84' lang='lat' dir='ltr'>opinionem</span> <span class='ocrx_word' id='word_1_35' title='bbox 1507 478 1713 536; x_wconf 87' lang='lat' dir='ltr'>Magistri</span> <span class='ocrx_word' id='word_1_36' title='bbox 1739 477 1786 521; x_wconf 91' lang='lat' dir='ltr'>in</span> <span class='ocrx_word' id='word_1_37' title='bbox 1813 489 1855 522; x_wconf 86' lang='lat'>2.</span> <span class='ocrx_word' id='word_1_38' title='bbox 1889 476 2041 521; x_wconf 91' lang='lat' dir='ltr'>distin-</span> 
     </span>
     <span class='ocr_line' id='line_1_6' title="bbox 81 543 2043 603; baseline 0 -15"><span class='ocrx_word' id='word_1_39' title='bbox 81 543 232 588; x_wconf 88' lang='lat' dir='ltr'>ctione</span> <span class='ocrx_word' id='word_1_40' title='bbox 257 543 333 589; x_wconf 87' lang='lat' dir='ltr'>lib.</span> <span class='ocrx_word' id='word_1_41' title='bbox 359 557 401 599; x_wconf 89' lang='lat'>4.</span> <span class='ocrx_word' id='word_1_42' title='bbox 431 544 783 602; x_wconf 86' lang='lat' dir='ltr'>Sententiarum,</span> <span class='ocrx_word' id='word_1_43' title='bbox 809 543 889 598; x_wconf 89' lang='lat' dir='ltr'>illi,</span> <span class='ocrx_word' id='word_1_44' title='bbox 917 546 992 603; x_wconf 91' lang='lat' dir='ltr'>qui</span> <span class='ocrx_word' id='word_1_45' title='bbox 1017 545 1230 603; x_wconf 90' lang='lat' dir='ltr'>baptizati</span> <span class='ocrx_word' id='word_1_46' title='bbox 1256 555 1359 588; x_wconf 91' lang='lat' dir='ltr'>sunt</span> <span class='ocrx_word' id='word_1_47' title='bbox 1385 559 1410 588; x_wconf 91' lang='lat' dir='ltr'>a</span> <span class='ocrx_word' id='word_1_48' title='bbox 1436 545 1628 602; x_wconf 91' lang='lat' dir='ltr'>Joanne,</span> <span class='ocrx_word' id='word_1_49' title='bbox 1659 544 1915 589; x_wconf 88' lang='lat' dir='ltr'>nescientes</span> <span class='ocrx_word' id='word_1_50' title='bbox 1940 544 2043 603; x_wconf 90' lang='lat' dir='ltr'>Spi-</span> 
     </span>
     <span class='ocr_line' id='line_1_7' title="bbox 86 609 2041 671; baseline 0 -17"><span class='ocrx_word' id='word_1_51' title='bbox 86 609 223 654; x_wconf 88' lang='lat' dir='ltr'>ritum</span> <span class='ocrx_word' id='word_1_52' title='bbox 252 610 471 654; x_wconf 89' lang='lat' dir='ltr'>Sanctum</span> <span class='ocrx_word' id='word_1_53' title='bbox 500 625 611 664; x_wconf 89' lang='lat' dir='ltr'>esse,</span> <span class='ocrx_word' id='word_1_54' title='bbox 639 625 691 655; x_wconf 92' lang='lat' dir='ltr'>ac</span> <span class='ocrx_word' id='word_1_55' title='bbox 718 625 846 670; x_wconf 89' lang='lat' dir='ltr'>spem</span> <span class='ocrx_word' id='word_1_56' title='bbox 879 620 1100 670; x_wconf 91' lang='lat' dir='ltr'>ponentes</span> <span class='ocrx_word' id='word_1_57' title='bbox 1131 611 1178 653; x_wconf 90' lang='lat' dir='ltr'>in</span> <span class='ocrx_word' id='word_1_58' title='bbox 1209 610 1330 654; x_wconf 90' lang='lat' dir='ltr'>illius</span> <span class='ocrx_word' id='word_1_59' title='bbox 1362 611 1605 669; x_wconf 89' lang='lat' dir='ltr'>baptismo,</span> <span class='ocrx_word' id='word_1_60' title='bbox 1638 621 1797 671; x_wconf 88' lang='lat' dir='ltr'>postea</span> <span class='ocrx_word' id='word_1_61' title='bbox 1827 611 2041 669; x_wconf 90' lang='lat' dir='ltr'>baptizati</span> 
     </span>
     <span class='ocr_line' id='line_1_8' title="bbox 79 677 2039 736; baseline 0.001 -16"><span class='ocrx_word' id='word_1_62' title='bbox 79 686 186 720; x_wconf 90' lang='lat' dir='ltr'>sunt</span> <span class='ocrx_word' id='word_1_63' title='bbox 210 677 438 735; x_wconf 89' lang='lat' dir='ltr'>baptismo</span> <span class='ocrx_word' id='word_1_64' title='bbox 467 677 661 722; x_wconf 85' lang='lat' dir='ltr'>Christi:</span> <span class='ocrx_word' id='word_1_65' title='bbox 688 677 755 721; x_wconf 89' lang='lat' dir='ltr'>illi</span> <span class='ocrx_word' id='word_1_66' title='bbox 779 691 889 721; x_wconf 88' lang='lat' dir='ltr'>vero</span> <span class='ocrx_word' id='word_1_67' title='bbox 916 678 992 736; x_wconf 91' lang='lat' dir='ltr'>qui</span> <span class='ocrx_word' id='word_1_68' title='bbox 1009 691 1137 736; x_wconf 90' lang='lat' dir='ltr'>spem</span> <span class='ocrx_word' id='word_1_69' title='bbox 1154 691 1248 721; x_wconf 88' lang='lat' dir='ltr'>non</span> <span class='ocrx_word' id='word_1_70' title='bbox 1271 688 1519 736; x_wconf 90' lang='lat' dir='ltr'>posuerunt</span> <span class='ocrx_word' id='word_1_71' title='bbox 1535 678 1581 720; x_wconf 92' lang='lat' dir='ltr'>in</span> <span class='ocrx_word' id='word_1_72' title='bbox 1594 677 1822 736; x_wconf 89' lang='lat' dir='ltr'>baptismo</span> <span class='ocrx_word' id='word_1_73' title='bbox 1835 677 2039 735; x_wconf 89' lang='lat' dir='ltr'>Joannis,</span> 
     </span>
     <span class='ocr_line' id='line_1_9' title="bbox 83 743 2040 803; baseline 0 -15"><span class='ocrx_word' id='word_1_74' title='bbox 83 753 129 788; x_wconf 91' lang='lat' dir='ltr'>et</span> <span class='ocrx_word' id='word_1_75' title='bbox 152 743 352 798; x_wconf 88' lang='lat' dir='ltr'>Patrem,</span> <span class='ocrx_word' id='word_1_76' title='bbox 379 755 423 788; x_wconf 89' lang='lat' dir='ltr'>et</span> <span class='ocrx_word' id='word_1_77' title='bbox 454 744 633 798; x_wconf 87' lang='lat' dir='ltr'>Filium,</span> <span class='ocrx_word' id='word_1_78' title='bbox 667 755 711 788; x_wconf 93' lang='lat' dir='ltr'>et</span> <span class='ocrx_word' id='word_1_79' title='bbox 743 745 961 803; x_wconf 91' lang='lat' dir='ltr'>Spiritum</span> <span class='ocrx_word' id='word_1_80' title='bbox 997 744 1217 788; x_wconf 89' lang='lat' dir='ltr'>Sanctum</span> <span class='ocrx_word' id='word_1_81' title='bbox 1251 744 1509 798; x_wconf 87' lang='lat' dir='ltr'>credebant,</span> <span class='ocrx_word' id='word_1_82' title='bbox 1542 759 1636 789; x_wconf 92' lang='lat' dir='ltr'>non</span> <span class='ocrx_word' id='word_1_83' title='bbox 1669 743 1850 789; x_wconf 90' lang='lat' dir='ltr'>fuerunt</span> <span class='ocrx_word' id='word_1_84' title='bbox 1881 755 2040 803; x_wconf 88' lang='lat' dir='ltr'>postea</span> 
     </span>
     <span class='ocr_line' id='line_1_10' title="bbox 83 809 2039 871; baseline 0.001 -17"><span class='ocrx_word' id='word_1_85' title='bbox 83 809 312 869; x_wconf 88' lang='lat' dir='ltr'>baptizati,</span> <span class='ocrx_word' id='word_1_86' title='bbox 338 812 416 855; x_wconf 92' lang='lat' dir='ltr'>sed</span> <span class='ocrx_word' id='word_1_87' title='bbox 443 811 737 871; x_wconf 88' lang='lat' dir='ltr'>impositione</span> <span class='ocrx_word' id='word_1_88' title='bbox 764 826 983 855; x_wconf 88' lang='lat' dir='ltr'>manuum</span> <span class='ocrx_word' id='word_1_89' title='bbox 1018 812 1071 855; x_wconf 87' lang='lat' dir='ltr'>ab</span> <span class='ocrx_word' id='word_1_90' title='bbox 1105 810 1342 870; x_wconf 90' lang='lat' dir='ltr'>Apostolis</span> <span class='ocrx_word' id='word_1_91' title='bbox 1376 825 1510 870; x_wconf 90' lang='lat' dir='ltr'>super</span> <span class='ocrx_word' id='word_1_92' title='bbox 1542 825 1621 855; x_wconf 90' lang='lat' dir='ltr'>eos</span> <span class='ocrx_word' id='word_1_93' title='bbox 1652 810 1786 865; x_wconf 90' lang='lat' dir='ltr'>facta,</span> <span class='ocrx_word' id='word_1_94' title='bbox 1821 811 2039 871; x_wconf 92' lang='lat' dir='ltr'>Spiritum</span> 
     </span>
     <span class='ocr_line' id='line_1_11' title="bbox 81 876 2041 937; baseline 0.001 -17"><span class='ocrx_word' id='word_1_95' title='bbox 81 876 303 921; x_wconf 89' lang='lat' dir='ltr'>Sanctum</span> <span class='ocrx_word' id='word_1_96' title='bbox 329 888 599 936; x_wconf 89' lang='lat' dir='ltr'>receperunt</span> <span class='ocrx_word' id='word_1_97' title='bbox 616 893 628 932; x_wconf 90' lang='lat'>;</span> <span class='ocrx_word' id='word_1_98' title='bbox 655 887 700 922; x_wconf 88' lang='lat' dir='ltr'>et</span> <span class='ocrx_word' id='word_1_99' title='bbox 719 878 810 922; x_wconf 93' lang='lat' dir='ltr'>hoc</span> <span class='ocrx_word' id='word_1_100' title='bbox 829 879 1012 937; x_wconf 89' lang='lat' dir='ltr'>quidem</span> <span class='ocrx_word' id='word_1_101' title='bbox 1038 892 1199 921; x_wconf 89' lang='lat' dir='ltr'>verum</span> <span class='ocrx_word' id='word_1_102' title='bbox 1218 887 1300 931; x_wconf 89' lang='lat' dir='ltr'>est,</span> <span class='ocrx_word' id='word_1_103' title='bbox 1318 887 1538 935; x_wconf 88' lang='lat' dir='ltr'>quantum</span> <span class='ocrx_word' id='word_1_104' title='bbox 1558 878 1612 920; x_wconf 89' lang='lat' dir='ltr'>ad</span> <span class='ocrx_word' id='word_1_105' title='bbox 1623 879 1812 936; x_wconf 82' lang='lat' dir='ltr'>primam</span> <span class='ocrx_word' id='word_1_106' title='bbox 1840 889 2013 936; x_wconf 89' lang='lat' dir='ltr'>partem</span> <span class='ocrx_word' id='word_1_107' title='bbox 2030 893 2041 932; x_wconf 90' lang='lat'>;</span> 
     </span>
     <span class='ocr_line' id='line_1_12' title="bbox 80 943 2038 1004; baseline 0 -16"><span class='ocrx_word' id='word_1_108' title='bbox 80 945 203 1004; x_wconf 91' lang='lat' dir='ltr'>quod</span> <span class='ocrx_word' id='word_1_109' title='bbox 232 943 385 989; x_wconf 90' lang='lat' dir='ltr'>multis</span> <span class='ocrx_word' id='word_1_110' title='bbox 413 945 753 989; x_wconf 89' lang='lat' dir='ltr'>auctoritatibus</span> <span class='ocrx_word' id='word_1_111' title='bbox 787 945 1106 989; x_wconf 86' lang='lat' dir='ltr'>confirmatur:</span> <span class='ocrx_word' id='word_1_112' title='bbox 1144 945 1222 989; x_wconf 91' lang='lat' dir='ltr'>sed</span> <span class='ocrx_word' id='word_1_113' title='bbox 1256 953 1479 1003; x_wconf 89' lang='lat' dir='ltr'>quantum</span> <span class='ocrx_word' id='word_1_114' title='bbox 1517 943 1572 987; x_wconf 93' lang='lat' dir='ltr'>ad</span> <span class='ocrx_word' id='word_1_115' title='bbox 1609 944 1829 988; x_wconf 83' lang='lat' dir='ltr'>secundam</span> <span class='ocrx_word' id='word_1_116' title='bbox 1863 955 2038 1003; x_wconf 89' lang='lat' dir='ltr'>partem</span> 
     </span>
     <span class='ocr_line' id='line_1_13' title="bbox 82 1010 2039 1071; baseline -0.001 -16"><span class='ocrx_word' id='word_1_117' title='bbox 82 1021 151 1056; x_wconf 87' lang='lat' dir='ltr'>est</span> <span class='ocrx_word' id='word_1_118' title='bbox 175 1011 354 1070; x_wconf 90' lang='lat' dir='ltr'>penitus</span> <span class='ocrx_word' id='word_1_119' title='bbox 382 1011 703 1066; x_wconf 88' lang='lat' dir='ltr'>irrationabile,</span> <span class='ocrx_word' id='word_1_120' title='bbox 729 1013 852 1071; x_wconf 90' lang='lat' dir='ltr'>quod</span> <span class='ocrx_word' id='word_1_121' title='bbox 879 1012 1064 1056; x_wconf 90' lang='lat' dir='ltr'>dicitur:</span> <span class='ocrx_word' id='word_1_122' title='bbox 1085 1014 1228 1071; x_wconf 85' lang='lat' dir='ltr'>primo</span> <span class='ocrx_word' id='word_1_123' title='bbox 1247 1011 1448 1069; x_wconf 91' lang='lat' dir='ltr'>quidem,</span> <span class='ocrx_word' id='word_1_124' title='bbox 1465 1011 1570 1069; x_wconf 88' lang='lat' dir='ltr'>quia</span> <span class='ocrx_word' id='word_1_125' title='bbox 1586 1010 1837 1068; x_wconf 86' lang='lat' dir='ltr'>baptismus</span> <span class='ocrx_word' id='word_1_126' title='bbox 1849 1011 2039 1068; x_wconf 90' lang='lat' dir='ltr'>Joannis</span> 
     </span>
     <span class='ocr_line' id='line_1_14' title="bbox 77 1076 2040 1137; baseline -0.001 -15"><span class='ocrx_word' id='word_1_127' title='bbox 77 1091 228 1137; x_wconf 87' lang='lat' dir='ltr'>neque</span> <span class='ocrx_word' id='word_1_128' title='bbox 254 1078 447 1137; x_wconf 81' lang='lat' dir='ltr'>gratiam</span> <span class='ocrx_word' id='word_1_129' title='bbox 482 1077 757 1131; x_wconf 89' lang='lat' dir='ltr'>conferebat,</span> <span class='ocrx_word' id='word_1_130' title='bbox 790 1093 937 1137; x_wconf 89' lang='lat' dir='ltr'>neque</span> <span class='ocrx_word' id='word_1_131' title='bbox 972 1079 1284 1122; x_wconf 87' lang='lat' dir='ltr'>characterem</span> <span class='ocrx_word' id='word_1_132' title='bbox 1317 1078 1630 1136; x_wconf 87' lang='lat' dir='ltr'>imprimebat:</span> <span class='ocrx_word' id='word_1_133' title='bbox 1658 1077 1737 1120; x_wconf 92' lang='lat' dir='ltr'>sed</span> <span class='ocrx_word' id='word_1_134' title='bbox 1764 1087 1860 1121; x_wconf 89' lang='lat' dir='ltr'>erat</span> <span class='ocrx_word' id='word_1_135' title='bbox 1890 1076 2040 1121; x_wconf 91' lang='lat' dir='ltr'>solum</span> 
     </span>
     <span class='ocr_line' id='line_1_15' title="bbox 78 1143 2043 1204; baseline -0.002 -15"><span class='ocrx_word' id='word_1_136' title='bbox 78 1145 126 1189; x_wconf 87' lang='lat' dir='ltr'>in</span> <span class='ocrx_word' id='word_1_137' title='bbox 154 1158 285 1204; x_wconf 86' lang='lat' dir='ltr'>aqua,</span> <span class='ocrx_word' id='word_1_138' title='bbox 313 1155 361 1189; x_wconf 88' lang='lat' dir='ltr'>ut</span> <span class='ocrx_word' id='word_1_139' title='bbox 381 1147 574 1203; x_wconf 82' lang='lat' dir='ltr'>ipsemet</span> <span class='ocrx_word' id='word_1_140' title='bbox 604 1146 712 1189; x_wconf 88' lang='lat' dir='ltr'>dicit</span> <span class='ocrx_word' id='word_1_141' title='bbox 737 1146 897 1189; x_wconf 84' lang='lat' dir='ltr'>Matth.</span> <span class='ocrx_word' id='word_1_142' title='bbox 929 1160 992 1204; x_wconf 85' lang='lat'>3.;</span> <span class='ocrx_word' id='word_1_143' title='bbox 1018 1146 1138 1189; x_wconf 91' lang='lat' dir='ltr'>unde</span> <span class='ocrx_word' id='word_1_144' title='bbox 1163 1145 1399 1204; x_wconf 88' lang='lat' dir='ltr'>baptizatis</span> <span class='ocrx_word' id='word_1_145' title='bbox 1426 1144 1552 1197; x_wconf 90' lang='lat' dir='ltr'>fides,</span> <span class='ocrx_word' id='word_1_146' title='bbox 1578 1143 1651 1187; x_wconf 87' lang='lat' dir='ltr'>vel</span> <span class='ocrx_word' id='word_1_147' title='bbox 1669 1158 1787 1202; x_wconf 89' lang='lat' dir='ltr'>spes,</span> <span class='ocrx_word' id='word_1_148' title='bbox 1805 1158 1942 1202; x_wconf 87' lang='lat' dir='ltr'>quarn</span> <span class='ocrx_word' id='word_1_149' title='bbox 1965 1144 2043 1187; x_wconf 87' lang='lat' dir='ltr'>ha-</span> 
     </span>
     <span class='ocr_line' id='line_1_16' title="bbox 81 1211 2040 1271; baseline -0.001 -16"><span class='ocrx_word' id='word_1_150' title='bbox 81 1211 250 1256; x_wconf 90' lang='lat' dir='ltr'>bebant</span> <span class='ocrx_word' id='word_1_151' title='bbox 279 1212 325 1256; x_wconf 91' lang='lat' dir='ltr'>in</span> <span class='ocrx_word' id='word_1_152' title='bbox 361 1211 613 1266; x_wconf 86' lang='lat' dir='ltr'>Christum,</span> <span class='ocrx_word' id='word_1_153' title='bbox 645 1227 738 1256; x_wconf 92' lang='lat' dir='ltr'>non</span> <span class='ocrx_word' id='word_1_154' title='bbox 775 1222 985 1271; x_wconf 90' lang='lat' dir='ltr'>poterant</span> <span class='ocrx_word' id='word_1_155' title='bbox 1020 1213 1142 1256; x_wconf 91' lang='lat' dir='ltr'>hunc</span> <span class='ocrx_word' id='word_1_156' title='bbox 1181 1212 1412 1256; x_wconf 88' lang='lat' dir='ltr'>defectum</span> <span class='ocrx_word' id='word_1_157' title='bbox 1453 1211 1683 1270; x_wconf 89' lang='lat' dir='ltr'>supplere:</span> <span class='ocrx_word' id='word_1_158' title='bbox 1719 1211 1907 1264; x_wconf 85' lang='lat' dir='ltr'>secundo,</span> <span class='ocrx_word' id='word_1_159' title='bbox 1936 1212 2040 1270; x_wconf 90' lang='lat' dir='ltr'>quia</span> 
     </span>
    </p>
   </div>
   <div class='ocr_carea' id='block_1_3' title="bbox 63 1278 2041 1338">
    <p class='ocr_par' dir='ltr' id='par_1_4' title="bbox 63 1278 2041 1338">
     <span class='ocr_line' id='line_1_17' title="bbox 63 1278 2041 1338; baseline -0.001 -16"><span class='ocrx_word' id='word_1_160' title='bbox 63 1278 260 1338; x_wconf 74' lang='lat' dir='ltr'>quando</span> <span class='ocrx_word' id='word_1_161' title='bbox 286 1279 334 1322; x_wconf 91' lang='lat' dir='ltr'>in</span> <span class='ocrx_word' id='word_1_162' title='bbox 359 1289 648 1324; x_wconf 89' lang='lat' dir='ltr'>sacramento</span> <span class='ocrx_word' id='word_1_163' title='bbox 676 1280 898 1324; x_wconf 86' lang='lat' dir='ltr'>omittitur</span> <span class='ocrx_word' id='word_1_164' title='bbox 924 1279 1107 1338; x_wconf 91' lang='lat' dir='ltr'>aliquid,</span> <span class='ocrx_word' id='word_1_165' title='bbox 1130 1279 1253 1338; x_wconf 83' lang='lat' dir='ltr'>quod</span> <span class='ocrx_word' id='word_1_166' title='bbox 1280 1289 1348 1324; x_wconf 91' lang='lat' dir='ltr'>est</span> <span class='ocrx_word' id='word_1_167' title='bbox 1373 1279 1429 1323; x_wconf 91' lang='lat' dir='ltr'>de</span> <span class='ocrx_word' id='word_1_168' title='bbox 1454 1279 1724 1323; x_wconf 87' lang='lat' dir='ltr'>necessitate</span> <span class='ocrx_word' id='word_1_169' title='bbox 1750 1280 2041 1332; x_wconf 88' lang='lat' dir='ltr'>sacramenti,</span> 
     </span>
    </p>
   </div>
   <div class='ocr_carea' id='block_1_4' title="bbox 78 1345 2044 2073">
    <p class='ocr_par' dir='ltr' id='par_1_5' title="bbox 78 1345 2044 2073">
     <span class='ocr_line' id='line_1_18' title="bbox 81 1345 2044 1406; baseline 0 -18"><span class='ocrx_word' id='word_1_170' title='bbox 81 1358 176 1389; x_wconf 86' lang='lat' dir='ltr'>non</span> <span class='ocrx_word' id='word_1_171' title='bbox 202 1345 354 1390; x_wconf 91' lang='lat' dir='ltr'>solum</span> <span class='ocrx_word' id='word_1_172' title='bbox 387 1356 568 1405; x_wconf 89' lang='lat' dir='ltr'>oportet</span> <span class='ocrx_word' id='word_1_173' title='bbox 599 1346 810 1405; x_wconf 89' lang='lat' dir='ltr'>suppleri,</span> <span class='ocrx_word' id='word_1_174' title='bbox 838 1347 959 1406; x_wconf 92' lang='lat' dir='ltr'>quod</span> <span class='ocrx_word' id='word_1_175' title='bbox 991 1346 1136 1390; x_wconf 89' lang='lat' dir='ltr'>fuerat</span> <span class='ocrx_word' id='word_1_176' title='bbox 1168 1347 1407 1400; x_wconf 88' lang='lat' dir='ltr'>omissum,</span> <span class='ocrx_word' id='word_1_177' title='bbox 1440 1346 1518 1390; x_wconf 87' lang='lat' dir='ltr'>sed</span> <span class='ocrx_word' id='word_1_178' title='bbox 1553 1355 1734 1404; x_wconf 90' lang='lat' dir='ltr'>oportet</span> <span class='ocrx_word' id='word_1_179' title='bbox 1757 1345 1956 1389; x_wconf 90' lang='lat' dir='ltr'>totaliter</span> <span class='ocrx_word' id='word_1_180' title='bbox 1980 1345 2044 1388; x_wconf 90' lang='lat' dir='ltr'>in-</span> 
     </span>
     <span class='ocr_line' id='line_1_19' title="bbox 79 1411 2035 1472; baseline 0 -17"><span class='ocrx_word' id='word_1_181' title='bbox 79 1413 263 1456; x_wconf 87' lang='lat' dir='ltr'>novari:</span> <span class='ocrx_word' id='word_1_182' title='bbox 291 1422 360 1457; x_wconf 88' lang='lat' dir='ltr'>est</span> <span class='ocrx_word' id='word_1_183' title='bbox 385 1423 538 1457; x_wconf 89' lang='lat' dir='ltr'>autem</span> <span class='ocrx_word' id='word_1_184' title='bbox 566 1414 620 1457; x_wconf 93' lang='lat' dir='ltr'>de</span> <span class='ocrx_word' id='word_1_185' title='bbox 653 1414 923 1457; x_wconf 89' lang='lat' dir='ltr'>necessitate</span> <span class='ocrx_word' id='word_1_186' title='bbox 953 1414 1167 1472; x_wconf 79' lang='lat' dir='ltr'>baptismi</span> <span class='ocrx_word' id='word_1_187' title='bbox 1195 1413 1381 1466; x_wconf 89' lang='lat' dir='ltr'>Christi,</span> <span class='ocrx_word' id='word_1_188' title='bbox 1414 1413 1537 1471; x_wconf 91' lang='lat' dir='ltr'>quod</span> <span class='ocrx_word' id='word_1_189' title='bbox 1569 1412 1647 1456; x_wconf 86' lang='lat' dir='ltr'>fiat</span> <span class='ocrx_word' id='word_1_190' title='bbox 1678 1426 1773 1455; x_wconf 92' lang='lat' dir='ltr'>non</span> <span class='ocrx_word' id='word_1_191' title='bbox 1805 1411 1957 1456; x_wconf 90' lang='lat' dir='ltr'>solum</span> <span class='ocrx_word' id='word_1_192' title='bbox 1989 1412 2035 1455; x_wconf 87' lang='lat' dir='ltr'>in</span> 
     </span>
     <span class='ocr_line' id='line_1_20' title="bbox 79 1479 2037 1539; baseline -0.001 -15"><span class='ocrx_word' id='word_1_193' title='bbox 79 1493 213 1539; x_wconf 90' lang='lat' dir='ltr'>aqua,</span> <span class='ocrx_word' id='word_1_194' title='bbox 240 1480 318 1524; x_wconf 91' lang='lat' dir='ltr'>sed</span> <span class='ocrx_word' id='word_1_195' title='bbox 345 1481 481 1524; x_wconf 87' lang='lat' dir='ltr'>etiam</span> <span class='ocrx_word' id='word_1_196' title='bbox 510 1481 555 1524; x_wconf 89' lang='lat' dir='ltr'>in</span> <span class='ocrx_word' id='word_1_197' title='bbox 584 1480 754 1538; x_wconf 91' lang='lat' dir='ltr'>Spiritu</span> <span class='ocrx_word' id='word_1_198' title='bbox 782 1480 967 1535; x_wconf 89' lang='lat' dir='ltr'>Sancto,</span> <span class='ocrx_word' id='word_1_199' title='bbox 994 1481 1247 1525; x_wconf 89' lang='lat' dir='ltr'>secundum</span> <span class='ocrx_word' id='word_1_200' title='bbox 1272 1479 1384 1523; x_wconf 89' lang='lat' dir='ltr'>illud</span> <span class='ocrx_word' id='word_1_201' title='bbox 1402 1480 1532 1537; x_wconf 91' lang='lat' dir='ltr'>Joan.</span> <span class='ocrx_word' id='word_1_202' title='bbox 1565 1494 1626 1538; x_wconf 83' lang='lat'>3.:</span> <span class='ocrx_word' id='word_1_203' title='bbox 1655 1480 1750 1524; x_wconf 84' lang='lat' dir='ltr'>Nisi</span> <span class='ocrx_word' id='word_1_204' title='bbox 1767 1481 1856 1537; x_wconf 86' lang='lat' dir='ltr'>quis</span> <span class='ocrx_word' id='word_1_205' title='bbox 1871 1484 2037 1523; x_wconf 76' lang='lat' dir='ltr'>renatus</span> 
     </span>
     <span class='ocr_line' id='line_1_21' title="bbox 78 1544 2038 1607; baseline 0 -17"><span class='ocrx_word' id='word_1_206' title='bbox 78 1546 215 1605; x_wconf 81' lang='lat' dir='ltr'>fuerit</span> <span class='ocrx_word' id='word_1_207' title='bbox 239 1562 288 1591; x_wconf 75' lang='lat' dir='ltr'>ex</span> <span class='ocrx_word' id='word_1_208' title='bbox 314 1562 439 1606; x_wconf 83' lang='lat' dir='ltr'>aqua,</span> <span class='ocrx_word' id='word_1_209' title='bbox 467 1553 504 1591; x_wconf 84' lang='lat' dir='ltr'>et</span> <span class='ocrx_word' id='word_1_210' title='bbox 529 1544 689 1606; x_wconf 78' lang='lat' dir='ltr'>Spiritu</span> <span class='ocrx_word' id='word_1_211' title='bbox 721 1548 888 1602; x_wconf 81' lang='lat' dir='ltr'>Sancto,</span> <span class='ocrx_word' id='word_1_212' title='bbox 915 1563 998 1592; x_wconf 89' lang='lat' dir='ltr'>non</span> <span class='ocrx_word' id='word_1_213' title='bbox 1018 1553 1151 1607; x_wconf 82' lang='lat' dir='ltr'>potest</span> <span class='ocrx_word' id='word_1_214' title='bbox 1181 1549 1358 1593; x_wconf 84' lang='lat' dir='ltr'>introire</span> <span class='ocrx_word' id='word_1_215' title='bbox 1383 1548 1429 1590; x_wconf 85' lang='lat' dir='ltr'>in</span> <span class='ocrx_word' id='word_1_216' title='bbox 1451 1561 1624 1605; x_wconf 84' lang='lat' dir='ltr'>regnum</span> <span class='ocrx_word' id='word_1_217' title='bbox 1650 1547 1759 1591; x_wconf 78' lang='lat' dir='ltr'>Dei:</span> <span class='ocrx_word' id='word_1_218' title='bbox 1793 1546 1913 1589; x_wconf 91' lang='lat' dir='ltr'>unde</span> <span class='ocrx_word' id='word_1_219' title='bbox 1936 1545 2038 1598; x_wconf 90' lang='lat' dir='ltr'>illis,</span> 
     </span>
     <span class='ocr_line' id='line_1_22' title="bbox 83 1613 2041 1673; baseline -0.001 -16"><span class='ocrx_word' id='word_1_220' title='bbox 83 1613 160 1672; x_wconf 91' lang='lat' dir='ltr'>qui</span> <span class='ocrx_word' id='word_1_221' title='bbox 185 1623 364 1657; x_wconf 89' lang='lat' dir='ltr'>tantum</span> <span class='ocrx_word' id='word_1_222' title='bbox 390 1614 436 1657; x_wconf 92' lang='lat' dir='ltr'>in</span> <span class='ocrx_word' id='word_1_223' title='bbox 469 1628 585 1672; x_wconf 88' lang='lat' dir='ltr'>aqua</span> <span class='ocrx_word' id='word_1_224' title='bbox 616 1614 828 1672; x_wconf 89' lang='lat' dir='ltr'>baptizati</span> <span class='ocrx_word' id='word_1_225' title='bbox 861 1624 989 1659; x_wconf 91' lang='lat' dir='ltr'>erant</span> <span class='ocrx_word' id='word_1_226' title='bbox 1022 1614 1250 1673; x_wconf 89' lang='lat' dir='ltr'>baptismo</span> <span class='ocrx_word' id='word_1_227' title='bbox 1282 1613 1485 1671; x_wconf 88' lang='lat' dir='ltr'>Joannis,</span> <span class='ocrx_word' id='word_1_228' title='bbox 1511 1627 1605 1657; x_wconf 90' lang='lat' dir='ltr'>non</span> <span class='ocrx_word' id='word_1_229' title='bbox 1642 1613 1792 1657; x_wconf 90' lang='lat' dir='ltr'>solum</span> <span class='ocrx_word' id='word_1_230' title='bbox 1820 1622 1914 1656; x_wconf 91' lang='lat' dir='ltr'>erat</span> <span class='ocrx_word' id='word_1_231' title='bbox 1941 1627 2041 1671; x_wconf 90' lang='lat' dir='ltr'>sup-</span> 
     </span>
     <span class='ocr_line' id='line_1_23' title="bbox 87 1679 2043 1740; baseline 0 -16"><span class='ocrx_word' id='word_1_232' title='bbox 87 1679 319 1739; x_wconf 89' lang='lat' dir='ltr'>plendum,</span> <span class='ocrx_word' id='word_1_233' title='bbox 345 1681 467 1740; x_wconf 92' lang='lat' dir='ltr'>quod</span> <span class='ocrx_word' id='word_1_234' title='bbox 494 1681 649 1725; x_wconf 90' lang='lat' dir='ltr'>deerat</span> <span class='ocrx_word' id='word_1_235' title='bbox 681 1682 752 1738; x_wconf 91' lang='lat' dir='ltr'>(ut</span> <span class='ocrx_word' id='word_1_236' title='bbox 784 1680 958 1725; x_wconf 89' lang='lat' dir='ltr'>scilicet</span> <span class='ocrx_word' id='word_1_237' title='bbox 989 1681 1170 1725; x_wconf 88' lang='lat' dir='ltr'>daretur</span> <span class='ocrx_word' id='word_1_238' title='bbox 1203 1681 1267 1724; x_wconf 90' lang='lat' dir='ltr'>eis</span> <span class='ocrx_word' id='word_1_239' title='bbox 1301 1680 1493 1739; x_wconf 87' lang='lat' dir='ltr'>Spiritus</span> <span class='ocrx_word' id='word_1_240' title='bbox 1527 1679 1721 1724; x_wconf 89' lang='lat' dir='ltr'>Sanctus</span> <span class='ocrx_word' id='word_1_241' title='bbox 1754 1694 1834 1739; x_wconf 89' lang='lat' dir='ltr'>per</span> <span class='ocrx_word' id='word_1_242' title='bbox 1859 1680 2043 1737; x_wconf 89' lang='lat' dir='ltr'>imposi-</span> 
     </span>
     <span class='ocr_line' id='line_1_24' title="bbox 83 1746 2004 1805; baseline 0 -15"><span class='ocrx_word' id='word_1_243' title='bbox 83 1746 257 1791; x_wconf 85' lang='lat' dir='ltr'>tionem</span> <span class='ocrx_word' id='word_1_244' title='bbox 283 1747 540 1804; x_wconf 89' lang='lat' dir='ltr'>manuum),</span> <span class='ocrx_word' id='word_1_245' title='bbox 566 1748 644 1791; x_wconf 89' lang='lat' dir='ltr'>sed</span> <span class='ocrx_word' id='word_1_246' title='bbox 672 1757 799 1791; x_wconf 88' lang='lat' dir='ltr'>erant</span> <span class='ocrx_word' id='word_1_247' title='bbox 823 1748 984 1791; x_wconf 89' lang='lat' dir='ltr'>iterato</span> <span class='ocrx_word' id='word_1_248' title='bbox 1011 1747 1210 1791; x_wconf 89' lang='lat' dir='ltr'>totaliter</span> <span class='ocrx_word' id='word_1_249' title='bbox 1235 1747 1491 1805; x_wconf 88' lang='lat' dir='ltr'>baptizandi</span> <span class='ocrx_word' id='word_1_250' title='bbox 1518 1747 1562 1790; x_wconf 91' lang='lat' dir='ltr'>in</span> <span class='ocrx_word' id='word_1_251' title='bbox 1591 1761 1722 1805; x_wconf 89' lang='lat' dir='ltr'>aqua,</span> <span class='ocrx_word' id='word_1_252' title='bbox 1750 1756 1794 1791; x_wconf 90' lang='lat' dir='ltr'>et</span> <span class='ocrx_word' id='word_1_253' title='bbox 1821 1746 2004 1804; x_wconf 78' lang='lat' dir='ltr'>Spiritu,</span> 
     </span>
     <span class='ocr_line' id='line_1_25' title="bbox 167 1813 2040 1873; baseline 0.001 -16"><span class='ocrx_word' id='word_1_254' title='bbox 167 1813 244 1857; x_wconf 89' lang='lat' dir='ltr'>AD</span> <span class='ocrx_word' id='word_1_255' title='bbox 270 1827 458 1859; x_wconf 78' lang='lat' dir='ltr'><strong>PRIMUM</strong></span> <span class='ocrx_word' id='word_1_256' title='bbox 491 1828 601 1872; x_wconf 89' lang='lat' dir='ltr'>ergo</span> <span class='ocrx_word' id='word_1_257' title='bbox 628 1814 886 1868; x_wconf 86' lang='lat' dir='ltr'>dicendum,</span> <span class='ocrx_word' id='word_1_258' title='bbox 913 1815 1050 1873; x_wconf 91' lang='lat' dir='ltr'>quod,</span> <span class='ocrx_word' id='word_1_259' title='bbox 1084 1815 1200 1858; x_wconf 89' lang='lat' dir='ltr'>sicut</span> <span class='ocrx_word' id='word_1_260' title='bbox 1234 1815 1355 1872; x_wconf 88' lang='lat' dir='ltr'>Aug.</span> <span class='ocrx_word' id='word_1_261' title='bbox 1384 1814 1493 1858; x_wconf 86' lang='lat' dir='ltr'>dicit</span> <span class='ocrx_word' id='word_1_262' title='bbox 1518 1829 1652 1872; x_wconf 89' lang='lat' dir='ltr'>super</span> <span class='ocrx_word' id='word_1_263' title='bbox 1673 1814 1804 1871; x_wconf 90' lang='lat' dir='ltr'>Joan.</span> <span class='ocrx_word' id='word_1_264' title='bbox 1835 1814 1976 1868; x_wconf 81' lang='lat' dir='ltr'>(tract.</span> <span class='ocrx_word' id='word_1_265' title='bbox 1998 1820 2040 1872; x_wconf 69' lang='lat'>5.&#39;</span> 
     </span>
     <span class='ocr_line' id='line_1_26' title="bbox 80 1880 2037 1940; baseline -0.001 -15"><span class='ocrx_word' id='word_1_266' title='bbox 80 1894 188 1925; x_wconf 71' lang='lat' dir='ltr'>vers.</span> <span class='ocrx_word' id='word_1_267' title='bbox 202 1881 314 1937; x_wconf 86' lang='lat' dir='ltr'>fin.)‚</span> <span class='ocrx_word' id='word_1_268' title='bbox 336 1880 475 1924; x_wconf 90' lang='lat' dir='ltr'>«ideo</span> <span class='ocrx_word' id='word_1_269' title='bbox 493 1890 596 1939; x_wconf 89' lang='lat' dir='ltr'>post</span> <span class='ocrx_word' id='word_1_270' title='bbox 606 1880 831 1938; x_wconf 90' lang='lat' dir='ltr'>Joannem</span> <span class='ocrx_word' id='word_1_271' title='bbox 854 1882 1103 1939; x_wconf 84' lang='lat' dir='ltr'>baptizatus</span> <span class='ocrx_word' id='word_1_272' title='bbox 1130 1892 1210 1935; x_wconf 89' lang='lat' dir='ltr'>est,</span> <span class='ocrx_word' id='word_1_273' title='bbox 1229 1882 1333 1940; x_wconf 89' lang='lat' dir='ltr'>quia</span> <span class='ocrx_word' id='word_1_274' title='bbox 1351 1896 1444 1925; x_wconf 92' lang='lat' dir='ltr'>non</span> <span class='ocrx_word' id='word_1_275' title='bbox 1464 1881 1597 1924; x_wconf 89' lang='lat' dir='ltr'>dabat</span> <span class='ocrx_word' id='word_1_276' title='bbox 1613 1881 1837 1939; x_wconf 89' lang='lat' dir='ltr'>baptisma</span> <span class='ocrx_word' id='word_1_277' title='bbox 1851 1880 2037 1934; x_wconf 83' lang='lat' dir='ltr'>Christi,</span> 
     </span>
     <span class='ocr_line' id='line_1_27' title="bbox 81 1946 2038 2006; baseline -0.001 -15"><span class='ocrx_word' id='word_1_278' title='bbox 81 1947 160 1991; x_wconf 88' lang='lat' dir='ltr'>sed</span> <span class='ocrx_word' id='word_1_279' title='bbox 186 1960 338 1991; x_wconf 90' lang='lat' dir='ltr'>suum:</span> <span class='ocrx_word' id='word_1_280' title='bbox 366 1948 488 2006; x_wconf 90' lang='lat' dir='ltr'>quod</span> <span class='ocrx_word' id='word_1_281' title='bbox 516 1958 667 1991; x_wconf 90' lang='lat' dir='ltr'>autern</span> <span class='ocrx_word' id='word_1_282' title='bbox 696 1948 885 1991; x_wconf 90' lang='lat' dir='ltr'>dabatur</span> <span class='ocrx_word' id='word_1_283' title='bbox 912 1962 937 1990; x_wconf 92' lang='lat' dir='ltr'>a</span> <span class='ocrx_word' id='word_1_284' title='bbox 959 1949 1111 2001; x_wconf 90' lang='lat' dir='ltr'>Petro,</span> <span class='ocrx_word' id='word_1_285' title='bbox 1138 1958 1182 1991; x_wconf 90' lang='lat' dir='ltr'>et</span> <span class='ocrx_word' id='word_1_286' title='bbox 1208 1948 1246 1992; x_wconf 92' lang='lat' dir='ltr'>si</span> <span class='ocrx_word' id='word_1_287' title='bbox 1273 1948 1394 2006; x_wconf 89' lang='lat' dir='ltr'>quod</span> <span class='ocrx_word' id='word_1_288' title='bbox 1413 1948 1569 1990; x_wconf 91' lang='lat' dir='ltr'>datum</span> <span class='ocrx_word' id='word_1_289' title='bbox 1589 1957 1656 1991; x_wconf 91' lang='lat' dir='ltr'>est</span> <span class='ocrx_word' id='word_1_290' title='bbox 1673 1962 1697 1990; x_wconf 92' lang='lat' dir='ltr'>a</span> <span class='ocrx_word' id='word_1_291' title='bbox 1714 1947 1844 2005; x_wconf 92' lang='lat' dir='ltr'>Juda,</span> <span class='ocrx_word' id='word_1_292' title='bbox 1865 1946 2038 1990; x_wconf 91' lang='lat' dir='ltr'>Christi</span> 
     </span>
     <span class='ocr_line' id='line_1_28' title="bbox 81 2013 2038 2073; baseline -0.001 -16"><span class='ocrx_word' id='word_1_293' title='bbox 81 2014 210 2058; x_wconf 85' lang='lat' dir='ltr'>erat:&#39;</span> <span class='ocrx_word' id='word_1_294' title='bbox 229 2023 273 2057; x_wconf 88' lang='lat' dir='ltr'>et</span> <span class='ocrx_word' id='word_1_295' title='bbox 301 2013 407 2058; x_wconf 90' lang='lat' dir='ltr'>ideo</span> <span class='ocrx_word' id='word_1_296' title='bbox 430 2013 468 2057; x_wconf 90' lang='lat' dir='ltr'>si</span> <span class='ocrx_word' id='word_1_297' title='bbox 489 2028 605 2072; x_wconf 90' lang='lat' dir='ltr'>quos</span> <span class='ocrx_word' id='word_1_298' title='bbox 629 2014 872 2073; x_wconf 84' lang='lat' dir='ltr'>baptizavit</span> <span class='ocrx_word' id='word_1_299' title='bbox 892 2014 1044 2072; x_wconf 82' lang='lat' dir='ltr'>Judas,</span> <span class='ocrx_word' id='word_1_300' title='bbox 1066 2028 1160 2058; x_wconf 90' lang='lat' dir='ltr'>non</span> <span class='ocrx_word' id='word_1_301' title='bbox 1187 2025 1292 2058; x_wconf 89' lang='lat' dir='ltr'>sunt</span> <span class='ocrx_word' id='word_1_302' title='bbox 1317 2015 1480 2058; x_wconf 89' lang='lat' dir='ltr'>iterum</span> <span class='ocrx_word' id='word_1_303' title='bbox 1507 2014 1786 2073; x_wconf 87' lang='lat' dir='ltr'>baptizandi;</span> <span class='ocrx_word' id='word_1_304' title='bbox 1813 2014 2038 2072; x_wconf 88' lang='lat' dir='ltr'>baptisma</span> 
     </span>
    </p>
   </div>
   <div class='ocr_carea' id='block_1_5' title="bbox 0 2079 2032 2140">
    <p class='ocr_par' dir='ltr' id='par_1_6' title="bbox 0 2079 2032 2140">
     <span class='ocr_line' id='line_1_29' title="bbox 0 2079 2032 2140; baseline -0.001 -15"><span class='ocrx_word' id='word_1_305' title='bbox 0 2123 2 2132; x_wconf 23' lang='grc' dir='ltr'><strong>ξ</strong></span> <span class='ocrx_word' id='word_1_306' title='bbox 77 2079 202 2125; x_wconf 81' lang='lat' dir='ltr'>enim</span> <span class='ocrx_word' id='word_1_307' title='bbox 226 2079 317 2124; x_wconf 91' lang='lat' dir='ltr'>tale</span> <span class='ocrx_word' id='word_1_308' title='bbox 343 2090 425 2134; x_wconf 90' lang='lat' dir='ltr'>est,</span> <span class='ocrx_word' id='word_1_309' title='bbox 452 2080 596 2139; x_wconf 89' lang='lat' dir='ltr'>qualis</span> <span class='ocrx_word' id='word_1_310' title='bbox 627 2091 694 2125; x_wconf 88' lang='lat' dir='ltr'>est</span> <span class='ocrx_word' id='word_1_311' title='bbox 719 2080 810 2135; x_wconf 90' lang='lat' dir='ltr'>ille,</span> <span class='ocrx_word' id='word_1_312' title='bbox 837 2081 883 2124; x_wconf 91' lang='lat' dir='ltr'>in</span> <span class='ocrx_word' id='word_1_313' title='bbox 911 2083 1039 2140; x_wconf 87' lang='lat' dir='ltr'>cujus</span> <span class='ocrx_word' id='word_1_314' title='bbox 1066 2091 1289 2140; x_wconf 87' lang='lat' dir='ltr'>potestate</span> <span class='ocrx_word' id='word_1_315' title='bbox 1317 2081 1460 2134; x_wconf 88' lang='lat' dir='ltr'>datur,</span> <span class='ocrx_word' id='word_1_316' title='bbox 1486 2095 1580 2125; x_wconf 89' lang='lat' dir='ltr'>non</span> <span class='ocrx_word' id='word_1_317' title='bbox 1607 2081 1753 2140; x_wconf 89' lang='lat' dir='ltr'>qualis</span> <span class='ocrx_word' id='word_1_318' title='bbox 1779 2080 1870 2134; x_wconf 91' lang='lat' dir='ltr'>ille,</span> <span class='ocrx_word' id='word_1_319' title='bbox 1905 2083 2032 2139; x_wconf 88' lang='lat' dir='ltr'>cujus</span> 
     </span>
    </p>
   </div>
   <div class='ocr_carea' id='block_1_6' title="bbox 78 2146 2034 2206">
    <p class='ocr_par' dir='ltr' id='par_1_7' title="bbox 78 2146 2034 2206">
     <span class='ocr_line' id='line_1_30' title="bbox 78 2146 2034 2206; baseline -0.001 -15"><span class='ocrx_word' id='word_1_320' title='bbox 78 2146 329 2192; x_wconf 85' lang='lat' dir='ltr'>ministerio</span> <span class='ocrx_word' id='word_1_321' title='bbox 356 2147 487 2191; x_wconf 91' lang='lat' dir='ltr'>datur</span> <span class='ocrx_word' id='word_1_322' title='bbox 513 2163 564 2192; x_wconf 72' lang='grc' dir='ltr'>»ε</span> <span class='ocrx_word' id='word_1_323' title='bbox 588 2157 632 2191; x_wconf 90' lang='lat' dir='ltr'>et</span> <span class='ocrx_word' id='word_1_324' title='bbox 655 2147 761 2192; x_wconf 91' lang='lat' dir='ltr'>inde</span> <span class='ocrx_word' id='word_1_325' title='bbox 789 2158 857 2192; x_wconf 93' lang='lat' dir='ltr'>est</span> <span class='ocrx_word' id='word_1_326' title='bbox 883 2150 1036 2202; x_wconf 87' lang='lat' dir='ltr'>etiam,</span> <span class='ocrx_word' id='word_1_327' title='bbox 1063 2148 1184 2206; x_wconf 92' lang='lat' dir='ltr'>quod</span> <span class='ocrx_word' id='word_1_328' title='bbox 1201 2146 1415 2206; x_wconf 87' lang='lat' dir='ltr'>baptizati</span> <span class='ocrx_word' id='word_1_329' title='bbox 1437 2162 1462 2191; x_wconf 89' lang='lat' dir='ltr'>a</span> <span class='ocrx_word' id='word_1_330' title='bbox 1484 2147 1698 2206; x_wconf 89' lang='lat' dir='ltr'>Philippo</span> <span class='ocrx_word' id='word_1_331' title='bbox 1719 2148 1932 2200; x_wconf 89' lang='lat' dir='ltr'>diacono,</span> <span class='ocrx_word' id='word_1_332' title='bbox 1957 2148 2034 2205; x_wconf 90' lang='lat' dir='ltr'>qui</span> 
     </span>
    </p>
   </div>
   <div class='ocr_carea' id='block_1_7' title="bbox 76 2212 2033 2272">
    <p class='ocr_par' dir='ltr' id='par_1_8' title="bbox 0 2205 2033 2272">
     <span class='ocr_line' id='line_1_31' title="bbox 76 2212 2033 2272; baseline 0 -15"><span class='ocrx_word' id='word_1_333' title='bbox 76 2212 352 2272; x_wconf 83' lang='lat' dir='ltr'>baptismum</span> <span class='ocrx_word' id='word_1_334' title='bbox 380 2213 552 2258; x_wconf 87' lang='lat' dir='ltr'>Christi</span> <span class='ocrx_word' id='word_1_335' title='bbox 575 2213 723 2268; x_wconf 88' lang='lat' dir='ltr'>dabat,</span> <span class='ocrx_word' id='word_1_336' title='bbox 745 2229 839 2259; x_wconf 92' lang='lat' dir='ltr'>non</span> <span class='ocrx_word' id='word_1_337' title='bbox 857 2225 961 2258; x_wconf 90' lang='lat' dir='ltr'>sunt</span> <span class='ocrx_word' id='word_1_338' title='bbox 977 2214 1142 2258; x_wconf 89' lang='lat' dir='ltr'>iterum</span> <span class='ocrx_word' id='word_1_339' title='bbox 1159 2214 1396 2272; x_wconf 88' lang='lat' dir='ltr'>baptizati;</span> <span class='ocrx_word' id='word_1_340' title='bbox 1423 2215 1503 2257; x_wconf 92' lang='lat' dir='ltr'>sed</span> <span class='ocrx_word' id='word_1_341' title='bbox 1522 2224 1796 2272; x_wconf 88' lang='lat' dir='ltr'>acceperunt</span> <span class='ocrx_word' id='word_1_342' title='bbox 1813 2229 2033 2258; x_wconf 88' lang='lat' dir='ltr'>manuum</span> 
     </span>
    </p>
   </div>
   <div class='ocr_carea' id='block_1_8' title="bbox 73 2279 2035 2340">
    <p class='ocr_par' dir='ltr' id='par_1_9' title="bbox 73 2279 2035 2340">
     <span class='ocr_line' id='line_1_32' title="bbox 73 2279 2035 2340; baseline -0.001 -14"><span class='ocrx_word' id='word_1_343' title='bbox 73 2279 419 2339; x_wconf 81' lang='lat' dir='ltr'>impositionem</span> <span class='ocrx_word' id='word_1_344' title='bbox 444 2294 523 2339; x_wconf 92' lang='lat' dir='ltr'>per</span> <span class='ocrx_word' id='word_1_345' title='bbox 548 2280 824 2339; x_wconf 87' lang='lat' dir='ltr'>Apostolos:</span> <span class='ocrx_word' id='word_1_346' title='bbox 851 2282 969 2325; x_wconf 90' lang='lat' dir='ltr'>sicut</span> <span class='ocrx_word' id='word_1_347' title='bbox 992 2281 1206 2339; x_wconf 88' lang='lat' dir='ltr'>baptizati</span> <span class='ocrx_word' id='word_1_348' title='bbox 1232 2295 1312 2340; x_wconf 92' lang='lat' dir='ltr'>per</span> <span class='ocrx_word' id='word_1_349' title='bbox 1330 2281 1590 2326; x_wconf 87' lang='lat' dir='ltr'>sacerdotes</span> <span class='ocrx_word' id='word_1_350' title='bbox 1608 2281 1936 2325; x_wconf 87' lang='lat' dir='ltr'>confirmantur</span> <span class='ocrx_word' id='word_1_351' title='bbox 1955 2294 2035 2339; x_wconf 91' lang='lat' dir='ltr'>per</span> 
     </span>
    </p>
   </div>
   <div class='ocr_carea' id='block_1_9' title="bbox 3 2344 343 2407">
    <p class='ocr_par' dir='ltr' id='par_1_10' title="bbox 3 2344 343 2407">
     <span class='ocr_line' id='line_1_33' title="bbox 3 2344 343 2407; baseline 0 -16"><span class='ocrx_word' id='word_1_352' title='bbox 3 2367 9 2405; x_wconf 65' lang='grc' dir='ltr'><strong><em>χ</em></strong></span> <span class='ocrx_word' id='word_1_353' title='bbox 73 2344 343 2407; x_wconf 89' lang='lat' dir='ltr'>Episcopos.</span> 
     </span>
    </p>
   </div>
   <div class='ocr_carea' id='block_1_10' title="bbox 164 2412 2029 2473">
    <p class='ocr_par' dir='ltr' id='par_1_11' title="bbox 164 2412 2029 2473">
     <span class='ocr_line' id='line_1_34' title="bbox 164 2412 2029 2473; baseline 0.001 -16"><span class='ocrx_word' id='word_1_354' title='bbox 164 2412 241 2466; x_wconf 80' lang='lat' dir='ltr'>An</span> <span class='ocrx_word' id='word_1_355' title='bbox 285 2426 545 2458; x_wconf 77' lang='lat' dir='ltr'>SECUNDUM</span> <span class='ocrx_word' id='word_1_356' title='bbox 587 2413 848 2468; x_wconf 89' lang='lat' dir='ltr'>dicendum,</span> <span class='ocrx_word' id='word_1_357' title='bbox 885 2414 1022 2473; x_wconf 90' lang='lat' dir='ltr'>quod,</span> <span class='ocrx_word' id='word_1_358' title='bbox 1061 2414 1178 2458; x_wconf 91' lang='lat' dir='ltr'>sicut</span> <span class='ocrx_word' id='word_1_359' title='bbox 1212 2415 1405 2472; x_wconf 90' lang='lat' dir='ltr'>August.</span> <span class='ocrx_word' id='word_1_360' title='bbox 1455 2414 1563 2458; x_wconf 90' lang='lat' dir='ltr'>dicit</span> <span class='ocrx_word' id='word_1_361' title='bbox 1609 2414 1664 2458; x_wconf 91' lang='lat' dir='ltr'>ad</span> <span class='ocrx_word' id='word_1_362' title='bbox 1705 2413 2029 2458; x_wconf 83' lang='lat' dir='ltr'>Seleucianum</span> 
     </span>
    </p>
   </div>
   <div class='ocr_carea' id='block_1_11' title="bbox 0 2476 2035 2607">
    <p class='ocr_par' dir='ltr' id='par_1_12' title="bbox 0 2476 2035 2607">
     <span class='ocr_line' id='line_1_35' title="bbox 0 2476 2034 2543; baseline 0 -19"><span class='ocrx_word' id='word_1_363' title='bbox 0 2508 19 2543; x_wconf 7' lang='grc' dir='ltr'>ἐξ</span> <span class='ocrx_word' id='word_1_364' title='bbox 74 2476 213 2539; x_wconf 67' lang='lat' dir='ltr'>(epist.</span> <span class='ocrx_word' id='word_1_365' title='bbox 238 2480 332 2525; x_wconf 90' lang='lat'><strong><em>108.</em></strong></span> <span class='ocrx_word' id='word_1_366' title='bbox 350 2481 395 2524; x_wconf 88' lang='lat' dir='ltr'>in</span> <span class='ocrx_word' id='word_1_367' title='bbox 420 2480 565 2539; x_wconf 82' lang='lat' dir='ltr'>med.),</span> <span class='ocrx_word' id='word_1_368' title='bbox 590 2480 886 2539; x_wconf 88' lang='lat' dir='ltr'>intelligimus</span> <span class='ocrx_word' id='word_1_369' title='bbox 910 2481 1156 2539; x_wconf 89' lang='lat' dir='ltr'>discipulos</span> <span class='ocrx_word' id='word_1_370' title='bbox 1185 2481 1357 2525; x_wconf 88' lang='lat' dir='ltr'>Christi</span> <span class='ocrx_word' id='word_1_371' title='bbox 1382 2481 1520 2525; x_wconf 86' lang='lat' dir='ltr'>fuisse</span> <span class='ocrx_word' id='word_1_372' title='bbox 1551 2482 1817 2539; x_wconf 87' lang='lat' dir='ltr'>baptizatos,</span> <span class='ocrx_word' id='word_1_373' title='bbox 1839 2481 1934 2526; x_wconf 88' lang='lat' dir='ltr'>sive</span> <span class='ocrx_word' id='word_1_374' title='bbox 1960 2481 2034 2524; x_wconf 87' lang='lat' dir='ltr'>ba·</span> 
     </span>
     <span class='ocr_line' id='line_1_36' title="bbox 0 2545 2035 2607; baseline 0 -17"><span class='ocrx_word' id='word_1_375' title='bbox 0 2546 9 2552; x_wconf 62' lang='lat'><em>&#39;</em></span> <span class='ocrx_word' id='word_1_376' title='bbox 42 2557 48 2565; x_wconf 79' lang='grc'><em>’</em></span> <span class='ocrx_word' id='word_1_377' title='bbox 76 2545 242 2605; x_wconf 85' lang='lat' dir='ltr'>ptismo</span> <span class='ocrx_word' id='word_1_378' title='bbox 273 2546 462 2604; x_wconf 90' lang='lat' dir='ltr'>Joannis</span> <span class='ocrx_word' id='word_1_379' title='bbox 500 2549 638 2605; x_wconf 90' lang='lat' dir='ltr'>(sicut</span> <span class='ocrx_word' id='word_1_380' title='bbox 672 2547 881 2591; x_wconf 90' lang='lat' dir='ltr'>nonnulli</span> <span class='ocrx_word' id='word_1_381' title='bbox 914 2548 1220 2604; x_wconf 86' lang='lat' dir='ltr'>arbitrantur),</span> <span class='ocrx_word' id='word_1_382' title='bbox 1244 2548 1353 2602; x_wconf 87' lang='lat' dir='ltr'>sive,</span> <span class='ocrx_word' id='word_1_383' title='bbox 1381 2549 1503 2607; x_wconf 91' lang='lat' dir='ltr'>quod</span> <span class='ocrx_word' id='word_1_384' title='bbox 1540 2551 1687 2606; x_wconf 87' lang='lat' dir='ltr'>magis</span> <span class='ocrx_word' id='word_1_385' title='bbox 1713 2548 1926 2592; x_wconf 88' lang='lat' dir='ltr'>credibile</span> <span class='ocrx_word' id='word_1_386' title='bbox 1954 2557 2035 2602; x_wconf 89' lang='lat' dir='ltr'>est,</span> 
     </span>
    </p>
   </div>
   <div class='ocr_carea' id='block_1_12' title="bbox 75 2611 2035 2673">
    <p class='ocr_par' dir='ltr' id='par_1_13' title="bbox 75 2611 2035 2673">
     <span class='ocr_line' id='line_1_37' title="bbox 75 2611 2035 2673; baseline 0.001 -16"><span class='ocrx_word' id='word_1_387' title='bbox 75 2611 302 2672; x_wconf 81' lang='lat' dir='ltr'>baptismo</span> <span class='ocrx_word' id='word_1_388' title='bbox 330 2613 515 2668; x_wconf 89' lang='lat' dir='ltr'>Christi,</span> <span class='ocrx_word' id='word_1_389' title='bbox 541 2629 691 2673; x_wconf 89' lang='lat' dir='ltr'>neque</span> <span class='ocrx_word' id='word_1_390' title='bbox 717 2615 840 2658; x_wconf 90' lang='lat' dir='ltr'>enim</span> <span class='ocrx_word' id='word_1_391' title='bbox 867 2615 1119 2658; x_wconf 89' lang='lat' dir='ltr'>ministerio</span> <span class='ocrx_word' id='word_1_392' title='bbox 1146 2615 1403 2673; x_wconf 90' lang='lat' dir='ltr'>baptizandi</span> <span class='ocrx_word' id='word_1_393' title='bbox 1431 2614 1572 2659; x_wconf 89' lang='lat' dir='ltr'>defuit</span> <span class='ocrx_word' id='word_1_394' title='bbox 1599 2625 1647 2659; x_wconf 90' lang='lat' dir='ltr'>ut</span> <span class='ocrx_word' id='word_1_395' title='bbox 1677 2615 1866 2660; x_wconf 89' lang='lat' dir='ltr'>haberet</span> <span class='ocrx_word' id='word_1_396' title='bbox 1895 2616 2035 2673; x_wconf 89' lang='lat' dir='ltr'>bapti-</span> 
     </span>
    </p>
   </div>
   <div class='ocr_carea' id='block_1_13' title="bbox 21 2681 2032 2740">
    <p class='ocr_par' dir='ltr' id='par_1_14' title="bbox 21 2681 2032 2740">
     <span class='ocr_line' id='line_1_38' title="bbox 21 2681 2032 2740; baseline 0 -16"><span class='ocrx_word' id='word_1_397' title='bbox 21 2704 28 2724; x_wconf 54' lang='grc' dir='ltr'>ι.</span> <span class='ocrx_word' id='word_1_398' title='bbox 74 2687 200 2732; x_wconf 74' lang='lat' dir='ltr'>zatos</span> <span class='ocrx_word' id='word_1_399' title='bbox 227 2694 397 2734; x_wconf 85' lang='lat' dir='ltr'>servos,</span> <span class='ocrx_word' id='word_1_400' title='bbox 423 2695 502 2739; x_wconf 91' lang='lat' dir='ltr'>per</span> <span class='ocrx_word' id='word_1_401' title='bbox 528 2695 641 2740; x_wconf 91' lang='lat' dir='ltr'>quos</span> <span class='ocrx_word' id='word_1_402' title='bbox 671 2691 875 2726; x_wconf 89' lang='lat' dir='ltr'>caeteros</span> <span class='ocrx_word' id='word_1_403' title='bbox 901 2682 1162 2740; x_wconf 80' lang='lat' dir='ltr'>baptizaret,</span> <span class='ocrx_word' id='word_1_404' title='bbox 1185 2682 1263 2740; x_wconf 90' lang='lat' dir='ltr'>qui</span> <span class='ocrx_word' id='word_1_405' title='bbox 1287 2696 1381 2726; x_wconf 91' lang='lat' dir='ltr'>non</span> <span class='ocrx_word' id='word_1_406' title='bbox 1409 2681 1548 2726; x_wconf 87' lang='lat' dir='ltr'>defuit</span> <span class='ocrx_word' id='word_1_407' title='bbox 1575 2682 1889 2727; x_wconf 88' lang='lat' dir='ltr'>memorabilis</span> <span class='ocrx_word' id='word_1_408' title='bbox 1911 2681 2032 2725; x_wconf 89' lang='lat' dir='ltr'>illius</span> 
     </span>
    </p>
   </div>
   <div class='ocr_carea' id='block_1_14' title="bbox 74 2742 2035 3140">
    <p class='ocr_par' dir='ltr' id='par_1_15' title="bbox 74 2742 1290 2807">
     <span class='ocr_line' id='line_1_39' title="bbox 74 2742 1290 2807; baseline 0.002 -18"><span class='ocrx_word' id='word_1_409' title='bbox 74 2742 341 2791; x_wconf 81' lang='lat' dir='ltr'>humilitatis</span> <span class='ocrx_word' id='word_1_410' title='bbox 368 2747 635 2802; x_wconf 87' lang='lat' dir='ltr'>ministerio,</span> <span class='ocrx_word' id='word_1_411' title='bbox 658 2748 841 2806; x_wconf 91' lang='lat' dir='ltr'>quando</span> <span class='ocrx_word' id='word_1_412' title='bbox 869 2748 933 2792; x_wconf 92' lang='lat' dir='ltr'>eis</span> <span class='ocrx_word' id='word_1_413' title='bbox 959 2748 1097 2807; x_wconf 87' lang='lat' dir='ltr'>pedes</span> <span class='ocrx_word' id='word_1_414' title='bbox 1123 2748 1290 2792; x_wconf 89' lang='lat' dir='ltr'>lavit».</span> 
     </span>
    </p>

    <p class='ocr_par' dir='ltr' id='par_1_16' title="bbox 74 2812 2035 3140">
     <span class='ocr_line' id='line_1_40' title="bbox 93 2812 2032 2874; baseline 0.002 -20"><span class='ocrx_word' id='word_1_415' title='bbox 93 2848 97 2854; x_wconf 74' lang='grc'><strong><em>,</em></strong></span> <span class='ocrx_word' id='word_1_416' title='bbox 163 2812 240 2858; x_wconf 86' lang='lat' dir='ltr'>AD</span> <span class='ocrx_word' id='word_1_417' title='bbox 268 2826 483 2859; x_wconf 77' lang='lat' dir='ltr'>TERTIUM</span> <span class='ocrx_word' id='word_1_418' title='bbox 511 2814 771 2868; x_wconf 88' lang='lat' dir='ltr'>dicendum,</span> <span class='ocrx_word' id='word_1_419' title='bbox 798 2815 935 2873; x_wconf 90' lang='lat' dir='ltr'>quod,</span> <span class='ocrx_word' id='word_1_420' title='bbox 963 2815 1079 2859; x_wconf 90' lang='lat' dir='ltr'>sicut</span> <span class='ocrx_word' id='word_1_421' title='bbox 1105 2814 1344 2874; x_wconf 90' lang='lat' dir='ltr'>Chrysost.</span> <span class='ocrx_word' id='word_1_422' title='bbox 1371 2815 1480 2860; x_wconf 91' lang='lat' dir='ltr'>dicit</span> <span class='ocrx_word' id='word_1_423' title='bbox 1505 2829 1640 2874; x_wconf 90' lang='lat' dir='ltr'>super</span> <span class='ocrx_word' id='word_1_424' title='bbox 1662 2815 1824 2859; x_wconf 90' lang='lat' dir='ltr'>Matth.</span> <span class='ocrx_word' id='word_1_425' title='bbox 1846 2815 1974 2871; x_wconf 86' lang='lat' dir='ltr'>(hom.</span> <span class='ocrx_word' id='word_1_426' title='bbox 1989 2827 2032 2870; x_wconf 89' lang='lat'>4.</span> 
     </span>
     <span class='ocr_line' id='line_1_41' title="bbox 75 2878 2030 2940; baseline 0 -17"><span class='ocrx_word' id='word_1_427' title='bbox 75 2878 121 2923; x_wconf 78' lang='lat' dir='ltr'>in</span> <span class='ocrx_word' id='word_1_428' title='bbox 147 2887 211 2938; x_wconf 84' lang='lat' dir='ltr'>op.</span> <span class='ocrx_word' id='word_1_429' title='bbox 236 2881 400 2939; x_wconf 81' lang='lat' dir='ltr'>imperf.</span> <span class='ocrx_word' id='word_1_430' title='bbox 428 2889 587 2940; x_wconf 84' lang='lat' dir='ltr'>parum</span> <span class='ocrx_word' id='word_1_431' title='bbox 619 2896 646 2925; x_wconf 86' lang='lat' dir='ltr'>a</span> <span class='ocrx_word' id='word_1_432' title='bbox 672 2882 853 2940; x_wconf 67' lang='lat' dir='ltr'>princ),</span> <span class='ocrx_word' id='word_1_433' title='bbox 880 2896 959 2940; x_wconf 90' lang='lat' dir='ltr'>per</span> <span class='ocrx_word' id='word_1_434' title='bbox 985 2882 1075 2924; x_wconf 93' lang='lat' dir='ltr'>hoc</span> <span class='ocrx_word' id='word_1_435' title='bbox 1103 2882 1225 2940; x_wconf 90' lang='lat' dir='ltr'>quod</span> <span class='ocrx_word' id='word_1_436' title='bbox 1254 2881 1463 2926; x_wconf 89' lang='lat' dir='ltr'>Christus</span> <span class='ocrx_word' id='word_1_437' title='bbox 1485 2883 1651 2940; x_wconf 91' lang='lat' dir='ltr'>Joanni</span> <span class='ocrx_word' id='word_1_438' title='bbox 1677 2882 1867 2926; x_wconf 87' lang='lat' dir='ltr'>dicenti:</span> <span class='ocrx_word' id='word_1_439' title='bbox 1896 2882 1985 2938; x_wconf 81' lang='lat' dir='ltr'>Ego</span> <span class='ocrx_word' id='word_1_440' title='bbox 2003 2894 2030 2924; x_wconf 88' lang='lat' dir='ltr'>a</span> 
     </span>
     <span class='ocr_line' id='line_1_42' title="bbox 74 2945 2034 3008; baseline 0 -18"><span class='ocrx_word' id='word_1_441' title='bbox 74 2950 111 2990; x_wconf 74' lang='lat' dir='ltr'>te</span> <span class='ocrx_word' id='word_1_442' title='bbox 133 2945 253 2991; x_wconf 68' lang='lat' dir='ltr'>dobeo</span> <span class='ocrx_word' id='word_1_443' title='bbox 279 2948 499 3006; x_wconf 63' lang='lat' dir='ltr'>baptizari,</span> <span class='ocrx_word' id='word_1_444' title='bbox 526 2949 779 3006; x_wconf 89' lang='lat' dir='ltr'>respondit:</span> <span class='ocrx_word' id='word_1_445' title='bbox 810 2948 906 2992; x_wconf 71' lang='lat' dir='ltr'>Sine</span> <span class='ocrx_word' id='word_1_446' title='bbox 932 2948 1068 3002; x_wconf 87' lang='lat' dir='ltr'>modo,</span> <span class='ocrx_word' id='word_1_447' title='bbox 1103 2949 1368 3002; x_wconf 87' lang='lat' dir='ltr'>ostenditur,</span> <span class='ocrx_word' id='word_1_448' title='bbox 1395 2949 1518 3007; x_wconf 92' lang='lat' dir='ltr'>quod</span> <span class='ocrx_word' id='word_1_449' title='bbox 1545 2959 1703 3008; x_wconf 91' lang='lat' dir='ltr'>postea</span> <span class='ocrx_word' id='word_1_450' title='bbox 1728 2949 1938 2993; x_wconf 89' lang='lat' dir='ltr'>Christus</span> <span class='ocrx_word' id='word_1_451' title='bbox 1961 2947 2034 2990; x_wconf 91' lang='lat' dir='ltr'>ba-</span> 
     </span>
     <span class='ocr_line' id='line_1_43' title="bbox 75 3011 2035 3074; baseline 0 -18"><span class='ocrx_word' id='word_1_452' title='bbox 75 3011 255 3070; x_wconf 84' lang='lat' dir='ltr'>ptizavit</span> <span class='ocrx_word' id='word_1_453' title='bbox 266 3013 513 3071; x_wconf 90' lang='lat' dir='ltr'>Joannem:</span> <span class='ocrx_word' id='word_1_454' title='bbox 543 3024 587 3058; x_wconf 91' lang='lat' dir='ltr'>et</span> <span class='ocrx_word' id='word_1_455' title='bbox 612 3015 701 3058; x_wconf 93' lang='lat' dir='ltr'>hoc</span> <span class='ocrx_word' id='word_1_456' title='bbox 730 3015 838 3058; x_wconf 89' lang='lat' dir='ltr'>dicit</span> <span class='ocrx_word' id='word_1_457' title='bbox 863 3015 909 3057; x_wconf 91' lang='lat' dir='ltr'>in</span> <span class='ocrx_word' id='word_1_458' title='bbox 927 3015 1197 3073; x_wconf 87' lang='lat' dir='ltr'>quibusdam</span> <span class='ocrx_word' id='word_1_459' title='bbox 1219 3015 1344 3059; x_wconf 89' lang='lat' dir='ltr'>libris</span> <span class='ocrx_word' id='word_1_460' title='bbox 1370 3016 1645 3074; x_wconf 87' lang='lat' dir='ltr'>apocryphis</span> <span class='ocrx_word' id='word_1_461' title='bbox 1663 3015 1901 3058; x_wconf 85' lang='lat' dir='ltr'>manifeste</span> <span class='ocrx_word' id='word_1_462' title='bbox 1930 3013 2035 3057; x_wconf 89' lang='lat' dir='ltr'>scri-</span> 
     </span>
     <span class='ocr_line' id='line_1_44' title="bbox 74 3079 2033 3140; baseline 0 -17"><span class='ocrx_word' id='word_1_463' title='bbox 74 3086 203 3136; x_wconf 83' lang='lat' dir='ltr'>ptum</span> <span class='ocrx_word' id='word_1_464' title='bbox 229 3093 347 3125; x_wconf 85' lang='lat' dir='ltr'>esse:</span> <span class='ocrx_word' id='word_1_465' title='bbox 375 3090 548 3124; x_wconf 89' lang='lat' dir='ltr'>certum</span> <span class='ocrx_word' id='word_1_466' title='bbox 574 3091 727 3125; x_wconf 89' lang='lat' dir='ltr'>tamen</span> <span class='ocrx_word' id='word_1_467' title='bbox 755 3092 835 3134; x_wconf 90' lang='lat' dir='ltr'>est,</span> <span class='ocrx_word' id='word_1_468' title='bbox 862 3091 911 3125; x_wconf 89' lang='lat' dir='ltr'>ut</span> <span class='ocrx_word' id='word_1_469' title='bbox 942 3081 1254 3139; x_wconf 89' lang='lat' dir='ltr'>Hieronymus</span> <span class='ocrx_word' id='word_1_470' title='bbox 1287 3082 1395 3125; x_wconf 88' lang='lat' dir='ltr'>dicit</span> <span class='ocrx_word' id='word_1_471' title='bbox 1426 3096 1561 3140; x_wconf 91' lang='lat' dir='ltr'>super</span> <span class='ocrx_word' id='word_1_472' title='bbox 1592 3082 1752 3125; x_wconf 87' lang='lat' dir='ltr'>Matth.</span> <span class='ocrx_word' id='word_1_473' title='bbox 1788 3081 1894 3139; x_wconf 81' lang='lat' dir='ltr'>(sup.</span> <span class='ocrx_word' id='word_1_474' title='bbox 1930 3079 2033 3123; x_wconf 85' lang='lat' dir='ltr'>illud</span> 
     </span>
    </p>
   </div>
   <div class='ocr_carea' id='block_1_15' title="bbox 0 3146 2029 3273">
    <p class='ocr_par' dir='ltr' id='par_1_17' title="bbox 0 3146 2029 3273">
     <span class='ocr_line' id='line_1_45' title="bbox 76 3146 2029 3207; baseline 0 -17.964"><span class='ocrx_word' id='word_1_475' title='bbox 76 3151 166 3203; x_wconf 86' lang='lat' dir='ltr'>cap.</span> <span class='ocrx_word' id='word_1_476' title='bbox 194 3158 257 3204; x_wconf 82' lang='lat'><strong>3..·</strong></span> <span class='ocrx_word' id='word_1_477' title='bbox 288 3146 384 3192; x_wconf 77' lang='lat' dir='ltr'>Sine</span> <span class='ocrx_word' id='word_1_478' title='bbox 414 3147 555 3205; x_wconf 89' lang='lat' dir='ltr'>modo)</span> <span class='ocrx_word' id='word_1_479' title='bbox 590 3148 712 3206; x_wconf 90' lang='lat' dir='ltr'>quod</span> <span class='ocrx_word' id='word_1_480' title='bbox 749 3148 905 3192; x_wconf 90' lang='lat' dir='ltr'>«sicut</span> <span class='ocrx_word' id='word_1_481' title='bbox 937 3147 1148 3192; x_wconf 89' lang='lat' dir='ltr'>Christus</span> <span class='ocrx_word' id='word_1_482' title='bbox 1180 3147 1261 3192; x_wconf 88' lang='lat' dir='ltr'>fuit</span> <span class='ocrx_word' id='word_1_483' title='bbox 1293 3149 1542 3207; x_wconf 89' lang='lat' dir='ltr'>baptizatus</span> <span class='ocrx_word' id='word_1_484' title='bbox 1567 3149 1614 3191; x_wconf 88' lang='lat' dir='ltr'>in</span> <span class='ocrx_word' id='word_1_485' title='bbox 1642 3162 1757 3206; x_wconf 86' lang='lat' dir='ltr'>aqua</span> <span class='ocrx_word' id='word_1_486' title='bbox 1786 3162 1810 3190; x_wconf 91' lang='lat' dir='ltr'>a</span> <span class='ocrx_word' id='word_1_487' title='bbox 1837 3147 2029 3204; x_wconf 85' lang='lat' dir='ltr'>Joanne,</span> 
     </span>
     <span class='ocr_line' id='line_1_46' title="bbox 0 3210 1404 3273; baseline 0.006 -21"><span class='ocrx_word' id='word_1_488' title='bbox 0 3228 6 3252; x_wconf 42' lang='grc' dir='ltr'>ἢ</span> <span class='ocrx_word' id='word_1_489' title='bbox 51 3263 53 3265; x_wconf 30' lang='grc'><em>,</em></span> <span class='ocrx_word' id='word_1_490' title='bbox 78 3210 141 3256; x_wconf 87' lang='lat' dir='ltr'>ita</span> <span class='ocrx_word' id='word_1_491' title='bbox 160 3211 360 3270; x_wconf 87' lang='lat' dir='ltr'>Joannes</span> <span class='ocrx_word' id='word_1_492' title='bbox 387 3227 413 3257; x_wconf 92' lang='lat' dir='ltr'>a</span> <span class='ocrx_word' id='word_1_493' title='bbox 439 3213 626 3258; x_wconf 90' lang='lat' dir='ltr'>Christo</span> <span class='ocrx_word' id='word_1_494' title='bbox 660 3225 755 3258; x_wconf 90' lang='lat' dir='ltr'>erat</span> <span class='ocrx_word' id='word_1_495' title='bbox 781 3216 826 3258; x_wconf 87' lang='lat' dir='ltr'>in</span> <span class='ocrx_word' id='word_1_496' title='bbox 855 3214 1023 3273; x_wconf 89' lang='lat' dir='ltr'>Spiritu</span> <span class='ocrx_word' id='word_1_497' title='bbox 1050 3214 1345 3273; x_wconf 89' lang='lat' dir='ltr'>baptizandus</span> <span class='ocrx_word' id='word_1_498' title='bbox 1363 3231 1404 3260; x_wconf 89' lang='lat'>».</span> 
     </span>
    </p>
   </div>
   <div class='ocr_carea' id='block_1_16' title="bbox 163 3279 2032 3339">
    <p class='ocr_par' dir='ltr' id='par_1_18' title="bbox 163 3279 2032 3339">
     <span class='ocr_line' id='line_1_47' title="bbox 163 3279 2032 3339; baseline -0.001 -15"><span class='ocrx_word' id='word_1_499' title='bbox 163 3279 240 3324; x_wconf 85' lang='lat' dir='ltr'>AD</span> <span class='ocrx_word' id='word_1_500' title='bbox 263 3292 498 3330; x_wconf 74' lang='lat' dir='ltr'>QUARTUM</span> <span class='ocrx_word' id='word_1_501' title='bbox 524 3280 783 3334; x_wconf 86' lang='lat' dir='ltr'>dicendum,</span> <span class='ocrx_word' id='word_1_502' title='bbox 816 3286 938 3339; x_wconf 84' lang='lat' dir='ltr'>quod</span> <span class='ocrx_word' id='word_1_503' title='bbox 965 3295 1058 3324; x_wconf 90' lang='lat' dir='ltr'>non</span> <span class='ocrx_word' id='word_1_504' title='bbox 1086 3292 1153 3325; x_wconf 89' lang='lat' dir='ltr'>est</span> <span class='ocrx_word' id='word_1_505' title='bbox 1185 3291 1280 3325; x_wconf 89' lang='lat' dir='ltr'>tota</span> <span class='ocrx_word' id='word_1_506' title='bbox 1313 3295 1463 3334; x_wconf 89' lang='lat' dir='ltr'>causa,</span> <span class='ocrx_word' id='word_1_507' title='bbox 1497 3295 1635 3339; x_wconf 91' lang='lat' dir='ltr'>quare</span> <span class='ocrx_word' id='word_1_508' title='bbox 1661 3279 1724 3323; x_wconf 89' lang='lat' dir='ltr'>illi</span> <span class='ocrx_word' id='word_1_509' title='bbox 1752 3279 1933 3323; x_wconf 88' lang='lat' dir='ltr'>fuerunt</span> <span class='ocrx_word' id='word_1_510' title='bbox 1957 3279 2032 3323; x_wconf 90' lang='lat' dir='ltr'>ba-</span> 
     </span>
    </p>
   </div>
   <div class='ocr_carea' id='block_1_17' title="bbox 26 3343 2031 3406">
    <p class='ocr_par' dir='ltr' id='par_1_19' title="bbox 26 3343 2031 3406">
     <span class='ocr_line' id='line_1_48' title="bbox 26 3343 2031 3406; baseline 0.001 -19"><span class='ocrx_word' id='word_1_511' title='bbox 26 3357 50 3385; x_wconf 53' lang='grc' dir='ltr'>«τί</span> <span class='ocrx_word' id='word_1_512' title='bbox 75 3343 229 3403; x_wconf 85' lang='lat' dir='ltr'>ptizati</span> <span class='ocrx_word' id='word_1_513' title='bbox 244 3355 347 3404; x_wconf 87' lang='lat' dir='ltr'>post</span> <span class='ocrx_word' id='word_1_514' title='bbox 367 3346 643 3405; x_wconf 87' lang='lat' dir='ltr'>baptismum</span> <span class='ocrx_word' id='word_1_515' title='bbox 654 3346 857 3403; x_wconf 90' lang='lat' dir='ltr'>Joannis,</span> <span class='ocrx_word' id='word_1_516' title='bbox 880 3347 985 3405; x_wconf 88' lang='lat' dir='ltr'>quia</span> <span class='ocrx_word' id='word_1_517' title='bbox 1003 3347 1223 3406; x_wconf 89' lang='lat' dir='ltr'>Spiritum</span> <span class='ocrx_word' id='word_1_518' title='bbox 1246 3347 1467 3391; x_wconf 88' lang='lat' dir='ltr'>Sanctum</span> <span class='ocrx_word' id='word_1_519' title='bbox 1485 3361 1579 3391; x_wconf 90' lang='lat' dir='ltr'>non</span> <span class='ocrx_word' id='word_1_520' title='bbox 1603 3356 1929 3404; x_wconf 90' lang='lat' dir='ltr'>cognoverant,</span> <span class='ocrx_word' id='word_1_521' title='bbox 1952 3345 2031 3390; x_wconf 90' lang='lat' dir='ltr'>sed</span> 
     </span>
    </p>
   </div>
   <div class='ocr_carea' id='block_1_18' title="bbox 76 3410 2031 3538">
    <p class='ocr_par' dir='ltr' id='par_1_20' title="bbox 76 3410 2031 3538">
     <span class='ocr_line' id='line_1_49' title="bbox 76 3410 1158 3472; baseline 0.003 -18"><span class='ocrx_word' id='word_1_522' title='bbox 76 3410 182 3469; x_wconf 84' lang='lat' dir='ltr'>quia</span> <span class='ocrx_word' id='word_1_523' title='bbox 206 3425 300 3456; x_wconf 90' lang='lat' dir='ltr'>non</span> <span class='ocrx_word' id='word_1_524' title='bbox 326 3422 456 3456; x_wconf 89' lang='lat' dir='ltr'>erant</span> <span class='ocrx_word' id='word_1_525' title='bbox 478 3412 706 3471; x_wconf 89' lang='lat' dir='ltr'>baptismo</span> <span class='ocrx_word' id='word_1_526' title='bbox 734 3412 905 3457; x_wconf 88' lang='lat' dir='ltr'>Christi</span> <span class='ocrx_word' id='word_1_527' title='bbox 931 3413 1158 3472; x_wconf 88' lang='lat' dir='ltr'>baptizati.</span> 
     </span>
     <span class='ocr_line' id='line_1_50' title="bbox 165 3476 2031 3538; baseline 0.003 -18"><span class='ocrx_word' id='word_1_528' title='bbox 165 3476 242 3522; x_wconf 82' lang='lat' dir='ltr'>AD</span> <span class='ocrx_word' id='word_1_529' title='bbox 256 3490 484 3528; x_wconf 69' lang='lat' dir='ltr'>numum</span> <span class='ocrx_word' id='word_1_530' title='bbox 505 3478 765 3532; x_wconf 88' lang='lat' dir='ltr'>dicendum,</span> <span class='ocrx_word' id='word_1_531' title='bbox 791 3478 929 3537; x_wconf 90' lang='lat' dir='ltr'>quod,</span> <span class='ocrx_word' id='word_1_532' title='bbox 955 3480 1072 3523; x_wconf 89' lang='lat' dir='ltr'>sicut</span> <span class='ocrx_word' id='word_1_533' title='bbox 1093 3480 1201 3524; x_wconf 90' lang='lat' dir='ltr'>dicit</span> <span class='ocrx_word' id='word_1_534' title='bbox 1218 3480 1412 3538; x_wconf 90' lang='lat' dir='ltr'>August.</span> <span class='ocrx_word' id='word_1_535' title='bbox 1431 3489 1590 3523; x_wconf 89' lang='lat' dir='ltr'>contra</span> <span class='ocrx_word' id='word_1_536' title='bbox 1606 3478 1823 3523; x_wconf 89' lang='lat' dir='ltr'>Faustum</span> <span class='ocrx_word' id='word_1_537' title='bbox 1842 3479 1936 3535; x_wconf 82' lang='lat' dir='ltr'>(lib.</span> <span class='ocrx_word' id='word_1_538' title='bbox 1963 3492 2031 3538; x_wconf 79' lang='lat'>19.</span> 
     </span>
    </p>
   </div>
   <div class='ocr_carea' id='block_1_19' title="bbox 14 3545 2029 3605">
    <p class='ocr_par' dir='ltr' id='par_1_21' title="bbox 14 3545 2029 3605">
     <span class='ocr_line' id='line_1_51' title="bbox 14 3545 2029 3605; baseline 0.003 -20"><span class='ocrx_word' id='word_1_539' title='bbox 14 3580 19 3584; x_wconf 64' lang='grc'>,</span> <span class='ocrx_word' id='word_1_540' title='bbox 75 3549 170 3602; x_wconf 67' lang='lat' dir='ltr'>cap.</span> <span class='ocrx_word' id='word_1_541' title='bbox 196 3545 292 3602; x_wconf 65' lang='lat'>13),</span> <span class='ocrx_word' id='word_1_542' title='bbox 319 3545 606 3589; x_wconf 79' lang='lat' dir='ltr'>sacramenta</span> <span class='ocrx_word' id='word_1_543' title='bbox 629 3554 785 3589; x_wconf 88' lang='lat' dir='ltr'>nostra</span> <span class='ocrx_word' id='word_1_544' title='bbox 809 3554 915 3590; x_wconf 85' lang='lat' dir='ltr'>sunt</span> <span class='ocrx_word' id='word_1_545' title='bbox 939 3545 1068 3605; x_wconf 85' lang='lat' dir='ltr'>signa</span> <span class='ocrx_word' id='word_1_546' title='bbox 1100 3547 1347 3605; x_wconf 89' lang='lat' dir='ltr'>praesentis</span> <span class='ocrx_word' id='word_1_547' title='bbox 1381 3547 1577 3604; x_wconf 84' lang='lat' dir='ltr'>gratiae:</span> <span class='ocrx_word' id='word_1_548' title='bbox 1603 3555 1890 3591; x_wconf 86' lang='lat' dir='ltr'>sacramenta</span> <span class='ocrx_word' id='word_1_549' title='bbox 1920 3560 2029 3591; x_wconf 87' lang='lat' dir='ltr'>vero</span> 
     </span>
    </p>
   </div>
  </div>
 </body>
</html>
