2352 3926
316 214 416 268 168
818 229 1096 274 QUAESTIO
1139 230 1249 269 XVI.
1290 231 1596 270 ARTICULUS
1636 232 1750 270 VIII.

1008 441 1441 499 ARTICULUS
1474 444 1627 499 VIII.
2184 473 2266 520 107

540 576 733 614 UTRUM
774 576 920 614 HAEC
962 577 1046 629 SIT
1086 578 1254 616 VERA:
1290 579 1554 617 efflusi-us
1594 580 1693 617 EST
1737 579 2039 619 CREATURA.

562 686 690 744 (Infr.
719 701 756 744 q.
774 701 841 732 20.
861 693 942 732 art.
969 703 1004 733 1.
1022 687 1077 732 ad
1097 700 1134 731 Ι.
1160 694 1199 733 et
1212 695 1328 748 part.
1347 706 1381 735 r.
1404 705 1442 748 q.
1469 704 1533 746 41.
1562 696 1642 734 art.
1666 706 1701 750 3.
1721 699 1835 750 corp.
1853 697 1892 735 et
1903 690 1957 735 ad
1968 704 2010 748 4.

402 759 439 797 et
450 767 486 811 3.
500 753 612 797 Dist.
626 767 668 810 4.
687 769 725 818 q,
739 768 778 798 2.
797 761 878 799 art.
892 768 931 799 2.
945 755 1000 799 ad
1014 769 1056 812 4.
1069 762 1106 800 et
1123 757 1235 800 Dist.
1258 769 1317 802 11.
1332 772 1369 815 q.
1388 773 1422 802 I.
1437 764 1519 802 art.
1533 772 1572 802 2.
1590 764 1628 802 et
1642 759 1752 802 Dist.
1771 772 1833 802 21.
1847 772 1930 816 q.1.
1944 763 2024 803 art.
2032 773 2067 817 3.
2080 757 2136 803 ad
2145 772 2186 804 2.

598 827 636 865 et
662 821 733 865 lib.
756 822 975 884 4²Contr.
1000 836 1040 881 g.
1067 830 1161 883 cap.
1193 824 1262 880 48.
1286 829 1322 868 et
1352 825 1460 868 Veri.
1494 839 1532 882 q.
1565 839 1634 883 29.
1661 831 1743 869 art.
1765 840 1800 870 1.
1828 824 1882 869 ad
1906 840 1942 870 1.

768 894 805 932 et
827 896 962 948 opusc.
986 904 1026 934 2.
1049 898 1139 949 cap.
1166 905 1246 949 233.
1270 897 1356 935 etr.
1378 891 1476 952 Corj.
1504 905 1559 950 15.
1585 892 1672 937 lect.
1701 892 1776 951 3.).

399 999 476 1043 AD
500 1012 738 1044 OCTAVUM
755 999 819 1044 sic
846 1001 1118 1059 proceditur.
1136 1000 1340 1056 Videtur,
1367 1002 1490 1061 quod
1506 1002 1621 1047 haec
1644 1003 1700 1047 sit
1720 1018 1850 1048 vera:
1873 1004 2060 1049 Christus
2083 1009 2141 1048 est
2160 1017 2271 1049 crea—

309 1073 434 1111 tura:
462 1067 571 1111 dicit
597 1067 720 1111 enim
746 1068 842 1112 Leo
878 1069 1003 1128 Papa
1037 1069 1154 1127 (quid
1184 1070 1316 1114 simile
1347 1070 1443 1114 hab.
1475 1085 1597 1115 serm.
1625 1085 1661 1129 3.
1693 1071 1970 1129 Pentecost.).·
2001 1070 2190 1125 «Nova,
2224 1080 2270 1115 et

307 1133 511 1178 inaudita
537 1135 802 1179 conventio:
825 1135 966 1189 Deus,
990 1136 1067 1195 qui
1085 1146 1166 1189 est,
1194 1146 1237 1180 et
1259 1147 1367 1188 erat,
1381 1136 1429 1181 fit
1452 1147 1656 1181 creatura
1673 1151 1723 1181 »z
1752 1138 1831 1182 sed
1847 1137 1959 1182 illud
1976 1145 2126 1197 potest
2146 1151 2272 1196 prae-

308 1201 451 1245 dicari
476 1201 532 1245 de
559 1201 761 1256 Christo,
780 1203 903 1261 quod
929 1202 1046 1248 filius
1063 1204 1152 1247 Dei
1167 1203 1312 1248 factus
1336 1214 1403 1248 est
1419 1219 1497 1263 per
1523 1204 1917 1260 Incarnationem;
1934 1217 2045 1263 ergo
2070 1204 2187 1249 haec
2203 1213 2272 1250 est

308 1282 439 1313 vera:
470 1268 658 1313 Christus
688 1275 744 1314 est
773 1276 980 1314 creatura.

399 1349 439 1380 2.
467 1335 765 1381 PRAETEREA.
789 1338 1094 1395 Proprietates
1115 1338 1348 1397 utriusque
1370 1349 1557 1383 naturae
1575 1348 1766 1398 possunt
1786 1338 2038 1397 praedicari
2054 1338 2110 1383 de
2129 1337 2274 1398 hypo-

309 1402 418 1447 stasi
444 1403 682 1446 communi
707 1404 938 1463 utriusque
964 1415 1166 1458 naturae,
1199 1420 1492 1464 quocumque
1526 1407 1714 1449 nomine
1745 1405 2039 1463 significetur,
2066 1416 2114 1450 ut
2138 1419 2273 1465 supra

310 1469 483 1513 dictum
511 1479 578 1513 est
600 1467 709 1530 (art.
731 1485 768 1529 5.
793 1471 880 1529 huj.
908 1473 996 1529 q.).·
1024 1471 1103 1516 sed
1131 1472 1382 1531 proprietas
1408 1473 1645 1516 humanae
1666 1483 1854 1516 naturae
1881 1482 1950 1517 est
1974 1486 2072 1517 esse
2104 1476 2275 1517 creatu-

310 1550 424 1590 ram,
450 1536 567 1580 sicut
591 1546 636 1581 et
660 1537 911 1596 proprietas
939 1538 1117 1582 divinae
1144 1549 1332 1583 naturae
1361 1549 1428 1583 est
1460 1553 1557 1583 esse
1586 1549 1867 1595 creatorem;
1895 1553 2006 1598 ergo
2033 1549 2274 1599 utrumque

310 1613 461 1662 potest
492 1604 582 1647 dici
613 1605 667 1648 de
695 1604 898 1660 Christo,
931 1605 1106 1650 scilicet
1138 1606 1261 1664 quod
1293 1606 1350 1650 sit
1382 1616 1602 1661 creatura,
1635 1616 1679 1651 et
1709 1607 1833 1666 quod
1865 1607 1921 1651 sit
1956 1607 2199 1662 increatus,
2231 1615 2276 1652 et

311 1681 502 1714 creator.

405 1752 442 1797 3⁴.
467 1738 765 1784 PRAETEREA.
799 1739 1101 1799 Principalior
1132 1755 1236 1800 pars
1266 1741 1469 1785 hominis
1502 1751 1570 1786 est
1601 1741 1769 1795 anima,
1802 1755 1942 1801 quam
1973 1755 2165 1801 corpus:
2195 1741 2274 1786 sed

312 1805 521 1850 Christus
548 1806 723 1850 ratione
742 1808 960 1865 corporis,
979 1808 1102 1867 quod
1121 1809 1176 1853 de
1194 1807 1384 1867 Virgine
1401 1809 1550 1863 traxit,
1568 1809 1732 1852 dicitur
1749 1822 1847 1853 esse
1863 1807 2129 1868 simpliciter
2142 1819 2275 1854 natus

312 1873 367 1916 de
393 1872 606 1932 Virgine3
634 1888 744 1933 ergo
777 1875 954 1919 ratione
988 1876 1183 1931 animae,
1217 1890 1332 1935 quae
1367 1887 1516 1921 creata
1550 1886 1617 1921 est
1643 1876 1668 1920 a
1691 1876 1812 1931 Deo,
1844 1875 1979 1920 debet
2008 1875 2276 1936 simpliciter

313 1940 415 1995 dici,
442 1942 563 1999 quod
591 1941 799 1986 Christus
827 1943 884 1987 sit
911 1953 1130 1987 creatura.
1179 1958 1181 1960 ·

397 2007 492 2052 SED
520 2022 716 2054 CONTRA
743 2019 823 2064 est,
851 2010 974 2069 quod
1007 2010 1221 2055 Ambros.
1250 2010 1359 2055 dicit
1383 2011 1430 2054 in
1463 2010 1537 2054 lib.
1571 2024 1587 2054 1
1620 2010 1675 2054 de
1709 2009 1872 2054 Trinit.
1903 2009 1989 2067 (seu
2014 2009 2060 2055 de
2085 2009 2191 2056 Fide
2222 2009 2276 2055 ad

317 2074 513 2119 Gratian.
547 2083 638 2135 cap.
672 2075 734 2135 7.)
771 2092 794 2117 (ε
827 2076 1061 2135 Numquid
1096 2076 1217 2121 dicto
1250 2075 1396 2121 factus
1429 2087 1497 2121 est
1529 2076 1770 2121 Christus?
1804 2076 2026 2135 numquid
2058 2077 2275 2121 mandato

314 2150 489 2186 creatus
517 2152 584 2187 est
611 2141 852 2187 Christus?
872 2161 895 2186 »
933 2144 1062 2202 quasi
1088 2144 1231 2188 dicat:
1264 2144 1388 2190 Non:
1420 2143 1540 2188 unde
1573 2144 1742 2188 subdit:
1783 2159 1807 2184 «
1836 2143 2091 2196 Quomodo
2122 2153 2277 2188 autem

316 2219 520 2253 creatura
560 2209 607 2252 in
638 2210 741 2254 Deo
776 2225 875 2255 esse
907 2211 1092 2270 potest?
1127 2211 1297 2256 etenim
1319 2212 1445 2255 Deus
1471 2221 1659 2255 naturae
1691 2210 1911 2270 simplicis
1934 2220 2015 2266 est,
2046 2224 2142 2256 non
2173 2224 2280 2256 con·

314 2277 496 2335 junctae
513 2292 564 2331 »3
592 2291 702 2335 ergo
729 2278 844 2322 haec
870 2293 965 2322 non
992 2288 1060 2322 est
1086 2278 1403 2323 concedenda:
1433 2277 1620 2322 Christus
1645 2285 1703 2323 est
1728 2284 1936 2323 creatura.

405 2343 693 2389 RESPONDEO
727 2345 985 2400 dicendum,
1018 2345 1155 2405 quod,
1184 2346 1301 2390 sicut
1326 2346 1513 2390 Hieron.
1542 2345 1672 2390 dicit:
1700 2361 1750 2390 ex
1765 2347 1902 2391 verbis
1927 2344 2163 2391 inordinate
2178 2353 2277 2406 pro-

317 2411 412 2456 latis
450 2412 913 2472 incurriturrhaeresix
947 2413 1066 2457 unde
1105 2428 1211 2457 cum
1244 2413 1484 2458 haereticis
1514 2427 1600 2457 nec
1638 2414 1828 2457 nomina
1859 2412 2079 2466 debemus
2109 2413 2279 2459 habere

318 2479 596 2533 communia,
622 2493 679 2523 ne
706 2493 866 2523 eorum
894 2481 1035 2524 errori
1060 2480 1212 2529 favere
1238 2481 1499 2526 videamur:
1527 2480 1690 2524 A-riani
1721 2490 1875 2524 autem
1906 2479 2125 2525 haeretici
2150 2479 2281 2526 Chri-

317 2555 438 2590 stum
459 2545 667 2590 dixerunt
688 2561 786 2591 esse
806 2557 1074 2602 creaturam,
1093 2558 1138 2592 et
1150 2548 1378 2591 minorem
1397 2547 1544 2601 Patre,
1561 2562 1655 2591 non
1682 2547 1836 2591 solum
1852 2547 2028 2592 ratione
2049 2546 2279 2593 humanae

317 2621 518 2666 naturae,
545 2613 624 2657 sed
651 2614 788 2657 etiam
816 2615 990 2658 ratione
1017 2614 1196 2658 divinae
1214 2629 1460 2673 personae;
1489 2624 1533 2658 et
1558 2615 1662 2658 ideo
1690 2629 1783 2658 non
1807 2624 1875 2659 est
1901 2613 2106 2659 absolute
2131 2614 2281 2659 dicen-

319 2679 443 2733 dum,
470 2680 592 2739 quod
620 2680 829 2724 Christus
857 2681 913 2724 sit
940 2691 1158 2735 creatura,
1185 2681 1259 2725 vel
1285 2683 1436 2725 minor
1462 2682 1618 2726 Patre:
1646 2681 1725 2725 sed
1752 2695 1858 2724 cum
1885 2681 2280 2735 determinatione,

318 2746 494 2792 scilicet
517 2747 770 2791 secundum
802 2749 1053 2792 humanam
1075 2758 1298 2792 naturam.
1319 2748 1384 2792 Ea
1409 2763 1533 2802 vero,
1561 2748 1616 2792 de
1643 2748 1803 2806 quibus
1828 2747 2045 2807 suspicari
2070 2761 2166 2792 non
2199 2762 2277 2807 po·

318 2824 421 2869 test,
450 2815 570 2874 quod
595 2815 774 2860 divinae
796 2830 1017 2874 personae
1045 2816 1320 2860 conveniant
1345 2815 1596 2859 secundum
1621 2815 1782 2873 seipsa,
1808 2825 1999 2874 possunt
2016 2814 2282 2875 simpliciter

320 2883 410 2927 dici
427 2882 482 2926 de
506 2881 691 2927 Christo
719 2883 893 2927 ratione
911 2883 1139 2928 humanae
1161 2893 1371 2927 naturae:
1391 2883 1505 2926 sicut
1529 2881 1794 2940 simpliciter
1815 2882 2023 2935 dicimus,
2043 2881 2280 2927 Christum

322 2964 421 2995 esse
447 2964 647 3008 passum,
684 2961 932 3004 mortuum,
975 2961 1019 2993 et
1044 2950 1294 3009 sepultum3
1322 2950 1437 2994 sicut
1470 2949 1608 2993 etiam
1634 2949 1680 2992 in
1713 2949 1845 2993 rebus
1878 2949 2206 3008 corporalibus,
2237 2958 2283 2994 et

320 3017 549 3073 humanis,
567 3031 619 3061 ea
642 3018 819 3076 quaein
843 3018 1171 3061 dubitationem
1194 3016 1346 3061 venire
1370 3026 1559 3075 possunt
1575 3030 1632 3060 an
1652 3016 1927 3060 conveniant
1944 3016 2044 3070 toti,
2062 3015 2136 3060 vel
2152 3016 2281 3076 parti,

322 3087 359 3130 si
384 3086 537 3130 insunt
563 3085 697 3129 alicui
724 3085 850 3145 parti,
877 3099 972 3129 non
1005 3085 1287 3128 attribuimus
1321 3084 1405 3127 toti
1431 3083 1710 3142 simpliciter,
1744 3082 1858 3127 idest
1885 3083 1981 3128 sine
2015 3082 2284 3128 determina·

321 3153 468 3207 tione3
495 3167 588 3197 non
616 3153 737 3197 enim
765 3153 972 3206 dicimus,
991 3152 1113 3210 quod
1140 3151 1364 3210 Aethiops
1392 3162 1459 3195 est
1477 3150 1617 3204 albus,
1641 3151 1719 3195 sed
1738 3150 1860 3209 quod
1883 3161 1952 3195 est
1976 3149 2106 3196 albus
2127 3164 2284 3196 secun-

323 3221 432 3265 dum
459 3222 640 3276 dentes;
663 3221 855 3264 dicimus
883 3231 1035 3263 autem
1069 3220 1236 3278 absque
1269 3219 1661 3271 determinatione,
1694 3218 1816 3276 quod
1850 3227 1918 3263 est
1948 3217 2144 3277 crispus;
2176 3217 2283 3277 quia

322 3289 414 3333 hoc
441 3303 534 3333 non
561 3299 710 3348 potest
735 3289 777 3332 ei
803 3288 1048 3331 convenire
1074 3287 1162 3330 nisi
1188 3286 1438 3330 secundum
1467 3285 1670 3343 capillos.

413 3357 488 3400 An
513 3370 700 3401 PR1MUM
729 3369 837 3413 ergo
865 3354 1124 3407 dicendum,
1157 3353 1278 3412 quod
1306 3352 1550 3411 aliquando
1583 3353 1726 3396 sancti
1760 3353 1988 3397 Doctores
2020 3365 2157 3396 causa
2187 3350 2284 3396 bre-

323 3424 488 3477 vitatis,
514 3423 891 3468 determinatione
910 3422 1094 3475 omissa,
1115 3421 1303 3464 nomine
1328 3430 1767 3474 creaturae-utuntur
1790 3420 1911 3465 circa
1937 3418 2197 3464 Christum:
2215 3427 2285 3464 est

324 3501 477 3535 tamen
504 3491 549 3534 in
573 3505 734 3535 eorum
761 3489 891 3534 dictis
917 3486 1294 3546 subintelligenda
1321 3487 1655 3540 determinatio,
1683 3489 1935 3545 inquantum
1965 3486 2101 3532 homo,

414 3559 489 3602 An
507 3571 768 3603 SECUNDUM
786 3557 1045 3609 dicendum,
1064 3555 1185 3614 quod
1205 3568 1366 3598 omnes
1383 3555 1679 3613 proprietates
1698 3555 1927 3598 humanae
1947 3563 2150 3608 naturae,
2167 3552 2284 3597 sicut

326 3635 371 3669 et
396 3626 587 3680 divinae,
610 3635 799 3684 possunt
825 3623 1071 3683 aequaliter
1092 3622 1182 3666 dici
1209 3623 1263 3667 de
1284 3621 1493 3675 Christ03
1512 3621 1631 3665 unde
1650 3631 1695 3666 et
1711 3622 1926 3665 Damasc.
1953 3619 2062 3665 dicit
2085 3620 2132 3665 in
2150 3632 2188 3678 3.
2205 3618 2282 3664 lib.
