2352 3926
613 258 891 305 Quaesno
933 258 1083 298 xmu.
1124 258 1432 298 Ani-murus
1472 258 1545 297 tv.
1815 275 1818 277 -
1945 245 2047 314 365

94 361 424 410 destinatorum
451 372 604 407 autem
630 361 766 417 salus,
793 371 838 407 et
861 361 1120 420 justificatio
1147 361 1451 419 permanebitt
1477 361 1557 406 sed
1585 370 1630 405 et
1654 361 1700 405 in
1726 359 1869 406 coelis
1902 359 2052 418 angeli

34 435 64 479 ὲ
94 438 200 476 sunt
223 443 363 489 opera
389 429 583 475 Christi:
610 429 832 489 numquid
859 429 994 473 etiarn
1023 428 1094 472 his
1113 428 1324 486 operibus
1348 430 1524 487 majora
1547 427 1668 482 facit,
1685 428 1762 488 qui
1784 437 2053 487 cooperatur

20 507 59 548 νῖῑ
96 495 284 542 Christo
310 497 364 540 ad
392 511 523 542 suam
550 495 948 554 justificationem?
972 495 1155 553 judicet,
1183 497 1259 553 qui
1285 505 1447 554 potest,
1474 505 1625 539 utrum
1654 497 1802 554 majus
1829 495 1885 540 sit
1909 496 2053 554 justos

40 556 61 571 ’“
97 576 266 617 creare,
293 578 430 623 quarn
453 563 618 623 impios
647 562 914 622 justificare:
942 572 1062 605 certe
1081 562 1119 606 si
1138 562 1339 620 aequalis
1358 572 1425 606 est
1442 572 1682 621 utrumque
1701 562 1946 621 potentiae,
1963 562 2054 606 hoc

21 654 33 682 χ
96 630 283 688 majoris
309 634 377 675 est
404 631 771 675 misericordiae:
797 630 876 673 sed
903 629 1061 672 omnia
1087 643 1226 687 opera
1254 628 1427 672 Christi
1452 629 1721 687 intelligere,
1744 630 1818 673 ubi
1846 630 1929 674 ait:
1964 630 2058 674 Ma-

24 717 43 750 y·
88 698 193 758 jora
217 696 366 742 horum
382 698 530 757 faciet,
556 696 680 740 nulla
702 710 788 740 nos
808 696 1054 739 necessitas
1075 695 1213 754 cogit.
1242 695 1420 739 Horum
1447 696 1567 739 enim
1595 696 1782 740 forsitan
1800 698 1922 751 dixit,
1939 710 2056 756 quae

18 765 30 814 ’ᾗ
93 762 173 808 illa
198 763 313 808 hora
338 763 546 809 faciebat.
569 762 702 808 Tunc
725 773 879 806 autem
906 763 1041 806 verba
1067 762 1172 806 fidei
1192 761 1414 806 faciebat.
1443 772 1484 806 et
1501 763 1656 821 utique
1674 764 1824 808 minus
1837 774 1904 808 est
1919 764 2058 808 verba

32 866 46 886 „
93 830 294 890 iustitiae
319 831 594 890 praedicare,
620 831 743 889 quod
763 829 871 873 fecit
897 839 1073 888 praeter
1098 843 1198 883 nos,
1221 843 1359 888 quam
1385 830 1553 888 impios
1578 830 1836 888 justificare,
1853 832 2005 890 quod
1993 841 2057 876 ita

23 912 32 925 ²
94 895 240 941 facit
229 912 274 941 1n
297 897 443 951 nobis,
471 907 518 941 ut
542 896 763 941 faciamus
791 907 834 940 et
859 910 944 940 nos
969 914 1010 940 ».

185 964 262 1009 AD
289 973 504 1009 TERTIUM
530 964 788 1017 dicendum,
815 964 935 1022 quod
958 963 1141 1022 quando
1168 963 1351 1022 aliquod
1379 962 1649 1022 particulare
1676 978 1790 1023 opus
1823 965 2056 1024 proprium

17 1023 37 1070 's
97 1038 167 1075 est
182 1030 372 1089 alicujus
390 1031 580 1089 agentis,
597 1041 703 1075 tunc
723 1045 803 1089 per
813 1030 924 1074 1llud
942 1030 1212 1089 particulare
1229 1044 1343 1089 opus
1359 1031 1574 1088 probatur
1589 1041 1684 1075 tota
1701 1033 1841 1075 virtus
1860 1033 2055 1091 agentis:

97 1098 213 1143 sicut
233 1111 338 1142 cum
363 1098 624 1143 ratiocinari
645 1099 702 1142 sit
726 1098 961 1157 proprium
987 1098 1202 1151 hominis,
1226 1098 1477 1142 ostenditur
1503 1098 1665 1157 aliquis
1693 1113 1790 1142 esse
1823 1100 1968 1143 homo
2002 1114 2057 1143 ex

26 1167 41 1186 “·
95 1163 188 1209 hoc
203 1164 320 1224 ipso,
352 1165 474 1224 quod
502 1165 796 1210 ratiocinatur
817 1166 938 1209 circa
970 1165 1292 1224 quodcumque
1310 1166 1580 1223 particulare
1600 1167 1906 1225 propositum:
1935 1177 1979 1212 et
2004 1168 2058 1211 si-

31 1238 46 1277 4
98 1230 266 1276 militer
285 1246 390 1276 cum
408 1233 588 1292 propria
607 1233 769 1276 virtute
788 1232 1008 1276 miracula
1024 1231 1172 1276 facere
1191 1233 1246 1276 sit
1263 1233 1404 1278 solius
1418 1232 1806 1287 Dei‚sufficienter
1822 1245 2056 1278 ostensum

98 1310 167 1343 est
193 1298 426 1344 Christum
455 1314 552 1345 esse
569 1300 737 1354 Deum,
763 1313 816 1344 ex
839 1314 1131 1359 quocumque
1150 1299 1388 1354 miraculo,
1415 1302 1536 1359 quod
1554 1303 1735 1360 propria
1755 1301 1919 1345 virtute
1936 1301 2056 1346 fecit.

26 1354 51 1394 2³
880 1383 901 1406 ,

711 1636 1160 1715 QUAESTIO
1210 1637 1436 1698 XLIV.

326 1807 420 1848 DE
466 1806 810 1848 SINGULIS
857 1806 1386 1847 MIRACULORUM
1433 1807 1845 1855 SPECIEBUS,

587 1896 653 1936 IN
684 1895 972 1947 QUATUOR
1003 1895 1332 1936 ARTICULOS
1364 1896 1586 1940 DIVISA.

138 2075 139 2078 ’
190 2071 370 2118 Deinde
396 2073 778 2118 considerandum
801 2083 869 2118 est
894 2073 950 2117 de
976 2073 1165 2132 singulis
1187 2073 1516 2117 miraculorum
1542 2073 1791 2132 speciebus.

189 2138 248 2184 Et
272 2140 436 2200 primo.
462 2140 534 2184 De
556 2140 806 2195 miraculis,
830 2154 947 2199 quae
971 2139 1079 2184 fecit
1100 2141 1219 2184 circa
1243 2139 1496 2200 spirituales
1523 2141 1808 2186 substantias.

188 2200 420 2251 Secundo.
446 2207 518 2251 De
545 2207 791 2262 miraculis,
815 2221 931 2266 quae
956 2206 1065 2251 fecit
1090 2208 1211 2251 circa
1238 2207 1454 2252 coelestia
1481 2222 1689 2266 corpora.

135 2286 137 2288 ’
192 2272 367 2319 Tertio.
392 2274 465 2319 De
491 2274 736 2329 miraculis,
759 2289 875 2334 quae
901 2273 1009 2319 fecit
1034 2275 1156 2318 circa
1180 2275 1409 2319 homines.

193 2340 388 2394 Quarto.
413 2342 486 2386 De
513 2341 764 2396 miraculis,
789 2356 906 2401 quae
931 2340 1039 2386 fecit
1065 2342 1184 2386 circa
1213 2351 1440 2386 creaturas
1467 2341 1765 2387 irrationales.

830 2505 1264 2563 ARTICULUS
1300 2505 1343 2560 1.
1978 2519 2063 2579 238

486 2633 679 2672 UTRUM
717 2605 998 2674 MIRACULA
1037 2604 1219 2673 F'ACTA
1258 2635 1358 2673 PER
1399 2634 1680 2673 cnms‘ruM

585 2708 750 2748 cmm
789 2709 1136 2748 SPIRITUALES
1178 2709 1545 2748 susssrANnAs

728 2783 963 2823 FuEmNT
1006 2783 1436 2823 CONVENIENTIA.

57 2957 86 2974 Ἴ
192 2906 270 2952 AD
300 2919 490 2953 numm
515 2906 580 2951 sic
607 2907 880 2967 proceditur.
907 2907 1112 2962 Videtur,
1140 2908 1261 2967 quod
1294 2906 1529 2961 miracula,
1563 2920 1680 2966 quae
1711 2905 1820 2951 fecit
1852 2906 2062 2951 Christus

24 2962 86 3010 «²7
93 2973 225 3028 circa
247 2974 500 3033 spirituales
527 2975 813 3029 substantias,
838 2989 931 3019 non
957 2974 1125 3019 fuerint
1150 2975 1483 3019 convenientia.
1511 2975 1633 3018 Inter
1658 2973 1912 3034 spirituales
1939 2975 2062 3017 enim

75 3041 373 3088 substantias
398 3041 544 3086 sancti
570 3042 720 3100 angeli
746 3041 1032 3101 praepollent
1057 3042 1381 3086 daemonibus:
1409 3042 1528 3100 quia,
1560 3051 1610 3085 ut
1639 3042 1922 3099 Augustinus
1956 3040 2065 3084 dicit

47 3119 71 3160 42,
92 3106 151 3154 -in
176 3122 214 3167 3.
240 3108 296 3152 de
324 3106 549 3153 Trinitate
574 3109 682 3169 (cap.
709 3123 751 3166 4.
778 3116 876 3155 ante
900 3110 1002 3155 med.
1002 3110 1043 3167 ),
1067 3126 1089 3151 «
1108 3111 1287 3168 spiritus
1308 3110 1428 3154 vitae
1446 3109 1679 3154 rationalis
1697 3110 1912 3162 desertor,
1931 3118 2064 3166 atque

45 3171 73 3183 ’”
104 3184 320 3235 peccator
344 3176 513 3233 regitur
538 3189 618 3234 per
643 3176 851 3234 spiritum
877 3177 996 3221 vitae
1023 3177 1463 3235 rationalem-pium,
1490 3186 1534 3220 et
1559 3178 1728 3234 Justum
1755 3190 1804 3218 »ε
1833 3175 1912 3219 sed
1935 3174 2066 3219 Chri-

51 3244 200 3287 ’Ἕως
222 3254 318 3286 non
343 3241 507 3300 legitur
533 3242 683 3301 aliqua
710 3243 929 3288 miracula
950 3243 1110 3288 fecisse
1138 3244 1259 3288 circa
1286 3243 1476 3302 angelos
1498 3244 1670 3296 bonos;
1693 3256 1803 3300 ergo
1821 3256 1905 3285 nec
1925 3241 2063 3286 etiarn

100 3306 229 3352 ‘circa
253 3307 501 3353 daemones
529 3308 679 3368 aliqua
703 3310 923 3355 miracula
949 3309 1098 3355 facere
1125 3311 1290 3355 debuit.

55 3368 67 3392 ³³
198 3385 240 3418 2.
272 3373 568 3420 PRAETEREA.
595 3377 817 3421 Miracula
845 3377 1017 3422 Christi
1049 3378 1374 3421 ordinabantur
1406 3377 1461 3420 ad
1496 3375 1876 3420 manifestandam
1909 3374 2065 3419 divini-

55 3462 82 3496 [v
106 3449 249 3486 tatem
274 3440 438 3500 ipsius:
464 3442 544 3487 sed
570 3443 779 3487 divinitas
807 3444 977 3488 Christi
1002 3458 1096 3488 non
1123 3454 1219 3488 erat
1244 3443 1543 3488 daemonibus
1571 3441 1929 3485 manifestanda:
1958 3442 2065 3501 quia

58 3512 67 3559 J,
90 3510 190 3567 [per
212 3506 302 3551 hoc
328 3506 595 3566 impeditum
622 3508 778 3554 fuisset
803 3510 1069 3569 mysterium
1097 3511 1321 3569 passionis
1348 3511 1458 3567 ejus,
1475 3508 1727 3552 secundum
1745 3507 1856 3551 illud
1873 3507 1984 3554 Cor.
2011 3522 2062 3554 1.:

109 3573 156 3627 Si
175 3574 468 3632 cognovissent,
490 3588 704 3633 nunquam
727 3577 960 3620 Dominum
979 3577 1139 3635 gloriae
1165 3578 1459 3636 crucifixissent
1471 3589 1487 3631 ;
1516 3589 1626 3635 ergo
1652 3589 1746 3619 non
1765 3574 1918 3620 debuit
1942 3576 2085 3620 circa·

66 3655 81 3674 1
111 3639 360 3690 daemones
386 3639 536 3699 'aliqua
563 3641 781 3686 miracula
806 3641 969 3691 facere.
