2352 3926
333 205 439 260 320
814 203 1093 249 QUAESTIO
1135 203 1343 243 XXXVII.
1384 204 1692 244 ARTICULUS
1732 206 1805 245 1v.

331 307 422 366 legi
450 307 687 360 obnoxius,
713 305 860 350 voluit
884 316 1039 350 tamen
1066 306 1482 362 circumcisionem,
1515 317 1559 353 et
1591 308 1680 353 alia
1716 308 1830 367 legis
1864 322 2006 354 onera
2037 308 2201 365 subire,
2233 309 2291 355 ad

331 374 740 418 demonstrandum
766 373 1051 428 humilitatis,
1078 384 1123 418 et
1148 374 1435 419 obedientiae
1462 375 1737 435 exemplum,
1770 386 1817 420 et
1850 385 1901 421 ut
1931 377 2203 436 approbaret
2231 376 2298 422 le·‘

331 456 452 501 gem,
480 451 523 485 et
549 450 598 484 ut
623 440 880 484 calumniae
908 441 1203 485 occasionem
1225 441 1408 499 Judaeis
1434 441 1636 486 tolleret:
1663 452 1850 502 propter
1875 443 2059 488 easdem
2091 443 2292 488 rationes

329 507 488 560 voluit,
516 517 560 551 et
586 517 782 551 matrem
808 521 939 552 suam
964 507 1156 568 implere
1182 507 1296 568 legis
1330 509 1657 565 observantias,
1689 510 1850 569 quibus
1881 519 2038 555 tamen
2069 518 2293 555 non-erat

330 575 542 619 obnoxia.
2187 607 2190 610 -

420 643 496 687 AD
524 655 712 687 PRIMUM
740 656 851 700 ergo
879 642 1139 697 dicendum,
1166 643 1289 702 quod
1316 643 1423 688 licet
1448 644 1499 688 B.
1526 644 1670 703 Virgo
1697 642 1872 687 nullam
1894 644 2084 689 haberet
2098 644 2294 689 immun-

330 709 503 763 ditiam,
530 709 678 754 voluit
701 719 857 754 tamen
880 710 1162 769 purgationis
1188 711 1527 755 observantiam
1553 711 1759 770 implere,
1777 724 1874 755 non
1894 722 2078 771 propter
2092 711 2294 770 indigen-

329 777 456 831 tiam,
485 778 562 821 sed
589 786 773 836 propter
799 777 913 836 legis
940 787 1258 837 praeceptum:
1283 789 1327 822 et
1349 779 1451 822 ideo
1468 778 1701 837 signanter
1717 778 2009 838 Evangelista
2030 779 2152 833 dicit,
2169 779 2292 839 quod

330 845 492 904 impleti
516 851 609 889 sunt
634 844 716 889 dies
735 847 1002 904 purgationis
1024 848 1110 903 ejus
1133 845 1353 890 secundum
1381 846 1521 903 legem,
1556 846 1654 904 ipsa
1682 848 1805 890 enim
1831 847 2084 891 secundum
2110 860 2158 891 se
2193 860 2295 907 pur-

331 912 515 971 gatione
541 925 635 955 non
661 911 908 970 indigebat.

421 980 497 1023 AD
531 992 792 1024 SECUNDUM
820 978 1079 1033 dicendum,
1106 979 1228 1038 quod
1255 980 1487 1038 signanter
1517 980 1703 1039 Moyses
1729 980 1908 1024 videtur
1937 979 2076 1026 fuisse
2112 979 2292 1025 locutus

332 1047 387 1090 ad
415 1046 730 1106 excipiendam
757 1046 811 1090 ab
837 1046 1127 1090 immunditia
1158 1047 1355 1091 Matrem
1381 1047 1484 1100 Dei,
1510 1062 1626 1106 quae
1659 1062 1752 1091 non
1785 1048 1960 1107 peperit
1990 1057 2202 1107 suscepto
2228 1063 2295 1092 se-

333 1114 477 1157 mine:
506 1124 550 1158 et
574 1113 678 1156 ideo
706 1123 844 1171 patet,
871 1114 992 1172 quod
1019 1128 1114 1157 non
1141 1113 1426 1172 obligabatur
1453 1115 1508 1158 ad
1545 1114 1863 1173 impletionem
1894 1114 2016 1159 illius
2047 1115 2293 1175 praecepti,

330 1181 409 1226 sed
427 1180 682 1225 voluntarie
695 1181 975 1239 purgationis
988 1181 1323 1224 observantiam
1337 1181 1616 1239 adimplevit,
1630 1192 1678 1225 ut
1690 1183 1861 1226 dictum
1877 1193 1945 1227 est
1961 1184 2028 1241 (in
2045 1192 2160 1242 corp.
2174 1185 2292 1240 art).

420 1249 495 1292 AD
529 1260 744 1292 TERTIUM
772 1248 1031 1301 dicendum,
1058 1248 1181 1306 quod
1207 1248 1373 1307 legalia
1400 1259 1687 1293 sacramenta
1713 1263 1807 1293 non
1839 1250 2094 1309 purgabant
2126 1251 2180 1294 ab
2212 1250 2294 1294 im-

331 1315 554 1360 munditia
581 1314 758 1374 culpae,
785 1314 907 1374 quod
931 1314 980 1359 fit
1005 1329 1085 1372 per
1107 1315 1317 1373 gratiam,
1335 1315 1415 1359 sed
1432 1315 1550 1359 hanc
1570 1316 1889 1374 purgationem
1906 1316 2294 1375 praefigurabant3

331 1383 588 1442 purgabant
610 1392 764 1426 autem
790 1382 1061 1441 purgatione
1095 1382 1293 1440 quadam
1332 1381 1504 1425 carnali
1541 1383 1594 1425 ab
1627 1382 1918 1435 immunditia
1953 1383 2295 1442 irregularitatis

332 1451 584 1508 cujusdam,
610 1450 728 1494 sicut
748 1450 795 1493 in
823 1463 861 1494 2.
891 1459 1017 1507 parte
1045 1449 1218 1493 dictum
1245 1459 1313 1493 est
1343 1451 1446 1508 (1-2.
1474 1465 1512 1508 q.
1539 1465 1632 1496 102.
1658 1458 1740 1496 art.
1763 1466 1799 1510 5.
1823 1451 1878 1495 ad
1892 1466 1930 1511 5.
1958 1452 2000 1497 6.
2022 1452 2161 1512 217.)‚·
2188 1466 2297 1497 neu-

330 1528 446 1562 tram
473 1528 629 1562 tamen
664 1517 1005 1561 immunditiam
1046 1517 1187 1561 Beata
1222 1516 1368 1575 Virgo
1405 1527 1695 1562 contraxerat
1728 1528 1772 1563 et
1802 1518 1908 1563 ideo
1939 1532 2034 1564 non
2064 1519 2297 1579 indigebat

330 1599 526 1645 purgari.

881 1923 1329 2002 QUAESTIO
1378 1923 1737 1984 XXXVIII.

527 2081 608 2120 DE
641 2079 935 2120 BAPTISMO
966 2079 1235 2132 JOANNIS,
1274 2079 1339 2119 IN
1372 2079 1482 2120 SEX
1513 2079 1845 2120 ARTICULOS
1878 2079 2100 2121 DIVISA.

420 2257 600 2301 Deinde
624 2256 1008 2301 considerandum
1036 2266 1104 2301 est
1130 2256 1186 2301 de
1211 2256 1455 2316 baptismo,
1481 2270 1573 2316 quo
1603 2256 1812 2302 Christus
1843 2256 2095 2316 baptizatus
2128 2266 2208 2302 est.
2241 2257 2298 2301 Et

332 2324 438 2383 quia
466 2324 677 2369 Christus
702 2324 954 2383 baptizatus
981 2334 1049 2368 est
1073 2324 1301 2382 baptismo
1323 2324 1528 2383 Joannis,
1546 2326 1690 2383 primo
1725 2323 2109 2368 considerandum
2141 2333 2210 2368 est
2226 2324 2296 2369 vde

328 2391 556 2451 baptismo
576 2391 768 2450 Joannis
795 2393 842 2435 in
874 2391 1134 2435 communit
1167 2391 1339 2436 secundo
1367 2391 1422 2435 de
1448 2391 1752 2450 baptizatione
1780 2390 1968 2436 Christi.

941 2504 1072 2550 Circa
1095 2507 1287 2565 primum
1320 2511 1579 2565 quaeruntur
1609 2519 1690 2550 sex.

419 2594 591 2640 Primo.
626 2594 794 2639 Utrum
821 2595 1100 2639 conveniens
1126 2594 1273 2649 fuerit,
1306 2594 1430 2654 quod
1451 2594 1651 2652 Joannes
1676 2593 1937 2653 baptizaret.

422 2662 651 2706 Secundo.
680 2662 847 2706 Utrum
869 2661 946 2706 ille
972 2662 1223 2721 baptismus
1250 2661 1383 2706 fuerit
1409 2676 1435 2706 a
1460 2662 1579 2706 Deo.

423 2728 599 2774 Tertio.
627 2729 793 2773 Utrum
821 2728 1065 2773 contulerit
1090 2730 1299 2787 gratiam.

424 2797 618 2849 Quarto.
647 2797 815 2841 Utrum
843 2795 933 2850 alii,
960 2806 1139 2854 praeter
1167 2796 1417 2850 Christum,
1443 2794 1524 2839 illo
1550 2795 1777 2853 baptismo
1805 2794 2041 2839 debuerint
2063 2794 2294 2855 baptizari.

424 2864 616 2917 Quinto.
645 2864 811 2908 Utrum
837 2863 1088 2922 baptismus
1114 2862 1191 2907 ille
1218 2877 1396 2907 cessare
1420 2863 1626 2907 debuerit
1651 2862 1838 2907 Christo
1859 2862 2102 2922 baptizato.
2349 2918 2351 2922 Ι

424 2933 578 2977 Sexto.
620 2931 788 2976 Utrum
824 2930 1037 2990 baptizati
1077 2930 1303 2989 baptismo
1333 2930 1522 2988 Joannis
1560 2940 1711 2974 essent
1742 2939 1902 2988 postea
1927 2929 2185 2990 baptizandi
2219 2929 2292 2975 ba·
2337 2961 2352 2967 —

335 3001 503 3061 ptismo
532 2999 716 3044 Christi.

2326 2981 2352 3160 ”famem-tiae.
2334 2809 2352 2959 ,azsflrfmff
2337 2746 2352 2798 ..221
2344 2671 2348 2677 -
2348 2642 2352 2653 .,
2348 2605 2352 2618 η

1063 3175 1496 3233 ARTICULUS
1541 3176 1582 3230 1.
2204 3187 2292 3236 ,σε
2330 3176 2342 3242 χ,«

582 3313 775 3354 UTRUM
815 3313 1012 3351 FUERIT
1055 3312 1401 3362 CONVENIENS
1437 3312 1695 3365 JOANNEM
1733 3311 2045 3352 BAPTIZARE.
2326 3276 2336 3304 ἢ

939 3423 1002 3481 (4.
1027 3423 1137 3467 Dist.
1165 3437 1204 3467 2.
1229 3438 1265 3481 q.
1290 3437 1328 3467 2.
1357 3429 1439 3467 art.
1468 3437 1492 3468 2
1531 3423 1584 3467 ad
1610 3424 1688 3481 4.).

423 3538 500 3581 AD
526 3549 714 3582 PRIMUM
741 3535 805 3580 sic
833 3534 1104 3595 proceditur.
1122 3533 1324 3586 Videtur,
1352 3535 1473 3593 quod
1491 3549 1583 3578 non
1603 3534 1735 3579 fuerit
1754 3533 2044 3587 conveniens,
2064 3532 2290 3592 Joannem

336 3605 584 3664 baptizare:
613 3603 764 3649 omnis
797 3603 920 3648 enim
952 3602 1061 3646 ritus
1093 3601 1436 3645 sacramentalis
1470 3602 1523 3645 ad
1554 3602 1753 3661 aliquam
1781 3601 1976 3661 pertinet
2000 3599 2178 3660 legem:
2209 3596 2288 3645 sed
2348 3622 2352 3631 ι
