2352 3926
638 194 918 271 Quaesuo
952 223 1107 268 tm.
1145 222 1456 267 mmm-us
1494 222 1573 265 ω.
1978 224 2083 279 599

126 322 302 371 Christi
325 325 555 384 potentius
581 336 663 381 est,
688 341 828 387 quam
853 338 1095 388 peccatum
1111 328 1264 375 Adae:
1292 327 1372 373 sed
1397 341 1479 387 per
1503 336 1746 386 peccatum
1769 325 1916 381 Adae,
1942 335 1992 370 ut
2011 326 2090 370 ibi-

14 400 49 452 ‚3:232
123 389 231 440 dem
247 391 499 451 Apostolus
525 393 649 448 dicit,
674 410 786 440 mors
810 397 854 440 in
877 396 983 441 hunc
1002 395 1203 442 mundum
1228 396 1423 450 intravit,
1443 405 1488 439 et
1504 408 1584 454 per
1610 406 1895 453 consequens
1922 406 2086 437 ornnes

38 456 46 460 ’
125 457 242 505 aliae
273 460 573 519 poenalitates
613 463 861 522 praesentis
889 463 1037 519 vitae3
1063 477 1173 522 ergo
1201 463 1348 508 multo
1390 462 1537 521 magis
1574 476 1654 522 per
1684 461 1858 506 donum
1901 459 2087 513 Christi,

122 526 247 586 quod
271 527 318 572 in
343 528 573 588 baptismo
604 529 865 589 percipitur,
897 530 1042 575 homo
1076 545 1102 575 a
1134 530 1485 589 poenalitatibus
1516 529 1766 589 praesentis
1798 527 1918 572 vitae
1953 526 2088 571 debet

122 592 321 640 liberari.

213 673 255 707 2.
277 661 575 709 PRAETEREA.
605 663 863 723 Baptismus
889 664 1037 709 aufert
1058 674 1102 709 et
1125 664 1309 724 culpam
1331 663 1618 722 originalem,
1645 673 1691 708 et
1708 661 1949 716 actualem,
1967 660 2086 706 sicut

124 741 259 788 supra
285 729 459 773 dictum
487 741 556 775 est
580 731 686 789 (art.
709 746 745 776 r.
772 731 862 789 huj.
889 731 981 790 q.).·
1010 731 1074 775 sic
1103 741 1257 776 autem
1291 731 1436 775 aufert
1468 730 1698 775 actualem
1731 729 1931 789 culpam,
1963 727 2086 789 quod

122 793 284 843 liberat
320 796 375 840 ab
403 797 532 841 omni
566 807 695 844 reatu
730 811 907 856 poenae
944 809 1254 857 consequente
1297 797 1526 843 actualem
1564 797 1773 856 culpam;
1800 811 1911 856 ergo
1947 795 2086 841 etiam

120 859 286 913 liberat
311 876 337 906 a
363 863 711 922 poenalitatibus
738 865 987 923 praesentis
1013 865 1147 918 vitae,
1174 878 1290 924 quae
1316 874 1420 909 sunt
1447 878 1596 924 poena
1623 863 1858 924 originalis
1890 863 2084 923 peccati.

152 963 154 965 »
188 968 189 971 ,
213 942 254 988 3.
286 929 585 977 PRAETEREA.
618 931 816 977 Remota
849 946 1000 986 causa,
1031 941 1328 976 removentur
1369 931 1583 977 effectus:
1620 931 1699 976 sed
1742 945 1879 976 causa
1919 931 2084 976 harum

122 995 454 1055 poenalitatum
491 1010 560 1044 est
598 1008 839 1058 peccatum
866 998 1104 1058 originale,
1137 999 1261 1058 quod
1299 998 1475 1043 tollitur
1513 1013 1595 1058 per
1629 998 1934 1058 baptismum3
1972 1011 2084 1058 ergo

119 1075 217 1114 nnn
242 1062 407 1112 debent
432 1064 698 1124 hujusmodi
721 1065 1022 1125 poenalitates
1048 1080 1298 1111 remanere.

210 1128 307 1179 ,SED
334 1144 531 1177 CONTRA
557 1141 638 1186 est,
665 1132 788 1191 quod
815 1147 951 1192 super
974 1133 1086 1178 illud
1103 1133 1240 1179 Rom.
1264 1131 1320 1177 6.:
1338 1133 1587 1177 Destruetur
1608 1140 1759 1192 corpus
1776 1134 1952 1192 peccati,
1972 1132 2082 1177 dicit

121 1195 278 1247 ,Gloss-
305 1198 506 1257 (August.
529 1199 601 1244 lib.
627 1215 664 1245 1.
690 1199 737 1245 de
763 1201 925 1245 Peccat.
951 1202 1086 1246 merit.
1114 1207 1153 1246 et
1187 1202 1342 1245 remiss.
1370 1207 1461 1259 cap.
1492 1200 1614 1256 ult.).·
1647 1214 1670 1240 «
1691 1199 1779 1243 Per
1803 1199 2082 1259 baptismum

119 1262 168 1311 id
193 1264 354 1323 agitur,
382 1276 430 1310 ut
453 1276 583 1311 vetus
608 1266 754 1311 homo
782 1267 1086 1327 crucifigatur,
1113 1277 1158 1312 et
1185 1282 1350 1327 corpus
1382 1266 1559 1326 peccati
1585 1267 1862 1321 destruatur3
1894 1281 1988 1311 non
2020 1267 2082 1311 ita

38 1376 42 1386 ‚
119 1340 171 1375 ut
193 1331 241 1379 in
265 1331 368 1391 ipso
389 1332 571 1380 vivente
597 1334 745 1379 carnis
769 1335 1141 1394 concupiscentia
1165 1349 1388 1394 respersa,
1415 1344 1460 1379 et
1482 1334 1639 1378 innata
1664 1343 1849 1393 repente
1876 1335 2084 1378 absuma-

119 1406 206 1452 tur,
233 1408 278 1443 et
302 1413 398 1444 non
423 1399 503 1455 sit;
530 1401 609 1446 sed
634 1415 731 1446 non
756 1401 875 1446 obsit
896 1412 1095 1456 mortuo,
1122 1416 1239 1461 quae
1263 1402 1412 1447 inerat
1434 1411 1544 1446 nato
1570 1416 1624 1456 »ς
1650 1414 1761 1459 ergo
1787 1401 1887 1461 pari
1906 1401 2083 1445 ratione

117 1477 203 1510 nec
230 1464 346 1510 aliae
371 1467 671 1525 poenalitates
698 1482 777 1527 per
802 1469 1078 1527 baptismum
1104 1468 1338 1513 tolluntur.

208 1530 500 1578 RESPONDEO
528 1534 787 1590 dicendum,
814 1536 936 1595 quod
959 1536 1211 1596 baptismus
1243 1536 1380 1581 habet
1404 1536 1617 1580 virtutem
1651 1534 1884 1580 auferendi
1914 1548 2084 1594 poena-

120 1596 272 1647 litates
295 1603 545 1659 praesentis
565 1602 706 1646 vitae:
732 1616 829 1647 non
854 1612 1011 1647 tamen
1037 1617 1113 1647 eas
1140 1601 1285 1647 aufert
1308 1603 1355 1647 in
1376 1603 1605 1662 praesenti
1629 1602 1747 1656 vita3
1773 1602 1852 1646 sed
1880 1603 1977 1661 ejus
1998 1602 2084 1646 vir·

124 1674 221 1711 tute
249 1666 508 1712 auferentur
535 1682 560 1712 a
585 1669 714 1727 justis
739 1670 787 1713 in
808 1670 1154 1724 resurrectione,
1181 1670 1364 1729 quando
1390 1670 1566 1715 mortale
1592 1670 1666 1715 hoe
1697 1669 1839 1714 induet
1863 1671 2083 1714 immorta-

21 1774 25 1783 2
119 1732 292 1789 litatem,
321 1743 371 1779 ut
395 1735 559 1779 dicitur
589 1749 625 1780 1.
653 1736 765 1783 Cor.
797 1749 889 1794 15.;
916 1747 961 1781 et
985 1737 1077 1781 hoc
1103 1736 1452 1783 rationabiliter:
1471 1738 1616 1796 primo
1643 1736 1843 1796 quidem,
1869 1736 1976 1795 quia
2000 1750 2081 1794 per

28 1822 41 1858 4'·
116 1798 395 1860 baptismum
421 1802 567 1846 homo
593 1803 912 1862 incorporatur
938 1803 1142 1859 Christo,
1169 1814 1214 1849 et
1239 1803 1431 1848 efficitur
1457 1804 1718 1849 membrum
1736 1804 1846 1862 ejus,
1869 1813 1918 1847 ut
1943 1817 2080 1862 supra

12 1868 25 1877 ⁸
120 1866 290 1912 dictum
316 1877 383 1912 est
408 1870 510 1926 (art.
534 1869 731 1928 praec.)‚·
760 1880 804 1915 et
830 1870 935 1915 ideo
963 1872 1241 1915 conveniens
1269 1881 1350 1925 est,
1377 1881 1425 1915 ut
1450 1871 1494 1919 id
1523 1881 1682 1930 agatur
1706 1870 1753 1913 in
1780 1869 1990 1914 membro
2014 1870 2080 1914 in-

121 1945 381 1994 corporato,
407 1936 531 1995 quod
557 1947 626 1981 est
652 1947 805 1982 actum
827 1939 873 1982 in
900 1938 1078 1997 capitez·
1099 1938 1308 1983 Christus
1341 1949 1496 1983 autem
1530 1952 1555 1982 a
1582 1937 1805 1996 principio
1832 1951 1942 1981 suae
1974 1950 2082 1982 con-

120 2002 342 2061 ceptionis
363 2001 447 2047 fuit
471 2002 631 2062 plenus
655 2005 814 2063 gratia,
841 2014 885 2049 et
908 2005 1122 2059 veritate3
1148 2005 1308 2051 habuit
1331 2015 1487 2050 tamen
1515 2019 1680 2064 corpus
1706 2003 1931 2064 passibile,
1958 2004 2081 2064 quod

119 2078 227 2128 post
255 2069 534 2129 passionem,
560 2081 605 2115 et
635 2082 834 2116 mortem
866 2082 935 2116 est
967 2073 1023 2117 ad
1053 2074 1196 2116 vitam
1229 2072 1483 2131 gloriosam
1514 2071 1858 2127 resuscitatum;
1884 2072 2004 2116 unde
2037 2081 2083 2116 et

118 2137 391 2184 christianus
431 2139 479 2183 in
518 2139 747 2199 baptismo
785 2140 981 2198 gratiam
1015 2141 1308 2199 consequitur
1340 2150 1562 2199 quantum
1595 2140 1651 2184 ad
1685 2140 1911 2195 animam3
1943 2138 2082 2183 habet

113 2213 270 2251 tamen
297 2219 463 2265 corpus
490 2206 716 2265 passibile,
741 2207 788 2252 in
814 2221 906 2267 quo
933 2222 1015 2267 pro
1043 2207 1231 2253 Christo
1258 2208 1402 2266 possit
1433 2208 1542 2267 pati,
1566 2208 1647 2252 sed
1672 2206 1859 2251 tandem
1890 2206 2079 2251 resusci-

10 2273 25 2290 ³²
116 2271 282 2318 tabitur
322 2272 378 2318 ad
417 2273 748 2332 impassibilem
787 2274 951 2319 vitam:
987 2274 1108 2319 unde
1139 2275 1302 2334 Apost.
1337 2275 1446 2319 dicit
1478 2274 1616 2320 Rom.
1649 2274 1717 2318 8.:
1752 2274 1843 2330 Qui
1869 2274 2082 2318 suscitavit

107 2337 249 2396 Imm
282 2339 497 2385 Christum
528 2355 556 2385 a
585 2343 775 2395 mortuis,
807 2343 1044 2396 vivificabit
1074 2348 1113 2387 et
1142 2342 1342 2387 mortalia
1374 2349 1553 2400 corpora
1584 2348 1738 2396 vestra,
1759 2347 1938 2401 propter
1961 2341 2081 2385 inha-

24 2407 28 2416 ’
113 2405 315 2454 biremem
348 2406 555 2466 Spiritum
585 2410 672 2466 ejus
702 2410 748 2453 in
777 2410 923 2456 vobis:
956 2419 1002 2453 et
1021 2408 1159 2453 infra:
1196 2409 1400 2455 Haeredes
1432 2409 1597 2468 quidem
1622 2410 1723 2464 Dei,
1749 2407 1988 2454 cohaeredes
2003 2421 2080 2453 au-

114 2477 196 2520 um
223 2473 408 2525 Chresti.-
453 2476 491 2520 si
523 2480 660 2520 tamen
699 2477 998 2535 compatimur,
1031 2483 1077 2521 ut
1107 2482 1144 2521 et
1173 2476 1299 2521 simul
1332 2477 1642 2535 glorificemur:
1681 2474 1855 2521 secundo
1881 2475 1973 2519 hoc
2005 2484 2077 2520 est

116 2540 394 2586 conveniens
424 2552 610 2601 propter
640 2543 871 2602 spirituale
904 2544 1191 2595 exercitium;
1224 2552 1274 2588 ut
1309 2542 1523 2588 videlicet
1554 2552 1714 2588 contra
1747 2542 2076 2601 concupiscen-

115 2605 243 2661 tiam,
274 2617 321 2652 et
359 2607 470 2654 alias
511 2609 829 2668 passibilitates
861 2625 1069 2670 pugnans
1103 2611 1265 2665 homo,
1303 2611 1523 2655 victoriae
1565 2624 1789 2655 coronam
1823 2611 2076 2668 acciperet:

116 2672 237 2718 unde
261 2687 397 2733 super
419 2674 532 2720 illud
556 2675 692 2721 Rom.
726 2675 782 2722 6.:
824 2678 878 2722 Ut
898 2677 1146 2725 destruatur
1177 2685 1322 2737 eorpus
1347 2680 1522 2738 peceati,
1549 2678 1659 2722 dicit
1691 2677 1843 2722 Gloss.
1879 2677 2076 2735 (August.

116 2739 189 2785 lib.
213 2739 263 2786 de
285 2740 448 2787 Peccat.
470 2744 606 2788 merit.
640 2750 678 2789 et
701 2746 856 2789 remiss.
883 2753 976 2805 cap.
1003 2746 1076 2790 ult.
1099 2760 1126 2790 a
1146 2746 1330 2805 princ.):
1353 2761 1377 2787 κ
1405 2745 1455 2790 Si
1486 2755 1589 2804 post
1613 2745 1891 2804 baptismum
1916 2743 2076 2788 vixerit

114 2807 260 2852 homo
307 2808 355 2853 in
387 2822 538 2864 carne,
576 2811 717 2855 habet
747 2813 1183 2871 concupiscentiam,
1225 2827 1332 2857 cum
1363 2827 1454 2872 qua
1493 2822 1678 2872 pugnet,
1711 2824 1920 2869 eamque,
1953 2809 2076 2868 adju-

11 2875 36 2929 'g
113 2886 248 2920 vante
277 2875 399 2930 Deo,
429 2886 609 2936 superet
638 2892 689 2921 »ε
727 2878 776 2922 in
815 2879 941 2937 cujus
979 2879 1174 2939 figuram
1207 2880 1370 2924 dicitur
1403 2879 1547 2937 Judic.
1579 2894 1641 2938 3.:
1674 2879 1769 2923 Hae
1800 2883 1896 2922 sunt
1917 2882 2067 2935 gentes,

113 2956 215 3002 quas
246 2943 457 2987 Dominus
497 2943 726 3002 dereliquit,
771 2951 819 2990 ut
849 2946 1031 2991 erudiret
1069 2949 1114 2991 in
1146 2949 1201 2992 eis
1241 2948 1464 2991 Israelem:
1507 2952 1545 2991 et
1579 2951 1722 3005 postea
1764 2943 1961 2989 discerent
1986 2943 2076 3002 filii

111 3023 257 3055 eorum
287 3016 445 3056 certare
475 3025 570 3055 cum
596 3010 792 3067 hostibus,
823 3018 860 3057 et
884 3013 1032 3059 habere
1062 3014 1394 3059 consuetudinem
1419 3012 1687 3074 praeliandi:
1710 3012 1830 3056 tertio
1866 3010 1958 3054 hoc
1990 3008 2075 3054 fuit

113 3077 405 3131 conveniens,
435 3091 494 3122 ne
529 3077 742 3123 homines
775 3078 831 3123 ad
855 3079 1130 3139 baptismum
1158 3081 1430 3126 accederent
1455 3090 1639 3139 propter
1664 3076 2074 3137 impassibilitatem

112 3144 362 3204 praesentis
402 3144 536 3198 vitae,
579 3154 623 3189 et
660 3158 754 3189 non
791 3156 976 3206 propter
1015 3147 1212 3206 gloriam
1252 3148 1373 3192 vitae
1407 3157 1644 3200 aeternae;
1677 3145 1796 3189 unde
1830 3154 1874 3188 et
1905 3143 2068 3203 Apost.

19 3204 39 3255 1⁶.
113 3211 224 3256 dicit
253 3225 290 3256 1.
318 3211 427 3256 Cor.
459 3225 547 3269 15.:
572 3212 620 3256 Si
649 3213 696 3256 in
726 3212 802 3257 hae
831 3215 923 3261 vita
955 3219 1114 3260 tautum
1148 3221 1353 3275 sperantes
1375 3229 1515 3259 sumus
1548 3215 1595 3257 in
1634 3212 1817 3266 Christ0‚
1849 3211 2065 3256 miserabi-

112 3278 235 3324 liores
255 3293 397 3324 sumus
429 3280 618 3323 omnibus
642 3279 890 3324 hominibus.

20 3376 41 3405 „7
201 3346 280 3390 An
306 3358 495 3390 PRIMUM
522 3359 632 3404 ergo
659 3346 917 3399 dicendum,
940 3347 1076 3406 quod,
1102 3348 1220 3393 sicut
1247 3348 1398 3393 Gloss.
1420 3348 1522 3402 (Pet.
1550 3346 1718 3403 Lomb.)
1747 3344 1856 3389 dicit
1872 3344 2009 3388 Rom.
2026 3343 2085 3389 6..

111 3425 247 3472 super
277 3411 413 3456 illud:
449 3413 503 3458 Ut
531 3414 646 3457 ultra
677 3427 761 3456 uon
790 3414 1022 3459 serviamus
1043 3421 1241 3474 peccato:
1275 3430 1301 3456 t<
1336 3414 1462 3458 Sicut
1489 3412 1650 3471 aliquis
1684 3412 1867 3470 capiens
1887 3411 2068 3456 hostem

111 3479 464 3533 atrocissimum,
489 3494 585 3524 non
610 3481 762 3524 statim
789 3479 1001 3525 interficit
1025 3495 1148 3535 eum,
1174 3481 1253 3526 sed
1285 3481 1453 3540 patitur
1484 3493 1590 3523 eum
1623 3493 1730 3522 cum
1757 3478 1996 3532 dedecore,
2029 3489 2075 3524 et

22 3542 65 3583 ἔ’
111 3544 272 3594 dolote
298 3544 630 3605 aliquantulum
657 3547 834 3601 vivere;
860 3546 924 3591 ita
949 3556 995 3593 et
1018 3546 1231 3594 Christus
1253 3561 1451 3606 poenam
1468 3545 1590 3605 prius
1617 3545 1834 3604 alligavit,
1849 3544 1896 3589 in
1921 3542 2073 3589 futuro

15 3625 29 3659 ’ς
113 3621 267 3657 autem
290 3612 483 3672 perimet
509 3630 550 3656 ».
