<?xml version="1.0" encoding="UTF-8"?>
<!DOCTYPE html PUBLIC "-//W3C//DTD XHTML 1.0 Transitional//EN"
    "http://www.w3.org/TR/xhtml1/DTD/xhtml1-transitional.dtd">
<html xmlns="http://www.w3.org/1999/xhtml" xml:lang="en" lang="en">
 <head>
  <title>
</title>
<meta http-equiv="Content-Type" content="text/html;charset=utf-8" />
  <meta name='ocr-system' content='tesseract 3.04.00' />
  <meta name='ocr-capabilities' content='ocr_page ocr_carea ocr_par ocr_line ocrx_word'/>
</head>
<body>
  <div class='ocr_page' id='page_1' title='image "./divithomaeaquina04thom_0269.png"; bbox 0 0 2352 3926; ppageno 0'>
   <div class='ocr_carea' id='block_1_1' title="bbox 633 169 2076 239">
    <p class='ocr_par' dir='ltr' id='par_1_1' title="bbox 633 169 2076 239">
     <span class='ocr_line' id='line_1_1' title="bbox 633 169 2076 239; baseline -0.001 -16"><span class='ocrx_word' id='word_1_1' title='bbox 633 183 912 230; x_wconf 79' lang='lat' dir='ltr'><strong>QUAESTIO</strong></span> <span class='ocrx_word' id='word_1_2' title='bbox 950 183 1102 224; x_wconf 85' lang='lat' dir='ltr'>xxx1.</span> <span class='ocrx_word' id='word_1_3' title='bbox 1143 183 1452 225; x_wconf 63' lang='lat' dir='ltr'><strong>Ana-mutus</strong></span> <span class='ocrx_word' id='word_1_4' title='bbox 1491 184 1568 223; x_wconf 91' lang='lat'>111.</span> <span class='ocrx_word' id='word_1_5' title='bbox 1972 169 2076 239; x_wconf 85' lang='lat'><strong>265</strong></span> 
     </span>
    </p>
   </div>
   <div class='ocr_carea' id='block_1_2' title="bbox 80 285 2087 2561">
    <p class='ocr_par' dir='ltr' id='par_1_2' title="bbox 80 285 2086 2090">
     <span class='ocr_line' id='line_1_2' title="bbox 121 285 2081 347; baseline -0.001 -16"><span class='ocrx_word' id='word_1_6' title='bbox 121 285 233 332; x_wconf 83' lang='lat' dir='ltr'><strong>alter</strong></span> <span class='ocrx_word' id='word_1_7' title='bbox 255 300 368 332; x_wconf 87' lang='lat' dir='ltr'><strong>vero</strong></span> <span class='ocrx_word' id='word_1_8' title='bbox 399 286 474 331; x_wconf 82' lang='lat' dir='ltr'><strong>vel</strong></span> <span class='ocrx_word' id='word_1_9' title='bbox 519 300 655 330; x_wconf 88' lang='lat' dir='ltr'><strong>avum</strong></span> <span class='ocrx_word' id='word_1_10' title='bbox 682 297 955 342; x_wconf 87' lang='lat' dir='ltr'><strong>maternum,</strong></span> <span class='ocrx_word' id='word_1_11' title='bbox 981 287 1055 332; x_wconf 90' lang='lat' dir='ltr'><strong>vel</strong></span> <span class='ocrx_word' id='word_1_12' title='bbox 1082 287 1279 347; x_wconf 79' lang='lat' dir='ltr'>aliquem</span> <span class='ocrx_word' id='word_1_13' title='bbox 1306 289 1361 332; x_wconf 89' lang='lat' dir='ltr'><strong>de</strong></span> <span class='ocrx_word' id='word_1_14' title='bbox 1390 287 1598 347; x_wconf 86' lang='lat' dir='ltr'><strong>cognatis</strong></span> <span class='ocrx_word' id='word_1_15' title='bbox 1629 285 1877 346; x_wconf 88' lang='lat' dir='ltr'><strong>majoribus</strong></span> <span class='ocrx_word' id='word_1_16' title='bbox 1903 286 2081 345; x_wconf 87' lang='lat' dir='ltr'>posuit:</span> 
     </span>
     <span class='ocr_line' id='line_1_3' title="bbox 118 353 2082 413; baseline -0.001 -15"><span class='ocrx_word' id='word_1_17' title='bbox 118 359 193 398; x_wconf 77' lang='lat' dir='ltr'><strong>aut</strong></span> <span class='ocrx_word' id='word_1_18' title='bbox 217 367 332 398; x_wconf 89' lang='lat' dir='ltr'><strong>unus</strong></span> <span class='ocrx_word' id='word_1_19' title='bbox 365 364 460 397; x_wconf 91' lang='lat' dir='ltr'><strong>erat</strong></span> <span class='ocrx_word' id='word_1_20' title='bbox 480 353 651 412; x_wconf 88' lang='lat' dir='ltr'><strong>Joseph</strong></span> <span class='ocrx_word' id='word_1_21' title='bbox 688 354 905 397; x_wconf 90' lang='lat' dir='ltr'><strong>naturalis</strong></span> <span class='ocrx_word' id='word_1_22' title='bbox 942 365 1082 413; x_wconf 87' lang='lat' dir='ltr'><strong>pater,</strong></span> <span class='ocrx_word' id='word_1_23' title='bbox 1124 365 1168 398; x_wconf 93' lang='lat' dir='ltr'><strong>et</strong></span> <span class='ocrx_word' id='word_1_24' title='bbox 1205 355 1317 399; x_wconf 90' lang='lat' dir='ltr'><strong>alter</strong></span> <span class='ocrx_word' id='word_1_25' title='bbox 1351 369 1455 399; x_wconf 91' lang='lat' dir='ltr'><strong>eum</strong></span> <span class='ocrx_word' id='word_1_26' title='bbox 1500 354 1815 412; x_wconf 81' lang='lat' dir='ltr'><strong>adoptaverat:</strong></span> <span class='ocrx_word' id='word_1_27' title='bbox 1848 360 1921 397; x_wconf 82' lang='lat' dir='ltr'><strong>aut</strong></span> <span class='ocrx_word' id='word_1_28' title='bbox 1953 367 2082 397; x_wconf 89' lang='lat' dir='ltr'><strong>more</strong></span> 
     </span>
     <span class='ocr_line' id='line_1_4' title="bbox 113 419 2083 481; baseline -0.001 -17"><span class='ocrx_word' id='word_1_29' title='bbox 113 420 406 478; x_wconf 88' lang='lat' dir='ltr'><strong>Judaeorum,</strong></span> <span class='ocrx_word' id='word_1_30' title='bbox 435 435 540 464; x_wconf 89' lang='lat' dir='ltr'><strong>cum</strong></span> <span class='ocrx_word' id='word_1_31' title='bbox 568 421 664 464; x_wconf 90' lang='lat' dir='ltr'><strong>sine</strong></span> <span class='ocrx_word' id='word_1_32' title='bbox 691 419 793 464; x_wconf 87' lang='lat' dir='ltr'><strong>filiis</strong></span> <span class='ocrx_word' id='word_1_33' title='bbox 810 421 936 464; x_wconf 83' lang='lat' dir='ltr'><strong>&#39;unus</strong></span> <span class='ocrx_word' id='word_1_34' title='bbox 969 422 1250 475; x_wconf 85' lang='lat' dir='ltr'><strong>decessisset,</strong></span> <span class='ocrx_word' id='word_1_35' title='bbox 1284 424 1380 480; x_wconf 89' lang='lat' dir='ltr'><strong>ejus</strong></span> <span class='ocrx_word' id='word_1_36' title='bbox 1418 436 1607 466; x_wconf 88' lang='lat' dir='ltr'><strong>uxorem</strong></span> <span class='ocrx_word' id='word_1_37' title='bbox 1649 423 1928 481; x_wconf 89' lang='lat' dir='ltr'><strong>propinquus</strong></span> <span class='ocrx_word' id='word_1_38' title='bbox 1965 420 2083 464; x_wconf 90' lang='lat' dir='ltr'><strong>acci-</strong></span> 
     </span>
     <span class='ocr_line' id='line_1_5' title="bbox 119 486 2085 548; baseline -0.001 -17"><span class='ocrx_word' id='word_1_39' title='bbox 119 487 262 546; x_wconf 84' lang='lat' dir='ltr'><strong>piens,</strong></span> <span class='ocrx_word' id='word_1_40' title='bbox 287 487 431 532; x_wconf 87' lang='lat' dir='ltr'><strong>filium</strong></span> <span class='ocrx_word' id='word_1_41' title='bbox 460 502 596 547; x_wconf 89' lang='lat' dir='ltr'><strong>quem</strong></span> <span class='ocrx_word' id='word_1_42' title='bbox 623 487 779 546; x_wconf 88' lang='lat' dir='ltr'><strong>genuit</strong></span> <span class='ocrx_word' id='word_1_43' title='bbox 804 487 1060 546; x_wconf 90' lang='lat' dir='ltr'><strong>propinquo</strong></span> <span class='ocrx_word' id='word_1_44' title='bbox 1089 498 1272 532; x_wconf 91' lang='lat' dir='ltr'><strong>mortuo</strong></span> <span class='ocrx_word' id='word_1_45' title='bbox 1301 489 1596 547; x_wconf 87' lang='lat' dir='ltr'><strong>deputavit.»:</strong></span> <span class='ocrx_word' id='word_1_46' title='bbox 1624 489 1745 548; x_wconf 91' lang='lat' dir='ltr'><strong>quod</strong></span> <span class='ocrx_word' id='word_1_47' title='bbox 1779 489 1917 532; x_wconf 90' lang='lat' dir='ltr'><strong>etiam</strong></span> <span class='ocrx_word' id='word_1_48' title='bbox 1945 486 2085 546; x_wconf 92' lang='lat' dir='ltr'><strong>quod-</strong></span> 
     </span>
     <span class='ocr_line' id='line_1_6' title="bbox 118 554 2084 614; baseline 0 -16"><span class='ocrx_word' id='word_1_49' title='bbox 118 554 225 598; x_wconf 86' lang='lat' dir='ltr'><strong>dam</strong></span> <span class='ocrx_word' id='word_1_50' title='bbox 252 569 395 613; x_wconf 91' lang='lat' dir='ltr'><strong>genus</strong></span> <span class='ocrx_word' id='word_1_51' title='bbox 422 555 678 614; x_wconf 91' lang='lat' dir='ltr'><strong>adoptionis</strong></span> <span class='ocrx_word' id='word_1_52' title='bbox 711 554 870 613; x_wconf 91' lang='lat' dir='ltr'><strong>legalis</strong></span> <span class='ocrx_word' id='word_1_53' title='bbox 904 565 983 610; x_wconf 88' lang='lat' dir='ltr'><strong>est,</strong></span> <span class='ocrx_word' id='word_1_54' title='bbox 1027 565 1075 599; x_wconf 93' lang='lat' dir='ltr'><strong>ut</strong></span> <span class='ocrx_word' id='word_1_55' title='bbox 1111 555 1205 613; x_wconf 90' lang='lat' dir='ltr'><strong>ipse</strong></span> <span class='ocrx_word' id='word_1_56' title='bbox 1247 556 1439 614; x_wconf 88' lang='lat' dir='ltr'><strong>August.</strong></span> <span class='ocrx_word' id='word_1_57' title='bbox 1484 557 1592 600; x_wconf 89' lang='lat' dir='ltr'><strong>dicit</strong></span> <span class='ocrx_word' id='word_1_58' title='bbox 1616 556 1662 600; x_wconf 90' lang='lat' dir='ltr'><strong>in</strong></span> <span class='ocrx_word' id='word_1_59' title='bbox 1691 569 1730 599; x_wconf 87' lang='lat'><strong>2.</strong></span> <span class='ocrx_word' id='word_1_60' title='bbox 1758 556 1814 600; x_wconf 91' lang='lat' dir='ltr'><strong>de</strong></span> <span class='ocrx_word' id='word_1_61' title='bbox 1842 555 2084 600; x_wconf 88' lang='lat' dir='ltr'><strong>Consensu</strong></span> 
     </span>
     <span class='ocr_line' id='line_1_7' title="bbox 118 620 2082 682; baseline 0.001 -18"><span class='ocrx_word' id='word_1_62' title='bbox 118 620 336 680; x_wconf 86' lang='lat' dir='ltr'><strong>Evangel.</strong></span> <span class='ocrx_word' id='word_1_63' title='bbox 362 622 476 682; x_wconf 80' lang='lat' dir='ltr'><strong>(cap,</strong></span> <span class='ocrx_word' id='word_1_64' title='bbox 499 638 534 681; x_wconf 81' lang='lat'><strong>3.</strong></span> <span class='ocrx_word' id='word_1_65' title='bbox 555 622 729 682; x_wconf 61' lang='lat' dir='ltr'><strong>priua).</strong></span> <span class='ocrx_word' id='word_1_66' title='bbox 764 621 820 665; x_wconf 91' lang='lat' dir='ltr'><strong>Et</strong></span> <span class='ocrx_word' id='word_1_67' title='bbox 855 622 969 665; x_wconf 88' lang='lat' dir='ltr'><strong>haec</strong></span> <span class='ocrx_word' id='word_1_68' title='bbox 1002 621 1161 665; x_wconf 89' lang='lat' dir='ltr'><strong>ultima</strong></span> <span class='ocrx_word' id='word_1_69' title='bbox 1203 636 1339 666; x_wconf 91' lang='lat' dir='ltr'><strong>causa</strong></span> <span class='ocrx_word' id='word_1_70' title='bbox 1363 633 1430 666; x_wconf 90' lang='lat' dir='ltr'><strong>est</strong></span> <span class='ocrx_word' id='word_1_71' title='bbox 1450 625 1613 678; x_wconf 84' lang='lat' dir='ltr'><strong>verior,</strong></span> <span class='ocrx_word' id='word_1_72' title='bbox 1645 637 1783 682; x_wconf 90' lang='lat' dir='ltr'><strong>quarn</strong></span> <span class='ocrx_word' id='word_1_73' title='bbox 1817 633 1861 667; x_wconf 89' lang='lat' dir='ltr'><strong>et</strong></span> <span class='ocrx_word' id='word_1_74' title='bbox 1894 622 2082 666; x_wconf 87' lang='lat' dir='ltr'><strong>Hieron.</strong></span> 
     </span>
     <span class='ocr_line' id='line_1_8' title="bbox 117 688 2083 749; baseline 0.001 -17"><span class='ocrx_word' id='word_1_75' title='bbox 117 702 251 748; x_wconf 90' lang='lat' dir='ltr'><strong>super</strong></span> <span class='ocrx_word' id='word_1_76' title='bbox 276 688 436 732; x_wconf 88' lang='lat' dir='ltr'><strong>Matth.</strong></span> <span class='ocrx_word' id='word_1_77' title='bbox 462 690 573 749; x_wconf 85' lang='lat' dir='ltr'><strong>(cap.</strong></span> <span class='ocrx_word' id='word_1_78' title='bbox 599 704 634 734; x_wconf 85' lang='lat'><strong>1.</strong></span> <span class='ocrx_word' id='word_1_79' title='bbox 659 697 748 748; x_wconf 82' lang='lat' dir='ltr'><strong>sup.</strong></span> <span class='ocrx_word' id='word_1_80' title='bbox 774 689 904 733; x_wconf 88' lang='lat' dir='ltr'><strong>illud:</strong></span> <span class='ocrx_word' id='word_1_81' title='bbox 916 689 1046 745; x_wconf 82' lang='lat' dir='ltr'><strong><em>Jacob</em></strong></span> <span class='ocrx_word' id='word_1_82' title='bbox 1069 695 1206 734; x_wconf 81' lang='lat' dir='ltr'><strong>autem</strong></span> <span class='ocrx_word' id='word_1_83' title='bbox 1227 691 1371 748; x_wconf 78' lang='lat' dir='ltr'><strong>genuit</strong></span> <span class='ocrx_word' id='word_1_84' title='bbox 1380 690 1544 748; x_wconf 82' lang='lat' dir='ltr'><strong>Joseph)</strong></span> <span class='ocrx_word' id='word_1_85' title='bbox 1565 691 1707 748; x_wconf 89' lang='lat' dir='ltr'><strong>ponit,</strong></span> <span class='ocrx_word' id='word_1_86' title='bbox 1725 700 1771 734; x_wconf 91' lang='lat' dir='ltr'><strong>et</strong></span> <span class='ocrx_word' id='word_1_87' title='bbox 1787 690 1948 734; x_wconf 88' lang='lat' dir='ltr'><strong>Euseb.</strong></span> <span class='ocrx_word' id='word_1_88' title='bbox 1969 688 2083 733; x_wconf 90' lang='lat' dir='ltr'><strong>Cae-</strong></span> 
     </span>
     <span class='ocr_line' id='line_1_9' title="bbox 117 755 2082 816; baseline 0 -16"><span class='ocrx_word' id='word_1_89' title='bbox 117 755 328 800; x_wconf 87' lang='lat' dir='ltr'><strong>sariensis</strong></span> <span class='ocrx_word' id='word_1_90' title='bbox 351 757 396 800; x_wconf 91' lang='lat' dir='ltr'><strong>in</strong></span> <span class='ocrx_word' id='word_1_91' title='bbox 415 756 734 801; x_wconf 86' lang='lat' dir='ltr'><strong>Ecclesiastica</strong></span> <span class='ocrx_word' id='word_1_92' title='bbox 752 756 953 800; x_wconf 88' lang='lat' dir='ltr'><strong>Historia</strong></span> <span class='ocrx_word' id='word_1_93' title='bbox 982 757 1072 812; x_wconf 84' lang='lat' dir='ltr'><strong>(lib.</strong></span> <span class='ocrx_word' id='word_1_94' title='bbox 1095 772 1129 801; x_wconf 87' lang='lat'><strong>1.</strong></span> <span class='ocrx_word' id='word_1_95' title='bbox 1144 765 1233 816; x_wconf 85' lang='lat' dir='ltr'><strong>cap.</strong></span> <span class='ocrx_word' id='word_1_96' title='bbox 1261 758 1320 814; x_wconf 90' lang='lat'><strong>2.)</strong></span> <span class='ocrx_word' id='word_1_97' title='bbox 1341 757 1395 800; x_wconf 91' lang='lat' dir='ltr'><strong>ab</strong></span> <span class='ocrx_word' id='word_1_98' title='bbox 1424 757 1690 815; x_wconf 90' lang='lat' dir='ltr'><strong>Aphricano</strong></span> <span class='ocrx_word' id='word_1_99' title='bbox 1708 756 2082 816; x_wconf 81' lang='lat' dir='ltr'><strong>historiographo</strong></span> 
     </span>
     <span class='ocr_line' id='line_1_10' title="bbox 115 822 2083 883; baseline 0 -16"><span class='ocrx_word' id='word_1_100' title='bbox 115 822 329 868; x_wconf 85' lang='lat' dir='ltr'><strong>traditam</strong></span> <span class='ocrx_word' id='word_1_101' title='bbox 356 824 541 878; x_wconf 83' lang='lat' dir='ltr'><strong>asserit3</strong></span> <span class='ocrx_word' id='word_1_102' title='bbox 569 823 724 867; x_wconf 91' lang='lat' dir='ltr'><strong>dicunt</strong></span> <span class='ocrx_word' id='word_1_103' title='bbox 750 823 887 877; x_wconf 90' lang='lat' dir='ltr'><strong>enim,</strong></span> <span class='ocrx_word' id='word_1_104' title='bbox 914 823 1036 882; x_wconf 94' lang='lat' dir='ltr'><strong>quod</strong></span> <span class='ocrx_word' id='word_1_105' title='bbox 1062 823 1267 878; x_wconf 90' lang='lat' dir='ltr'><strong>Mathan,</strong></span> <span class='ocrx_word' id='word_1_106' title='bbox 1301 834 1345 867; x_wconf 91' lang='lat' dir='ltr'><strong>et</strong></span> <span class='ocrx_word' id='word_1_107' title='bbox 1384 823 1557 867; x_wconf 89' lang='lat' dir='ltr'><strong>Melchi</strong></span> <span class='ocrx_word' id='word_1_108' title='bbox 1583 825 1768 869; x_wconf 89' lang='lat' dir='ltr'><strong>diversis</strong></span> <span class='ocrx_word' id='word_1_109' title='bbox 1801 824 2083 883; x_wconf 89' lang='lat' dir='ltr'><strong>temporibus</strong></span> 
     </span>
     <span class='ocr_line' id='line_1_11' title="bbox 80 886 2084 951; baseline 0 -17"><span class='ocrx_word' id='word_1_110' title='bbox 80 886 81 889; x_wconf 62' lang='grc'>’</span> <span class='ocrx_word' id='word_1_111' title='bbox 117 889 173 934; x_wconf 86' lang='lat' dir='ltr'><strong>de</strong></span> <span class='ocrx_word' id='word_1_112' title='bbox 210 904 301 934; x_wconf 89' lang='lat' dir='ltr'><strong>una</strong></span> <span class='ocrx_word' id='word_1_113' title='bbox 327 891 579 949; x_wconf 90' lang='lat' dir='ltr'><strong>eademque</strong></span> <span class='ocrx_word' id='word_1_114' title='bbox 606 904 745 935; x_wconf 83' lang='lat' dir='ltr'><strong>uxore</strong></span> <span class='ocrx_word' id='word_1_115' title='bbox 783 890 923 934; x_wconf 89' lang='lat' dir='ltr'><strong>Estha</strong></span> <span class='ocrx_word' id='word_1_116' title='bbox 958 891 1147 934; x_wconf 89' lang='lat' dir='ltr'><strong>nomine</strong></span> <span class='ocrx_word' id='word_1_117' title='bbox 1179 890 1385 948; x_wconf 91' lang='lat' dir='ltr'><strong>singulos</strong></span> <span class='ocrx_word' id='word_1_118' title='bbox 1417 890 1535 935; x_wconf 88' lang='lat' dir='ltr'><strong>filios</strong></span> <span class='ocrx_word' id='word_1_119' title='bbox 1568 901 1942 950; x_wconf 82' lang='lat' dir='ltr'><strong>procreaverunt3</strong></span> <span class='ocrx_word' id='word_1_120' title='bbox 1977 891 2084 951; x_wconf 89' lang='lat' dir='ltr'><strong>quia</strong></span> 
     </span>
     <span class='ocr_line' id='line_1_12' title="bbox 116 956 2085 1017; baseline 0.001 -17"><span class='ocrx_word' id='word_1_121' title='bbox 116 956 321 1010; x_wconf 89' lang='lat' dir='ltr'><strong>Mathan,</strong></span> <span class='ocrx_word' id='word_1_122' title='bbox 368 957 445 1016; x_wconf 92' lang='lat' dir='ltr'><strong>qui</strong></span> <span class='ocrx_word' id='word_1_123' title='bbox 470 971 550 1016; x_wconf 90' lang='lat' dir='ltr'><strong>per</strong></span> <span class='ocrx_word' id='word_1_124' title='bbox 576 956 878 1002; x_wconf 89' lang='lat' dir='ltr'><strong>Salomonem</strong></span> <span class='ocrx_word' id='word_1_125' title='bbox 905 957 1154 1006; x_wconf 90' lang='lat' dir='ltr'><strong>descendit,</strong></span> <span class='ocrx_word' id='word_1_126' title='bbox 1189 971 1380 1002; x_wconf 86' lang='lat' dir='ltr'><strong>uxorem</strong></span> <span class='ocrx_word' id='word_1_127' title='bbox 1420 971 1522 1002; x_wconf 88' lang='lat' dir='ltr'><strong>eam</strong></span> <span class='ocrx_word' id='word_1_128' title='bbox 1563 958 1763 1017; x_wconf 90' lang='lat' dir='ltr'><strong>primum</strong></span> <span class='ocrx_word' id='word_1_129' title='bbox 1797 968 2006 1017; x_wconf 85' lang='lat' dir='ltr'><strong>ceperat3</strong></span> <span class='ocrx_word' id='word_1_130' title='bbox 2039 967 2085 1002; x_wconf 89' lang='lat' dir='ltr'><strong>et</strong></span> 
     </span>
     <span class='ocr_line' id='line_1_13' title="bbox 116 1023 2083 1085; baseline 0.001 -17"><span class='ocrx_word' id='word_1_131' title='bbox 116 1023 277 1069; x_wconf 89' lang='lat' dir='ltr'><strong>relicto</strong></span> <span class='ocrx_word' id='word_1_132' title='bbox 304 1023 399 1068; x_wconf 88' lang='lat' dir='ltr'><strong>filio</strong></span> <span class='ocrx_word' id='word_1_133' title='bbox 426 1038 519 1068; x_wconf 91' lang='lat' dir='ltr'><strong>uno</strong></span> <span class='ocrx_word' id='word_1_134' title='bbox 540 1024 681 1082; x_wconf 90' lang='lat' dir='ltr'><strong>Jacob</strong></span> <span class='ocrx_word' id='word_1_135' title='bbox 708 1025 912 1079; x_wconf 90' lang='lat' dir='ltr'><strong>nomine,</strong></span> <span class='ocrx_word' id='word_1_136' title='bbox 939 1024 1177 1070; x_wconf 88' lang='lat' dir='ltr'><strong>defunctus</strong></span> <span class='ocrx_word' id='word_1_137' title='bbox 1210 1035 1299 1070; x_wconf 87' lang='lat' dir='ltr'><strong>est:</strong></span> <span class='ocrx_word' id='word_1_138' title='bbox 1334 1035 1438 1084; x_wconf 91' lang='lat' dir='ltr'><strong>post</strong></span> <span class='ocrx_word' id='word_1_139' title='bbox 1474 1027 1601 1084; x_wconf 89' lang='lat' dir='ltr'><strong>cujus</strong></span> <span class='ocrx_word' id='word_1_140' title='bbox 1639 1026 1831 1081; x_wconf 91' lang='lat' dir='ltr'><strong>obitum,</strong></span> <span class='ocrx_word' id='word_1_141' title='bbox 1864 1026 2083 1085; x_wconf 90' lang='lat' dir='ltr'><strong>quoniam</strong></span> 
     </span>
     <span class='ocr_line' id='line_1_14' title="bbox 116 1090 2082 1151; baseline 0 -15"><span class='ocrx_word' id='word_1_142' title='bbox 116 1090 191 1136; x_wconf 83' lang='lat' dir='ltr'><strong>lex</strong></span> <span class='ocrx_word' id='word_1_143' title='bbox 214 1091 400 1136; x_wconf 87' lang='lat' dir='ltr'><strong>viduam</strong></span> <span class='ocrx_word' id='word_1_144' title='bbox 427 1091 504 1136; x_wconf 89' lang='lat' dir='ltr'><strong>alii</strong></span> <span class='ocrx_word' id='word_1_145' title='bbox 528 1092 626 1136; x_wconf 81' lang='lat' dir='ltr'><strong>viro</strong></span> <span class='ocrx_word' id='word_1_146' title='bbox 654 1106 748 1136; x_wconf 91' lang='lat' dir='ltr'><strong>non</strong></span> <span class='ocrx_word' id='word_1_147' title='bbox 773 1102 896 1136; x_wconf 86' lang='lat' dir='ltr'><strong>vetat</strong></span> <span class='ocrx_word' id='word_1_148' title='bbox 922 1093 1106 1146; x_wconf 87' lang='lat' dir='ltr'><strong>nubere,</strong></span> <span class='ocrx_word' id='word_1_149' title='bbox 1134 1092 1318 1146; x_wconf 89' lang='lat' dir='ltr'><strong>Melchi,</strong></span> <span class='ocrx_word' id='word_1_150' title='bbox 1347 1093 1424 1151; x_wconf 89' lang='lat' dir='ltr'><strong>qui</strong></span> <span class='ocrx_word' id='word_1_151' title='bbox 1451 1107 1530 1151; x_wconf 92' lang='lat' dir='ltr'><strong>per</strong></span> <span class='ocrx_word' id='word_1_152' title='bbox 1556 1093 1745 1136; x_wconf 88' lang='lat' dir='ltr'><strong>Mathan</strong></span> <span class='ocrx_word' id='word_1_153' title='bbox 1774 1107 1916 1151; x_wconf 89' lang='lat' dir='ltr'><strong>genus</strong></span> <span class='ocrx_word' id='word_1_154' title='bbox 1944 1092 2082 1146; x_wconf 90' lang='lat' dir='ltr'><strong>ducit,</strong></span> 
     </span>
     <span class='ocr_line' id='line_1_15' title="bbox 118 1159 2085 1218; baseline 0.001 -16"><span class='ocrx_word' id='word_1_155' title='bbox 118 1172 223 1203; x_wconf 90' lang='lat' dir='ltr'><strong>cum</strong></span> <span class='ocrx_word' id='word_1_156' title='bbox 251 1169 366 1204; x_wconf 88' lang='lat' dir='ltr'><strong>esset</strong></span> <span class='ocrx_word' id='word_1_157' title='bbox 394 1173 448 1203; x_wconf 88' lang='lat' dir='ltr'><strong>ex</strong></span> <span class='ocrx_word' id='word_1_158' title='bbox 469 1159 631 1203; x_wconf 89' lang='lat' dir='ltr'><strong>eadem</strong></span> <span class='ocrx_word' id='word_1_159' title='bbox 657 1160 789 1213; x_wconf 89' lang='lat' dir='ltr'><strong>tribu,</strong></span> <span class='ocrx_word' id='word_1_160' title='bbox 815 1159 894 1203; x_wconf 90' lang='lat' dir='ltr'><strong>sed</strong></span> <span class='ocrx_word' id='word_1_161' title='bbox 921 1173 1016 1204; x_wconf 92' lang='lat' dir='ltr'><strong>non</strong></span> <span class='ocrx_word' id='word_1_162' title='bbox 1044 1174 1096 1203; x_wconf 86' lang='lat' dir='ltr'><strong>ex</strong></span> <span class='ocrx_word' id='word_1_163' title='bbox 1124 1160 1289 1204; x_wconf 90' lang='lat' dir='ltr'><strong>eodem</strong></span> <span class='ocrx_word' id='word_1_164' title='bbox 1317 1174 1498 1218; x_wconf 89' lang='lat' dir='ltr'><strong>genere,</strong></span> <span class='ocrx_word' id='word_1_165' title='bbox 1525 1159 1733 1204; x_wconf 89' lang='lat' dir='ltr'><strong>relictam</strong></span> <span class='ocrx_word' id='word_1_166' title='bbox 1751 1160 1941 1204; x_wconf 91' lang='lat' dir='ltr'><strong>Mathan</strong></span> <span class='ocrx_word' id='word_1_167' title='bbox 1960 1173 2085 1204; x_wconf 90' lang='lat' dir='ltr'><strong>acce-</strong></span> 
     </span>
     <span class='ocr_line' id='line_1_16' title="bbox 115 1225 2082 1286; baseline 0 -17"><span class='ocrx_word' id='word_1_168' title='bbox 115 1225 182 1284; x_wconf 87' lang='lat' dir='ltr'><strong>pit</strong></span> <span class='ocrx_word' id='word_1_169' title='bbox 206 1239 411 1280; x_wconf 85' lang='lat' dir='ltr'><strong>uxorem,</strong></span> <span class='ocrx_word' id='word_1_170' title='bbox 438 1239 492 1270; x_wconf 85' lang='lat' dir='ltr'><strong>ex</strong></span> <span class='ocrx_word' id='word_1_171' title='bbox 518 1240 607 1285; x_wconf 86' lang='lat' dir='ltr'><strong>qua</strong></span> <span class='ocrx_word' id='word_1_172' title='bbox 635 1227 772 1270; x_wconf 89' lang='lat' dir='ltr'><strong>etiam</strong></span> <span class='ocrx_word' id='word_1_173' title='bbox 799 1227 895 1284; x_wconf 89' lang='lat' dir='ltr'><strong>ipse</strong></span> <span class='ocrx_word' id='word_1_174' title='bbox 922 1227 1121 1286; x_wconf 87' lang='lat' dir='ltr'><strong>suscepit</strong></span> <span class='ocrx_word' id='word_1_175' title='bbox 1138 1226 1282 1270; x_wconf 90' lang='lat' dir='ltr'><strong>filium</strong></span> <span class='ocrx_word' id='word_1_176' title='bbox 1305 1227 1494 1270; x_wconf 89' lang='lat' dir='ltr'><strong>nomine</strong></span> <span class='ocrx_word' id='word_1_177' title='bbox 1514 1227 1620 1271; x_wconf 91' lang='lat' dir='ltr'><strong>Heli</strong></span> <span class='ocrx_word' id='word_1_178' title='bbox 1639 1242 1648 1270; x_wconf 92' lang='lat'>:</span> <span class='ocrx_word' id='word_1_179' title='bbox 1667 1237 1711 1271; x_wconf 90' lang='lat' dir='ltr'><strong>et</strong></span> <span class='ocrx_word' id='word_1_180' title='bbox 1734 1227 1797 1271; x_wconf 85' lang='lat' dir='ltr'><strong>sic</strong></span> <span class='ocrx_word' id='word_1_181' title='bbox 1831 1241 1884 1271; x_wconf 88' lang='lat' dir='ltr'><strong>ex</strong></span> <span class='ocrx_word' id='word_1_182' title='bbox 1903 1227 2082 1270; x_wconf 89' lang='lat' dir='ltr'><strong>diverso</strong></span> 
     </span>
     <span class='ocr_line' id='line_1_17' title="bbox 116 1292 2085 1353; baseline 0.001 -17"><span class='ocrx_word' id='word_1_183' title='bbox 116 1303 296 1352; x_wconf 88' lang='lat' dir='ltr'><strong>patrum</strong></span> <span class='ocrx_word' id='word_1_184' title='bbox 323 1307 488 1351; x_wconf 89' lang='lat' dir='ltr'><strong>genere</strong></span> <span class='ocrx_word' id='word_1_185' title='bbox 516 1292 771 1338; x_wconf 87' lang='lat' dir='ltr'><strong>efficiuntur</strong></span> <span class='ocrx_word' id='word_1_186' title='bbox 791 1293 948 1351; x_wconf 83' lang='lat' dir='ltr'><strong>Jacob,</strong></span> <span class='ocrx_word' id='word_1_187' title='bbox 972 1304 1016 1338; x_wconf 89' lang='lat' dir='ltr'><strong>et</strong></span> <span class='ocrx_word' id='word_1_188' title='bbox 1043 1294 1148 1338; x_wconf 87' lang='lat' dir='ltr'><strong>Heli</strong></span> <span class='ocrx_word' id='word_1_189' title='bbox 1174 1294 1338 1338; x_wconf 89' lang='lat' dir='ltr'><strong>uterini</strong></span> <span class='ocrx_word' id='word_1_190' title='bbox 1363 1293 1522 1338; x_wconf 90' lang='lat' dir='ltr'><strong>fratres</strong></span> <span class='ocrx_word' id='word_1_191' title='bbox 1544 1309 1553 1337; x_wconf 91' lang='lat'>:</span> <span class='ocrx_word' id='word_1_192' title='bbox 1582 1309 1778 1353; x_wconf 90' lang='lat' dir='ltr'><strong>quorum</strong></span> <span class='ocrx_word' id='word_1_193' title='bbox 1812 1294 1937 1347; x_wconf 89' lang='lat' dir='ltr'><strong>alter,</strong></span> <span class='ocrx_word' id='word_1_194' title='bbox 1969 1293 2085 1337; x_wconf 89' lang='lat' dir='ltr'><strong>idest</strong></span> 
     </span>
     <span class='ocr_line' id='line_1_18' title="bbox 110 1359 2086 1421; baseline 0 -17"><span class='ocrx_word' id='word_1_195' title='bbox 110 1359 268 1418; x_wconf 85' lang='lat' dir='ltr'><strong>Jacob,</strong></span> <span class='ocrx_word' id='word_1_196' title='bbox 294 1359 442 1405; x_wconf 90' lang='lat' dir='ltr'><strong>fratris</strong></span> <span class='ocrx_word' id='word_1_197' title='bbox 468 1361 537 1405; x_wconf 88' lang='lat' dir='ltr'><strong>sui</strong></span> <span class='ocrx_word' id='word_1_198' title='bbox 564 1361 670 1405; x_wconf 91' lang='lat' dir='ltr'><strong>Heli</strong></span> <span class='ocrx_word' id='word_1_199' title='bbox 695 1362 792 1406; x_wconf 92' lang='lat' dir='ltr'><strong>sine</strong></span> <span class='ocrx_word' id='word_1_200' title='bbox 820 1360 972 1405; x_wconf 89' lang='lat' dir='ltr'><strong>liberis</strong></span> <span class='ocrx_word' id='word_1_201' title='bbox 999 1361 1200 1405; x_wconf 85' lang='lat' dir='ltr'><strong>defuncti</strong></span> <span class='ocrx_word' id='word_1_202' title='bbox 1228 1375 1280 1405; x_wconf 86' lang='lat' dir='ltr'><strong>ex</strong></span> <span class='ocrx_word' id='word_1_203' title='bbox 1308 1362 1526 1406; x_wconf 87' lang='lat' dir='ltr'><strong>mandato</strong></span> <span class='ocrx_word' id='word_1_204' title='bbox 1554 1362 1668 1421; x_wconf 89' lang='lat' dir='ltr'><strong>legis</strong></span> <span class='ocrx_word' id='word_1_205' title='bbox 1712 1362 1940 1421; x_wconf 90' lang='lat' dir='ltr'><strong>accipiens</strong></span> <span class='ocrx_word' id='word_1_206' title='bbox 1978 1375 2086 1404; x_wconf 84' lang='lat' dir='ltr'><strong>uxo-</strong></span> 
     </span>
     <span class='ocr_line' id='line_1_19' title="bbox 116 1427 2085 1487; baseline 0.001 -16"><span class='ocrx_word' id='word_1_207' title='bbox 116 1441 229 1482; x_wconf 88' lang='lat' dir='ltr'><strong>rem,</strong></span> <span class='ocrx_word' id='word_1_208' title='bbox 256 1428 413 1486; x_wconf 89' lang='lat' dir='ltr'><strong>genuit</strong></span> <span class='ocrx_word' id='word_1_209' title='bbox 431 1427 618 1487; x_wconf 87' lang='lat' dir='ltr'><strong>Joseph,</strong></span> <span class='ocrx_word' id='word_1_210' title='bbox 645 1438 805 1472; x_wconf 88' lang='lat' dir='ltr'><strong>natura</strong></span> <span class='ocrx_word' id='word_1_211' title='bbox 832 1429 1015 1487; x_wconf 89' lang='lat' dir='ltr'><strong>quidem</strong></span> <span class='ocrx_word' id='word_1_212' title='bbox 1036 1428 1214 1486; x_wconf 89' lang='lat' dir='ltr'><strong>generis</strong></span> <span class='ocrx_word' id='word_1_213' title='bbox 1233 1443 1366 1472; x_wconf 91' lang='lat' dir='ltr'><strong>suum</strong></span> <span class='ocrx_word' id='word_1_214' title='bbox 1383 1428 1528 1472; x_wconf 89' lang='lat' dir='ltr'><strong>filium</strong></span> <span class='ocrx_word' id='word_1_215' title='bbox 1543 1444 1554 1483; x_wconf 94' lang='lat'>;</span> <span class='ocrx_word' id='word_1_216' title='bbox 1572 1430 1825 1473; x_wconf 89' lang='lat' dir='ltr'><strong>secundum</strong></span> <span class='ocrx_word' id='word_1_217' title='bbox 1842 1442 1952 1473; x_wconf 91' lang='lat' dir='ltr'><strong>vero</strong></span> <span class='ocrx_word' id='word_1_218' title='bbox 1971 1427 2085 1487; x_wconf 89' lang='lat' dir='ltr'><strong>legis</strong></span> 
     </span>
     <span class='ocr_line' id='line_1_20' title="bbox 116 1494 2085 1555; baseline 0.001 -17"><span class='ocrx_word' id='word_1_219' title='bbox 116 1505 410 1554; x_wconf 87' lang='lat' dir='ltr'><strong>praeceptum</strong></span> <span class='ocrx_word' id='word_1_220' title='bbox 438 1495 542 1539; x_wconf 91' lang='lat' dir='ltr'><strong>Heli</strong></span> <span class='ocrx_word' id='word_1_221' title='bbox 565 1494 756 1539; x_wconf 87' lang='lat' dir='ltr'><strong>efficitur</strong></span> <span class='ocrx_word' id='word_1_222' title='bbox 780 1495 920 1540; x_wconf 88' lang='lat' dir='ltr'><strong>filius:</strong></span> <span class='ocrx_word' id='word_1_223' title='bbox 949 1506 994 1540; x_wconf 93' lang='lat' dir='ltr'><strong>et</strong></span> <span class='ocrx_word' id='word_1_224' title='bbox 1018 1496 1123 1540; x_wconf 87' lang='lat' dir='ltr'><strong>ideo</strong></span> <span class='ocrx_word' id='word_1_225' title='bbox 1150 1496 1408 1540; x_wconf 88' lang='lat' dir='ltr'><strong>Matthaeus</strong></span> <span class='ocrx_word' id='word_1_226' title='bbox 1435 1496 1568 1540; x_wconf 87' lang='lat' dir='ltr'><strong>dicit:</strong></span> <span class='ocrx_word' id='word_1_227' title='bbox 1595 1498 1726 1553; x_wconf 84' lang='lat' dir='ltr'><strong>Jacob</strong></span> <span class='ocrx_word' id='word_1_228' title='bbox 1747 1497 1889 1555; x_wconf 76' lang='lat' dir='ltr'><strong>genuit</strong></span> <span class='ocrx_word' id='word_1_229' title='bbox 1907 1495 2085 1554; x_wconf 85' lang='lat' dir='ltr'><strong>Joseph:</strong></span> 
     </span>
     <span class='ocr_line' id='line_1_21' title="bbox 117 1561 2084 1621; baseline 0 -15"><span class='ocrx_word' id='word_1_230' title='bbox 117 1562 196 1606; x_wconf 88' lang='lat' dir='ltr'><strong>sed</strong></span> <span class='ocrx_word' id='word_1_231' title='bbox 230 1561 391 1616; x_wconf 89' lang='lat' dir='ltr'><strong>Lucas,</strong></span> <span class='ocrx_word' id='word_1_232' title='bbox 425 1563 530 1621; x_wconf 93' lang='lat' dir='ltr'><strong>quia</strong></span> <span class='ocrx_word' id='word_1_233' title='bbox 562 1562 759 1621; x_wconf 85' lang='lat' dir='ltr'><strong>legalem</strong></span> <span class='ocrx_word' id='word_1_234' title='bbox 793 1563 1137 1620; x_wconf 87' lang='lat' dir='ltr'><strong>generationem</strong></span> <span class='ocrx_word' id='word_1_235' title='bbox 1172 1563 1398 1617; x_wconf 87' lang='lat' dir='ltr'><strong>describit,</strong></span> <span class='ocrx_word' id='word_1_236' title='bbox 1430 1562 1608 1606; x_wconf 90' lang='lat' dir='ltr'><strong>nullum</strong></span> <span class='ocrx_word' id='word_1_237' title='bbox 1641 1563 1852 1607; x_wconf 89' lang='lat' dir='ltr'><strong>nominat</strong></span> <span class='ocrx_word' id='word_1_238' title='bbox 1883 1562 2084 1621; x_wconf 87' lang='lat' dir='ltr'><strong>aliquem</strong></span> 
     </span>
     <span class='ocr_line' id='line_1_22' title="bbox 117 1629 2084 1690; baseline 0.001 -18"><span class='ocrx_word' id='word_1_239' title='bbox 117 1629 326 1687; x_wconf 89' lang='lat' dir='ltr'><strong>genuisse</strong></span> <span class='ocrx_word' id='word_1_240' title='bbox 346 1642 355 1670; x_wconf 94' lang='lat'>:</span> <span class='ocrx_word' id='word_1_241' title='bbox 384 1639 428 1673; x_wconf 89' lang='lat' dir='ltr'><strong>et</strong></span> <span class='ocrx_word' id='word_1_242' title='bbox 453 1630 661 1688; x_wconf 89' lang='lat' dir='ltr'><strong>quamvis</strong></span> <span class='ocrx_word' id='word_1_243' title='bbox 687 1630 904 1673; x_wconf 88' lang='lat' dir='ltr'><strong>Damasc.</strong></span> <span class='ocrx_word' id='word_1_244' title='bbox 932 1630 1053 1674; x_wconf 90' lang='lat' dir='ltr'><strong>dicat</strong></span> <span class='ocrx_word' id='word_1_245' title='bbox 1073 1630 1170 1687; x_wconf 87' lang='lat' dir='ltr'><strong>(lib.</strong></span> <span class='ocrx_word' id='word_1_246' title='bbox 1189 1643 1230 1687; x_wconf 86' lang='lat'><strong>4.</strong></span> <span class='ocrx_word' id='word_1_247' title='bbox 1253 1631 1375 1675; x_wconf 83' lang='lat' dir='ltr'><strong>Orth.</strong></span> <span class='ocrx_word' id='word_1_248' title='bbox 1393 1630 1487 1674; x_wconf 87' lang='lat' dir='ltr'><strong>Fid.</strong></span> <span class='ocrx_word' id='word_1_249' title='bbox 1507 1638 1595 1690; x_wconf 82' lang='lat' dir='ltr'><strong>cap.</strong></span> <span class='ocrx_word' id='word_1_250' title='bbox 1613 1645 1669 1689; x_wconf 82' lang='lat'><strong>15.</strong></span> <span class='ocrx_word' id='word_1_251' title='bbox 1690 1637 1782 1675; x_wconf 80' lang='lat' dir='ltr'><strong>ante</strong></span> <span class='ocrx_word' id='word_1_252' title='bbox 1798 1629 1902 1674; x_wconf 81' lang='lat' dir='ltr'><strong>med.</strong></span> <span class='ocrx_word' id='word_1_253' title='bbox 1901 1630 1942 1687; x_wconf 84' lang='lat'><strong>),</strong></span> <span class='ocrx_word' id='word_1_254' title='bbox 1961 1629 2084 1688; x_wconf 89' lang='lat' dir='ltr'><strong>quod</strong></span> 
     </span>
     <span class='ocr_line' id='line_1_23' title="bbox 118 1696 2084 1757; baseline 0.001 -18"><span class='ocrx_word' id='word_1_255' title='bbox 118 1696 168 1739; x_wconf 91' lang='lat' dir='ltr'><strong>B.</strong></span> <span class='ocrx_word' id='word_1_256' title='bbox 194 1696 339 1755; x_wconf 90' lang='lat' dir='ltr'><strong>Virgo</strong></span> <span class='ocrx_word' id='word_1_257' title='bbox 364 1696 509 1740; x_wconf 91' lang='lat' dir='ltr'><strong>Maria</strong></span> <span class='ocrx_word' id='word_1_258' title='bbox 529 1696 699 1755; x_wconf 90' lang='lat' dir='ltr'><strong>Joseph</strong></span> <span class='ocrx_word' id='word_1_259' title='bbox 728 1697 945 1740; x_wconf 90' lang='lat' dir='ltr'><strong>attinebat</strong></span> <span class='ocrx_word' id='word_1_260' title='bbox 969 1696 1222 1740; x_wconf 89' lang='lat' dir='ltr'><strong>secundum</strong></span> <span class='ocrx_word' id='word_1_261' title='bbox 1257 1697 1386 1740; x_wconf 91' lang='lat' dir='ltr'><strong>illam</strong></span> <span class='ocrx_word' id='word_1_262' title='bbox 1419 1697 1660 1756; x_wconf 84' lang='lat' dir='ltr'><strong>originem,</strong></span> <span class='ocrx_word' id='word_1_263' title='bbox 1698 1711 1787 1756; x_wconf 88' lang='lat' dir='ltr'><strong>qua</strong></span> <span class='ocrx_word' id='word_1_264' title='bbox 1827 1707 1956 1757; x_wconf 89' lang='lat' dir='ltr'><strong>pater</strong></span> <span class='ocrx_word' id='word_1_265' title='bbox 1987 1697 2084 1755; x_wconf 86' lang='lat' dir='ltr'><strong>ejus</strong></span> 
     </span>
     <span class='ocr_line' id='line_1_24' title="bbox 117 1762 2084 1822; baseline 0.001 -16"><span class='ocrx_word' id='word_1_266' title='bbox 117 1762 282 1806; x_wconf 87' lang='lat' dir='ltr'><strong>dicitur</strong></span> <span class='ocrx_word' id='word_1_267' title='bbox 307 1763 426 1817; x_wconf 91' lang='lat' dir='ltr'><strong>Heli,</strong></span> <span class='ocrx_word' id='word_1_268' title='bbox 453 1764 559 1822; x_wconf 90' lang='lat' dir='ltr'><strong>quia</strong></span> <span class='ocrx_word' id='word_1_269' title='bbox 584 1764 693 1807; x_wconf 93' lang='lat' dir='ltr'><strong>dicit</strong></span> <span class='ocrx_word' id='word_1_270' title='bbox 724 1778 826 1807; x_wconf 89' lang='lat' dir='ltr'><strong>eam</strong></span> <span class='ocrx_word' id='word_1_271' title='bbox 859 1778 913 1808; x_wconf 88' lang='lat' dir='ltr'><strong>ex</strong></span> <span class='ocrx_word' id='word_1_272' title='bbox 944 1763 1116 1808; x_wconf 89' lang='lat' dir='ltr'><strong>Melchi</strong></span> <span class='ocrx_word' id='word_1_273' title='bbox 1148 1764 1461 1808; x_wconf 86' lang='lat' dir='ltr'><strong>descendisse:</strong></span> <span class='ocrx_word' id='word_1_274' title='bbox 1499 1774 1655 1808; x_wconf 89' lang='lat' dir='ltr'><strong>tamen</strong></span> <span class='ocrx_word' id='word_1_275' title='bbox 1692 1764 1970 1809; x_wconf 88' lang='lat' dir='ltr'><strong>credendum</strong></span> <span class='ocrx_word' id='word_1_276' title='bbox 2002 1773 2084 1817; x_wconf 88' lang='lat' dir='ltr'><strong>est,</strong></span> 
     </span>
     <span class='ocr_line' id='line_1_25' title="bbox 117 1829 2085 1890; baseline 0 -16"><span class='ocrx_word' id='word_1_277' title='bbox 117 1829 239 1889; x_wconf 92' lang='lat' dir='ltr'><strong>quod</strong></span> <span class='ocrx_word' id='word_1_278' title='bbox 265 1830 404 1874; x_wconf 88' lang='lat' dir='ltr'><strong>etiam</strong></span> <span class='ocrx_word' id='word_1_279' title='bbox 431 1844 484 1874; x_wconf 88' lang='lat' dir='ltr'><strong>ex</strong></span> <span class='ocrx_word' id='word_1_280' title='bbox 512 1830 764 1874; x_wconf 88' lang='lat' dir='ltr'><strong>Salomone</strong></span> <span class='ocrx_word' id='word_1_281' title='bbox 792 1830 1018 1888; x_wconf 89' lang='lat' dir='ltr'><strong>originem</strong></span> <span class='ocrx_word' id='word_1_282' title='bbox 1046 1832 1234 1886; x_wconf 88' lang='lat' dir='ltr'><strong>duxerit,</strong></span> <span class='ocrx_word' id='word_1_283' title='bbox 1261 1831 1514 1876; x_wconf 88' lang='lat' dir='ltr'><strong>secundum</strong></span> <span class='ocrx_word' id='word_1_284' title='bbox 1547 1831 1747 1890; x_wconf 91' lang='lat' dir='ltr'><strong>aliquem</strong></span> <span class='ocrx_word' id='word_1_285' title='bbox 1780 1831 1972 1875; x_wconf 86' lang='lat' dir='ltr'><strong>modum</strong></span> <span class='ocrx_word' id='word_1_286' title='bbox 2005 1844 2085 1889; x_wconf 90' lang='lat' dir='ltr'><strong>per</strong></span> 
     </span>
     <span class='ocr_line' id='line_1_26' title="bbox 115 1895 2084 1957; baseline -0.001 -16"><span class='ocrx_word' id='word_1_287' title='bbox 115 1895 220 1941; x_wconf 91' lang='lat' dir='ltr'><strong>illos</strong></span> <span class='ocrx_word' id='word_1_288' title='bbox 245 1907 409 1956; x_wconf 88' lang='lat' dir='ltr'><strong>patres,</strong></span> <span class='ocrx_word' id='word_1_289' title='bbox 437 1911 551 1956; x_wconf 94' lang='lat' dir='ltr'><strong>quos</strong></span> <span class='ocrx_word' id='word_1_290' title='bbox 578 1908 815 1942; x_wconf 89' lang='lat' dir='ltr'><strong>enumerat</strong></span> <span class='ocrx_word' id='word_1_291' title='bbox 846 1898 1118 1952; x_wconf 89' lang='lat' dir='ltr'><strong>Matthaeus,</strong></span> <span class='ocrx_word' id='word_1_292' title='bbox 1152 1898 1229 1957; x_wconf 92' lang='lat' dir='ltr'><strong>qui</strong></span> <span class='ocrx_word' id='word_1_293' title='bbox 1272 1897 1502 1942; x_wconf 90' lang='lat' dir='ltr'><strong>carnalem</strong></span> <span class='ocrx_word' id='word_1_294' title='bbox 1541 1899 1712 1943; x_wconf 89' lang='lat' dir='ltr'><strong>Christi</strong></span> <span class='ocrx_word' id='word_1_295' title='bbox 1738 1899 2084 1957; x_wconf 89' lang='lat' dir='ltr'><strong>generationem</strong></span> 
     </span>
     <span class='ocr_line' id='line_1_27' title="bbox 117 1963 2084 2026; baseline 0 -18"><span class='ocrx_word' id='word_1_296' title='bbox 117 1963 280 2008; x_wconf 88' lang='lat' dir='ltr'><strong>dicitur</strong></span> <span class='ocrx_word' id='word_1_297' title='bbox 305 1978 538 2009; x_wconf 90' lang='lat' dir='ltr'><strong>enarrare:</strong></span> <span class='ocrx_word' id='word_1_298' title='bbox 567 1965 831 2023; x_wconf 90' lang='lat' dir='ltr'><strong>praesertim</strong></span> <span class='ocrx_word' id='word_1_299' title='bbox 858 1979 964 2009; x_wconf 90' lang='lat' dir='ltr'><strong>cum</strong></span> <span class='ocrx_word' id='word_1_300' title='bbox 991 1965 1206 2009; x_wconf 90' lang='lat' dir='ltr'><strong>Ambros.</strong></span> <span class='ocrx_word' id='word_1_301' title='bbox 1235 1965 1356 2009; x_wconf 90' lang='lat' dir='ltr'><strong>dicat</strong></span> <span class='ocrx_word' id='word_1_302' title='bbox 1377 1966 1484 2025; x_wconf 86' lang='lat' dir='ltr'><strong>(sup.</strong></span> <span class='ocrx_word' id='word_1_303' title='bbox 1513 1966 1616 2010; x_wconf 83' lang='lat' dir='ltr'><strong>illud</strong></span> <span class='ocrx_word' id='word_1_304' title='bbox 1642 1967 1781 2011; x_wconf 82' lang='lat' dir='ltr'><strong>Lucae</strong></span> <span class='ocrx_word' id='word_1_305' title='bbox 1802 1981 1859 2026; x_wconf 84' lang='lat'><strong>3..·</strong></span> <span class='ocrx_word' id='word_1_306' title='bbox 1888 1966 1978 2023; x_wconf 78' lang='lat' dir='ltr'><strong>Qui</strong></span> <span class='ocrx_word' id='word_1_307' title='bbox 1999 1965 2084 2023; x_wconf 86' lang='lat' dir='ltr'><strong>fuit</strong></span> 
     </span>
     <span class='ocr_line' id='line_1_28' title="bbox 115 2031 1499 2090; baseline 0.001 -14"><span class='ocrx_word' id='word_1_308' title='bbox 115 2031 347 2088; x_wconf 74' lang='lat' dir='ltr'><strong>Salathiel)‚</strong></span> <span class='ocrx_word' id='word_1_309' title='bbox 377 2031 613 2077; x_wconf 90' lang='lat' dir='ltr'><strong>Christum</strong></span> <span class='ocrx_word' id='word_1_310' title='bbox 640 2032 695 2077; x_wconf 94' lang='lat' dir='ltr'><strong>de</strong></span> <span class='ocrx_word' id='word_1_311' title='bbox 723 2033 897 2076; x_wconf 89' lang='lat' dir='ltr'><strong>semine</strong></span> <span class='ocrx_word' id='word_1_312' title='bbox 917 2032 1168 2090; x_wconf 90' lang='lat' dir='ltr'><strong>Jechoniae</strong></span> <span class='ocrx_word' id='word_1_313' title='bbox 1197 2033 1499 2077; x_wconf 84' lang='lat' dir='ltr'><strong>descendisse.</strong></span> 
     </span>
    </p>

    <p class='ocr_par' dir='ltr' id='par_1_3' title="bbox 114 2099 2087 2561">
     <span class='ocr_line' id='line_1_29' title="bbox 204 2099 2083 2158; baseline -0.001 -14"><span class='ocrx_word' id='word_1_314' title='bbox 204 2099 282 2144; x_wconf 83' lang='lat' dir='ltr'><strong>An</strong></span> <span class='ocrx_word' id='word_1_315' title='bbox 309 2111 526 2145; x_wconf 77' lang='lat' dir='ltr'>TERTIUM</span> <span class='ocrx_word' id='word_1_316' title='bbox 553 2099 812 2154; x_wconf 91' lang='lat' dir='ltr'><strong>dicendum,</strong></span> <span class='ocrx_word' id='word_1_317' title='bbox 841 2099 978 2158; x_wconf 91' lang='lat' dir='ltr'><strong>quod,</strong></span> <span class='ocrx_word' id='word_1_318' title='bbox 1005 2100 1123 2144; x_wconf 89' lang='lat' dir='ltr'><strong>sicut</strong></span> <span class='ocrx_word' id='word_1_319' title='bbox 1149 2100 1259 2144; x_wconf 90' lang='lat' dir='ltr'><strong>dicit</strong></span> <span class='ocrx_word' id='word_1_320' title='bbox 1284 2100 1477 2158; x_wconf 88' lang='lat' dir='ltr'><strong>August.</strong></span> <span class='ocrx_word' id='word_1_321' title='bbox 1505 2101 1551 2143; x_wconf 90' lang='lat' dir='ltr'><strong>in</strong></span> <span class='ocrx_word' id='word_1_322' title='bbox 1578 2099 1654 2144; x_wconf 85' lang='lat' dir='ltr'><strong>lib.</strong></span> <span class='ocrx_word' id='word_1_323' title='bbox 1683 2112 1722 2144; x_wconf 91' lang='lat'><strong>2.</strong></span> <span class='ocrx_word' id='word_1_324' title='bbox 1750 2100 1805 2144; x_wconf 92' lang='lat' dir='ltr'><strong>de</strong></span> <span class='ocrx_word' id='word_1_325' title='bbox 1840 2100 2083 2145; x_wconf 91' lang='lat' dir='ltr'><strong>Consensu</strong></span> 
     </span>
     <span class='ocr_line' id='line_1_30' title="bbox 117 2165 2085 2226; baseline 0 -16"><span class='ocrx_word' id='word_1_326' title='bbox 117 2165 290 2225; x_wconf 86' lang='lat' dir='ltr'><strong>Evang.</strong></span> <span class='ocrx_word' id='word_1_327' title='bbox 318 2165 430 2226; x_wconf 85' lang='lat' dir='ltr'><strong>(cap.</strong></span> <span class='ocrx_word' id='word_1_328' title='bbox 458 2168 550 2225; x_wconf 89' lang='lat'><em>4.).·</em></span> <span class='ocrx_word' id='word_1_329' title='bbox 582 2183 605 2208; x_wconf 90' lang='lat'>«</span> <span class='ocrx_word' id='word_1_330' title='bbox 630 2167 890 2211; x_wconf 88' lang='lat' dir='ltr'><strong>Matthaeus</strong></span> <span class='ocrx_word' id='word_1_331' title='bbox 918 2168 1091 2225; x_wconf 91' lang='lat' dir='ltr'><strong>regiam</strong></span> <span class='ocrx_word' id='word_1_332' title='bbox 1118 2167 1164 2210; x_wconf 92' lang='lat' dir='ltr'><strong>in</strong></span> <span class='ocrx_word' id='word_1_333' title='bbox 1193 2167 1379 2211; x_wconf 89' lang='lat' dir='ltr'><strong>Christo</strong></span> <span class='ocrx_word' id='word_1_334' title='bbox 1398 2168 1653 2211; x_wconf 87' lang='lat' dir='ltr'><strong>instituerat</strong></span> <span class='ocrx_word' id='word_1_335' title='bbox 1677 2167 1907 2212; x_wconf 90' lang='lat' dir='ltr'><strong>insinuare</strong></span> <span class='ocrx_word' id='word_1_336' title='bbox 1934 2181 2085 2225; x_wconf 89' lang='lat' dir='ltr'><strong>perso-</strong></span> 
     </span>
     <span class='ocr_line' id='line_1_31' title="bbox 116 2233 2084 2293; baseline 0 -15"><span class='ocrx_word' id='word_1_337' title='bbox 116 2247 238 2288; x_wconf 86' lang='lat' dir='ltr'><strong>nam,</strong></span> <span class='ocrx_word' id='word_1_338' title='bbox 264 2233 413 2278; x_wconf 88' lang='lat' dir='ltr'><strong>Lucas</strong></span> <span class='ocrx_word' id='word_1_339' title='bbox 440 2244 592 2278; x_wconf 89' lang='lat' dir='ltr'><strong>autem</strong></span> <span class='ocrx_word' id='word_1_340' title='bbox 620 2233 978 2288; x_wconf 83' lang='lat' dir='ltr'><strong>sacerdotalem3</strong></span> <span class='ocrx_word' id='word_1_341' title='bbox 1006 2234 1125 2278; x_wconf 91' lang='lat' dir='ltr'><strong>unde</strong></span> <span class='ocrx_word' id='word_1_342' title='bbox 1143 2234 1188 2277; x_wconf 92' lang='lat' dir='ltr'><strong>in</strong></span> <span class='ocrx_word' id='word_1_343' title='bbox 1217 2235 1588 2292; x_wconf 84' lang='lat' dir='ltr'><strong>generationibus</strong></span> <span class='ocrx_word' id='word_1_344' title='bbox 1615 2235 1838 2278; x_wconf 90' lang='lat' dir='ltr'><strong>Matthaei</strong></span> <span class='ocrx_word' id='word_1_345' title='bbox 1859 2234 2084 2293; x_wconf 80' lang='lat' dir='ltr'><strong>significa-</strong></span> 
     </span>
     <span class='ocr_line' id='line_1_32' title="bbox 114 2301 2085 2360; baseline -0.001 -14"><span class='ocrx_word' id='word_1_346' title='bbox 114 2311 188 2346; x_wconf 87' lang='lat' dir='ltr'><strong>tur</strong></span> <span class='ocrx_word' id='word_1_347' title='bbox 226 2311 487 2346; x_wconf 88' lang='lat' dir='ltr'><strong>nostrorum</strong></span> <span class='ocrx_word' id='word_1_348' title='bbox 513 2301 741 2360; x_wconf 87' lang='lat' dir='ltr'><strong>susceptio</strong></span> <span class='ocrx_word' id='word_1_349' title='bbox 765 2311 1061 2360; x_wconf 89' lang='lat' dir='ltr'><strong>peccatorum</strong></span> <span class='ocrx_word' id='word_1_350' title='bbox 1090 2316 1115 2344; x_wconf 89' lang='lat' dir='ltr'><strong>a</strong></span> <span class='ocrx_word' id='word_1_351' title='bbox 1147 2301 1354 2345; x_wconf 88' lang='lat' dir='ltr'><strong>Domino</strong></span> <span class='ocrx_word' id='word_1_352' title='bbox 1388 2301 1494 2358; x_wconf 92' lang='lat' dir='ltr'><strong>Jesu</strong></span> <span class='ocrx_word' id='word_1_353' title='bbox 1525 2301 1711 2346; x_wconf 91' lang='lat' dir='ltr'><strong>Christo</strong></span> <span class='ocrx_word' id='word_1_354' title='bbox 1739 2317 1789 2355; x_wconf 86' lang='lat'><strong>»;</strong></span> <span class='ocrx_word' id='word_1_355' title='bbox 1813 2302 2085 2360; x_wconf 89' lang='lat' dir='ltr'><strong>inquantum</strong></span> 
     </span>
     <span class='ocr_line' id='line_1_33' title="bbox 117 2366 2087 2427; baseline -0.001 -16"><span class='ocrx_word' id='word_1_356' title='bbox 117 2366 291 2412; x_wconf 88' lang='lat' dir='ltr'><strong>scilicet</strong></span> <span class='ocrx_word' id='word_1_357' title='bbox 317 2381 395 2427; x_wconf 91' lang='lat' dir='ltr'><strong>per</strong></span> <span class='ocrx_word' id='word_1_358' title='bbox 422 2368 569 2412; x_wconf 88' lang='lat' dir='ltr'><strong>carnis</strong></span> <span class='ocrx_word' id='word_1_359' title='bbox 593 2367 820 2427; x_wconf 89' lang='lat' dir='ltr'><strong>originem</strong></span> <span class='ocrx_word' id='word_1_360' title='bbox 847 2367 1192 2412; x_wconf 88' lang='lat' dir='ltr'><strong>similitudinem</strong></span> <span class='ocrx_word' id='word_1_361' title='bbox 1218 2369 1365 2411; x_wconf 89' lang='lat' dir='ltr'><strong>carnis</strong></span> <span class='ocrx_word' id='word_1_362' title='bbox 1392 2367 1569 2426; x_wconf 87' lang='lat' dir='ltr'><strong>peccati</strong></span> <span class='ocrx_word' id='word_1_363' title='bbox 1596 2368 1864 2426; x_wconf 88' lang='lat' dir='ltr'><strong>assumpsit:</strong></span> <span class='ocrx_word' id='word_1_364' title='bbox 1897 2383 1919 2408; x_wconf 77' lang='lat' dir='ltr'><strong>&lt;t</strong></span> <span class='ocrx_word' id='word_1_365' title='bbox 1945 2367 1991 2410; x_wconf 89' lang='lat' dir='ltr'><strong>in</strong></span> <span class='ocrx_word' id='word_1_366' title='bbox 2015 2381 2087 2425; x_wconf 88' lang='lat' dir='ltr'><strong>ge·</strong></span> 
     </span>
     <span class='ocr_line' id='line_1_34' title="bbox 117 2434 2085 2494; baseline 0 -16"><span class='ocrx_word' id='word_1_367' title='bbox 117 2435 426 2479; x_wconf 86' lang='lat' dir='ltr'><strong>nerationibus</strong></span> <span class='ocrx_word' id='word_1_368' title='bbox 459 2445 613 2478; x_wconf 88' lang='lat' dir='ltr'><strong>autem</strong></span> <span class='ocrx_word' id='word_1_369' title='bbox 645 2434 800 2479; x_wconf 90' lang='lat' dir='ltr'><strong>Lucae</strong></span> <span class='ocrx_word' id='word_1_370' title='bbox 841 2435 1045 2492; x_wconf 88' lang='lat' dir='ltr'><strong>signatur</strong></span> <span class='ocrx_word' id='word_1_371' title='bbox 1085 2445 1351 2479; x_wconf 89' lang='lat' dir='ltr'><strong>nostrorum</strong></span> <span class='ocrx_word' id='word_1_372' title='bbox 1385 2435 1574 2479; x_wconf 89' lang='lat' dir='ltr'><strong>abolitio</strong></span> <span class='ocrx_word' id='word_1_373' title='bbox 1616 2446 1926 2494; x_wconf 88' lang='lat' dir='ltr'><strong>peccatorum,</strong></span> <span class='ocrx_word' id='word_1_374' title='bbox 1969 2448 2085 2493; x_wconf 90' lang='lat' dir='ltr'><strong>quae</strong></span> 
     </span>
     <span class='ocr_line' id='line_1_35' title="bbox 118 2501 2087 2561; baseline -0.001 -15"><span class='ocrx_word' id='word_1_375' title='bbox 118 2511 187 2546; x_wconf 79' lang='lat' dir='ltr'><strong>est</strong></span> <span class='ocrx_word' id='word_1_376' title='bbox 210 2515 291 2561; x_wconf 89' lang='lat' dir='ltr'><strong>per</strong></span> <span class='ocrx_word' id='word_1_377' title='bbox 314 2501 591 2546; x_wconf 86' lang='lat' dir='ltr'><strong>sacrificium</strong></span> <span class='ocrx_word' id='word_1_378' title='bbox 618 2501 811 2556; x_wconf 89' lang='lat' dir='ltr'><strong>Christi;</strong></span> <span class='ocrx_word' id='word_1_379' title='bbox 835 2512 880 2546; x_wconf 92' lang='lat' dir='ltr'><strong>et</strong></span> <span class='ocrx_word' id='word_1_380' title='bbox 903 2502 1008 2547; x_wconf 89' lang='lat' dir='ltr'><strong>ideo</strong></span> <span class='ocrx_word' id='word_1_381' title='bbox 1042 2502 1360 2561; x_wconf 90' lang='lat' dir='ltr'><strong>generationes</strong></span> <span class='ocrx_word' id='word_1_382' title='bbox 1387 2503 1646 2547; x_wconf 89' lang='lat' dir='ltr'><strong>Matthaeus</strong></span> <span class='ocrx_word' id='word_1_383' title='bbox 1675 2503 1956 2547; x_wconf 89' lang='lat' dir='ltr'><strong>descendens</strong></span> <span class='ocrx_word' id='word_1_384' title='bbox 1983 2516 2087 2546; x_wconf 91' lang='lat' dir='ltr'><strong>enu-</strong></span> 
     </span>
    </p>
   </div>
   <div class='ocr_carea' id='block_1_3' title="bbox 14 2568 2088 2897">
    <p class='ocr_par' dir='ltr' id='par_1_4' title="bbox 9 2556 2088 2897">
     <span class='ocr_line' id='line_1_36' title="bbox 118 2568 2085 2629; baseline -0.001 -16.105"><span class='ocrx_word' id='word_1_385' title='bbox 118 2579 277 2623; x_wconf 86' lang='lat' dir='ltr'><strong>merat,</strong></span> <span class='ocrx_word' id='word_1_386' title='bbox 295 2568 444 2613; x_wconf 89' lang='lat' dir='ltr'><strong>Lucas</strong></span> <span class='ocrx_word' id='word_1_387' title='bbox 462 2579 615 2613; x_wconf 86' lang='lat' dir='ltr'><strong>autem</strong></span> <span class='ocrx_word' id='word_1_388' title='bbox 634 2570 883 2614; x_wconf 89' lang='lat' dir='ltr'><strong>ascendens</strong></span> <span class='ocrx_word' id='word_1_389' title='bbox 898 2585 909 2624; x_wconf 81' lang='lat'>3</span> <span class='ocrx_word' id='word_1_390' title='bbox 927 2570 1031 2614; x_wconf 89' lang='lat' dir='ltr'><strong>inde</strong></span> <span class='ocrx_word' id='word_1_391' title='bbox 1056 2570 1195 2614; x_wconf 89' lang='lat' dir='ltr'><strong>etiam</strong></span> <span class='ocrx_word' id='word_1_392' title='bbox 1218 2579 1299 2623; x_wconf 88' lang='lat' dir='ltr'><strong>est,</strong></span> <span class='ocrx_word' id='word_1_393' title='bbox 1322 2570 1445 2629; x_wconf 90' lang='lat' dir='ltr'><strong>quod</strong></span> <span class='ocrx_word' id='word_1_394' title='bbox 1467 2570 1727 2614; x_wconf 91' lang='lat' dir='ltr'><strong>Matthaeus</strong></span> <span class='ocrx_word' id='word_1_395' title='bbox 1746 2570 1798 2613; x_wconf 93' lang='lat' dir='ltr'><strong>ab</strong></span> <span class='ocrx_word' id='word_1_396' title='bbox 1817 2570 1918 2628; x_wconf 90' lang='lat' dir='ltr'><strong>ipso</strong></span> <span class='ocrx_word' id='word_1_397' title='bbox 1934 2568 2085 2613; x_wconf 91' lang='lat' dir='ltr'><strong>David</strong></span> 
     </span>
     <span class='ocr_line' id='line_1_37' title="bbox 14 2635 2084 2696; baseline -0.001 -16"><span class='ocrx_word' id='word_1_398' title='bbox 14 2642 61 2668; x_wconf 57' lang='grc' dir='ltr'><strong>’τ’</strong></span> <span class='ocrx_word' id='word_1_399' title='bbox 118 2649 199 2696; x_wconf 83' lang='lat' dir='ltr'><strong>per</strong></span> <span class='ocrx_word' id='word_1_400' title='bbox 224 2635 526 2680; x_wconf 89' lang='lat' dir='ltr'><strong>Salomonem</strong></span> <span class='ocrx_word' id='word_1_401' title='bbox 548 2636 795 2690; x_wconf 90' lang='lat' dir='ltr'><strong>descendit,</strong></span> <span class='ocrx_word' id='word_1_402' title='bbox 813 2636 860 2680; x_wconf 90' lang='lat' dir='ltr'><strong>in</strong></span> <span class='ocrx_word' id='word_1_403' title='bbox 884 2638 1012 2695; x_wconf 89' lang='lat' dir='ltr'><strong>cujus</strong></span> <span class='ocrx_word' id='word_1_404' title='bbox 1036 2647 1182 2681; x_wconf 87' lang='lat' dir='ltr'><strong>matre</strong></span> <span class='ocrx_word' id='word_1_405' title='bbox 1207 2636 1284 2681; x_wconf 88' lang='lat' dir='ltr'><strong>ille</strong></span> <span class='ocrx_word' id='word_1_406' title='bbox 1312 2637 1543 2695; x_wconf 89' lang='lat' dir='ltr'><strong>peccavit:</strong></span> <span class='ocrx_word' id='word_1_407' title='bbox 1563 2637 1712 2681; x_wconf 89' lang='lat' dir='ltr'><strong>Lucas</strong></span> <span class='ocrx_word' id='word_1_408' title='bbox 1729 2651 1840 2681; x_wconf 89' lang='lat' dir='ltr'><strong>vero</strong></span> <span class='ocrx_word' id='word_1_409' title='bbox 1860 2637 1915 2680; x_wconf 93' lang='lat' dir='ltr'><strong>ad</strong></span> <span class='ocrx_word' id='word_1_410' title='bbox 1933 2636 2084 2695; x_wconf 88' lang='lat' dir='ltr'><strong>ipsum</strong></span> 
     </span>
     <span class='ocr_line' id='line_1_38' title="bbox 118 2702 2084 2763; baseline -0 -16.047"><span class='ocrx_word' id='word_1_411' title='bbox 118 2702 267 2748; x_wconf 87' lang='lat' dir='ltr'><strong>David</strong></span> <span class='ocrx_word' id='word_1_412' title='bbox 303 2717 384 2763; x_wconf 91' lang='lat' dir='ltr'><strong>per</strong></span> <span class='ocrx_word' id='word_1_413' title='bbox 405 2703 595 2747; x_wconf 90' lang='lat' dir='ltr'><strong>Mathan</strong></span> <span class='ocrx_word' id='word_1_414' title='bbox 622 2704 838 2758; x_wconf 90' lang='lat' dir='ltr'><strong>ascendit,</strong></span> <span class='ocrx_word' id='word_1_415' title='bbox 865 2718 945 2762; x_wconf 90' lang='lat' dir='ltr'><strong>per</strong></span> <span class='ocrx_word' id='word_1_416' title='bbox 977 2705 1107 2762; x_wconf 73' lang='lat' dir='ltr'><strong>quus</strong></span> <span class='ocrx_word' id='word_1_417' title='bbox 1133 2704 1335 2747; x_wconf 89' lang='lat' dir='ltr'><strong>nominis</strong></span> <span class='ocrx_word' id='word_1_418' title='bbox 1361 2704 1643 2763; x_wconf 89' lang='lat' dir='ltr'><strong>Prophetam</strong></span> <span class='ocrx_word' id='word_1_419' title='bbox 1683 2705 1811 2748; x_wconf 92' lang='lat' dir='ltr'><strong>Deus</strong></span> <span class='ocrx_word' id='word_1_420' title='bbox 1843 2713 2084 2763; x_wconf 90' lang='lat' dir='ltr'><strong>peccatum</strong></span> 
     </span>
     <span class='ocr_line' id='line_1_39' title="bbox 118 2768 2088 2830; baseline 0 -16"><span class='ocrx_word' id='word_1_421' title='bbox 118 2768 238 2816; x_wconf 90' lang='lat' dir='ltr'><strong>illius</strong></span> <span class='ocrx_word' id='word_1_422' title='bbox 265 2771 478 2830; x_wconf 83' lang='lat' dir='ltr'><strong>expiavit:</strong></span> <span class='ocrx_word' id='word_1_423' title='bbox 508 2781 553 2815; x_wconf 89' lang='lat' dir='ltr'><strong>et</strong></span> <span class='ocrx_word' id='word_1_424' title='bbox 575 2770 680 2815; x_wconf 92' lang='lat' dir='ltr'><strong>inde</strong></span> <span class='ocrx_word' id='word_1_425' title='bbox 709 2782 776 2815; x_wconf 89' lang='lat' dir='ltr'><strong>est</strong></span> <span class='ocrx_word' id='word_1_426' title='bbox 804 2772 956 2825; x_wconf 89' lang='lat' dir='ltr'><strong>etiam,</strong></span> <span class='ocrx_word' id='word_1_427' title='bbox 984 2771 1107 2830; x_wconf 90' lang='lat' dir='ltr'><strong>quod</strong></span> <span class='ocrx_word' id='word_1_428' title='bbox 1135 2771 1241 2829; x_wconf 90' lang='lat' dir='ltr'><strong>quia</strong></span> <span class='ocrx_word' id='word_1_429' title='bbox 1273 2771 1533 2815; x_wconf 88' lang='lat' dir='ltr'><strong>Matthaeus</strong></span> <span class='ocrx_word' id='word_1_430' title='bbox 1567 2772 1622 2814; x_wconf 87' lang='lat' dir='ltr'><strong>ad</strong></span> <span class='ocrx_word' id='word_1_431' title='bbox 1649 2771 1975 2815; x_wconf 88' lang='lat' dir='ltr'><strong>mortalitatem</strong></span> <span class='ocrx_word' id='word_1_432' title='bbox 2007 2783 2088 2813; x_wconf 91' lang='lat' dir='ltr'><strong>no-</strong></span> 
     </span>
     <span class='ocr_line' id='line_1_40' title="bbox 26 2835 2085 2897; baseline -0.001 -15"><span class='ocrx_word' id='word_1_433' title='bbox 26 2835 38 2846; x_wconf 76' lang='grc'><strong>’”</strong></span> <span class='ocrx_word' id='word_1_434' title='bbox 120 2846 258 2883; x_wconf 87' lang='lat' dir='ltr'><strong>stram</strong></span> <span class='ocrx_word' id='word_1_435' title='bbox 286 2838 523 2883; x_wconf 90' lang='lat' dir='ltr'><strong>Christum</strong></span> <span class='ocrx_word' id='word_1_436' title='bbox 550 2838 900 2882; x_wconf 91' lang='lat' dir='ltr'><strong>descendentem</strong></span> <span class='ocrx_word' id='word_1_437' title='bbox 922 2837 1069 2882; x_wconf 85' lang='lat' dir='ltr'><strong>voluit</strong></span> <span class='ocrx_word' id='word_1_438' title='bbox 1086 2838 1280 2897; x_wconf 89' lang='lat' dir='ltr'><strong>signare,</strong></span> <span class='ocrx_word' id='word_1_439' title='bbox 1298 2838 1418 2896; x_wconf 92' lang='lat' dir='ltr'><strong>ipsas</strong></span> <span class='ocrx_word' id='word_1_440' title='bbox 1441 2838 1759 2896; x_wconf 87' lang='lat' dir='ltr'><strong>generationes</strong></span> <span class='ocrx_word' id='word_1_441' title='bbox 1776 2838 1830 2881; x_wconf 92' lang='lat' dir='ltr'><strong>ab</strong></span> <span class='ocrx_word' id='word_1_442' title='bbox 1848 2837 2085 2881; x_wconf 90' lang='lat' dir='ltr'><strong>Abraham</strong></span> 
     </span>
    </p>
   </div>
   <div class='ocr_carea' id='block_1_4' title="bbox 32 2905 2087 2964">
    <p class='ocr_par' dir='ltr' id='par_1_5' title="bbox 32 2905 2087 2964">
     <span class='ocr_line' id='line_1_41' title="bbox 32 2905 2087 2964; baseline -0.001 -15"><span class='ocrx_word' id='word_1_443' title='bbox 32 2906 49 2919; x_wconf 76' lang='grc'><em>”</em></span> <span class='ocrx_word' id='word_1_444' title='bbox 120 2918 262 2964; x_wconf 88' lang='lat' dir='ltr'><strong>usque</strong></span> <span class='ocrx_word' id='word_1_445' title='bbox 288 2906 344 2949; x_wconf 90' lang='lat' dir='ltr'><strong>ad</strong></span> <span class='ocrx_word' id='word_1_446' title='bbox 364 2905 551 2964; x_wconf 89' lang='lat' dir='ltr'><strong>Joseph,</strong></span> <span class='ocrx_word' id='word_1_447' title='bbox 569 2916 614 2949; x_wconf 89' lang='lat' dir='ltr'><strong>et</strong></span> <span class='ocrx_word' id='word_1_448' title='bbox 630 2919 773 2964; x_wconf 89' lang='lat' dir='ltr'><strong>usque</strong></span> <span class='ocrx_word' id='word_1_449' title='bbox 801 2906 855 2949; x_wconf 88' lang='lat' dir='ltr'><strong>ad</strong></span> <span class='ocrx_word' id='word_1_450' title='bbox 882 2906 1022 2964; x_wconf 90' lang='lat' dir='ltr'><strong>ipsius</strong></span> <span class='ocrx_word' id='word_1_451' title='bbox 1041 2905 1214 2949; x_wconf 87' lang='lat' dir='ltr'><strong>Christi</strong></span> <span class='ocrx_word' id='word_1_452' title='bbox 1235 2906 1519 2949; x_wconf 89' lang='lat' dir='ltr'><strong>nativitatem</strong></span> <span class='ocrx_word' id='word_1_453' title='bbox 1542 2905 1862 2950; x_wconf 90' lang='lat' dir='ltr'><strong>descendendo</strong></span> <span class='ocrx_word' id='word_1_454' title='bbox 1887 2917 2087 2948; x_wconf 90' lang='lat' dir='ltr'><strong>comme-</strong></span> 
     </span>
    </p>
   </div>
   <div class='ocr_carea' id='block_1_5' title="bbox 4 2963 2089 3572">
    <p class='ocr_par' dir='ltr' id='par_1_6' title="bbox 2 2963 2089 3572">
     <span class='ocr_line' id='line_1_42' title="bbox 4 2963 2085 3040; baseline -0.002 -23"><span class='ocrx_word' id='word_1_455' title='bbox 4 2963 39 3040; x_wconf 90' lang='lat' dir='ltr'><em>J</em></span> <span class='ocrx_word' id='word_1_456' title='bbox 120 2971 317 3017; x_wconf 85' lang='lat' dir='ltr'><strong>moravit</strong></span> <span class='ocrx_word' id='word_1_457' title='bbox 342 2973 396 3016; x_wconf 90' lang='lat' dir='ltr'><strong>ab</strong></span> <span class='ocrx_word' id='word_1_458' title='bbox 422 2972 553 3016; x_wconf 89' lang='lat' dir='ltr'><strong>initio</strong></span> <span class='ocrx_word' id='word_1_459' title='bbox 580 2972 820 3031; x_wconf 87' lang='lat' dir='ltr'><strong>Evangelii</strong></span> <span class='ocrx_word' id='word_1_460' title='bbox 846 2974 938 3017; x_wconf 89' lang='lat' dir='ltr'><strong>sui:</strong></span> <span class='ocrx_word' id='word_1_461' title='bbox 978 2972 1126 3016; x_wconf 90' lang='lat' dir='ltr'><strong>Lucas</strong></span> <span class='ocrx_word' id='word_1_462' title='bbox 1154 2983 1307 3016; x_wconf 88' lang='lat' dir='ltr'><strong>autem</strong></span> <span class='ocrx_word' id='word_1_463' title='bbox 1333 2987 1427 3016; x_wconf 91' lang='lat' dir='ltr'><strong>non</strong></span> <span class='ocrx_word' id='word_1_464' title='bbox 1456 2972 1509 3016; x_wconf 91' lang='lat' dir='ltr'><strong>ab</strong></span> <span class='ocrx_word' id='word_1_465' title='bbox 1529 2973 1674 3027; x_wconf 88' lang='lat' dir='ltr'><strong>initio,</strong></span> <span class='ocrx_word' id='word_1_466' title='bbox 1702 2972 1780 3017; x_wconf 89' lang='lat' dir='ltr'><strong>sed</strong></span> <span class='ocrx_word' id='word_1_467' title='bbox 1808 2986 1832 3015; x_wconf 89' lang='lat' dir='ltr'><strong>a</strong></span> <span class='ocrx_word' id='word_1_468' title='bbox 1858 2971 2085 3030; x_wconf 89' lang='lat' dir='ltr'><strong>baptismo</strong></span> 
     </span>
     <span class='ocr_line' id='line_1_43' title="bbox 122 3035 2086 3099; baseline -0.004 -11.406"><span class='ocrx_word' id='word_1_469' title='bbox 122 3035 295 3084; x_wconf 85' lang='lat' dir='ltr'><strong>Christi</strong></span> <span class='ocrx_word' id='word_1_470' title='bbox 318 3039 636 3099; x_wconf 85' lang='lat' dir='ltr'><strong>generationes</strong></span> <span class='ocrx_word' id='word_1_471' title='bbox 663 3050 827 3094; x_wconf 83' lang='lat' dir='ltr'><strong>narrat,</strong></span> <span class='ocrx_word' id='word_1_472' title='bbox 854 3054 938 3083; x_wconf 90' lang='lat' dir='ltr'><strong>nec</strong></span> <span class='ocrx_word' id='word_1_473' title='bbox 967 3039 1304 3093; x_wconf 88' lang='lat' dir='ltr'><strong>descendendo,</strong></span> <span class='ocrx_word' id='word_1_474' title='bbox 1332 3040 1410 3084; x_wconf 91' lang='lat' dir='ltr'><strong>sed</strong></span> <span class='ocrx_word' id='word_1_475' title='bbox 1446 3039 1750 3092; x_wconf 89' lang='lat' dir='ltr'><strong>ascendendo,</strong></span> <span class='ocrx_word' id='word_1_476' title='bbox 1776 3043 1994 3097; x_wconf 85' lang='lat' dir='ltr'><strong>tanquam</strong></span> <span class='ocrx_word' id='word_1_477' title='bbox 2016 3051 2086 3080; x_wconf 89' lang='lat' dir='ltr'><strong>sa-</strong></span> 
     </span>
     <span class='ocr_line' id='line_1_44' title="bbox 22 3104 2086 3168; baseline -0.001 -18"><span class='ocrx_word' id='word_1_478' title='bbox 22 3104 50 3168; x_wconf 51' lang='grc' dir='ltr'><strong>[ἶ</strong></span> <span class='ocrx_word' id='word_1_479' title='bbox 122 3106 354 3151; x_wconf 74' lang='lat' dir='ltr'><strong>cet-dotem</strong></span> <span class='ocrx_word' id='word_1_480' title='bbox 395 3106 441 3150; x_wconf 92' lang='lat' dir='ltr'><strong>in</strong></span> <span class='ocrx_word' id='word_1_481' title='bbox 469 3106 701 3166; x_wconf 89' lang='lat' dir='ltr'><strong>expiandis</strong></span> <span class='ocrx_word' id='word_1_482' title='bbox 734 3107 934 3166; x_wconf 88' lang='lat' dir='ltr'><strong>peccatis</strong></span> <span class='ocrx_word' id='word_1_483' title='bbox 968 3108 1115 3165; x_wconf 88' lang='lat' dir='ltr'><strong>magis</strong></span> <span class='ocrx_word' id='word_1_484' title='bbox 1143 3107 1393 3164; x_wconf 86' lang='lat' dir='ltr'><strong>assignans,</strong></span> <span class='ocrx_word' id='word_1_485' title='bbox 1434 3106 1511 3150; x_wconf 89' lang='lat' dir='ltr'><strong>ubi</strong></span> <span class='ocrx_word' id='word_1_486' title='bbox 1541 3106 1854 3150; x_wconf 87' lang='lat' dir='ltr'><strong>testimonium</strong></span> <span class='ocrx_word' id='word_1_487' title='bbox 1886 3105 2086 3162; x_wconf 92' lang='lat' dir='ltr'><strong>Joannes</strong></span> 
     </span>
     <span class='ocr_line' id='line_1_45' title="bbox 121 3170 2086 3234; baseline -0.002 -16.251"><span class='ocrx_word' id='word_1_488' title='bbox 121 3173 346 3233; x_wconf 87' lang='lat' dir='ltr'><strong>perhibuit</strong></span> <span class='ocrx_word' id='word_1_489' title='bbox 371 3174 549 3219; x_wconf 87' lang='lat' dir='ltr'><strong>dicens:</strong></span> <span class='ocrx_word' id='word_1_490' title='bbox 569 3175 674 3219; x_wconf 82' lang='lat' dir='ltr'><strong>Ecce</strong></span> <span class='ocrx_word' id='word_1_491' title='bbox 700 3176 772 3234; x_wconf 84' lang='lat' dir='ltr'><strong>qui</strong></span> <span class='ocrx_word' id='word_1_492' title='bbox 795 3175 900 3218; x_wconf 89' lang='lat' dir='ltr'><strong>tollit</strong></span> <span class='ocrx_word' id='word_1_493' title='bbox 921 3182 1135 3234; x_wconf 82' lang='lat' dir='ltr'><strong>peccatum</strong></span> <span class='ocrx_word' id='word_1_494' title='bbox 1162 3175 1334 3219; x_wconf 79' lang='lat' dir='ltr'><strong>mundi:</strong></span> <span class='ocrx_word' id='word_1_495' title='bbox 1360 3174 1647 3218; x_wconf 89' lang='lat' dir='ltr'><strong>ascendendo</strong></span> <span class='ocrx_word' id='word_1_496' title='bbox 1676 3183 1828 3216; x_wconf 89' lang='lat' dir='ltr'><strong>autem</strong></span> <span class='ocrx_word' id='word_1_497' title='bbox 1854 3171 2014 3215; x_wconf 86' lang='lat' dir='ltr'><strong>transit</strong></span> <span class='ocrx_word' id='word_1_498' title='bbox 2029 3170 2086 3214; x_wconf 92' lang='lat' dir='ltr'><strong>ad</strong></span> 
     </span>
     <span class='ocr_line' id='line_1_46' title="bbox 122 3238 2089 3301; baseline -0.002 -15.285"><span class='ocrx_word' id='word_1_499' title='bbox 122 3239 372 3295; x_wconf 89' lang='lat' dir='ltr'><strong>Abraham,</strong></span> <span class='ocrx_word' id='word_1_500' title='bbox 399 3252 443 3286; x_wconf 88' lang='lat' dir='ltr'><strong>et</strong></span> <span class='ocrx_word' id='word_1_501' title='bbox 474 3242 680 3301; x_wconf 88' lang='lat' dir='ltr'><strong>pervenit</strong></span> <span class='ocrx_word' id='word_1_502' title='bbox 713 3241 766 3285; x_wconf 90' lang='lat' dir='ltr'><strong>ad</strong></span> <span class='ocrx_word' id='word_1_503' title='bbox 790 3242 958 3295; x_wconf 90' lang='lat' dir='ltr'><strong>Deum,</strong></span> <span class='ocrx_word' id='word_1_504' title='bbox 987 3243 1060 3285; x_wconf 91' lang='lat' dir='ltr'><strong>cui</strong></span> <span class='ocrx_word' id='word_1_505' title='bbox 1086 3243 1307 3295; x_wconf 86' lang='lat' dir='ltr'><strong>mundati,</strong></span> <span class='ocrx_word' id='word_1_506' title='bbox 1335 3251 1380 3286; x_wconf 91' lang='lat' dir='ltr'><strong>et</strong></span> <span class='ocrx_word' id='word_1_507' title='bbox 1406 3242 1571 3300; x_wconf 84' lang='lat' dir='ltr'><strong>expiati</strong></span> <span class='ocrx_word' id='word_1_508' title='bbox 1605 3239 1969 3284; x_wconf 85' lang='lat' dir='ltr'><strong>reconciliamur.</strong></span> <span class='ocrx_word' id='word_1_509' title='bbox 1994 3238 2089 3282; x_wconf 93' lang='lat' dir='ltr'><strong>Me-</strong></span> 
     </span>
     <span class='ocr_line' id='line_1_47' title="bbox 122 3304 2088 3368; baseline -0 -19.052"><span class='ocrx_word' id='word_1_510' title='bbox 122 3307 208 3352; x_wconf 85' lang='lat' dir='ltr'><strong>rito</strong></span> <span class='ocrx_word' id='word_1_511' title='bbox 230 3307 367 3353; x_wconf 87' lang='lat' dir='ltr'><strong>etiam</strong></span> <span class='ocrx_word' id='word_1_512' title='bbox 395 3308 652 3367; x_wconf 90' lang='lat' dir='ltr'><strong>adoptionis</strong></span> <span class='ocrx_word' id='word_1_513' title='bbox 679 3308 905 3367; x_wconf 88' lang='lat' dir='ltr'><strong>originem</strong></span> <span class='ocrx_word' id='word_1_514' title='bbox 933 3310 1027 3368; x_wconf 88' lang='lat' dir='ltr'><strong>ipse</strong></span> <span class='ocrx_word' id='word_1_515' title='bbox 1055 3309 1275 3367; x_wconf 89' lang='lat' dir='ltr'><strong>suscepit:</strong></span> <span class='ocrx_word' id='word_1_516' title='bbox 1304 3309 1409 3367; x_wconf 91' lang='lat' dir='ltr'><strong>quia</strong></span> <span class='ocrx_word' id='word_1_517' title='bbox 1436 3322 1514 3367; x_wconf 91' lang='lat' dir='ltr'><strong>per</strong></span> <span class='ocrx_word' id='word_1_518' title='bbox 1541 3307 1834 3365; x_wconf 84' lang='lat' dir='ltr'><strong>adoptionem</strong></span> <span class='ocrx_word' id='word_1_519' title='bbox 1864 3304 2088 3349; x_wconf 88' lang='lat' dir='ltr'><strong>efficimur</strong></span> 
     </span>
     <span class='ocr_line' id='line_1_48' title="bbox 122 3371 2086 3435; baseline -0.002 -14.279"><span class='ocrx_word' id='word_1_520' title='bbox 122 3372 204 3418; x_wconf 83' lang='lat' dir='ltr'><strong>filii</strong></span> <span class='ocrx_word' id='word_1_521' title='bbox 226 3374 340 3419; x_wconf 90' lang='lat' dir='ltr'><strong>Dei:</strong></span> <span class='ocrx_word' id='word_1_522' title='bbox 367 3389 446 3435; x_wconf 86' lang='lat' dir='ltr'><strong>per</strong></span> <span class='ocrx_word' id='word_1_523' title='bbox 478 3375 709 3420; x_wconf 91' lang='lat' dir='ltr'><strong>carnalem</strong></span> <span class='ocrx_word' id='word_1_524' title='bbox 742 3390 852 3420; x_wconf 87' lang='lat' dir='ltr'><strong>vero</strong></span> <span class='ocrx_word' id='word_1_525' title='bbox 887 3377 1231 3435; x_wconf 87' lang='lat' dir='ltr'><strong>generationem</strong></span> <span class='ocrx_word' id='word_1_526' title='bbox 1265 3376 1404 3420; x_wconf 86' lang='lat' dir='ltr'><strong>Filius</strong></span> <span class='ocrx_word' id='word_1_527' title='bbox 1437 3375 1525 3418; x_wconf 89' lang='lat' dir='ltr'><strong>Dei</strong></span> <span class='ocrx_word' id='word_1_528' title='bbox 1557 3373 1674 3417; x_wconf 88' lang='lat' dir='ltr'><strong>filius</strong></span> <span class='ocrx_word' id='word_1_529' title='bbox 1707 3372 1909 3416; x_wconf 91' lang='lat' dir='ltr'><strong>hominis</strong></span> <span class='ocrx_word' id='word_1_530' title='bbox 1940 3371 2086 3416; x_wconf 87' lang='lat' dir='ltr'><strong>factus</strong></span> 
     </span>
     <span class='ocr_line' id='line_1_49' title="bbox 125 3435 2085 3499; baseline -0.002 -13.236"><span class='ocrx_word' id='word_1_531' title='bbox 125 3451 214 3495; x_wconf 81' lang='lat' dir='ltr'><strong>est3</strong></span> <span class='ocrx_word' id='word_1_532' title='bbox 238 3435 346 3486; x_wconf 74' lang='lat' dir='ltr'><strong>satis</strong></span> <span class='ocrx_word' id='word_1_533' title='bbox 369 3453 520 3487; x_wconf 89' lang='lat' dir='ltr'><strong>autem</strong></span> <span class='ocrx_word' id='word_1_534' title='bbox 547 3442 889 3496; x_wconf 86' lang='lat' dir='ltr'><strong>demonstravit,</strong></span> <span class='ocrx_word' id='word_1_535' title='bbox 916 3457 1010 3486; x_wconf 87' lang='lat' dir='ltr'><strong>non</strong></span> <span class='ocrx_word' id='word_1_536' title='bbox 1037 3456 1084 3487; x_wconf 92' lang='lat' dir='ltr'><strong>se</strong></span> <span class='ocrx_word' id='word_1_537' title='bbox 1111 3443 1216 3486; x_wconf 91' lang='lat' dir='ltr'><strong>ideo</strong></span> <span class='ocrx_word' id='word_1_538' title='bbox 1250 3443 1413 3486; x_wconf 81' lang='lat' dir='ltr'><strong>dixisse</strong></span> <span class='ocrx_word' id='word_1_539' title='bbox 1434 3441 1604 3499; x_wconf 89' lang='lat' dir='ltr'><strong>Joseph</strong></span> <span class='ocrx_word' id='word_1_540' title='bbox 1639 3440 1783 3483; x_wconf 82' lang='lat' dir='ltr'><strong>filium</strong></span> <span class='ocrx_word' id='word_1_541' title='bbox 1811 3439 1928 3494; x_wconf 92' lang='lat' dir='ltr'><strong>Heli,</strong></span> <span class='ocrx_word' id='word_1_542' title='bbox 1962 3439 2085 3498; x_wconf 90' lang='lat' dir='ltr'><strong>quod</strong></span> 
     </span>
     <span class='ocr_line' id='line_1_50' title="bbox 124 3506 2084 3572; baseline -0.002 -18.286"><span class='ocrx_word' id='word_1_543' title='bbox 124 3506 180 3552; x_wconf 88' lang='lat' dir='ltr'><strong>de</strong></span> <span class='ocrx_word' id='word_1_544' title='bbox 204 3506 286 3552; x_wconf 90' lang='lat' dir='ltr'><strong>illo</strong></span> <span class='ocrx_word' id='word_1_545' title='bbox 323 3509 380 3553; x_wconf 85' lang='lat' dir='ltr'><strong>sit</strong></span> <span class='ocrx_word' id='word_1_546' title='bbox 405 3509 597 3572; x_wconf 80' lang='lat' dir='ltr'><strong>genitus,</strong></span> <span class='ocrx_word' id='word_1_547' title='bbox 637 3509 714 3554; x_wconf 92' lang='lat' dir='ltr'><strong>sed</strong></span> <span class='ocrx_word' id='word_1_548' title='bbox 751 3509 874 3568; x_wconf 90' lang='lat' dir='ltr'><strong>quod</strong></span> <span class='ocrx_word' id='word_1_549' title='bbox 902 3510 955 3552; x_wconf 91' lang='lat' dir='ltr'><strong>ab</strong></span> <span class='ocrx_word' id='word_1_550' title='bbox 992 3509 1073 3554; x_wconf 89' lang='lat' dir='ltr'><strong>illo</strong></span> <span class='ocrx_word' id='word_1_551' title='bbox 1108 3509 1241 3553; x_wconf 85' lang='lat' dir='ltr'><strong>fuerit</strong></span> <span class='ocrx_word' id='word_1_552' title='bbox 1269 3509 1522 3567; x_wconf 88' lang='lat' dir='ltr'><strong>adoptatus,</strong></span> <span class='ocrx_word' id='word_1_553' title='bbox 1556 3521 1661 3550; x_wconf 90' lang='lat' dir='ltr'><strong>cum</strong></span> <span class='ocrx_word' id='word_1_554' title='bbox 1689 3516 1734 3550; x_wconf 90' lang='lat' dir='ltr'><strong>et</strong></span> <span class='ocrx_word' id='word_1_555' title='bbox 1757 3507 1907 3565; x_wconf 89' lang='lat' dir='ltr'><strong>ipsum</strong></span> <span class='ocrx_word' id='word_1_556' title='bbox 1933 3506 2084 3550; x_wconf 88' lang='lat' dir='ltr'><strong>Adam</strong></span> 
     </span>
    </p>
   </div>
   <div class='ocr_carea' id='block_1_6' title="bbox 0 1935 64 3721">
    <p class='ocr_par' dir='ltr' id='par_1_7' title="bbox 0 1935 64 3721">
     <span class='ocr_line' id='line_1_51' title="bbox 0 1935 64 3721; baseline 0 0"><span class='ocrx_word' id='word_1_557' title='bbox 0 1935 64 3721; x_wconf 95' lang='lat' dir='ltr'><strong> </strong></span> 
     </span>
    </p>
   </div>
   <div class='ocr_carea' id='block_1_7' title="bbox 4 3566 2086 3651">
    <p class='ocr_par' dir='ltr' id='par_1_8' title="bbox 4 3562 2086 3651">
     <span class='ocr_line' id='line_1_52' title="bbox 4 3566 2086 3651; baseline 0 -33"><span class='ocrx_word' id='word_1_558' title='bbox 4 3566 65 3651; x_wconf 47' lang='lat' dir='ltr'><strong>m&#39;g}</strong></span> <span class='ocrx_word' id='word_1_559' title='bbox 124 3571 271 3619; x_wconf 79' lang='lat' dir='ltr'><strong>filium</strong></span> <span class='ocrx_word' id='word_1_560' title='bbox 294 3574 385 3620; x_wconf 88' lang='lat' dir='ltr'><strong>Dei</strong></span> <span class='ocrx_word' id='word_1_561' title='bbox 409 3575 583 3631; x_wconf 83' lang='lat' dir='ltr'><strong>dixerit,</strong></span> <span class='ocrx_word' id='word_1_562' title='bbox 615 3589 722 3620; x_wconf 90' lang='lat' dir='ltr'><strong>cum</strong></span> <span class='ocrx_word' id='word_1_563' title='bbox 747 3576 806 3620; x_wconf 90' lang='lat' dir='ltr'><strong>sit</strong></span> <span class='ocrx_word' id='word_1_564' title='bbox 834 3575 980 3621; x_wconf 89' lang='lat' dir='ltr'><strong>factus</strong></span> <span class='ocrx_word' id='word_1_565' title='bbox 1013 3590 1040 3620; x_wconf 93' lang='lat' dir='ltr'><strong>a</strong></span> <span class='ocrx_word' id='word_1_566' title='bbox 1064 3576 1168 3620; x_wconf 89' lang='lat' dir='ltr'><strong>Deo</strong></span> <span class='ocrx_word' id='word_1_567' title='bbox 1194 3593 1235 3620; x_wconf 86' lang='lat'><strong>».</strong></span> <span class='ocrx_word' id='word_1_568' title='bbox 1267 3576 1498 3620; x_wconf 88' lang='lat' dir='ltr'><strong>Numerus</strong></span> <span class='ocrx_word' id='word_1_569' title='bbox 1531 3575 1668 3618; x_wconf 88' lang='lat' dir='ltr'><strong>etiam</strong></span> <span class='ocrx_word' id='word_1_570' title='bbox 1701 3573 2086 3633; x_wconf 88' lang='lat' dir='ltr'><strong>quadragenarius</strong></span> 
     </span>
    </p>
   </div>
  </div>
 </body>
</html>
