2352 3926
606 220 884 266 Quaasno
912 221 1088 261 ικκν.
1131 221 1438 262 sanemus
1477 222 1531 261 v.
1932 209 2034 276 663

3 296 140 377 392&ae
152 321 223 368 Et
244 322 310 367 sic
331 333 454 382 patet
475 323 712 382 responsio
736 336 802 369 An
828 336 1071 379 ’reanum
1094 338 1206 369 nam
1229 323 1341 369 fides
1352 338 1447 368 non
1465 333 1533 369 est
1550 332 1711 368 contra
1731 335 1937 377 sensum,
1958 323 2038 367 sed

0 377 55 456 ξ·
60 386 158 445 §t
169 387 227 434 de
252 402 324 443 eo,
351 389 407 434 ad
434 390 556 448 quod
584 404 742 436 sensus
768 404 862 436 non
890 392 1082 450 attingit.

0 442 10 518 J
106 453 241 501 Mn
262 469 499 506 QUARTUM
525 457 784 511 dicendum,
810 459 932 517 quod
964 459 1078 504 haec
1118 458 1357 503 conversio
1395 472 1488 503 non
1516 456 1699 516 proprie
1729 456 1869 502 habet
1894 457 2039 515 subje-

0 542 53 622 Ξ
79 527 214 576 Q
241 533 290 568 ut
314 523 486 568 dictum
514 533 580 570 est
605 525 708 581 (art.
724 532 865 583 praec.
899 525 953 569 ad
977 538 1014 571 1.
1047 532 1085 571 et
1109 540 1135 571 2
1139 525 1202 582 ..·)
1236 525 1314 570 sed
1340 535 1495 570 tamen
1529 524 1796 578 accidentia,
1822 537 1939 584 quae
1975 538 2040 567 re-

0 595 21 680 Ξῖ
38 578 276 665 sanent,
297 590 468 635 habent
495 590 695 650 aliquam
722 591 1068 635 similitudinem
1095 592 1297 650 subjecti.

0 677 27 731 ,ἰ
135 686 162 724 ·i

0 807 2 811 ,
50 792 118 851 3
156 831 159 833 .
753 752 1187 817 ARTICULUS
1229 755 1327 811 VI.
1410 837 1411 840 J
1943 779 2028 826 445

20 854 63 879 ’Ψ
160 892 161 896 ’
575 886 782 940 UTRUM,
824 889 1005 928 FACTA
1046 880 1524 940 CONSECRATroNE,
1959 878 1962 881 ’

39 1003 71 1029 J,
147 948 442 1024 REMANEAT
477 970 533 1011 1N
565 953 683 1011 Hoc
715 970 1077 1011 sACRAMENTo
1110 971 1298 1010 FORMA
1317 970 1742 1014 sunsrAN-rmms
1775 970 1950 1022 PANIS.

41 1077 104 1143 Ἴ
150 1143 153 1147 ¹
264 1077 410 1166 ‘fl'nsr-
432 1092 470 1138 q.
498 1092 563 1138 77.
599 1085 681 1125 art.
694 1095 742 1125 ·.1
769 1086 805 1125 et
837 1080 878 1126 6.
911 1084 1023 1140 corp
1049 1087 1152 1138 et4.
1185 1081 1296 1126 Dist.
1327 1094 1388 1126 ιι.
1422 1095 1460 1140 q.
1487 1096 1522 1126 ι.
1556 1086 1638 1125 art
1664 1095 1700 1125 1.
1728 1094 1765 1138 q.
1790 1095 1824 1139 3.

0 1149 2 1153 ’
92 1154 117 1180 -1'
302 1145 498 1190 etDt‘st.
520 1158 587 1191 12.
613 1161 652 1206 q.
670 1162 705 1192 1.
732 1154 814 1193 art.
841 1162 880 1192 2.
899 1162 936 1206 q.
950 1162 986 1208 3.
1005 1155 1118 1207 corp.
1145 1154 1243 1193 etr.
1267 1147 1367 1192 Cor.
1394 1163 1452 1193 ιι.
1481 1148 1570 1193 lect.
1596 1161 1639 1205 4.
1657 1146 1778 1206 fin).

0 1233 34 1308 {ss
70 1291 78 1297 ,
158 1252 236 1298 AD
268 1266 460 1299 SEXTUM
491 1256 555 1300 sic
589 1257 860 1315 proceditur.
879 1257 1084 1311 Videtur,
1103 1258 1241 1317 quod,
1261 1256 1383 1301 facta
1410 1255 1772 1309 consecratione,
1800 1264 2036 1299 remaneat

69 1318 117 1364 ιιι
153 1320 245 1365 hoc
270 1333 561 1367 sacramento
587 1322 738 1368 forma
763 1325 1068 1369 substantialis
1095 1326 1250 1387 panis:
1280 1325 1452 1369 dictum
1480 1333 1547 1367 est
1573 1323 1695 1367 enim
1734 1322 1838 1380 (art.
1851 1323 2034 1380 praec),

164 1387 193 1431 d
217 1386 337 1434 facta
364 1391 725 1446 consecratione,
751 1402 990 1436 remanent
1016 1392 1295 1436 accidentia.
1322 1392 1403 1437 sed
1426 1406 1532 1435 cum
1558 1390 1687 1450 panis
1713 1390 1771 1433 sit
1802 1389 2035 1448 quoddam

0 1372 317 1561 ΡφιῒιιὶεὶαΙε,
340 1456 476 1500 etiam
499 1456 651 1510 forma
673 1460 770 1517 ejus
798 1470 865 1503 est
882 1460 1116 1514 accidens;
1144 1473 1254 1519 ergo
1281 1467 1502 1512 remanet,
1524 1456 1644 1501 facta
1671 1456 2033 1500 consecratione.

9 1531 29 1542 ‘·
55 1526 63 1533 '
157 1533 199 1566 2.
223 1522 522 1568 PRAETEREA.
549 1517 717 1568 Forma
750 1527 954 1585 corporis
988 1525 1160 1570 Christi
1183 1535 1251 1570 est
1283 1525 1463 1569 anima:
1493 1524 1655 1568 dicitur
1686 1523 1810 1566 enim
1835 1523 1885 1566 in
1915 1535 1951 1566 1.
1975 1521 2031 1566 de

67 1586 238 1637 Anima
265 1591 362 1645 (tex.
384 1604 426 1648 4.
444 1605 482 1650 5.
504 1597 544 1639 et
564 1592 645 1650 6.),
678 1594 801 1651 quod
833 1594 1026 1637 «anima
1054 1602 1122 1638 est
1147 1602 1274 1636 actus
1296 1591 1500 1654 corporis
1525 1590 1716 1649 physici,
1743 1588 1947 1648 potentia
1968 1588 2035 1630 vi-

1 1666 19 1687 s
67 1655 162 1698 tam
187 1654 396 1702 habentis
421 1671 477 1702 »ε
501 1658 580 1704 sed
607 1672 701 1702 non
728 1669 878 1718 potest
903 1660 1006 1714 dici,
1033 1660 1155 1718 quod
1188 1658 1338 1709 forma
1363 1656 1668 1706 substantialis
1695 1656 1825 1715 panis
1849 1668 2033 1699 conver-

0 1726 22 1800 ’ἓ
71 1730 191 1766 tatur
216 1723 261 1766 in
289 1723 517 1779 animam3
545 1739 655 1784 ergo
677 1726 867 1780 videtur,
889 1726 1013 1785 quod
1040 1736 1287 1779 remaneat,
1314 1725 1434 1769 facta
1461 1724 1820 1770 consecratione.

0 1800 15 1849 5
120 1802 211 1848 3
224 1789 522 1838 PRAETEREA.
549 1793 738 1851 Propria
761 1794 968 1852 operatio
994 1794 1061 1838 rei
1085 1794 1287 1852 sequitur
1312 1792 1511 1838 formam
1538 1788 1884 1836 substantialem
1911 1789 2031 1847 ejus:

63 1855 162 1904 sed
167 1855 280 1905 illud
305 1858 429 1916 quod
466 1864 674 1904 remanet
696 1860 743 1904 in
769 1861 860 1905 hoc
897 1870 1202 1913 sacramento,
1223 1860 1376 1914 nutrit,
1410 1869 1455 1904 et
1487 1872 1675 1902 omnem
1695 1856 2027 1933 operationem

0 1855 22 2001 ἑ
60 1920 201 1978 facit,
209 1938 348 1983 quam
363 1921 534 1972 faceret
558 1927 690 1984 panis
713 1927 932 1981 existens;
958 1941 1069 1986 ergo
1094 1926 1245 1973 forma
1269 1925 1575 1973 substantialis
1602 1924 1730 1984 panis
1756 1932 1965 1969 remanet
1982 1923 2030 1966 in

0 2003 21 2006 ··
0 1975 166 2051 ἓῶος
179 2001 484 2046 sacramento,
509 1991 630 2037 facta
656 1995 1018 2041 consecratione.

0 2005 18 2079 t?
127 2046 248 2107 881)
273 2070 484 2106 CONTRA.
510 2058 680 2107 Forma
704 2061 1010 2107 substantialis
1037 2063 1166 2120 panis
1190 2070 1260 2106 est
1285 2062 1342 2107 de
1367 2059 1618 2105 substantia
1643 2058 1795 2118 panis:
1822 2057 1902 2104 sed
1930 2057 2030 2105 sub-

62 2123 228 2173 stantia
242 2125 373 2184 panis
394 2127 674 2172 convertitur
689 2127 736 2172 ιιι
755 2141 919 2186 corpus
942 2127 1130 2181 Christi,
1148 2126 1265 2173 sicut
1281 2127 1455 2173 dictum
1472 2135 1540 2171 est
1556 2127 1660 2183 (art.
1679 2140 1719 2171 2.
1738 2131 1776 2171 et
1791 2138 1834 2181 4.
1848 2125 1934 2183 huj.
1945 2139 1970 2183 q
1975 2125 2027 2181 .;)

61 2203 177 2250 ergo
196 2190 346 2237 forma
371 2193 677 2238 substantialis
702 2195 831 2253 panis
856 2208 951 2238 non
978 2203 1146 2238 manet.

148 2256 437 2306 amon-nno
464 2260 724 2315 dicendum,
751 2261 874 2320 quod
899 2260 1085 2320 quidam
1103 2269 1369 2337 posuerunt,
1384 2259 1507 2319 quod
1524 2258 1645 2307 facta
1662 2258 2027 2310 consecratione,

0 2323 167 2398 pon
175 2324 328 2374 solum
349 2339 587 2373 remanent
606 2327 860 2377 accidentia
885 2328 1029 2387 panis,
1045 2328 1123 2372 sed
1151 2328 1290 2374 etiarn
1307 2326 1458 2371 forma
1474 2324 1781 2372 substantialis
1808 2324 1918 2382 ejus.
1935 2324 2042 2371 Sed.

0 2378 150 2441 hoc
181 2404 281 2441 esse
305 2405 399 2441 non
425 2403 597 2451 potest:
619 2396 765 2453 primo
784 2395 984 2453 quidem,
1017 2395 1123 2452 quia
1150 2396 1187 2440 si
1212 2393 1362 2438 forma
1393 2392 1700 2441 substantialis
1729 2391 1858 2450 panis
1884 2405 2028 2436 rema-

56 2467 199 2513 neret,
223 2459 339 2503 nihil
364 2459 419 2504 de
436 2475 552 2519 pane
580 2471 921 2505 converteretur
946 2461 992 2505 in
1020 2475 1184 2521 corpus
1209 2461 1396 2515 Christi,
1415 2461 1504 2506 nisi
1527 2459 1627 2504 sola
1645 2459 1861 2506 materia:
1891 2468 1936 2502 et
1962 2459 2023 2503 ita

7 2529 30 2592 J
58 2536 334 2584 sequeretur,
354 2529 483 2585 quod
505 2535 601 2573 non
627 2531 1023 2577 convertereturin
1037 2542 1202 2588 corpus
1217 2529 1388 2574 Christi
1412 2538 1578 2581 toturn,
1596 2527 1709 2572 sed
1698 2541 1744 2570 m
1768 2527 1865 2584 ejus
1887 2535 2026 2568 mate-

58 2592 191 2642 riam:
210 2593 334 2651 quod
346 2603 566 2653 repugnat
577 2594 761 2647 ,formae
774 2596 1063 2650 sacramenti,
1076 2610 1163 2654 qua
1177 2596 1341 2641 dicitur
1349 2610 1365 2643 ι
1385 2595 1525 2640 «Hoc
1548 2603 1614 2639 est
1628 2607 1792 2652 corpus
1812 2606 1969 2640 meum
1982 2608 2022 2637 »z

3 2656 36 2705 r}
56 2660 245 2714 secundo,
274 2661 380 2719 quia
405 2661 444 2704 si
467 2659 618 2706 forma
649 2662 956 2708 substantialis
987 2664 1116 2722 panis
1148 2672 1421 2716 remaneret,
1456 2673 1532 2707 aut
1564 2669 1822 2706 remaneret
1853 2659 1899 2703 in
1932 2673 2025 2704 ma-

3 2725 45 2796 fl-j}
46 2727 189 2782 teria,
212 2738 290 2777 aut
315 2741 342 2772 a
366 2727 575 2778 materia
571 2740 815 2788 separata:
842 2731 1040 2793 primum
1068 2740 1221 2774 autem
1249 2743 1347 2775 esse
1372 2743 1468 2775 non
1487 2738 1650 2788 potest,
1688 2727 1793 2786 quia
1819 2726 1857 2770 si
1881 2739 1977 2769 rem
1983 2739 2025 2767 ·-1

58 2790 186 2838 neret
209 2794 256 2837 in
282 2794 483 2838 materia·
491 2795 633 2854 panis,
650 2805 757 2840 tunc
774 2807 871 2840 tota
897 2797 1144 2841 substantia
1170 2798 1296 2855 panis
1320 2806 1598 2850 remaneret3
1626 2794 1749 2854 quod
1769 2803 1837 2839 est
1864 2803 2022 2836 contra

33 2861 288 2922 praedicta
313 2861 419 2918 (art.
451 2876 492 2907 2.
515 2862 602 2921 huj.
636 2864 724 2920 q.).·
748 2864 795 2907 in
822 2863 910 2907 alia
937 2872 1090 2913 autem
1125 2864 1317 2908 materia
1343 2877 1580 2908 remanere
1606 2876 1699 2906 non
1718 2869 1884 2919 posset,
1916 2858 2022 2916 quia

57 2928 242 2987 propria
258 2928 407 2973 forma
431 2943 527 2974 non
553 2939 622 2973 est
641 2930 730 2974 nisi
748 2931 794 2975 in
820 2931 1003 2988 propria
1022 2931 1238 2975 materia:
1267 2931 1306 2975 si
1334 2941 1486 2975 autem
1510 2938 1766 2974 remaneret
1785 2942 1810 2970 a
1831 2926 2019 2971 materia

2 2998 277 3054 'separata
303 2997 399 3054 jam
415 3007 534 3042 esset
558 2995 706 3040 forma
727 2997 1024 3055 intelligibilis
1050 3009 1166 3053 actu,
1185 3008 1229 3043 et
1246 2999 1385 3044 etiam
1411 2997 1695 3055 intelligens;
1722 3007 1830 3038 nam
1857 3006 2020 3037 omnes

3 3055 38 3104 j*
57 3060 233 3124 fpmnae
260 3077 284 3108 a
317 3063 507 3108 materia
533 3073 768 3123 separatae
793 3074 898 3109 sunt
921 3063 1057 3110 tales:
1087 3068 1207 3110 tertio
1241 3075 1360 3110 esset
1385 3063 1711 3111 inconveniens
1743 3061 1851 3104 huic
1877 3073 2022 3105 sacra-

0 3124 23 3175 {Z
58 3140 232 3188 mente,
254 3145 365 3182 nam
387 3130 639 3179 accidentia
656 3131 784 3190 panis
800 3131 847 3177 in
864 3131 954 3175 hoc
971 3143 1259 3177 sacramento
1287 3141 1544 3185 remanent,
1560 3139 1609 3176 ut
1629 3129 1711 3173 sub
1726 3128 1791 3172 eis
1813 3127 2020 3171 videatur

0 3193 33 3255 ιζ(
57 3209 224 3256 corpus
248 3197 435 3251 Christi,
474 3212 568 3242 non
610 3209 762 3242 autem
803 3198 884 3243 sub
911 3198 1093 3257 propria
1119 3199 1285 3258 specie,
1311 3199 1430 3245 sicut
1455 3211 1589 3256 supra
1618 3197 1791 3241 dictum
1819 3206 1886 3239 est
1911 3195 2018 3251 (art.

17 3292 30 3321 :2
49 3269 191 3324 prm.
193 3264 252 3322 ),·
273 3274 319 3311 et
341 3264 446 3310 ideo
472 3264 716 3309 dicendum
743 3273 825 3318 est,
850 3265 973 3323 quod
997 3264 1147 3310 forma
1173 3264 1479 3311 substantialis
1502 3264 1632 3323 panis
1652 3276 1747 3307 non
1766 3270 1987 3307 remanet.

14 3326 81 3381 '5²
108 3330 237 3385 ΑΙ)
246 3343 433 3382 PRIMUM
460 3345 570 3389 ergo
598 3331 856 3385 dicendum,
887 3331 1010 3390 quod
1036 3331 1150 3377 nihil
1175 3332 1399 3390 prohibet,
1426 3341 1520 3375 arte
1543 3330 1641 3375 fieri
1675 3329 1859 3387 aliquid,
1888 3328 2017 3386 cujus

22 3395 43 3425 ³?
47 3376 205 3449 imma
227 3411 328 3449 non
353 3407 423 3446 est
447 3398 671 3452 accidens,
697 3397 776 3442 sed
801 3396 949 3448 forma
982 3398 1312 3454 substantiali53
1346 3399 1462 3442 sicut
1485 3406 1579 3442 arte
1606 3406 1798 3456 possunt
1823 3393 2019 3453 produci

22 3473 36 3523 ᾖ
53 3475 233 3519 nanae„
239 3474 286 3517 et
310 3475 563 3524 serpentes:
589 3463 731 3508 talem
757 3464 880 3509 enim
911 3462 1111 3514 formam
1150 3480 1245 3510 non
1282 3464 1492 3523 producit
1519 3478 1589 3509 ars
1621 3464 1787 3511 virtute
1813 3462 2017 3521 propria,

23 3535 39 3573 22
56 3529 136 3588 8ῆά
155 3529 618 3594 vinatessnaturalium
634 3531 985 3590 principiorum
1009 3542 1056 3579 et
1080 3532 1170 3585 hoc
1198 3532 1339 3576 modo
1367 3530 1578 3589 producit
1597 3529 1796 3575 formam
1813 3529 2016 3577 substan-

13 3592 382 3658 ,fflentm
401 3598 565 3649 virtute
587 3598 705 3656 ignis
722 3597 1019 3656 decoquentis
1037 3600 1277 3650 materiam
1294 3612 1348 3645 ex
1365 3597 1524 3651 farina,
1543 3608 1587 3643 et
1604 3612 1723 3657 aqua
1739 3598 2014 3650 contectam.
