2352 3926
0 2340 19 2391 <3¹:5³-
0 2305 11 2316 i*
0 2092 21 2289 M'fw'**‘·²ffiffl>⁷³w
4 2058 12 2066 x
0 1955 10 2035 *aevvvm
0 1898 3 1910 ⁴*
0 1868 5 1869 ¹
0 1792 3 1817 ”⁴

595 250 874 297 QUARSTIO
915 249 1144 289 XXXVIII.
1186 247 1492 288 ARTICULUS
1531 247 1608 285 111.
1956 246 2056 301 323

805 462 1239 521 ARTICULUS
1280 463 1380 517 III.
1978 488 2064 521 210

388 599 581 638 UTRUM
616 600 671 638 m
702 597 974 637 BAPTISMO
1001 598 1230 651 JOANNIS
1267 597 1469 635 GRATIA
1501 596 1775 635 DARETUR.

653 710 712 764 (4.
739 708 850 751 Dist.
877 722 917 751 2.
944 722 981 765 q.
1009 721 1049 751 2.
1077 712 1158 750 art.
1183 722 1219 751 1.
1246 721 1284 764 q.
1312 723 1346 751 ι.
1375 706 1524 765 corp.).

194 819 270 866 AD
297 832 512 865 TERTIUM
539 819 603 863 sic
630 818 902 877 proceditur.
924 817 1129 872 Videtur,
1153 817 1275 876 quod
1297 818 1342 860 in
1364 817 1591 876 baptismo
1613 817 1802 876 Joannis
1825 816 1969 875 gratia
1990 816 2064 861 da-

102 896 251 933 retur:
278 886 440 930 dicitur
465 886 586 930 enim
619 885 762 929 Marci
794 899 852 928 1.:
886 887 987 930 Fuit
1011 886 1191 942 Ioannes
1222 887 1266 928 in
1299 884 1451 928 deserto
1486 885 1714 942 baptizans,
1749 891 1787 928 et
1810 883 2062 943 praedicans

103 955 353 1013 baptismum
372 954 647 1012 poenitentiae
672 954 716 995 in
741 954 1019 996 remissionem
1040 957 1337 1011 peccatorum:
1365 950 1442 994 sed
1470 951 1761 1009 poenitentia,
1787 961 1831 994 et
1852 950 2061 994 remissio

101 1029 395 1081 peccatorum
422 1029 489 1063 est
515 1034 594 1078 per
616 1019 835 1076 gratiam3
863 1033 973 1076 ergo
999 1019 1248 1077 baptismus
1270 1018 1457 1075 Joannis
1484 1018 1677 1075 gratiam
1706 1017 1981 1063 conferebat.

193 1099 233 1130 2.
259 1086 556 1130 PRAETEREA.
585 1085 848 1144 Baptizandi
872 1100 896 1128 a
917 1085 1092 1143 Joanne
1116 1085 1446 1129 confitebantur
1468 1094 1655 1143 peccata
1683 1098 1777 1138 sua,
1806 1095 1852 1128 ut
1875 1085 2065 1128 habetur

103 1153 264 1198 Matth.
296 1167 333 1212 3.
367 1163 412 1197 et
441 1152 587 1196 Marci
623 1166 683 1197 1.:
718 1153 796 1196 sed
830 1151 1056 1196 confessio
1090 1161 1384 1210 peccatorum
1418 1152 1653 1195 ordinatur
1680 1152 1734 1194 ad
1768 1162 2064 1209 peccatorum

102 1220 435 1274 remissionem,
463 1233 578 1278 quae
615 1218 663 1262 fit
698 1233 777 1278 per
813 1219 1028 1278 gratiam3
1063 1233 1172 1277 ergo
1200 1219 1246 1262 in
1273 1219 1499 1277 baptismo
1526 1217 1715 1275 Joannis
1742 1218 1887 1279 gratia
1914 1218 2063 1262 confe-

105 1287 298 1331 rebatur.

196 1367 234 1412 3.
257 1353 555 1397 PRAETEREA.
574 1352 833 1410 Baptismus
842 1352 1029 1410 Joannis
1048 1353 1346 1411 propinquior
1365 1361 1460 1395 erat
1476 1351 1703 1410 baptismo
1724 1351 1909 1405 Christi,
1928 1366 2066 1410 quam

107 1419 417 1464 circumcisio:
445 1419 524 1464 s'ed
552 1433 631 1478 per
654 1420 1052 1463 circumcisionem
1075 1420 1387 1464 remittebatur
1409 1429 1652 1477 peccatum
1677 1419 1922 1477 originale:
1947 1419 2065 1478 quia,

104 1496 154 1531 ut
170 1485 292 1532 Beda
309 1485 418 1529 dicit
434 1486 501 1544 (in
519 1486 627 1529 hom.
652 1485 901 1530 circumcis.
925 1494 1083 1544 parum
1106 1501 1131 1530 a
1155 1488 1330 1544 priua),
1358 1487 1517 1529 «idem
1540 1485 1797 1530 salutiferae
1822 1487 2068 1531 curationis

106 1552 322 1597 auxilium
351 1553 645 1596 circumcisio
673 1553 719 1596 in
751 1551 853 1611 lege
887 1562 1045 1596 contra
1079 1553 1314 1611 originalis
1341 1553 1518 1612 peccati
1543 1552 1706 1596 vulnus
1736 1553 1911 1612 agebat,
1944 1553 2067 1612 quod

107 1633 229 1664 nunc
264 1618 515 1678 baptismus
548 1633 682 1678 agere
715 1618 942 1663 revelatae
980 1619 1152 1677 gratiae
1186 1630 1395 1679 tempore
1430 1620 1667 1663 consuevit
1688 1635 1739 1673 »3
1774 1633 1885 1677 ergo
1919 1619 2066 1665 multo

110 1686 258 1746 magis
288 1687 537 1746 baptismus
568 1686 756 1744 Joannis
792 1686 1111 1731 remissionem
1138 1697 1435 1746 peccatorum
1473 1686 1772 1745 operabatur;
1811 1686 1932 1745 quod
1968 1687 2068 1731 sinc

110 1753 254 1814 gratia
279 1753 376 1797 fieri
400 1767 495 1797 non
521 1763 684 1811 potest.

196 1820 291 1865 SED
318 1833 513 1866 CONTRA
541 1830 621 1873 est,
648 1820 771 1879 quod
796 1820 957 1865 Matth.
989 1835 1025 1878 3.
1054 1820 1236 1864 dicitur:
1269 1821 1358 1879 Ego
1392 1819 1555 1878 quidem
1588 1821 1748 1879 baptizo
1774 1834 1849 1864 vos
1878 1822 1924 1865 in
1955 1834 2069 1880 aqua

106 1888 152 1933 in
169 1889 484 1947 poenitentiam,
505 1887 626 1946 quod
645 1900 876 1945 exponens
896 1886 1090 1946 Gregor.
1111 1887 1157 1930 in
1180 1887 1378 1946 quadam
1405 1886 1566 1930 homil.
1588 1887 1759 1942 (scilicet
1784 1900 1822 1945 7.
1841 1889 1885 1931 in
1902 1889 2068 1947 Evang.

106 1960 202 1999 ante
225 1953 367 2012 med),
395 1953 522 1998 dicit:
554 1954 793 2012 «Joannes
819 1967 913 1997 non
935 1954 981 1997 in
1005 1954 1176 2012 spiritu,
1203 1954 1281 1997 sed
1308 1954 1353 1996 in
1382 1968 1498 2012 aqua
1519 1953 1730 2012 baptizat,
1750 1954 1855 2012 quia
1881 1964 2070 2012 peccata

105 2020 283 2066 solvere
306 2034 401 2064 non
425 2019 606 2064 valebat
626 2035 675 2063 »z
702 2020 782 2064 sed
809 2021 951 2079 gratia
976 2031 1044 2064 est
1069 2035 1095 2064 a
1128 2020 1297 2080 Spiritu
1325 2020 1521 2074 Sanct03
1555 2030 1600 2064 et
1630 2034 1710 2078 per
1742 2034 1846 2064 eam
1878 2031 2068 2080 peccata

105 2081 349 2142 tolluntur;
376 2101 485 2147 ergo
510 2087 762 2146 baptismus
782 2086 970 2144 Joannis
1000 2088 1193 2146 gratiam
1219 2101 1314 2131 non
1341 2086 1616 2131 conferebat.

143 2156 161 2161 ’“
193 2152 482 2200 RESPONDEO
509 2154 767 2208 dicendum,
785 2154 922 2212 quod,
941 2154 1056 2198 sicut
1078 2154 1250 2198 dictum
1277 2164 1345 2198 est
1370 2155 1471 2211 (art.
1490 2170 1525 2198 Ι.
1544 2155 1630 2211 huj.
1649 2169 1686 2212 q.
1706 2160 1742 2198 et
1757 2161 1839 2200 art.
1857 2170 1897 2200 2.
1916 2155 1970 2199 ad
1986 2156 2068 2212 2.),

104 2231 203 2267 tota
227 2221 446 2275 doctrina,
473 2231 517 2265 et
542 2221 747 2280 operatio
768 2221 957 2280 Joannis
983 2222 1322 2280 praeparatoria
1351 2231 1445 2265 erat
1471 2221 1526 2264 ad
1555 2220 1817 2266 Christum:
1846 2219 1963 2266 sicut
1985 2223 2065 2266 mi-

105 2287 247 2343 nisui,
273 2298 318 2332 et
340 2287 565 2333 inferioris
589 2287 770 2331 artificis
793 2297 860 2332 est
882 2302 1151 2347 praeparare
1175 2289 1416 2332 materiam
1437 2288 1492 2331 ad
1509 2287 1722 2343 formam,
1741 2303 1879 2348 quam
1896 2290 2071 2333 inducit

104 2354 362 2416 principalis
395 2353 575 2399 artifex:
610 2354 754 2413 gratia
786 2364 938 2398 autem
971 2354 1247 2399 conferenda
1281 2366 1377 2399 erat
1406 2355 1671 2399 hominibus
1703 2369 1783 2415 per
1815 2355 2069 2410 Christum,

106 2422 356 2468 secundum
383 2420 493 2465 illud
513 2420 643 2479 Joan.
673 2435 707 2465 1.
720 2421 928 2476 :Gratia,
948 2428 984 2466 et
1004 2423 1159 2466 veritas
1173 2430 1250 2481 per
1266 2423 1406 2478 Iesum
1426 2421 1639 2466 Christum
1653 2423 1777 2481 facta
1799 2428 1879 2467 est:
1903 2432 1947 2467 et
1964 2422 2068 2466 ideo

107 2488 358 2548 baptismus
374 2488 562 2547 Joannis
579 2487 774 2547 gratiam
790 2502 886 2532 non
909 2487 1185 2543 conferebat,
1205 2489 1283 2533 sed
1307 2487 1458 2532 solum
1484 2489 1537 2532 ad
1556 2489 1751 2547 gratiam
1773 2490 2071 2550 praeparabat

107 2555 354 2617 tripliciter:
381 2569 462 2599 uno
489 2555 674 2614 quidem
696 2554 816 2599 modo
842 2569 923 2613 per
950 2555 1207 2599 doctrinam
1234 2556 1422 2615 Joannis
1454 2555 1746 2599 inducentem
1773 2557 1986 2601 homines
2014 2557 2069 2600 ad

107 2620 244 2666 fidem
271 2621 465 2666 Christi:
493 2622 577 2666 alio
609 2621 728 2665 modo
757 2620 1103 2666 assuefaciendo
1135 2623 1348 2666 homines
1381 2622 1436 2666 ad
1462 2622 1600 2666 ritum
1626 2622 1839 2681 baptismi
1872 2623 2069 2668 Christi:

108 2690 226 2734 tertio
257 2687 377 2732 modo
418 2702 498 2747 per
523 2688 868 2747 poenitentiam,
910 2689 1223 2748 praeparando
1255 2689 1469 2733 homines
1508 2689 1563 2733 ad
1600 2689 1940 2749 suscipiendum
1968 2689 2074 2735 effe-

111 2762 237 2800 ctum
262 2754 476 2814 baptismi
503 2754 689 2799 Christi.

197 2821 275 2867 AD
299 2834 488 2866 PRtMUM
515 2835 625 2880 ergo
653 2821 911 2876 dicendum,
938 2821 1060 2880 quod
1087 2822 1134 2865 in
1160 2821 1250 2866 illis
1275 2822 1438 2875 verbis,
1466 2831 1514 2866 ut
1540 2821 1664 2866 Beda
1691 2822 1800 2867 dicit
1823 2823 1937 2882 (cap.
1959 2837 1998 2867 2.
2026 2823 2072 2866 in

111 2887 249 2933 Ma'rc.
264 2895 352 2948 sup.
369 2887 499 2933 illud:
527 2889 627 2933 Fuit
643 2889 823 2945 Joannes
843 2890 887 2932 in
909 2888 1099 2946 deserto),
1118 2898 1269 2948 potest
1290 2888 1483 2947 intelligi
1505 2887 1654 2948 duplex
1670 2889 1943 2948 baptismus:
1967 2904 2074 2934 unus

111 2953 309 3014 quidem,
337 2968 472 3014 quem
492 2950 692 3014 Joannes
718 2955 990 3014 baptizando
1025 2954 1301 3009 conferebat,
1335 2953 1412 3014 qui
1443 2955 1606 2999 dicitur
1637 2956 1886 3014 baptismus
1920 2955 2076 3032 poeni-

36 3055 52 3073 22
109 3020 300 3076 tentiae3
331 3022 437 3081 quia
468 3020 643 3066 scilicet
666 3020 742 3065 ille
769 3021 1019 3081 baptismus
1046 3032 1143 3066 erat
1168 3022 1400 3081 quoddam
1432 3022 1716 3067 inductivum
1751 3023 1807 3065 ad
1842 3022 2075 3081 poeniten-

14 3100 55 3142 «ις,
110 3082 236 3141 tiam,
262 3097 307 3132 et
331 3090 459 3148 quasi
485 3088 711 3146 quaedam
744 3088 1026 3159 protestatio,
1054 3103 1142 3147 qua
1168 3088 1494 3148 profitebantur
1525 3089 1738 3132 homines
1766 3103 1813 3132 se
1840 3089 2076 3147 poeniten-

18 3169 41 3185 *
110 3142 222 3198 tiam
239 3164 443 3199 acturos:
461 3155 568 3199 alius
586 3164 742 3199 autem
759 3164 827 3199 est
846 3141 1095 3214 baptismus
1114 3155 1301 3209 Christi,
1319 3170 1397 3214 per
1414 3170 1551 3214 quem
1567 3165 1753 3215 peccata
1771 3158 2074 3210 remittuntur,

112 3233 249 3279 quem
264 3211 467 3279 JOannes
489 3221 595 3265 dare
622 3235 716 3265 non
742 3231 936 3280 poterat,
963 3221 1042 3266 sed
1069 3221 1223 3266 solum
1249 3222 1538 3281 praedicabat
1559 3222 1733 3266 dicens:
1762 3222 1838 3266 Ille
1853 3236 1927 3266 vos
1944 3223 2076 3282 bapti-

23 3279 70 3339 T
114 3288 224 3345 zabit
252 3288 298 3331 in
326 3287 490 3348 Spiritu
525 3288 708 3333 Sancto:
734 3287 809 3332 vel
835 3298 985 3347 potest
1011 3288 1114 3342 dici,
1141 3289 1262 3347 quod
1290 3289 1579 3347 praedicabat
1613 3288 1889 3346 baptismum
1921 3289 2075 3348 poeni-

26 3399 54 3420 ῗ
113 3352 295 3407 tentiae,
325 3353 442 3398 idest
473 3354 764 3399 inducentem
798 3354 853 3398 ad
886 3355 1231 3414 poenitentiam,
1265 3369 1381 3414 quae
1415 3355 1599 3413 quidem
1631 3355 1911 3413 poenitentia
1951 3354 2076 3400 ducit

26 3410 66 3492 s}
114 3417 327 3464 homines
352 3419 399 3463 in
425 3420 743 3464 remissionem
770 3431 1086 3480 peccatorum:
1114 3421 1187 3466 vel
1218 3431 1367 3480 potest
1399 3421 1502 3474 dici,
1530 3421 1652 3479 quod
1684 3435 1764 3478 per
1795 3421 2072 3480 baptismum

117 3481 304 3540 Christi,
329 3496 379 3530 ut
404 3485 712 3546 Hieronymus
739 3487 848 3531 dicit
874 3487 983 3548 (sup.
1009 3487 1112 3533 illud
1128 3490 1272 3533 Marci
1288 3502 1342 3534 1..·
1370 3487 1623 3532 Praedicans
1645 3489 1892 3547 baptismum
1914 3490 2074 3549 poem),

121 3565 146 3592 α
167 3551 310 3611 gratia
335 3552 478 3607 datur,
504 3567 594 3612 qua
610 3563 797 3612 peccata
820 3554 958 3612 gratis
986 3555 1295 3609 dimittuntur3
1313 3555 1434 3614 quod
1453 3564 1606 3598 autem
1629 3565 1976 3600 consummatur
1996 3571 2092 3616 per·

30 3620 32 3623 ’
60 3671 61 3674 ¹
118 3630 341 3676 sponsum
366 3619 568 3664 initiatur
591 3634 670 3679 per
696 3621 1125 3680 paranymphum»,
1157 3621 1332 3666 scilicet
1363 3635 1441 3680 per
1466 3621 1714 3679 Joannem:
1747 3621 1866 3667 unde
1898 3622 2074 3679 dicitur,
