<?xml version="1.0" encoding="UTF-8"?>
<!DOCTYPE html PUBLIC "-//W3C//DTD XHTML 1.0 Transitional//EN"
    "http://www.w3.org/TR/xhtml1/DTD/xhtml1-transitional.dtd">
<html xmlns="http://www.w3.org/1999/xhtml" xml:lang="en" lang="en">
 <head>
  <title>
</title>
<meta http-equiv="Content-Type" content="text/html;charset=utf-8" />
  <meta name='ocr-system' content='tesseract 3.04.00' />
  <meta name='ocr-capabilities' content='ocr_page ocr_carea ocr_par ocr_line ocrx_word'/>
</head>
<body>
  <div class='ocr_page' id='page_1' title='image "./divithomaeaquina04thom_0491.png"; bbox 0 0 2352 3926; ppageno 0'>
   <div class='ocr_carea' id='block_1_1' title="bbox 640 208 2078 282">
    <p class='ocr_par' dir='ltr' id='par_1_1' title="bbox 640 208 2078 282">
     <span class='ocr_line' id='line_1_1' title="bbox 640 208 2078 282; baseline -0.002 -14"><span class='ocrx_word' id='word_1_1' title='bbox 640 226 917 275; x_wconf 63' lang='lat' dir='ltr'>Quausrto</span> <span class='ocrx_word' id='word_1_2' title='bbox 956 226 1108 267; x_wconf 74' lang='lat' dir='ltr'>tvm.</span> <span class='ocrx_word' id='word_1_3' title='bbox 1150 226 1460 267; x_wconf 70' lang='lat' dir='ltr'>inu-tentus</span> <span class='ocrx_word' id='word_1_4' title='bbox 1499 225 1556 266; x_wconf 88' lang='lat'>11.</span> <span class='ocrx_word' id='word_1_5' title='bbox 1970 208 2078 282; x_wconf 90' lang='lat'>487</span> 
     </span>
    </p>
   </div>
   <div class='ocr_carea' id='block_1_2' title="bbox 35 309 2083 390">
    <p class='ocr_par' dir='ltr' id='par_1_2' title="bbox 35 309 2083 390">
     <span class='ocr_line' id='line_1_2' title="bbox 35 309 2083 390; baseline -0 -16"><span class='ocrx_word' id='word_1_6' title='bbox 35 309 72 374; x_wconf 46' lang='lat'>²2}-</span> <span class='ocrx_word' id='word_1_7' title='bbox 123 327 322 373; x_wconf 83' lang='lat' dir='ltr'>cundum</span> <span class='ocrx_word' id='word_1_8' title='bbox 342 328 572 388; x_wconf 88' lang='lat' dir='ltr'>quandam</span> <span class='ocrx_word' id='word_1_9' title='bbox 598 329 1011 390; x_wconf 84' lang='lat' dir='ltr'>appropriationem</span> <span class='ocrx_word' id='word_1_10' title='bbox 1038 329 1303 375; x_wconf 88' lang='lat' dir='ltr'>attribuatur</span> <span class='ocrx_word' id='word_1_11' title='bbox 1324 328 1456 384; x_wconf 87' lang='lat' dir='ltr'>Filio,</span> <span class='ocrx_word' id='word_1_12' title='bbox 1482 328 1557 374; x_wconf 90' lang='lat' dir='ltr'>cui</span> <span class='ocrx_word' id='word_1_13' title='bbox 1583 327 1897 389; x_wconf 81' lang='lat' dir='ltr'>appropriatur</span> <span class='ocrx_word' id='word_1_14' title='bbox 1919 341 2083 388; x_wconf 90' lang='lat' dir='ltr'>aequa-</span> 
     </span>
    </p>
   </div>
   <div class='ocr_carea' id='block_1_3' title="bbox 17 381 2082 524">
    <p class='ocr_par' dir='ltr' id='par_1_3' title="bbox 17 381 2082 524">
     <span class='ocr_line' id='line_1_3' title="bbox 17 381 2080 458; baseline 0 -18"><span class='ocrx_word' id='word_1_15' title='bbox 17 381 48 458; x_wconf 57' lang='grc' dir='ltr'>’ </span> <span class='ocrx_word' id='word_1_16' title='bbox 122 392 243 450; x_wconf 81' lang='lat' dir='ltr'>litas;</span> <span class='ocrx_word' id='word_1_17' title='bbox 268 395 384 440; x_wconf 88' lang='lat' dir='ltr'>sicut</span> <span class='ocrx_word' id='word_1_18' title='bbox 403 395 510 441; x_wconf 86' lang='lat' dir='ltr'>dicit</span> <span class='ocrx_word' id='word_1_19' title='bbox 528 396 719 455; x_wconf 86' lang='lat' dir='ltr'>August.</span> <span class='ocrx_word' id='word_1_20' title='bbox 749 397 840 454; x_wconf 82' lang='lat' dir='ltr'>(lib.</span> <span class='ocrx_word' id='word_1_21' title='bbox 858 413 893 443; x_wconf 85' lang='lat' dir='ltr'>r.</span> <span class='ocrx_word' id='word_1_22' title='bbox 910 396 958 443; x_wconf 75' lang='lat' dir='ltr'>de</span> <span class='ocrx_word' id='word_1_23' title='bbox 975 398 1124 443; x_wconf 79' lang='lat' dir='ltr'>Doctr.</span> <span class='ocrx_word' id='word_1_24' title='bbox 1151 398 1304 443; x_wconf 82' lang='lat' dir='ltr'>Christ.</span> <span class='ocrx_word' id='word_1_25' title='bbox 1327 405 1420 458; x_wconf 83' lang='lat' dir='ltr'>cap.</span> <span class='ocrx_word' id='word_1_26' title='bbox 1437 411 1475 457; x_wconf 85' lang='lat'>5.</span> <span class='ocrx_word' id='word_1_27' title='bbox 1497 399 1543 442; x_wconf 86' lang='lat' dir='ltr'>in</span> <span class='ocrx_word' id='word_1_28' title='bbox 1557 398 1674 456; x_wconf 86' lang='lat' dir='ltr'>fin.)‚</span> <span class='ocrx_word' id='word_1_29' title='bbox 1698 395 1821 456; x_wconf 91' lang='lat' dir='ltr'>quod</span> <span class='ocrx_word' id='word_1_30' title='bbox 1841 412 1866 438; x_wconf 75' lang='grc' dir='ltr'>(ι</span> <span class='ocrx_word' id='word_1_31' title='bbox 1881 396 1930 441; x_wconf 89' lang='lat' dir='ltr'>in</span> <span class='ocrx_word' id='word_1_32' title='bbox 1945 397 2080 441; x_wconf 89' lang='lat' dir='ltr'>Patre</span> 
     </span>
     <span class='ocr_line' id='line_1_4' title="bbox 123 461 2082 524; baseline 0 -17.952"><span class='ocrx_word' id='word_1_33' title='bbox 123 470 188 507; x_wconf 80' lang='lat' dir='ltr'>est</span> <span class='ocrx_word' id='word_1_34' title='bbox 210 461 373 517; x_wconf 87' lang='lat' dir='ltr'>unitas,</span> <span class='ocrx_word' id='word_1_35' title='bbox 394 464 440 507; x_wconf 91' lang='lat' dir='ltr'>in</span> <span class='ocrx_word' id='word_1_36' title='bbox 464 462 580 508; x_wconf 89' lang='lat' dir='ltr'>Filio</span> <span class='ocrx_word' id='word_1_37' title='bbox 607 463 870 524; x_wconf 77' lang='lat' dir='ltr'>aequalitaS,</span> <span class='ocrx_word' id='word_1_38' title='bbox 894 464 943 508; x_wconf 90' lang='lat' dir='ltr'>in</span> <span class='ocrx_word' id='word_1_39' title='bbox 971 464 1139 524; x_wconf 87' lang='lat' dir='ltr'>Spiritu</span> <span class='ocrx_word' id='word_1_40' title='bbox 1167 464 1338 509; x_wconf 89' lang='lat' dir='ltr'>Sancto</span> <span class='ocrx_word' id='word_1_41' title='bbox 1362 464 1558 518; x_wconf 88' lang='lat' dir='ltr'>unitatis,</span> <span class='ocrx_word' id='word_1_42' title='bbox 1578 462 1952 524; x_wconf 86' lang='lat' dir='ltr'>aequalitatisque</span> <span class='ocrx_word' id='word_1_43' title='bbox 1975 477 2082 508; x_wconf 90' lang='lat' dir='ltr'>con-</span> 
     </span>
    </p>
   </div>
   <div class='ocr_carea' id='block_1_4' title="bbox 122 528 318 574">
    <p class='ocr_par' dir='ltr' id='par_1_4' title="bbox 26 520 318 574">
     <span class='ocr_line' id='line_1_5' title="bbox 122 528 318 574; baseline 0.003 -0.671"><span class='ocrx_word' id='word_1_44' title='bbox 122 528 255 574; x_wconf 81' lang='lat' dir='ltr'>nexio</span> <span class='ocrx_word' id='word_1_45' title='bbox 277 546 318 574; x_wconf 74' lang='lat'>»-</span> 
     </span>
    </p>
   </div>
   <div class='ocr_carea' id='block_1_5' title="bbox 805 693 2080 770">
    <p class='ocr_par' dir='ltr' id='par_1_5' title="bbox 805 693 2080 770">
     <span class='ocr_line' id='line_1_6' title="bbox 805 693 2080 770; baseline 0.005 -20"><span class='ocrx_word' id='word_1_46' title='bbox 805 693 1242 752; x_wconf 90' lang='lat' dir='ltr'><strong>ARTICULUS</strong></span> <span class='ocrx_word' id='word_1_47' title='bbox 1281 694 1382 750; x_wconf 93' lang='grc' dir='ltr'><strong>ΙΙΙ.</strong></span> <span class='ocrx_word' id='word_1_48' title='bbox 1997 709 2080 770; x_wconf 85' lang='lat'>318</span> 
     </span>
    </p>
   </div>
   <div class='ocr_carea' id='block_1_6' title="bbox 231 827 1973 959">
    <p class='ocr_par' dir='ltr' id='par_1_6' title="bbox 231 827 1973 959">
     <span class='ocr_line' id='line_1_7' title="bbox 231 827 1973 882; baseline 0.002 -16"><span class='ocrx_word' id='word_1_49' title='bbox 231 827 423 868; x_wconf 79' lang='lat' dir='ltr'><strong>UTRUM</strong></span> <span class='ocrx_word' id='word_1_50' title='bbox 454 829 660 869; x_wconf 87' lang='lat' dir='ltr'>SEDERE</span> <span class='ocrx_word' id='word_1_51' title='bbox 692 830 767 868; x_wconf 91' lang='lat' dir='ltr'>AD</span> <span class='ocrx_word' id='word_1_52' title='bbox 802 829 1103 869; x_wconf 82' lang='lat' dir='ltr'>DEXTERAM</span> <span class='ocrx_word' id='word_1_53' title='bbox 1133 830 1325 869; x_wconf 87' lang='lat' dir='ltr'>PATRIS</span> <span class='ocrx_word' id='word_1_54' title='bbox 1359 829 1679 871; x_wconf 85' lang='lat' dir='ltr'>CONVENIAT</span> <span class='ocrx_word' id='word_1_55' title='bbox 1714 829 1973 882; x_wconf 85' lang='lat' dir='ltr'>CHRISTO,</span> 
     </span>
     <span class='ocr_line' id='line_1_8' title="bbox 751 910 1460 959; baseline 0.001 -9"><span class='ocrx_word' id='word_1_56' title='bbox 751 912 1053 951; x_wconf 87' lang='lat' dir='ltr'><strong>SECUNDUM</strong></span> <span class='ocrx_word' id='word_1_57' title='bbox 1085 913 1244 959; x_wconf 87' lang='lat' dir='ltr'><strong>QUOD</strong></span> <span class='ocrx_word' id='word_1_58' title='bbox 1278 910 1460 951; x_wconf 87' lang='lat' dir='ltr'>HOMO.</span> 
     </span>
    </p>
   </div>
   <div class='ocr_carea' id='block_1_7' title="bbox 848 1022 1341 1082">
    <p class='ocr_par' dir='ltr' id='par_1_7' title="bbox 848 1022 1341 1082">
     <span class='ocr_line' id='line_1_9' title="bbox 848 1022 1341 1082; baseline 0 -16"><span class='ocrx_word' id='word_1_59' title='bbox 848 1022 991 1080; x_wconf 84' lang='lat' dir='ltr'>(Locis</span> <span class='ocrx_word' id='word_1_60' title='bbox 1014 1029 1101 1082; x_wconf 84' lang='lat' dir='ltr'>sup.</span> <span class='ocrx_word' id='word_1_61' title='bbox 1127 1022 1341 1080; x_wconf 83' lang='lat' dir='ltr'>inductis).</span> 
     </span>
    </p>
   </div>
   <div class='ocr_carea' id='block_1_8' title="bbox 207 1131 2082 1192">
    <p class='ocr_par' dir='ltr' id='par_1_8' title="bbox 207 1131 2082 1192">
     <span class='ocr_line' id='line_1_10' title="bbox 207 1131 2082 1192; baseline 0.001 -15"><span class='ocrx_word' id='word_1_62' title='bbox 207 1131 284 1177; x_wconf 88' lang='lat' dir='ltr'>AD</span> <span class='ocrx_word' id='word_1_63' title='bbox 311 1144 527 1178; x_wconf 76' lang='lat' dir='ltr'>TERTmM</span> <span class='ocrx_word' id='word_1_64' title='bbox 553 1132 616 1177; x_wconf 89' lang='lat' dir='ltr'>sic</span> <span class='ocrx_word' id='word_1_65' title='bbox 642 1133 914 1192; x_wconf 85' lang='lat' dir='ltr'>proceditur.</span> <span class='ocrx_word' id='word_1_66' title='bbox 941 1132 1146 1187; x_wconf 88' lang='lat' dir='ltr'>Videtur,</span> <span class='ocrx_word' id='word_1_67' title='bbox 1169 1133 1291 1192; x_wconf 91' lang='lat' dir='ltr'>quod</span> <span class='ocrx_word' id='word_1_68' title='bbox 1314 1133 1471 1178; x_wconf 90' lang='lat' dir='ltr'>sedere</span> <span class='ocrx_word' id='word_1_69' title='bbox 1494 1134 1550 1178; x_wconf 91' lang='lat' dir='ltr'>ad</span> <span class='ocrx_word' id='word_1_70' title='bbox 1573 1133 1803 1178; x_wconf 84' lang='lat' dir='ltr'>dexteram</span> <span class='ocrx_word' id='word_1_71' title='bbox 1826 1134 1971 1178; x_wconf 90' lang='lat' dir='ltr'>Patris</span> <span class='ocrx_word' id='word_1_72' title='bbox 1987 1147 2082 1179; x_wconf 91' lang='lat' dir='ltr'>non</span> 
     </span>
    </p>
   </div>
   <div class='ocr_carea' id='block_1_9' title="bbox 39 1198 2080 1259">
    <p class='ocr_par' dir='ltr' id='par_1_9' title="bbox 39 1198 2080 1259">
     <span class='ocr_line' id='line_1_11' title="bbox 39 1198 2080 1259; baseline 0.001 -16"><span class='ocrx_word' id='word_1_73' title='bbox 39 1250 43 1259; x_wconf 23' lang='grc' dir='ltr'>ζ</span> <span class='ocrx_word' id='word_1_74' title='bbox 120 1199 363 1244; x_wconf 83' lang='lat' dir='ltr'>conveniat</span> <span class='ocrx_word' id='word_1_75' title='bbox 404 1198 605 1254; x_wconf 88' lang='lat' dir='ltr'>Christo,</span> <span class='ocrx_word' id='word_1_76' title='bbox 641 1200 894 1244; x_wconf 91' lang='lat' dir='ltr'>secundum</span> <span class='ocrx_word' id='word_1_77' title='bbox 926 1201 1047 1259; x_wconf 92' lang='lat' dir='ltr'>quod</span> <span class='ocrx_word' id='word_1_78' title='bbox 1074 1201 1243 1244; x_wconf 83' lang='lat' dir='ltr'>homo:</span> <span class='ocrx_word' id='word_1_79' title='bbox 1278 1210 1325 1245; x_wconf 92' lang='lat' dir='ltr'>ut</span> <span class='ocrx_word' id='word_1_80' title='bbox 1362 1201 1485 1245; x_wconf 90' lang='lat' dir='ltr'>enim</span> <span class='ocrx_word' id='word_1_81' title='bbox 1511 1201 1728 1245; x_wconf 89' lang='lat' dir='ltr'>Damasc.</span> <span class='ocrx_word' id='word_1_82' title='bbox 1767 1201 1877 1245; x_wconf 89' lang='lat' dir='ltr'>dicit</span> <span class='ocrx_word' id='word_1_83' title='bbox 1909 1202 2004 1259; x_wconf 82' lang='lat' dir='ltr'>(lib.</span> <span class='ocrx_word' id='word_1_84' title='bbox 2036 1215 2080 1259; x_wconf 89' lang='lat'>4.</span> 
     </span>
    </p>
   </div>
   <div class='ocr_carea' id='block_1_10' title="bbox 117 1266 2083 1935">
    <p class='ocr_par' dir='ltr' id='par_1_10' title="bbox 117 1266 2082 1514">
     <span class='ocr_line' id='line_1_12' title="bbox 123 1266 2081 1327; baseline 0.002 -17"><span class='ocrx_word' id='word_1_85' title='bbox 123 1266 245 1311; x_wconf 81' lang='lat' dir='ltr'>Orth.</span> <span class='ocrx_word' id='word_1_86' title='bbox 259 1267 355 1312; x_wconf 83' lang='lat' dir='ltr'>Fid.</span> <span class='ocrx_word' id='word_1_87' title='bbox 373 1275 463 1327; x_wconf 84' lang='lat' dir='ltr'>cap.</span> <span class='ocrx_word' id='word_1_88' title='bbox 479 1283 519 1313; x_wconf 89' lang='lat'>2.</span> <span class='ocrx_word' id='word_1_89' title='bbox 518 1267 557 1325; x_wconf 88' lang='lat'>),</span> <span class='ocrx_word' id='word_1_90' title='bbox 585 1284 608 1309; x_wconf 85' lang='lat'>‹&lt;</span> <span class='ocrx_word' id='word_1_91' title='bbox 627 1268 858 1313; x_wconf 87' lang='lat' dir='ltr'>dexteram</span> <span class='ocrx_word' id='word_1_92' title='bbox 875 1268 1019 1312; x_wconf 91' lang='lat' dir='ltr'>Patris</span> <span class='ocrx_word' id='word_1_93' title='bbox 1036 1268 1231 1313; x_wconf 87' lang='lat' dir='ltr'>dicimus</span> <span class='ocrx_word' id='word_1_94' title='bbox 1249 1268 1459 1327; x_wconf 86' lang='lat' dir='ltr'>gloriam,</span> <span class='ocrx_word' id='word_1_95' title='bbox 1472 1279 1516 1313; x_wconf 92' lang='lat' dir='ltr'>et</span> <span class='ocrx_word' id='word_1_96' title='bbox 1530 1269 1759 1313; x_wconf 89' lang='lat' dir='ltr'>honorem</span> <span class='ocrx_word' id='word_1_97' title='bbox 1777 1268 2021 1313; x_wconf 89' lang='lat' dir='ltr'>divinitatis</span> <span class='ocrx_word' id='word_1_98' title='bbox 2037 1284 2081 1314; x_wconf 69' lang='grc' dir='ltr'>»ε</span> 
     </span>
     <span class='ocr_line' id='line_1_13' title="bbox 119 1332 2082 1395; baseline 0.001 -17"><span class='ocrx_word' id='word_1_99' title='bbox 119 1332 198 1378; x_wconf 88' lang='lat' dir='ltr'>sed</span> <span class='ocrx_word' id='word_1_100' title='bbox 229 1333 394 1390; x_wconf 89' lang='lat' dir='ltr'>honor,</span> <span class='ocrx_word' id='word_1_101' title='bbox 426 1344 471 1380; x_wconf 87' lang='lat' dir='ltr'>et</span> <span class='ocrx_word' id='word_1_102' title='bbox 501 1334 648 1394; x_wconf 87' lang='lat' dir='ltr'>gloria</span> <span class='ocrx_word' id='word_1_103' title='bbox 680 1335 924 1379; x_wconf 88' lang='lat' dir='ltr'>divinitatis</span> <span class='ocrx_word' id='word_1_104' title='bbox 956 1350 1050 1379; x_wconf 93' lang='lat' dir='ltr'>non</span> <span class='ocrx_word' id='word_1_105' title='bbox 1083 1337 1296 1380; x_wconf 89' lang='lat' dir='ltr'>convenit</span> <span class='ocrx_word' id='word_1_106' title='bbox 1329 1335 1530 1388; x_wconf 90' lang='lat' dir='ltr'>Christo,</span> <span class='ocrx_word' id='word_1_107' title='bbox 1563 1336 1818 1381; x_wconf 91' lang='lat' dir='ltr'>secundum</span> <span class='ocrx_word' id='word_1_108' title='bbox 1859 1335 1982 1395; x_wconf 92' lang='lat' dir='ltr'>quod</span> <span class='ocrx_word' id='word_1_109' title='bbox 2014 1345 2082 1380; x_wconf 87' lang='lat' dir='ltr'>est</span> 
     </span>
     <span class='ocr_line' id='line_1_14' title="bbox 117 1401 2082 1463; baseline 0.002 -19"><span class='ocrx_word' id='word_1_110' title='bbox 117 1401 294 1456; x_wconf 89' lang='lat' dir='ltr'>homo;</span> <span class='ocrx_word' id='word_1_111' title='bbox 320 1415 431 1460; x_wconf 88' lang='lat' dir='ltr'>ergo</span> <span class='ocrx_word' id='word_1_112' title='bbox 455 1402 645 1456; x_wconf 89' lang='lat' dir='ltr'>videtur,</span> <span class='ocrx_word' id='word_1_113' title='bbox 672 1402 794 1462; x_wconf 89' lang='lat' dir='ltr'>quod</span> <span class='ocrx_word' id='word_1_114' title='bbox 821 1401 1045 1457; x_wconf 89' lang='lat' dir='ltr'>Christus,</span> <span class='ocrx_word' id='word_1_115' title='bbox 1077 1403 1331 1448; x_wconf 90' lang='lat' dir='ltr'>secundum</span> <span class='ocrx_word' id='word_1_116' title='bbox 1363 1403 1486 1463; x_wconf 93' lang='lat' dir='ltr'>quod</span> <span class='ocrx_word' id='word_1_117' title='bbox 1517 1404 1679 1458; x_wconf 91' lang='lat' dir='ltr'>homo,</span> <span class='ocrx_word' id='word_1_118' title='bbox 1711 1417 1806 1448; x_wconf 89' lang='lat' dir='ltr'>non</span> <span class='ocrx_word' id='word_1_119' title='bbox 1839 1404 1993 1448; x_wconf 87' lang='lat' dir='ltr'>sedeat</span> <span class='ocrx_word' id='word_1_120' title='bbox 2024 1402 2082 1448; x_wconf 89' lang='lat' dir='ltr'>ad</span> 
     </span>
     <span class='ocr_line' id='line_1_15' title="bbox 119 1467 537 1514; baseline 0.002 -2"><span class='ocrx_word' id='word_1_121' title='bbox 119 1467 351 1513; x_wconf 84' lang='lat' dir='ltr'>dexteram</span> <span class='ocrx_word' id='word_1_122' title='bbox 378 1469 537 1514; x_wconf 87' lang='lat' dir='ltr'>Patris.</span> 
     </span>
    </p>

    <p class='ocr_par' dir='ltr' id='par_1_11' title="bbox 119 1535 2083 1851">
     <span class='ocr_line' id='line_1_16' title="bbox 209 1535 2083 1597; baseline 0.001 -18"><span class='ocrx_word' id='word_1_123' title='bbox 209 1548 248 1580; x_wconf 88' lang='lat'>2.</span> <span class='ocrx_word' id='word_1_124' title='bbox 275 1535 574 1582; x_wconf 72' lang='lat' dir='ltr'>PRAETEREA.</span> <span class='ocrx_word' id='word_1_125' title='bbox 603 1535 772 1582; x_wconf 91' lang='lat' dir='ltr'>Sedere</span> <span class='ocrx_word' id='word_1_126' title='bbox 798 1538 854 1582; x_wconf 90' lang='lat' dir='ltr'>ad</span> <span class='ocrx_word' id='word_1_127' title='bbox 881 1537 1114 1582; x_wconf 85' lang='lat' dir='ltr'>dexteram</span> <span class='ocrx_word' id='word_1_128' title='bbox 1140 1538 1371 1596; x_wconf 89' lang='lat' dir='ltr'>regnantis</span> <span class='ocrx_word' id='word_1_129' title='bbox 1398 1538 1731 1597; x_wconf 75' lang='lat' dir='ltr'>subiectionem</span> <span class='ocrx_word' id='word_1_130' title='bbox 1758 1538 1999 1583; x_wconf 87' lang='lat' dir='ltr'>excludere</span> <span class='ocrx_word' id='word_1_131' title='bbox 2021 1537 2083 1581; x_wconf 89' lang='lat' dir='ltr'>vi-</span> 
     </span>
     <span class='ocr_line' id='line_1_17' title="bbox 119 1603 2080 1664; baseline 0.001 -17"><span class='ocrx_word' id='word_1_132' title='bbox 119 1603 277 1658; x_wconf 91' lang='lat' dir='ltr'>detur;</span> <span class='ocrx_word' id='word_1_133' title='bbox 305 1603 411 1663; x_wconf 89' lang='lat' dir='ltr'>quia</span> <span class='ocrx_word' id='word_1_134' title='bbox 435 1604 512 1663; x_wconf 92' lang='lat' dir='ltr'>qui</span> <span class='ocrx_word' id='word_1_135' title='bbox 537 1605 664 1648; x_wconf 89' lang='lat' dir='ltr'>sedet</span> <span class='ocrx_word' id='word_1_136' title='bbox 696 1605 750 1648; x_wconf 91' lang='lat' dir='ltr'>ad</span> <span class='ocrx_word' id='word_1_137' title='bbox 784 1604 1016 1650; x_wconf 89' lang='lat' dir='ltr'>dexteram</span> <span class='ocrx_word' id='word_1_138' title='bbox 1049 1605 1296 1663; x_wconf 88' lang='lat' dir='ltr'>regnantis,</span> <span class='ocrx_word' id='word_1_139' title='bbox 1331 1606 1677 1664; x_wconf 91' lang='lat' dir='ltr'>quodammodo</span> <span class='ocrx_word' id='word_1_140' title='bbox 1710 1605 1777 1650; x_wconf 90' lang='lat' dir='ltr'>illi</span> <span class='ocrx_word' id='word_1_141' title='bbox 1809 1614 2080 1664; x_wconf 85' lang='lat' dir='ltr'>conregnat:</span> 
     </span>
     <span class='ocr_line' id='line_1_18' title="bbox 121 1670 2082 1731; baseline 0.001 -17"><span class='ocrx_word' id='word_1_142' title='bbox 121 1670 330 1715; x_wconf 89' lang='lat' dir='ltr'>Christus</span> <span class='ocrx_word' id='word_1_143' title='bbox 361 1681 529 1725; x_wconf 91' lang='lat' dir='ltr'>autem,</span> <span class='ocrx_word' id='word_1_144' title='bbox 562 1672 814 1716; x_wconf 90' lang='lat' dir='ltr'>secundum</span> <span class='ocrx_word' id='word_1_145' title='bbox 847 1672 969 1731; x_wconf 92' lang='lat' dir='ltr'>quod</span> <span class='ocrx_word' id='word_1_146' title='bbox 1001 1673 1162 1726; x_wconf 93' lang='lat' dir='ltr'>homo,</span> <span class='ocrx_word' id='word_1_147' title='bbox 1194 1679 1251 1717; x_wconf 81' lang='lat' dir='ltr'>est</span> <span class='ocrx_word' id='word_1_148' title='bbox 1280 1675 1485 1731; x_wconf 83' lang='lat' dir='ltr'>subjectus</span> <span class='ocrx_word' id='word_1_149' title='bbox 1516 1675 1652 1728; x_wconf 86' lang='lat' dir='ltr'>Patri,</span> <span class='ocrx_word' id='word_1_150' title='bbox 1686 1683 1735 1717; x_wconf 92' lang='lat' dir='ltr'>ut</span> <span class='ocrx_word' id='word_1_151' title='bbox 1767 1673 1930 1717; x_wconf 91' lang='lat' dir='ltr'>dicitur</span> <span class='ocrx_word' id='word_1_152' title='bbox 1962 1686 1998 1716; x_wconf 91' lang='lat'>1.</span> <span class='ocrx_word' id='word_1_153' title='bbox 2027 1671 2082 1715; x_wconf 90' lang='lat' dir='ltr'>ad</span> 
     </span>
     <span class='ocr_line' id='line_1_19' title="bbox 122 1736 2083 1799; baseline 0.001 -18"><span class='ocrx_word' id='word_1_154' title='bbox 122 1736 229 1782; x_wconf 91' lang='lat' dir='ltr'>Cor.</span> <span class='ocrx_word' id='word_1_155' title='bbox 267 1751 363 1796; x_wconf 86' lang='lat'>15.;</span> <span class='ocrx_word' id='word_1_156' title='bbox 394 1752 506 1796; x_wconf 86' lang='lat' dir='ltr'>ergo</span> <span class='ocrx_word' id='word_1_157' title='bbox 537 1739 726 1794; x_wconf 90' lang='lat' dir='ltr'>videtur,</span> <span class='ocrx_word' id='word_1_158' title='bbox 761 1741 882 1799; x_wconf 91' lang='lat' dir='ltr'>quod</span> <span class='ocrx_word' id='word_1_159' title='bbox 918 1739 1141 1794; x_wconf 89' lang='lat' dir='ltr'>Christus,</span> <span class='ocrx_word' id='word_1_160' title='bbox 1176 1740 1430 1784; x_wconf 90' lang='lat' dir='ltr'>secundum</span> <span class='ocrx_word' id='word_1_161' title='bbox 1463 1741 1585 1799; x_wconf 90' lang='lat' dir='ltr'>quod</span> <span class='ocrx_word' id='word_1_162' title='bbox 1616 1741 1778 1794; x_wconf 89' lang='lat' dir='ltr'>homo,</span> <span class='ocrx_word' id='word_1_163' title='bbox 1810 1754 1904 1784; x_wconf 90' lang='lat' dir='ltr'>non</span> <span class='ocrx_word' id='word_1_164' title='bbox 1936 1739 1994 1784; x_wconf 93' lang='lat' dir='ltr'>sit</span> <span class='ocrx_word' id='word_1_165' title='bbox 2026 1737 2083 1783; x_wconf 90' lang='lat' dir='ltr'>ad</span> 
     </span>
     <span class='ocr_line' id='line_1_20' title="bbox 119 1805 535 1851; baseline 0.002 -1"><span class='ocrx_word' id='word_1_166' title='bbox 119 1805 351 1850; x_wconf 83' lang='lat' dir='ltr'>dexteram</span> <span class='ocrx_word' id='word_1_167' title='bbox 377 1806 535 1851; x_wconf 90' lang='lat' dir='ltr'>Patris.</span> 
     </span>
    </p>

    <p class='ocr_par' dir='ltr' id='par_1_12' title="bbox 212 1874 2080 1935">
     <span class='ocr_line' id='line_1_21' title="bbox 212 1874 2080 1935; baseline 0 -17"><span class='ocrx_word' id='word_1_168' title='bbox 212 1885 248 1934; x_wconf 85' lang='lat'>3.</span> <span class='ocrx_word' id='word_1_169' title='bbox 275 1874 574 1920; x_wconf 79' lang='lat' dir='ltr'>PRAETEREA.</span> <span class='ocrx_word' id='word_1_170' title='bbox 606 1875 741 1919; x_wconf 91' lang='lat' dir='ltr'>Rom.</span> <span class='ocrx_word' id='word_1_171' title='bbox 761 1875 801 1919; x_wconf 89' lang='lat'>8.</span> <span class='ocrx_word' id='word_1_172' title='bbox 820 1890 954 1935; x_wconf 90' lang='lat' dir='ltr'>super</span> <span class='ocrx_word' id='word_1_173' title='bbox 969 1875 1108 1919; x_wconf 91' lang='lat' dir='ltr'>illud.:</span> <span class='ocrx_word' id='word_1_174' title='bbox 1129 1877 1219 1932; x_wconf 79' lang='lat' dir='ltr'>Qui</span> <span class='ocrx_word' id='word_1_175' title='bbox 1237 1883 1291 1920; x_wconf 83' lang='lat' dir='ltr'>est</span> <span class='ocrx_word' id='word_1_176' title='bbox 1307 1876 1361 1920; x_wconf 84' lang='lat' dir='ltr'>ad</span> <span class='ocrx_word' id='word_1_177' title='bbox 1378 1876 1591 1920; x_wconf 79' lang='lat' dir='ltr'>dexteram</span> <span class='ocrx_word' id='word_1_178' title='bbox 1608 1877 1705 1929; x_wconf 82' lang='lat' dir='ltr'>Dei,</span> <span class='ocrx_word' id='word_1_179' title='bbox 1726 1876 1910 1934; x_wconf 84' lang='lat' dir='ltr'>exponit</span> <span class='ocrx_word' id='word_1_180' title='bbox 1929 1874 2080 1920; x_wconf 87' lang='lat' dir='ltr'>Gloss.</span> 
     </span>
    </p>
   </div>
   <div class='ocr_carea' id='block_1_11' title="bbox 20 1941 2082 2137">
    <p class='ocr_par' dir='ltr' id='par_1_13' title="bbox 1 1922 2082 2137">
     <span class='ocr_line' id='line_1_22' title="bbox 118 1941 2080 2002; baseline -0.002 -12.225"><span class='ocrx_word' id='word_1_181' title='bbox 118 1941 276 2000; x_wconf 75' lang='lat' dir='ltr'>(interl.</span> <span class='ocrx_word' id='word_1_182' title='bbox 302 1947 338 1987; x_wconf 80' lang='lat' dir='ltr'>et</span> <span class='ocrx_word' id='word_1_183' title='bbox 364 1942 453 1986; x_wconf 87' lang='lat' dir='ltr'>ord.</span> <span class='ocrx_word' id='word_1_184' title='bbox 479 1943 696 2001; x_wconf 85' lang='lat' dir='ltr'>Ambros.)</span> <span class='ocrx_word' id='word_1_185' title='bbox 724 1943 841 1987; x_wconf 90' lang='lat' dir='ltr'>idest</span> <span class='ocrx_word' id='word_1_186' title='bbox 869 1960 892 1985; x_wconf 87' lang='lat'>«</span> <span class='ocrx_word' id='word_1_187' title='bbox 911 1943 1111 2002; x_wconf 89' lang='lat' dir='ltr'>aequalis</span> <span class='ocrx_word' id='word_1_188' title='bbox 1133 1944 1256 1987; x_wconf 85' lang='lat' dir='ltr'>Patri</span> <span class='ocrx_word' id='word_1_189' title='bbox 1273 1946 1319 1987; x_wconf 88' lang='lat' dir='ltr'>in</span> <span class='ocrx_word' id='word_1_190' title='bbox 1335 1943 1528 1997; x_wconf 88' lang='lat' dir='ltr'>honore,</span> <span class='ocrx_word' id='word_1_191' title='bbox 1548 1958 1638 2002; x_wconf 93' lang='lat' dir='ltr'>quo</span> <span class='ocrx_word' id='word_1_192' title='bbox 1656 1944 1783 1987; x_wconf 88' lang='lat' dir='ltr'>Deus</span> <span class='ocrx_word' id='word_1_193' title='bbox 1802 1945 1936 1987; x_wconf 88' lang='lat' dir='ltr'>Pater</span> <span class='ocrx_word' id='word_1_194' title='bbox 1954 1952 2023 1986; x_wconf 91' lang='lat' dir='ltr'>est</span> <span class='ocrx_word' id='word_1_195' title='bbox 2038 1956 2080 1986; x_wconf 77' lang='lat' dir='ltr'>»z</span> 
     </span>
     <span class='ocr_line' id='line_1_23' title="bbox 20 2008 2081 2070; baseline 0 -17"><span class='ocrx_word' id='word_1_196' title='bbox 20 2015 46 2061; x_wconf 52' lang='grc' dir='ltr'><strong>ἲ</strong></span> <span class='ocrx_word' id='word_1_197' title='bbox 117 2008 195 2054; x_wconf 83' lang='lat' dir='ltr'>vel</span> <span class='ocrx_word' id='word_1_198' title='bbox 222 2009 319 2053; x_wconf 74' lang='lat' dir='ltr'>&lt;tad</span> <span class='ocrx_word' id='word_1_199' title='bbox 345 2009 577 2054; x_wconf 85' lang='lat' dir='ltr'>dexteram</span> <span class='ocrx_word' id='word_1_200' title='bbox 603 2010 747 2054; x_wconf 89' lang='lat' dir='ltr'>Patris</span> <span class='ocrx_word' id='word_1_201' title='bbox 764 2027 806 2064; x_wconf 89' lang='lat'>&gt;›,</span> <span class='ocrx_word' id='word_1_202' title='bbox 832 2010 948 2055; x_wconf 91' lang='lat' dir='ltr'>idest</span> <span class='ocrx_word' id='word_1_203' title='bbox 982 2011 1070 2054; x_wconf 87' lang='lat' dir='ltr'>«in</span> <span class='ocrx_word' id='word_1_204' title='bbox 1103 2010 1355 2069; x_wconf 91' lang='lat' dir='ltr'>potioribus</span> <span class='ocrx_word' id='word_1_205' title='bbox 1387 2011 1519 2055; x_wconf 89' lang='lat' dir='ltr'>bonis</span> <span class='ocrx_word' id='word_1_206' title='bbox 1547 2011 1636 2055; x_wconf 84' lang='lat' dir='ltr'>Dei</span> <span class='ocrx_word' id='word_1_207' title='bbox 1653 2026 1703 2053; x_wconf 71' lang='grc' dir='ltr'>»ε</span> <span class='ocrx_word' id='word_1_208' title='bbox 1733 2021 1778 2055; x_wconf 92' lang='lat' dir='ltr'>et</span> <span class='ocrx_word' id='word_1_209' title='bbox 1804 2025 1937 2070; x_wconf 89' lang='lat' dir='ltr'>super</span> <span class='ocrx_word' id='word_1_210' title='bbox 1968 2009 2081 2053; x_wconf 93' lang='lat' dir='ltr'>illud</span> 
     </span>
     <span class='ocr_line' id='line_1_24' title="bbox 31 2075 2082 2137; baseline -0 -16.001"><span class='ocrx_word' id='word_1_211' title='bbox 31 2106 46 2122; x_wconf 58' lang='grc'>,;,</span> <span class='ocrx_word' id='word_1_212' title='bbox 118 2075 234 2121; x_wconf 89' lang='lat' dir='ltr'>Heb.</span> <span class='ocrx_word' id='word_1_213' title='bbox 261 2090 321 2122; x_wconf 88' lang='lat'>1.:</span> <span class='ocrx_word' id='word_1_214' title='bbox 339 2076 453 2123; x_wconf 78' lang='lat' dir='ltr'>Sedet</span> <span class='ocrx_word' id='word_1_215' title='bbox 477 2077 532 2122; x_wconf 84' lang='lat' dir='ltr'>ad</span> <span class='ocrx_word' id='word_1_216' title='bbox 551 2077 762 2123; x_wconf 79' lang='lat' dir='ltr'>dexteram</span> <span class='ocrx_word' id='word_1_217' title='bbox 783 2080 1010 2137; x_wconf 81' lang='lat' dir='ltr'>majestatis</span> <span class='ocrx_word' id='word_1_218' title='bbox 1026 2081 1070 2122; x_wconf 83' lang='lat' dir='ltr'>in</span> <span class='ocrx_word' id='word_1_219' title='bbox 1087 2078 1262 2131; x_wconf 80' lang='lat' dir='ltr'>excelsis,</span> <span class='ocrx_word' id='word_1_220' title='bbox 1297 2077 1449 2122; x_wconf 90' lang='lat' dir='ltr'>Gloss.</span> <span class='ocrx_word' id='word_1_221' title='bbox 1471 2077 1647 2137; x_wconf 59' lang='lat' dir='ltr'>(interl)</span> <span class='ocrx_word' id='word_1_222' title='bbox 1667 2078 1783 2122; x_wconf 88' lang='lat' dir='ltr'>idest</span> <span class='ocrx_word' id='word_1_223' title='bbox 1804 2094 1827 2119; x_wconf 74' lang='lat' dir='ltr'>&lt;c</span> <span class='ocrx_word' id='word_1_224' title='bbox 1847 2077 1902 2121; x_wconf 89' lang='lat' dir='ltr'>ad</span> <span class='ocrx_word' id='word_1_225' title='bbox 1921 2091 2082 2136; x_wconf 90' lang='lat' dir='ltr'>aequa-</span> 
     </span>
    </p>
   </div>
   <div class='ocr_carea' id='block_1_12' title="bbox 117 2142 2082 2272">
    <p class='ocr_par' dir='ltr' id='par_1_14' title="bbox 27 2140 2082 2272">
     <span class='ocr_line' id='line_1_25' title="bbox 117 2142 2082 2204; baseline -0.001 -15.088"><span class='ocrx_word' id='word_1_226' title='bbox 117 2142 293 2195; x_wconf 76' lang='lat' dir='ltr'>litatem</span> <span class='ocrx_word' id='word_1_227' title='bbox 310 2144 454 2188; x_wconf 88' lang='lat' dir='ltr'>Patris</span> <span class='ocrx_word' id='word_1_228' title='bbox 470 2158 603 2204; x_wconf 89' lang='lat' dir='ltr'>super</span> <span class='ocrx_word' id='word_1_229' title='bbox 622 2145 793 2199; x_wconf 91' lang='lat' dir='ltr'>omnia,</span> <span class='ocrx_word' id='word_1_230' title='bbox 811 2154 856 2190; x_wconf 91' lang='lat' dir='ltr'>et</span> <span class='ocrx_word' id='word_1_231' title='bbox 870 2144 994 2201; x_wconf 92' lang='lat' dir='ltr'>loco,</span> <span class='ocrx_word' id='word_1_232' title='bbox 1011 2154 1054 2191; x_wconf 92' lang='lat' dir='ltr'>et</span> <span class='ocrx_word' id='word_1_233' title='bbox 1071 2145 1290 2204; x_wconf 88' lang='lat' dir='ltr'>dignitate</span> <span class='ocrx_word' id='word_1_234' title='bbox 1312 2162 1335 2188; x_wconf 70' lang='lat'>&gt;2</span> <span class='ocrx_word' id='word_1_235' title='bbox 1353 2161 1363 2190; x_wconf 88' lang='lat'>:</span> <span class='ocrx_word' id='word_1_236' title='bbox 1387 2145 1466 2189; x_wconf 93' lang='lat' dir='ltr'>sed</span> <span class='ocrx_word' id='word_1_237' title='bbox 1490 2159 1587 2189; x_wconf 91' lang='lat' dir='ltr'>esse</span> <span class='ocrx_word' id='word_1_238' title='bbox 1606 2144 1844 2204; x_wconf 89' lang='lat' dir='ltr'>aequalem</span> <span class='ocrx_word' id='word_1_239' title='bbox 1861 2145 1964 2189; x_wconf 92' lang='lat' dir='ltr'>Deo</span> <span class='ocrx_word' id='word_1_240' title='bbox 1986 2158 2082 2188; x_wconf 89' lang='lat' dir='ltr'>non</span> 
     </span>
     <span class='ocr_line' id='line_1_26' title="bbox 119 2211 2082 2272; baseline 0 -16"><span class='ocrx_word' id='word_1_241' title='bbox 119 2211 334 2256; x_wconf 87' lang='lat' dir='ltr'>convenit</span> <span class='ocrx_word' id='word_1_242' title='bbox 361 2211 561 2266; x_wconf 88' lang='lat' dir='ltr'>Christo,</span> <span class='ocrx_word' id='word_1_243' title='bbox 587 2212 840 2257; x_wconf 90' lang='lat' dir='ltr'>secundum</span> <span class='ocrx_word' id='word_1_244' title='bbox 866 2213 988 2272; x_wconf 91' lang='lat' dir='ltr'>quod</span> <span class='ocrx_word' id='word_1_245' title='bbox 1012 2223 1080 2258; x_wconf 87' lang='lat' dir='ltr'>est</span> <span class='ocrx_word' id='word_1_246' title='bbox 1099 2214 1268 2258; x_wconf 89' lang='lat' dir='ltr'>homo:</span> <span class='ocrx_word' id='word_1_247' title='bbox 1302 2227 1411 2256; x_wconf 91' lang='lat' dir='ltr'>nam</span> <span class='ocrx_word' id='word_1_248' title='bbox 1438 2213 1693 2257; x_wconf 90' lang='lat' dir='ltr'>secundum</span> <span class='ocrx_word' id='word_1_249' title='bbox 1725 2213 1816 2256; x_wconf 93' lang='lat' dir='ltr'>hoc</span> <span class='ocrx_word' id='word_1_250' title='bbox 1849 2212 1946 2271; x_wconf 92' lang='lat' dir='ltr'>ipse</span> <span class='ocrx_word' id='word_1_251' title='bbox 1973 2211 2082 2256; x_wconf 88' lang='lat' dir='ltr'>dicit</span> 
     </span>
    </p>
   </div>
   <div class='ocr_carea' id='block_1_13' title="bbox 20 2260 2077 2339">
    <p class='ocr_par' dir='ltr' id='par_1_15' title="bbox 20 2260 2077 2339">
     <span class='ocr_line' id='line_1_27' title="bbox 20 2260 2077 2339; baseline 0 -16"><span class='ocrx_word' id='word_1_252' title='bbox 20 2260 38 2315; x_wconf 22' lang='lat'>&#39;⁷</span> <span class='ocrx_word' id='word_1_253' title='bbox 111 2277 243 2337; x_wconf 85' lang='lat' dir='ltr'>Joan.</span> <span class='ocrx_word' id='word_1_254' title='bbox 275 2290 364 2333; x_wconf 87' lang='lat'>14.:</span> <span class='ocrx_word' id='word_1_255' title='bbox 391 2278 519 2324; x_wconf 81' lang='lat' dir='ltr'>Pater</span> <span class='ocrx_word' id='word_1_256' title='bbox 538 2282 680 2338; x_wconf 87' lang='lat' dir='ltr'>major</span> <span class='ocrx_word' id='word_1_257' title='bbox 703 2294 767 2324; x_wconf 80' lang='lat' dir='ltr'>me</span> <span class='ocrx_word' id='word_1_258' title='bbox 792 2286 846 2325; x_wconf 81' lang='lat' dir='ltr'>est</span> <span class='ocrx_word' id='word_1_259' title='bbox 860 2295 877 2332; x_wconf 82' lang='lat'>,⁰</span> <span class='ocrx_word' id='word_1_260' title='bbox 906 2294 1016 2339; x_wconf 90' lang='lat' dir='ltr'>ergo</span> <span class='ocrx_word' id='word_1_261' title='bbox 1043 2280 1234 2334; x_wconf 88' lang='lat' dir='ltr'>videtur,</span> <span class='ocrx_word' id='word_1_262' title='bbox 1260 2280 1383 2339; x_wconf 92' lang='lat' dir='ltr'>quod</span> <span class='ocrx_word' id='word_1_263' title='bbox 1409 2280 1566 2324; x_wconf 90' lang='lat' dir='ltr'>sedere</span> <span class='ocrx_word' id='word_1_264' title='bbox 1590 2279 1646 2324; x_wconf 91' lang='lat' dir='ltr'>ad</span> <span class='ocrx_word' id='word_1_265' title='bbox 1669 2280 1903 2324; x_wconf 84' lang='lat' dir='ltr'>dexteram</span> <span class='ocrx_word' id='word_1_266' title='bbox 1930 2278 2077 2323; x_wconf 90' lang='lat' dir='ltr'>Patris</span> 
     </span>
    </p>
   </div>
   <div class='ocr_carea' id='block_1_14' title="bbox 116 2345 2082 2540">
    <p class='ocr_par' dir='ltr' id='par_1_16' title="bbox 23 2345 2082 2540">
     <span class='ocr_line' id='line_1_28' title="bbox 116 2345 1319 2407; baseline 0.002 -18"><span class='ocrx_word' id='word_1_267' title='bbox 116 2358 211 2390; x_wconf 90' lang='lat' dir='ltr'>non</span> <span class='ocrx_word' id='word_1_268' title='bbox 237 2345 480 2390; x_wconf 89' lang='lat' dir='ltr'>conveniat</span> <span class='ocrx_word' id='word_1_269' title='bbox 507 2346 708 2400; x_wconf 89' lang='lat' dir='ltr'>Christo,</span> <span class='ocrx_word' id='word_1_270' title='bbox 730 2346 983 2391; x_wconf 90' lang='lat' dir='ltr'>secundum</span> <span class='ocrx_word' id='word_1_271' title='bbox 1009 2347 1132 2407; x_wconf 93' lang='lat' dir='ltr'>quod</span> <span class='ocrx_word' id='word_1_272' title='bbox 1158 2348 1319 2392; x_wconf 89' lang='lat' dir='ltr'>homo.</span> 
     </span>
     <span class='ocr_line' id='line_1_29' title="bbox 209 2412 2082 2474; baseline -0 -16.089"><span class='ocrx_word' id='word_1_273' title='bbox 209 2412 304 2458; x_wconf 80' lang='lat' dir='ltr'>SED</span> <span class='ocrx_word' id='word_1_274' title='bbox 331 2425 526 2458; x_wconf 79' lang='lat' dir='ltr'>CONTRA</span> <span class='ocrx_word' id='word_1_275' title='bbox 554 2423 635 2469; x_wconf 88' lang='lat' dir='ltr'>est,</span> <span class='ocrx_word' id='word_1_276' title='bbox 662 2413 785 2473; x_wconf 92' lang='lat' dir='ltr'>quod</span> <span class='ocrx_word' id='word_1_277' title='bbox 819 2414 1012 2474; x_wconf 75' lang='lat' dir='ltr'>August,</span> <span class='ocrx_word' id='word_1_278' title='bbox 1040 2414 1149 2459; x_wconf 90' lang='lat' dir='ltr'>dicit</span> <span class='ocrx_word' id='word_1_279' title='bbox 1173 2414 1220 2458; x_wconf 91' lang='lat' dir='ltr'>in</span> <span class='ocrx_word' id='word_1_280' title='bbox 1247 2428 1463 2459; x_wconf 88' lang='lat' dir='ltr'>sermone</span> <span class='ocrx_word' id='word_1_281' title='bbox 1501 2413 1556 2458; x_wconf 89' lang='lat' dir='ltr'>de</span> <span class='ocrx_word' id='word_1_282' title='bbox 1584 2412 1809 2473; x_wconf 90' lang='lat' dir='ltr'>Symbolo</span> <span class='ocrx_word' id='word_1_283' title='bbox 1832 2414 1929 2472; x_wconf 83' lang='lat' dir='ltr'>(lib.</span> <span class='ocrx_word' id='word_1_284' title='bbox 1962 2427 2001 2459; x_wconf 86' lang='lat'>2.</span> <span class='ocrx_word' id='word_1_285' title='bbox 2035 2412 2082 2457; x_wconf 83' lang='lat' dir='ltr'>de</span> 
     </span>
     <span class='ocr_line' id='line_1_30' title="bbox 117 2479 2081 2540; baseline -0 -15.046"><span class='ocrx_word' id='word_1_286' title='bbox 117 2479 256 2539; x_wconf 87' lang='lat' dir='ltr'>Symb.</span> <span class='ocrx_word' id='word_1_287' title='bbox 275 2487 366 2540; x_wconf 85' lang='lat' dir='ltr'>cap.</span> <span class='ocrx_word' id='word_1_288' title='bbox 390 2494 428 2539; x_wconf 91' lang='lat'>7.</span> <span class='ocrx_word' id='word_1_289' title='bbox 456 2494 481 2525; x_wconf 86' lang='lat' dir='ltr'>a</span> <span class='ocrx_word' id='word_1_290' title='bbox 490 2482 651 2540; x_wconf 84' lang='lat' dir='ltr'>princ.)</span> <span class='ocrx_word' id='word_1_291' title='bbox 668 2497 682 2525; x_wconf 92' lang='grc'>.·</span> <span class='ocrx_word' id='word_1_292' title='bbox 713 2497 736 2522; x_wconf 89' lang='lat'>«</span> <span class='ocrx_word' id='word_1_293' title='bbox 757 2481 909 2540; x_wconf 88' lang='lat' dir='ltr'>Ipsam</span> <span class='ocrx_word' id='word_1_294' title='bbox 928 2482 1161 2526; x_wconf 84' lang='lat' dir='ltr'>dexteram</span> <span class='ocrx_word' id='word_1_295' title='bbox 1178 2481 1418 2540; x_wconf 88' lang='lat' dir='ltr'>intelligite</span> <span class='ocrx_word' id='word_1_296' title='bbox 1436 2490 1724 2540; x_wconf 89' lang='lat' dir='ltr'>potestatem,</span> <span class='ocrx_word' id='word_1_297' title='bbox 1743 2495 1881 2540; x_wconf 89' lang='lat' dir='ltr'>quam</span> <span class='ocrx_word' id='word_1_298' title='bbox 1906 2480 2081 2538; x_wconf 88' lang='lat' dir='ltr'>accepit</span> 
     </span>
    </p>
   </div>
   <div class='ocr_carea' id='block_1_15' title="bbox 71 2545 2079 2608">
    <p class='ocr_par' dir='ltr' id='par_1_17' title="bbox 28 2535 2079 2608">
     <span class='ocr_line' id='line_1_31' title="bbox 71 2545 2079 2608; baseline 0 -18"><span class='ocrx_word' id='word_1_299' title='bbox 71 2598 74 2599; x_wconf 12' lang='lat'><em>⁷</em></span> <span class='ocrx_word' id='word_1_300' title='bbox 117 2545 195 2592; x_wconf 86' lang='lat' dir='ltr'>ille</span> <span class='ocrx_word' id='word_1_301' title='bbox 206 2547 352 2591; x_wconf 90' lang='lat' dir='ltr'>homo</span> <span class='ocrx_word' id='word_1_302' title='bbox 365 2557 600 2606; x_wconf 90' lang='lat' dir='ltr'>susceptus</span> <span class='ocrx_word' id='word_1_303' title='bbox 617 2562 642 2592; x_wconf 92' lang='lat' dir='ltr'>a</span> <span class='ocrx_word' id='word_1_304' title='bbox 658 2548 776 2602; x_wconf 92' lang='lat' dir='ltr'>Deo,</span> <span class='ocrx_word' id='word_1_305' title='bbox 795 2558 844 2592; x_wconf 92' lang='lat' dir='ltr'>ut</span> <span class='ocrx_word' id='word_1_306' title='bbox 858 2549 1013 2593; x_wconf 87' lang='lat' dir='ltr'>veniat</span> <span class='ocrx_word' id='word_1_307' title='bbox 1029 2550 1321 2607; x_wconf 88' lang='lat' dir='ltr'>judicaturus,</span> <span class='ocrx_word' id='word_1_308' title='bbox 1335 2549 1413 2608; x_wconf 90' lang='lat' dir='ltr'>qui</span> <span class='ocrx_word' id='word_1_309' title='bbox 1430 2549 1552 2607; x_wconf 84' lang='lat' dir='ltr'>prius</span> <span class='ocrx_word' id='word_1_310' title='bbox 1563 2558 1750 2593; x_wconf 87' lang='lat' dir='ltr'>venerat</span> <span class='ocrx_word' id='word_1_311' title='bbox 1760 2548 2027 2606; x_wconf 87' lang='lat' dir='ltr'>judicandus</span> <span class='ocrx_word' id='word_1_312' title='bbox 2038 2564 2079 2590; x_wconf 88' lang='lat'>&gt;›.</span> 
     </span>
    </p>
   </div>
   <div class='ocr_carea' id='block_1_16' title="bbox 206 2613 2081 2675">
    <p class='ocr_par' dir='ltr' id='par_1_18' title="bbox 206 2613 2081 2675">
     <span class='ocr_line' id='line_1_32' title="bbox 206 2613 2081 2675; baseline -0.001 -16"><span class='ocrx_word' id='word_1_313' title='bbox 206 2613 495 2659; x_wconf 76' lang='lat' dir='ltr'>RESPONDEO</span> <span class='ocrx_word' id='word_1_314' title='bbox 522 2615 780 2669; x_wconf 90' lang='lat' dir='ltr'>dicendum,</span> <span class='ocrx_word' id='word_1_315' title='bbox 807 2616 943 2675; x_wconf 91' lang='lat' dir='ltr'>quod,</span> <span class='ocrx_word' id='word_1_316' title='bbox 971 2616 1088 2660; x_wconf 90' lang='lat' dir='ltr'>sicut</span> <span class='ocrx_word' id='word_1_317' title='bbox 1106 2617 1278 2660; x_wconf 90' lang='lat' dir='ltr'>dictum</span> <span class='ocrx_word' id='word_1_318' title='bbox 1305 2625 1373 2660; x_wconf 88' lang='lat' dir='ltr'>est</span> <span class='ocrx_word' id='word_1_319' title='bbox 1398 2616 1503 2673; x_wconf 87' lang='lat' dir='ltr'>(art.</span> <span class='ocrx_word' id='word_1_320' title='bbox 1517 2616 1697 2674; x_wconf 65' lang='lat' dir='ltr'>praec),</span> <span class='ocrx_word' id='word_1_321' title='bbox 1726 2615 1916 2659; x_wconf 90' lang='lat' dir='ltr'>nomine</span> <span class='ocrx_word' id='word_1_322' title='bbox 1934 2614 2081 2658; x_wconf 88' lang='lat' dir='ltr'>dexte-</span> 
     </span>
    </p>
   </div>
   <div class='ocr_carea' id='block_1_17' title="bbox 117 2681 2080 2742">
    <p class='ocr_par' dir='ltr' id='par_1_19' title="bbox 34 2674 2080 2742">
     <span class='ocr_line' id='line_1_33' title="bbox 117 2681 2080 2742; baseline 0 -18"><span class='ocrx_word' id='word_1_323' title='bbox 117 2695 196 2726; x_wconf 85' lang='lat' dir='ltr'>rae</span> <span class='ocrx_word' id='word_1_324' title='bbox 223 2681 368 2725; x_wconf 88' lang='lat' dir='ltr'>Patris</span> <span class='ocrx_word' id='word_1_325' title='bbox 383 2681 649 2740; x_wconf 87' lang='lat' dir='ltr'>intelligitur</span> <span class='ocrx_word' id='word_1_326' title='bbox 672 2682 747 2727; x_wconf 90' lang='lat' dir='ltr'>vel</span> <span class='ocrx_word' id='word_1_327' title='bbox 763 2682 862 2742; x_wconf 91' lang='lat' dir='ltr'>ipsa</span> <span class='ocrx_word' id='word_1_328' title='bbox 881 2682 1028 2740; x_wconf 86' lang='lat' dir='ltr'>gloria</span> <span class='ocrx_word' id='word_1_329' title='bbox 1050 2683 1229 2727; x_wconf 86' lang='lat' dir='ltr'>deitatis</span> <span class='ocrx_word' id='word_1_330' title='bbox 1246 2683 1401 2742; x_wconf 90' lang='lat' dir='ltr'>ipsius,</span> <span class='ocrx_word' id='word_1_331' title='bbox 1419 2682 1493 2726; x_wconf 88' lang='lat' dir='ltr'>vel</span> <span class='ocrx_word' id='word_1_332' title='bbox 1510 2682 1742 2727; x_wconf 87' lang='lat' dir='ltr'>beatitudo</span> <span class='ocrx_word' id='word_1_333' title='bbox 1763 2693 1946 2727; x_wconf 89' lang='lat' dir='ltr'>aeterna</span> <span class='ocrx_word' id='word_1_334' title='bbox 1969 2683 2080 2739; x_wconf 86' lang='lat' dir='ltr'>ejus,</span> 
     </span>
    </p>
   </div>
   <div class='ocr_carea' id='block_1_18' title="bbox 32 2747 2082 2809">
    <p class='ocr_par' dir='ltr' id='par_1_20' title="bbox 32 2747 2082 2809">
     <span class='ocr_line' id='line_1_34' title="bbox 32 2747 2082 2809; baseline 0 -18"><span class='ocrx_word' id='word_1_335' title='bbox 32 2747 40 2784; x_wconf 64' lang='grc' dir='ltr'>ἓ</span> <span class='ocrx_word' id='word_1_336' title='bbox 117 2747 192 2792; x_wconf 89' lang='lat' dir='ltr'>vel</span> <span class='ocrx_word' id='word_1_337' title='bbox 216 2758 416 2806; x_wconf 86' lang='lat' dir='ltr'>potestas</span> <span class='ocrx_word' id='word_1_338' title='bbox 441 2748 690 2806; x_wconf 87' lang='lat' dir='ltr'>judiciaria,</span> <span class='ocrx_word' id='word_1_339' title='bbox 717 2760 761 2794; x_wconf 92' lang='lat' dir='ltr'>et</span> <span class='ocrx_word' id='word_1_340' title='bbox 787 2749 966 2808; x_wconf 90' lang='lat' dir='ltr'>regalis.</span> <span class='ocrx_word' id='word_1_341' title='bbox 994 2751 1120 2794; x_wconf 91' lang='lat' dir='ltr'>Haec</span> <span class='ocrx_word' id='word_1_342' title='bbox 1149 2761 1301 2794; x_wconf 90' lang='lat' dir='ltr'>autem</span> <span class='ocrx_word' id='word_1_343' title='bbox 1335 2750 1627 2809; x_wconf 84' lang='lat' dir='ltr'>praepositio,</span> <span class='ocrx_word' id='word_1_344' title='bbox 1660 2749 1728 2804; x_wconf 85' lang='lat' dir='ltr'>ad,</span> <span class='ocrx_word' id='word_1_345' title='bbox 1756 2749 1985 2808; x_wconf 88' lang='lat' dir='ltr'>quendam</span> <span class='ocrx_word' id='word_1_346' title='bbox 2013 2761 2082 2791; x_wconf 89' lang='lat' dir='ltr'>ac-</span> 
     </span>
    </p>
   </div>
   <div class='ocr_carea' id='block_1_19' title="bbox 20 2813 2081 3143">
    <p class='ocr_par' dir='ltr' id='par_1_21' title="bbox 20 2809 2081 3143">
     <span class='ocr_line' id='line_1_35' title="bbox 46 2813 2079 2876; baseline -0 -18.005"><span class='ocrx_word' id='word_1_347' title='bbox 46 2826 55 2836; x_wconf 66' lang='grc'><strong>“</strong></span> <span class='ocrx_word' id='word_1_348' title='bbox 119 2827 299 2859; x_wconf 90' lang='lat' dir='ltr'>cessum</span> <span class='ocrx_word' id='word_1_349' title='bbox 327 2813 383 2858; x_wconf 90' lang='lat' dir='ltr'>ad</span> <span class='ocrx_word' id='word_1_350' title='bbox 409 2815 642 2860; x_wconf 86' lang='lat' dir='ltr'>dexteram</span> <span class='ocrx_word' id='word_1_351' title='bbox 668 2816 896 2875; x_wconf 90' lang='lat' dir='ltr'>designat;</span> <span class='ocrx_word' id='word_1_352' title='bbox 923 2817 969 2860; x_wconf 92' lang='lat' dir='ltr'>in</span> <span class='ocrx_word' id='word_1_353' title='bbox 996 2832 1087 2876; x_wconf 91' lang='lat' dir='ltr'>quo</span> <span class='ocrx_word' id='word_1_354' title='bbox 1115 2817 1376 2876; x_wconf 89' lang='lat' dir='ltr'>designatur</span> <span class='ocrx_word' id='word_1_355' title='bbox 1402 2817 1722 2860; x_wconf 87' lang='lat' dir='ltr'>convenientia</span> <span class='ocrx_word' id='word_1_356' title='bbox 1749 2831 1855 2860; x_wconf 90' lang='lat' dir='ltr'>cum</span> <span class='ocrx_word' id='word_1_357' title='bbox 1882 2814 2079 2874; x_wconf 89' lang='lat' dir='ltr'>quadam</span> 
     </span>
     <span class='ocr_line' id='line_1_36' title="bbox 46 2881 2081 2943; baseline 0 -19"><span class='ocrx_word' id='word_1_358' title='bbox 46 2886 58 2894; x_wconf 72' lang='grc'>”</span> <span class='ocrx_word' id='word_1_359' title='bbox 119 2881 424 2935; x_wconf 88' lang='lat' dir='ltr'>distinctione,</span> <span class='ocrx_word' id='word_1_360' title='bbox 450 2891 500 2925; x_wconf 90' lang='lat' dir='ltr'>ut</span> <span class='ocrx_word' id='word_1_361' title='bbox 523 2896 659 2941; x_wconf 88' lang='lat' dir='ltr'>supra</span> <span class='ocrx_word' id='word_1_362' title='bbox 684 2883 856 2927; x_wconf 90' lang='lat' dir='ltr'>dictum</span> <span class='ocrx_word' id='word_1_363' title='bbox 883 2893 950 2928; x_wconf 89' lang='lat' dir='ltr'>est</span> <span class='ocrx_word' id='word_1_364' title='bbox 978 2884 1078 2940; x_wconf 86' lang='lat' dir='ltr'>(art.</span> <span class='ocrx_word' id='word_1_365' title='bbox 1105 2885 1282 2943; x_wconf 71' lang='lat' dir='ltr'>praec).</span> <span class='ocrx_word' id='word_1_366' title='bbox 1315 2883 1455 2936; x_wconf 90' lang='lat' dir='ltr'>Quod</span> <span class='ocrx_word' id='word_1_367' title='bbox 1483 2884 1671 2942; x_wconf 90' lang='lat' dir='ltr'>quidem</span> <span class='ocrx_word' id='word_1_368' title='bbox 1702 2893 1854 2942; x_wconf 87' lang='lat' dir='ltr'>potest</span> <span class='ocrx_word' id='word_1_369' title='bbox 1879 2897 1975 2926; x_wconf 90' lang='lat' dir='ltr'>esse</span> <span class='ocrx_word' id='word_1_370' title='bbox 2009 2882 2081 2925; x_wconf 83' lang='lat' dir='ltr'>tri-</span> 
     </span>
     <span class='ocr_line' id='line_1_37' title="bbox 20 2946 2081 3009; baseline -0.001 -16"><span class='ocrx_word' id='word_1_371' title='bbox 20 2946 54 3005; x_wconf 41' lang='grc' dir='ltr'><strong><em>ᾖ</em></strong></span> <span class='ocrx_word' id='word_1_372' title='bbox 114 2949 314 3009; x_wconf 75' lang='lat' dir='ltr'>pliciter:</span> <span class='ocrx_word' id='word_1_373' title='bbox 341 2963 423 2992; x_wconf 87' lang='lat' dir='ltr'>uno</span> <span class='ocrx_word' id='word_1_374' title='bbox 449 2949 585 3003; x_wconf 77' lang='lat' dir='ltr'>mode,</span> <span class='ocrx_word' id='word_1_375' title='bbox 613 2959 663 2993; x_wconf 88' lang='lat' dir='ltr'>ut</span> <span class='ocrx_word' id='word_1_376' title='bbox 688 2950 744 2993; x_wconf 92' lang='lat' dir='ltr'>sit</span> <span class='ocrx_word' id='word_1_377' title='bbox 770 2950 1091 2995; x_wconf 89' lang='lat' dir='ltr'>convenientia</span> <span class='ocrx_word' id='word_1_378' title='bbox 1117 2951 1163 2995; x_wconf 90' lang='lat' dir='ltr'>in</span> <span class='ocrx_word' id='word_1_379' title='bbox 1190 2962 1366 3005; x_wconf 90' lang='lat' dir='ltr'>natura,</span> <span class='ocrx_word' id='word_1_380' title='bbox 1399 2961 1444 2995; x_wconf 92' lang='lat' dir='ltr'>et</span> <span class='ocrx_word' id='word_1_381' title='bbox 1470 2951 1699 2994; x_wconf 85' lang='lat' dir='ltr'>distinctio</span> <span class='ocrx_word' id='word_1_382' title='bbox 1725 2951 1771 2993; x_wconf 91' lang='lat' dir='ltr'>in</span> <span class='ocrx_word' id='word_1_383' title='bbox 1789 2962 1997 3008; x_wconf 87' lang='lat' dir='ltr'>persona.</span> <span class='ocrx_word' id='word_1_384' title='bbox 2024 2947 2081 2991; x_wconf 90' lang='lat' dir='ltr'>Et</span> 
     </span>
     <span class='ocr_line' id='line_1_38' title="bbox 118 3014 2081 3075; baseline -0.001 -16.088"><span class='ocrx_word' id='word_1_385' title='bbox 118 3014 184 3060; x_wconf 87' lang='lat' dir='ltr'>sic</span> <span class='ocrx_word' id='word_1_386' title='bbox 211 3015 436 3069; x_wconf 85' lang='lat' dir='ltr'>Christus,</span> <span class='ocrx_word' id='word_1_387' title='bbox 462 3016 715 3059; x_wconf 88' lang='lat' dir='ltr'>secundum</span> <span class='ocrx_word' id='word_1_388' title='bbox 737 3017 860 3075; x_wconf 91' lang='lat' dir='ltr'>quod</span> <span class='ocrx_word' id='word_1_389' title='bbox 885 3016 1023 3062; x_wconf 88' lang='lat' dir='ltr'>Filius</span> <span class='ocrx_word' id='word_1_390' title='bbox 1046 3018 1148 3072; x_wconf 90' lang='lat' dir='ltr'>Dei,</span> <span class='ocrx_word' id='word_1_391' title='bbox 1167 3019 1293 3062; x_wconf 89' lang='lat' dir='ltr'>sedet</span> <span class='ocrx_word' id='word_1_392' title='bbox 1316 3018 1371 3062; x_wconf 90' lang='lat' dir='ltr'>ad</span> <span class='ocrx_word' id='word_1_393' title='bbox 1390 3018 1619 3062; x_wconf 87' lang='lat' dir='ltr'>dexteram</span> <span class='ocrx_word' id='word_1_394' title='bbox 1638 3017 1798 3069; x_wconf 88' lang='lat' dir='ltr'>Patris,</span> <span class='ocrx_word' id='word_1_395' title='bbox 1816 3017 1921 3074; x_wconf 87' lang='lat' dir='ltr'>quia</span> <span class='ocrx_word' id='word_1_396' title='bbox 1943 3014 2081 3058; x_wconf 84' lang='lat' dir='ltr'>habet</span> 
     </span>
     <span class='ocr_line' id='line_1_39' title="bbox 120 3081 2079 3143; baseline 0 -19.958"><span class='ocrx_word' id='word_1_397' title='bbox 120 3082 333 3126; x_wconf 89' lang='lat' dir='ltr'>eamdem</span> <span class='ocrx_word' id='word_1_398' title='bbox 359 3092 569 3126; x_wconf 88' lang='lat' dir='ltr'>naturam</span> <span class='ocrx_word' id='word_1_399' title='bbox 589 3096 695 3126; x_wconf 89' lang='lat' dir='ltr'>cum</span> <span class='ocrx_word' id='word_1_400' title='bbox 718 3082 876 3138; x_wconf 82' lang='lat' dir='ltr'>Patre3</span> <span class='ocrx_word' id='word_1_401' title='bbox 903 3085 1021 3128; x_wconf 90' lang='lat' dir='ltr'>unde</span> <span class='ocrx_word' id='word_1_402' title='bbox 1049 3086 1278 3143; x_wconf 85' lang='lat' dir='ltr'>praedicta</span> <span class='ocrx_word' id='word_1_403' title='bbox 1319 3085 1598 3129; x_wconf 87' lang='lat' dir='ltr'>conveniunt</span> <span class='ocrx_word' id='word_1_404' title='bbox 1623 3082 1922 3128; x_wconf 87' lang='lat' dir='ltr'>essentialiter</span> <span class='ocrx_word' id='word_1_405' title='bbox 1947 3081 2079 3135; x_wconf 88' lang='lat' dir='ltr'>Filio,</span> 
     </span>
    </p>
   </div>
   <div class='ocr_carea' id='block_1_20' title="bbox 119 3149 2076 3210">
    <p class='ocr_par' dir='ltr' id='par_1_22' title="bbox 119 3149 2076 3210">
     <span class='ocr_line' id='line_1_40' title="bbox 119 3149 2076 3210; baseline -0.001 -18"><span class='ocrx_word' id='word_1_406' title='bbox 119 3149 236 3193; x_wconf 89' lang='lat' dir='ltr'>sicut</span> <span class='ocrx_word' id='word_1_407' title='bbox 260 3159 304 3193; x_wconf 90' lang='lat' dir='ltr'>et</span> <span class='ocrx_word' id='word_1_408' title='bbox 329 3149 475 3203; x_wconf 91' lang='lat' dir='ltr'>Patri;</span> <span class='ocrx_word' id='word_1_409' title='bbox 503 3158 548 3193; x_wconf 90' lang='lat' dir='ltr'>et</span> <span class='ocrx_word' id='word_1_410' title='bbox 568 3149 659 3193; x_wconf 89' lang='lat' dir='ltr'>hoc</span> <span class='ocrx_word' id='word_1_411' title='bbox 682 3160 749 3194; x_wconf 88' lang='lat' dir='ltr'>est</span> <span class='ocrx_word' id='word_1_412' title='bbox 766 3163 864 3195; x_wconf 86' lang='lat' dir='ltr'>esse</span> <span class='ocrx_word' id='word_1_413' title='bbox 881 3150 927 3194; x_wconf 91' lang='lat' dir='ltr'>in</span> <span class='ocrx_word' id='word_1_414' title='bbox 950 3151 1219 3210; x_wconf 85' lang='lat' dir='ltr'>aequalitate</span> <span class='ocrx_word' id='word_1_415' title='bbox 1241 3152 1412 3196; x_wconf 87' lang='lat' dir='ltr'>Patris:</span> <span class='ocrx_word' id='word_1_416' title='bbox 1440 3153 1523 3195; x_wconf 83' lang='lat' dir='ltr'>alio</span> <span class='ocrx_word' id='word_1_417' title='bbox 1550 3151 1671 3195; x_wconf 89' lang='lat' dir='ltr'>modo</span> <span class='ocrx_word' id='word_1_418' title='bbox 1699 3149 1952 3194; x_wconf 89' lang='lat' dir='ltr'>secundum</span> <span class='ocrx_word' id='word_1_419' title='bbox 1980 3162 2076 3206; x_wconf 86' lang='lat' dir='ltr'>gra-</span> 
     </span>
    </p>
   </div>
   <div class='ocr_carea' id='block_1_21' title="bbox 16 3201 2076 3275">
    <p class='ocr_par' dir='ltr' id='par_1_23' title="bbox 16 3201 2076 3275">
     <span class='ocr_line' id='line_1_41' title="bbox 16 3201 2076 3275; baseline -0.001 -15"><span class='ocrx_word' id='word_1_420' title='bbox 16 3201 41 3254; x_wconf 52' lang='grc' dir='ltr'>’ἶ</span> <span class='ocrx_word' id='word_1_421' title='bbox 118 3216 228 3261; x_wconf 86' lang='lat' dir='ltr'>tiam</span> <span class='ocrx_word' id='word_1_422' title='bbox 257 3217 453 3270; x_wconf 91' lang='lat' dir='ltr'>unionis,</span> <span class='ocrx_word' id='word_1_423' title='bbox 480 3229 595 3275; x_wconf 86' lang='lat' dir='ltr'>quae</span> <span class='ocrx_word' id='word_1_424' title='bbox 622 3218 838 3275; x_wconf 88' lang='lat' dir='ltr'>importat</span> <span class='ocrx_word' id='word_1_425' title='bbox 868 3230 894 3261; x_wconf 89' lang='lat' dir='ltr'>e</span> <span class='ocrx_word' id='word_1_426' title='bbox 926 3231 1148 3264; x_wconf 87' lang='lat' dir='ltr'>converso</span> <span class='ocrx_word' id='word_1_427' title='bbox 1183 3219 1521 3263; x_wconf 88' lang='lat' dir='ltr'>distinctionem</span> <span class='ocrx_word' id='word_1_428' title='bbox 1554 3229 1756 3270; x_wconf 87' lang='lat' dir='ltr'>naturae,</span> <span class='ocrx_word' id='word_1_429' title='bbox 1784 3227 1827 3260; x_wconf 91' lang='lat' dir='ltr'>et</span> <span class='ocrx_word' id='word_1_430' title='bbox 1854 3216 2076 3259; x_wconf 86' lang='lat' dir='ltr'>unitatem</span> 
     </span>
    </p>
   </div>
   <div class='ocr_carea' id='block_1_22' title="bbox 36 3281 2079 3344">
    <p class='ocr_par' dir='ltr' id='par_1_24' title="bbox 36 3281 2079 3344">
     <span class='ocr_line' id='line_1_42' title="bbox 36 3281 2079 3344; baseline -0.002 -16"><span class='ocrx_word' id='word_1_431' title='bbox 36 3287 47 3334; x_wconf 72' lang='grc' dir='ltr'>ξ</span> <span class='ocrx_word' id='word_1_432' title='bbox 119 3297 365 3344; x_wconf 89' lang='lat' dir='ltr'>personae:</span> <span class='ocrx_word' id='word_1_433' title='bbox 394 3294 439 3328; x_wconf 90' lang='lat' dir='ltr'>et</span> <span class='ocrx_word' id='word_1_434' title='bbox 459 3284 712 3328; x_wconf 88' lang='lat' dir='ltr'>secundum</span> <span class='ocrx_word' id='word_1_435' title='bbox 738 3283 830 3327; x_wconf 86' lang='lat' dir='ltr'>hoc</span> <span class='ocrx_word' id='word_1_436' title='bbox 855 3283 1079 3339; x_wconf 89' lang='lat' dir='ltr'>Christus,</span> <span class='ocrx_word' id='word_1_437' title='bbox 1101 3286 1351 3330; x_wconf 89' lang='lat' dir='ltr'>secundum</span> <span class='ocrx_word' id='word_1_438' title='bbox 1379 3284 1503 3344; x_wconf 89' lang='lat' dir='ltr'>quod</span> <span class='ocrx_word' id='word_1_439' title='bbox 1529 3285 1688 3335; x_wconf 91' lang='lat' dir='ltr'>homo,</span> <span class='ocrx_word' id='word_1_440' title='bbox 1713 3293 1780 3326; x_wconf 90' lang='lat' dir='ltr'>est</span> <span class='ocrx_word' id='word_1_441' title='bbox 1810 3282 1948 3325; x_wconf 84' lang='lat' dir='ltr'>Filius</span> <span class='ocrx_word' id='word_1_442' title='bbox 1975 3281 2079 3335; x_wconf 90' lang='lat' dir='ltr'>Dei,</span> 
     </span>
    </p>
   </div>
   <div class='ocr_carea' id='block_1_23' title="bbox 39 3347 2078 3410">
    <p class='ocr_par' dir='ltr' id='par_1_25' title="bbox 39 3343 2078 3410">
     <span class='ocr_line' id='line_1_43' title="bbox 39 3347 2078 3410; baseline -0.002 -14"><span class='ocrx_word' id='word_1_443' title='bbox 39 3383 42 3385; x_wconf 54' lang='lat'>&gt;</span> <span class='ocrx_word' id='word_1_444' title='bbox 120 3361 165 3396; x_wconf 91' lang='lat' dir='ltr'>et</span> <span class='ocrx_word' id='word_1_445' title='bbox 179 3365 258 3410; x_wconf 89' lang='lat' dir='ltr'>per</span> <span class='ocrx_word' id='word_1_446' title='bbox 279 3365 563 3410; x_wconf 88' lang='lat' dir='ltr'>consequens</span> <span class='ocrx_word' id='word_1_447' title='bbox 586 3351 746 3395; x_wconf 88' lang='lat' dir='ltr'>sedens</span> <span class='ocrx_word' id='word_1_448' title='bbox 770 3350 824 3395; x_wconf 90' lang='lat' dir='ltr'>ad</span> <span class='ocrx_word' id='word_1_449' title='bbox 842 3350 1072 3396; x_wconf 87' lang='lat' dir='ltr'>dexteram</span> <span class='ocrx_word' id='word_1_450' title='bbox 1090 3353 1256 3406; x_wconf 91' lang='lat' dir='ltr'>Patris;</span> <span class='ocrx_word' id='word_1_451' title='bbox 1274 3353 1335 3397; x_wconf 91' lang='lat' dir='ltr'>ita</span> <span class='ocrx_word' id='word_1_452' title='bbox 1351 3362 1506 3396; x_wconf 91' lang='lat' dir='ltr'>tamen</span> <span class='ocrx_word' id='word_1_453' title='bbox 1525 3350 1646 3409; x_wconf 91' lang='lat' dir='ltr'>quod</span> <span class='ocrx_word' id='word_1_454' title='bbox 1666 3350 1712 3408; x_wconf 90' lang='lat' dir='ltr'>ly</span> <span class='ocrx_word' id='word_1_455' title='bbox 1730 3348 1951 3393; x_wconf 83' lang='lat' dir='ltr'>secundum</span> <span class='ocrx_word' id='word_1_456' title='bbox 1970 3347 2078 3407; x_wconf 85' lang='lat' dir='ltr'>quod</span> 
     </span>
    </p>
   </div>
   <div class='ocr_carea' id='block_1_24' title="bbox 32 3405 2078 3614">
    <p class='ocr_par' dir='ltr' id='par_1_26' title="bbox 30 3405 2078 3614">
     <span class='ocr_line' id='line_1_44' title="bbox 45 3405 2078 3477; baseline -0.001 -16"><span class='ocrx_word' id='word_1_457' title='bbox 45 3405 47 3461; x_wconf 67' lang='lat' dir='ltr'>ss</span> <span class='ocrx_word' id='word_1_458' title='bbox 118 3431 214 3463; x_wconf 89' lang='lat' dir='ltr'>non</span> <span class='ocrx_word' id='word_1_459' title='bbox 239 3418 446 3477; x_wconf 86' lang='lat' dir='ltr'>designet</span> <span class='ocrx_word' id='word_1_460' title='bbox 467 3418 778 3462; x_wconf 89' lang='lat' dir='ltr'>conditionem</span> <span class='ocrx_word' id='word_1_461' title='bbox 804 3428 1008 3472; x_wconf 89' lang='lat' dir='ltr'>naturae,</span> <span class='ocrx_word' id='word_1_462' title='bbox 1034 3419 1113 3463; x_wconf 89' lang='lat' dir='ltr'>sed</span> <span class='ocrx_word' id='word_1_463' title='bbox 1142 3420 1363 3463; x_wconf 87' lang='lat' dir='ltr'>unitatem</span> <span class='ocrx_word' id='word_1_464' title='bbox 1390 3417 1626 3477; x_wconf 90' lang='lat' dir='ltr'>suppositi,</span> <span class='ocrx_word' id='word_1_465' title='bbox 1661 3426 1707 3459; x_wconf 92' lang='lat' dir='ltr'>ut</span> <span class='ocrx_word' id='word_1_466' title='bbox 1739 3429 1872 3474; x_wconf 89' lang='lat' dir='ltr'>supra</span> <span class='ocrx_word' id='word_1_467' title='bbox 1905 3414 2078 3459; x_wconf 89' lang='lat' dir='ltr'>dictum</span> 
     </span>
     <span class='ocr_line' id='line_1_45' title="bbox 32 3481 2075 3548; baseline -0.002 -18"><span class='ocrx_word' id='word_1_468' title='bbox 32 3534 39 3548; x_wconf 28' lang='lat'>,⁷</span> <span class='ocrx_word' id='word_1_469' title='bbox 121 3494 190 3530; x_wconf 84' lang='lat' dir='ltr'>est</span> <span class='ocrx_word' id='word_1_470' title='bbox 212 3485 274 3544; x_wconf 86' lang='lat' dir='ltr'>(q.</span> <span class='ocrx_word' id='word_1_471' title='bbox 296 3485 364 3530; x_wconf 81' lang='lat'>16.</span> <span class='ocrx_word' id='word_1_472' title='bbox 391 3491 473 3530; x_wconf 82' lang='lat' dir='ltr'>art.</span> <span class='ocrx_word' id='word_1_473' title='bbox 491 3485 607 3542; x_wconf 29' lang='lat' dir='ltr'>ro..):</span> <span class='ocrx_word' id='word_1_474' title='bbox 635 3486 755 3530; x_wconf 82' lang='lat' dir='ltr'>tertio</span> <span class='ocrx_word' id='word_1_475' title='bbox 773 3483 892 3528; x_wconf 86' lang='lat' dir='ltr'>modo</span> <span class='ocrx_word' id='word_1_476' title='bbox 914 3495 1064 3544; x_wconf 91' lang='lat' dir='ltr'>potest</span> <span class='ocrx_word' id='word_1_477' title='bbox 1084 3486 1340 3544; x_wconf 87' lang='lat' dir='ltr'>praedictus</span> <span class='ocrx_word' id='word_1_478' title='bbox 1368 3498 1577 3528; x_wconf 89' lang='lat' dir='ltr'>accessus</span> <span class='ocrx_word' id='word_1_479' title='bbox 1603 3482 1795 3540; x_wconf 89' lang='lat' dir='ltr'>intelligi</span> <span class='ocrx_word' id='word_1_480' title='bbox 1821 3481 2075 3526; x_wconf 88' lang='lat' dir='ltr'>secundum</span> 
     </span>
     <span class='ocr_line' id='line_1_46' title="bbox 121 3548 2078 3614; baseline -0.002 -17.222"><span class='ocrx_word' id='word_1_481' title='bbox 121 3551 315 3614; x_wconf 81' lang='lat' dir='ltr'>gratiam</span> <span class='ocrx_word' id='word_1_482' title='bbox 339 3551 633 3606; x_wconf 90' lang='lat' dir='ltr'>habitualem,</span> <span class='ocrx_word' id='word_1_483' title='bbox 660 3565 776 3610; x_wconf 89' lang='lat' dir='ltr'>quae</span> <span class='ocrx_word' id='word_1_484' title='bbox 794 3550 1093 3596; x_wconf 87' lang='lat' dir='ltr'>abundantior</span> <span class='ocrx_word' id='word_1_485' title='bbox 1111 3562 1179 3597; x_wconf 89' lang='lat' dir='ltr'>est</span> <span class='ocrx_word' id='word_1_486' title='bbox 1194 3552 1240 3596; x_wconf 90' lang='lat' dir='ltr'>in</span> <span class='ocrx_word' id='word_1_487' title='bbox 1258 3552 1445 3596; x_wconf 90' lang='lat' dir='ltr'>Christo</span> <span class='ocrx_word' id='word_1_488' title='bbox 1463 3564 1570 3609; x_wconf 88' lang='lat' dir='ltr'>prae</span> <span class='ocrx_word' id='word_1_489' title='bbox 1597 3549 1811 3593; x_wconf 91' lang='lat' dir='ltr'>omnibus</span> <span class='ocrx_word' id='word_1_490' title='bbox 1838 3548 1938 3593; x_wconf 91' lang='lat' dir='ltr'>aliis</span> <span class='ocrx_word' id='word_1_491' title='bbox 1956 3562 2078 3593; x_wconf 89' lang='lat' dir='ltr'>crea·</span> 
     </span>
    </p>
   </div>
   <div class='ocr_carea' id='block_1_25' title="bbox 120 3615 2078 3679">
    <p class='ocr_par' dir='ltr' id='par_1_27' title="bbox 22 3610 2078 3685">
     <span class='ocr_line' id='line_1_47' title="bbox 120 3615 2078 3679; baseline -0.002 -14.238"><span class='ocrx_word' id='word_1_492' title='bbox 120 3619 246 3675; x_wconf 84' lang='lat' dir='ltr'>turis,</span> <span class='ocrx_word' id='word_1_493' title='bbox 270 3621 496 3665; x_wconf 87' lang='lat' dir='ltr'>intantum</span> <span class='ocrx_word' id='word_1_494' title='bbox 521 3619 644 3679; x_wconf 94' lang='lat' dir='ltr'>quod</span> <span class='ocrx_word' id='word_1_495' title='bbox 664 3619 763 3678; x_wconf 90' lang='lat' dir='ltr'>ipsa</span> <span class='ocrx_word' id='word_1_496' title='bbox 787 3629 948 3664; x_wconf 87' lang='lat' dir='ltr'>natura</span> <span class='ocrx_word' id='word_1_497' title='bbox 964 3618 1168 3664; x_wconf 89' lang='lat' dir='ltr'>humana</span> <span class='ocrx_word' id='word_1_498' title='bbox 1185 3619 1232 3663; x_wconf 90' lang='lat' dir='ltr'>in</span> <span class='ocrx_word' id='word_1_499' title='bbox 1250 3619 1438 3664; x_wconf 90' lang='lat' dir='ltr'>Christo</span> <span class='ocrx_word' id='word_1_500' title='bbox 1456 3626 1524 3662; x_wconf 90' lang='lat' dir='ltr'>est</span> <span class='ocrx_word' id='word_1_501' title='bbox 1539 3616 1715 3661; x_wconf 89' lang='lat' dir='ltr'>beatior</span> <span class='ocrx_word' id='word_1_502' title='bbox 1742 3615 1931 3661; x_wconf 89' lang='lat' dir='ltr'>caeteris</span> <span class='ocrx_word' id='word_1_503' title='bbox 1957 3629 2078 3661; x_wconf 91' lang='lat' dir='ltr'>crea-</span> 
     </span>
    </p>
   </div>
   <div class='ocr_carea' id='block_1_26' title="bbox 0 0 56 3771">
    <p class='ocr_par' dir='ltr' id='par_1_28' title="bbox 0 0 56 3771">
     <span class='ocr_line' id='line_1_48' title="bbox 0 0 56 3771; baseline 0 0"><span class='ocrx_word' id='word_1_504' title='bbox 0 0 56 3771; x_wconf 95' lang='lat' dir='ltr'> </span> 
     </span>
    </p>
   </div>
  </div>
 </body>
</html>
