2352 3926
645 220 924 268 Qumis'no
966 220 1023 260 11.
1063 219 1372 261 ARTICULUS
1412 219 1487 259 1x.
1985 221 2053 276 45

20 310 29 343 Ῐ
96 323 206 371 licet
228 324 413 370 unitatis
443 323 625 368 divinae
654 336 893 382 personae,
923 335 1020 367 non
1053 332 1206 367 autem
1238 322 1414 367 ratione
1445 331 1633 367 naturae
1664 321 1908 375 humanae,
1942 335 2059 381 quae

42 426 47 439 2
94 405 191 438 non
217 402 285 436 est
308 392 407 451 ipsa
432 391 578 435 unitas
607 390 786 434 divinae
812 403 1051 450 personae,
1077 389 1155 433 sed
1184 399 1252 434 est
1277 390 1318 434 ei
1344 389 1483 434 unita.

185 458 262 503 An
288 471 549 504 SECUNDUM
575 456 835 511 dicendum,
861 457 983 516 quod
998 457 1113 501 ratio
1130 455 1209 500 illa
1235 457 1441 516 procedit
1465 471 1517 501 ex
1536 466 1662 516 parte
1689 456 2058 514 conjunctorum,

93 539 191 572 mm
213 535 367 570 autem
394 539 448 570 ex
474 534 599 584 parte
626 538 864 584 personae,
891 524 938 567 in
965 537 1054 583 qua
1079 522 1198 567 facta
1226 533 1293 567 est
1318 523 1442 567 unio.

183 592 261 637 AD
293 604 509 637 TERTmM
542 590 804 645 dicendum,
830 591 951 650 quod
979 590 1129 634 unitas
1155 590 1334 634 divinae
1362 603 1585 648 personae
1617 600 1685 634 est
1715 590 1864 649 major
1894 588 2058 643 unitas,

95 673 235 721 quam
250 659 398 703 unitas
426 668 470 703 et
494 671 732 718 personae,
759 668 803 702 et
834 668 1023 702 naturae
1055 657 1101 701 in
1124 657 1280 711 nobis3
1305 666 1349 700 et
1370 656 1473 701 ideo
1503 658 1611 708 unio
1637 656 1965 701 incarnationis
1991 665 2060 700 est

26 737 32 748 ²
94 728 259 786 major,
284 740 424 786 quam
451 727 559 770 unio
583 725 778 779 animae,
806 734 851 769 et
867 724 1072 782 corporis
1090 724 1136 768 in
1158 723 1316 777 nobis3
1345 723 1450 782 quia
1475 738 1586 767 vero
1614 723 1724 768 illud
1746 723 1868 784 quod
1885 723 1932 767 in
1954 737 2060 767 con-

92 793 283 840 trarium
309 793 533 851 objicitur,
558 791 724 836 falsum
751 791 979 851 supponit,
1006 790 1181 835 scilicet
1206 790 1329 849 quod
1347 791 1495 848 maior
1513 790 1570 834 sit
1586 791 1694 834 unio
1716 790 2059 844 incarnationis,

94 874 234 922 quam
255 860 403 905 unitas
428 873 726 920 personarum
743 858 999 903 divinarum
1016 860 1061 902 in
1081 858 1290 911 essentia,
1309 857 1553 901 dicendum
1572 867 1638 901 est
1655 857 1711 901 ad
1738 857 2058 902 auctoritatem

93 927 354 987 Augustini,
379 927 502 987 quod
528 927 731 970 humana
756 936 916 970 natura
941 939 1036 969 non
1063 935 1130 969 est
1156 925 1303 982 magis
1319 924 1366 968 in
1383 924 1417 968 F
1428 924 1507 967 ilio
1525 924 1627 978 Dei,
1646 939 1784 983 quam
1809 924 1948 969 Filius
1969 924 2059 968 Dei

93 995 143 1042 in
165 995 315 1049 Patre,
341 994 420 1040 sed
446 994 592 1038 multo
620 995 794 1037 minus:
821 992 900 1037 sed
930 993 1027 1051 ipse
1053 992 1198 1036 homo
1231 1001 1452 1050 quantum
1485 990 1541 1035 ad
1568 990 1736 1050 aliquid
1769 1001 1838 1035 est
1867 991 1914 1034 in
1939 990 2056 1035 Filio

93 1062 257 1122 magis,
279 1076 418 1121 quam
434 1060 572 1105 Filius
597 1060 644 1104 in
661 1060 817 1104 Patre:
845 1059 1114 1118 inquantum
1133 1058 1309 1103 scilicet
1323 1058 1447 1102 idem
1464 1058 1733 1117 supponitur
1756 1058 1804 1101 in
1825 1058 1915 1102 hoc
1933 1057 2057 1117 quod

94 1129 199 1175 dico
224 1129 384 1183 homo,
415 1138 551 1188 prout
575 1128 768 1172 sumitur
789 1141 871 1186 pro
900 1127 1102 1180 Christo,
1130 1136 1174 1170 et
1200 1126 1246 1170 in
1267 1126 1359 1171 hoc
1386 1126 1509 1186 quod
1536 1126 1640 1170 dico
1657 1125 1796 1170 Filius
1821 1126 1934 1170 Dei:
1961 1140 2057 1170 non

95 1206 247 1243 autem
274 1205 342 1241 est
370 1195 493 1240 idem
519 1195 804 1255 suppositum
830 1194 990 1249 Patris,
1017 1203 1062 1238 et
1087 1193 1203 1238 Filii.

800 1358 1234 1417 ARTICULUS
1276 1358 1347 1413 X.
1999 1371 2051 1418 16

206 1494 398 1534 UTRUM
437 1493 573 1533 UNIO
614 1493 845 1533 DUARUM
883 1494 1223 1533 NATURARUM
1262 1494 1318 1533 ΙΝ
1360 1493 1602 1532 CHRISTO
1645 1493 1730 1530 SIT
1771 1492 1952 1532 FACTA

869 1576 970 1614 PER
1010 1575 1274 1615 GRATIAM.

335 1686 466 1746 (Infr.
493 1700 532 1745 q.
556 1685 598 1731 6.
621 1691 657 1730 et
691 1685 799 1730 Veri.
826 1701 864 1745 q.
892 1701 962 1746 29.
989 1692 1071 1732 art.
1102 1699 1143 1733 Ι.
1169 1693 1208 1732 et
1228 1702 1264 1746 3.
1291 1687 1405 1732 Dist.
1431 1702 1486 1746 13.
1515 1701 1553 1746 q.
1575 1701 1612 1746 3.
1640 1693 1722 1731 art.
1744 1685 1818 1744 1.).

183 1803 260 1847 AD
281 1813 504 1847 DEcumM
529 1801 592 1845 sic
616 1800 889 1860 proceditur.
911 1800 1118 1854 Videtur,
1136 1800 1258 1859 quod
1275 1800 1383 1843 unio
1405 1799 1731 1843 incarnationis
1752 1812 1847 1842 non
1864 1798 1921 1843 sit
1935 1797 2056 1843 facta

94 1884 176 1932 per
201 1868 418 1928 gratiam:
446 1867 591 1927 gratia
618 1868 740 1912 enim
767 1877 836 1912 est
860 1867 1072 1911 accidens
1090 1867 1338 1926 quoddam,
1355 1876 1403 1910 ut
1419 1867 1466 1910 in
1484 1866 1683 1910 secunda
1700 1875 1826 1925 parte
1847 1865 2054 1910 habitum

94 1946 162 1983 est
185 1938 283 1995 (1-2.
316 1950 354 1995 q.
381 1949 470 1981 no.
495 1940 577 1979 art.
604 1949 643 1980 2.
642 1934 696 1992 ).·
723 1935 802 1978 sed
827 1934 1059 1978 humanae
1084 1945 1272 1978 naturae
1300 1935 1408 1977 unio
1433 1934 1487 1977 ad
1514 1934 1715 1977 divinam
1732 1947 1826 1977 non
1849 1942 1916 1978 est
1935 1933 2056 1978 facta

92 2017 175 2065 per
197 2003 423 2056 accidens,
449 2011 499 2046 ut
523 2015 658 2060 supra
684 2011 920 2045 ostensum
943 2010 1009 2045 est
1035 2002 1138 2060 (art.
1167 2001 1209 2046 6.
1236 2001 1323 2059 huj.
1343 2015 1380 2059 q.
1380 2001 1432 2058 );
1467 2015 1577 2060 ergo
1595 2000 1786 2054 videtur,
1805 2001 1927 2060 quod
1944 2001 2054 2045 unio

5 2107 40 2130 a
92 2066 419 2117 incarnationis
444 2083 539 2113 non
565 2069 622 2113 sit
645 2067 765 2112 facta
787 2083 868 2128 per
894 2068 1102 2127 gratiam.

181 2150 221 2182 2.
248 2137 545 2182 PRAETEREA.
574 2135 760 2180 Gratiae
783 2136 1039 2194 subjectum
1063 2145 1131 2180 est
1157 2135 1333 2179 anima:
1362 2135 1456 2189 sed,
1483 2135 1599 2179 sicut
1620 2134 1783 2178 dicitur
1805 2134 1965 2179 Colos.
1989 2147 2055 2180 2.:

88 2205 146 2252 In>
171 2205 337 2252 Christo
363 2204 619 2248 inhabitavit
636 2203 853 2262 plenitudo
880 2203 1113 2248 divinitatis
1139 2203 1443 2262 corporaliter;
1478 2216 1588 2261 ergo
1615 2202 1806 2256 videtur,
1830 2203 1951 2262 quod
1978 2202 2056 2247 illa

90 2271 200 2319 unio
222 2285 317 2317 non
342 2271 400 2316 sit
420 2270 540 2316 facta
566 2284 645 2330 per
672 2272 880 2329 gratiam.

179 2333 221 2399 3.
247 2338 544 2384 PRAETEREA.
589 2337 796 2390 Quilibet
823 2337 1018 2382 Sanctus
1044 2337 1147 2381 Deo
1171 2337 1324 2381 unitur
1356 2351 1436 2396 per
1463 2337 1680 2396 gratiam;
1708 2338 1744 2381 si
1776 2337 1914 2395 igitur
1945 2337 2054 2382 unio

4 2393 22 2438 }
89 2406 415 2452 incarnationis
440 2405 533 2455 fuit
548 2419 628 2463 per
653 2405 863 2464 gratiam,
889 2404 1081 2459 videtur,
1108 2405 1230 2464 quod
1252 2419 1347 2449 non
1371 2404 1500 2448 aliter
1523 2404 1698 2449 dicatur
1721 2405 1930 2450 Christus
1958 2419 2055 2450 esse

89 2474 230 2529 Deus,
256 2488 395 2534 quam
421 2473 498 2518 alii
523 2472 669 2518 sancti
689 2472 919 2518 homines.

179 2541 274 2587 SED
308 2554 504 2586 CONTRA
532 2550 612 2594 est,
640 2539 762 2599 quod
789 2539 1072 2598 Augustinus
1100 2539 1209 2584 dicit
1229 2540 1275 2583 in
1301 2539 1378 2583 lib.
1412 2540 1466 2583 de
1499 2539 1919 2584 Praedestinatione
1947 2540 2056 2584 San-

6 2610 270 2664 ·3--‡“‘*ct0rum
297 2609 409 2668 (cap.
436 2608 515 2667 15.)
536 2623 549 2652 .·
571 2623 595 2649 t<
621 2607 686 2651 Ea
713 2606 857 2666 gratia
883 2606 933 2651 fit
951 2608 1004 2651 ab
1032 2607 1162 2651 initio
1189 2607 1295 2652 fidei
1321 2621 1429 2651 suae
1455 2607 1601 2651 homo
1624 2608 1901 2667 quicumque
1926 2608 2056 2652 Chri-

90 2676 276 2731 stianus,
293 2690 382 2735 qua
400 2675 545 2734 gratia
562 2675 707 2718 homo
725 2674 802 2718 ille
821 2675 874 2718 ab
893 2674 1023 2718 initio
1046 2688 1130 2718 suo
1152 2673 1298 2718 factus
1315 2684 1383 2718 est
1410 2674 1619 2718 Christus
1638 2689 1688 2718 »t
1708 2675 1786 2719 sed
1804 2675 1949 2719 horno
1976 2675 2053 2719 ille

89 2742 234 2789 faetus
259 2752 327 2787 est
353 2742 562 2787 Christus
588 2755 667 2800 per
692 2742 911 2785 unionem
939 2742 994 2785 ad
1022 2742 1223 2785 divinam
1250 2751 1485 2796 naturam3
1508 2756 1619 2801 ergo
1638 2744 1747 2787 unio
1767 2741 1843 2787 illa
1865 2742 1949 2787 fuit
1973 2757 2052 2802 per

6 2811 41 2868 454
91 2810 299 2870 gratiam.

177 2876 466 2922 Rsssponnno
485 2876 744 2931 dicendum,
761 2876 899 2935 quod,
916 2877 1033 2921 sicut
1047 2877 1094 2921 in
1113 2890 1152 2921 2.
1170 2887 1297 2936 parte
1315 2877 1487 2922 dictum
1505 2887 1572 2922 est
1588 2877 1694 2936 (1-2.
1713 2893 1751 2937 q.
1770 2893 1857 2923 110.
1877 2884 1959 2923 art.
1976 2878 2050 2936 L),

90 2943 235 3004 gratia
258 2943 477 3003 dupliciter
502 2943 687 2988 dicitur:
715 2958 797 2988 uno
822 2943 945 2988 modo
971 2945 1069 3003 ipsa
1086 2944 1299 2989 voluntas
1315 2945 1406 2989 Dei
1423 2945 1562 3003 gratis
1581 2945 1750 3004 aliquid
1773 2945 1944 2989 dantis:
1969 2945 2051 2989 alio

26 3026 34 3049 ;
89 3011 209 3056 modo
234 3011 384 3072 ipsum
411 3011 659 3070 gratuitum
695 3010 869 3055 donum
902 3012 1014 3055 Dei:
1042 3011 1214 3070 indiget
1250 3021 1404 3056 autem
1437 3013 1640 3056 humana
1671 3021 1832 3056 natura
1859 3011 2051 3069 gratuita

12 3076 34 3103 Ψ
89 3077 179 3124 Dei
202 3077 452 3133 voluntate,
479 3078 535 3122 ad
560 3079 652 3123 hoc
678 3079 801 3138 quod
829 3078 1030 3123 elevetur
1055 3080 1102 3122 in
1128 3080 1295 3133 Deum,
1324 3093 1430 3123 cum
1446 3080 1537 3123 hoc
1556 3079 1613 3124 sit
1633 3094 1767 3139 supra
1788 3078 2052 3123 facultatem

11 3140 44 3209 ᾗ,
90 3158 198 3190 suae
221 3155 437 3191 naturae:
465 3145 669 3190 elevatur
697 3156 850 3191 autem
875 3146 1079 3190 humana
1103 3156 1264 3191 natura
1296 3147 1342 3190 in
1368 3148 1522 3191 Deum
1547 3147 1790 3207 duplic-iter:
1817 3162 1898 3190 uno
1930 3145 2051 3191 modo

90 3225 170 3272 per
194 3212 523 3271 operationem,
549 3227 639 3272 qua
670 3213 847 3258 scilicet
871 3214 1016 3258 sancti
1043 3223 1344 3273 cognoscunt,
1373 3224 1417 3258 et
1439 3225 1595 3258 amant
1624 3215 1801 3258 Deum:
1830 3214 1912 3257 alio
1930 3212 2050 3257 modo

90 3291 169 3339 per
195 3293 293 3324 esse
320 3279 572 3338 personale,
599 3280 676 3340 qui
702 3280 887 3340 quidem
914 3281 1078 3325 modus
1103 3291 1170 3325 est
1186 3282 1427 3339 singularis
1449 3281 1649 3334 Christo,
1669 3283 1713 3325 in
1736 3294 1827 3339 quo
1849 3280 2052 3324 humana

90 3355 264 3400 natura,
292 3357 523 3406 assumpta
550 3357 617 3392 est
643 3349 698 3392 ad
724 3348 830 3402 hoc,
858 3349 980 3407 quod
1007 3348 1064 3392 sit
1090 3349 1134 3392 in
1162 3363 1357 3408 persona
1389 3349 1489 3393 Filii
1522 3348 1619 3392 Dei.
1659 3347 1951 3392 Manifestum
1985 3357 2052 3392 est

19 3412 54 3466 ἒς,
91 3423 259 3466 autem,
276 3413 397 3472 quod
424 3413 479 3457 ad
502 3413 830 3472 perfectionem
847 3416 1126 3475 operationis
1143 3416 1397 3475 requiritur,
1416 3415 1537 3474 quod
1556 3415 1756 3473 potentia
1780 3415 1836 3458 sit
1853 3414 2051 3473 perfecta

12 3497 24 3504 ·
89 3493 170 3538 per
192 3479 423 3523 habitum:
451 3480 527 3524 sed
555 3481 676 3540 quod
703 3491 863 3526 natura
889 3482 1055 3526 habeat
1081 3497 1178 3526 esse
1206 3485 1250 3526 in
1277 3482 1512 3541 supposito
1539 3495 1622 3524 suo
1640 3495 1733 3523 non
1752 3480 1800 3524 fit
1821 3481 2050 3526 mediante

19 3563 43 3610 »ᾗ
92 3546 243 3606 aliquo
269 3546 450 3601 habitu3
477 3547 540 3591 sic
569 3561 679 3606 ergo
706 3548 950 3593 dicendum
976 3559 1057 3602 est,
1084 3550 1205 3608 quod
1232 3550 1269 3593 si
1297 3551 1439 3607 gratia
1466 3548 1711 3606 accipiatur
1734 3548 1827 3606 ipsa
1860 3548 1948 3592 Dei
1974 3562 2051 3592 vo-

5 3614 58 3672 f}-
90 3612 239 3659 luntas
265 3613 404 3674 gratis
430 3612 599 3673 aliquid
624 3613 811 3669 faciens,
836 3615 911 3660 vel
936 3625 1131 3674 gratum,
1159 3630 1238 3659 seu
1257 3626 1495 3673 acceptum
1515 3613 1712 3673 aliquem
1735 3615 1922 3670 habens,
1939 3616 2048 3660 unio
