2352 3926
695 210 973 256 QUAsss'rlo
1015 210 1205 252 Lxxm.
1245 210 1555 252 sumemus
1595 211 1648 250 v.
2043 199 2146 269 643

183 310 460 357 Dominicae
477 312 716 371 passionis,
734 322 952 373 tanquam
974 314 1211 359 continens
1231 313 1381 374 ipsum
1400 314 1636 359 Christum
1653 327 1854 374 passum,
1872 322 1916 358 et
1932 313 2036 357 ideo
2053 327 2150 358 non

115 383 124 392 “
182 378 328 438 potuit
345 378 518 423 institui
541 380 1045 435 ante·incarnationem;
1063 381 1141 426 sed
1159 391 1266 426 tunc
1283 382 1513 426 habebant
1528 381 1685 426 locum
1703 390 2004 434 sacramenta,
2028 395 2145 440 quae

182 455 310 491 erant
335 455 514 490 tantum
540 446 889 506 praefigurativa
914 448 1191 492 Dominicae
1217 449 1454 507 passionis.

271 512 347 558 AD
381 525 598 559 TERTmM
617 514 876 568 dicendum,
903 516 1024 574 quod
1043 526 1379 559 sacramentum
1397 516 1515 560 istud
1532 514 1615 560 fuit
1632 515 1888 560 institutum
1904 514 1950 558 in
1970 514 2149 568 Coena,

180 588 229 623 ut
260 579 307 623 in
340 579 543 624 futurum
575 591 695 625 esset
725 581 996 626 memoriale
1028 582 1303 626 Dominicae
1335 583 1574 642 passionis,
1608 597 1661 628 ea
1692 581 1914 643 perfecta:
1942 581 2062 627 unde
2095 581 2150 626 si-

180 657 373 706 gnanter
397 647 676 692 dicit:·Haec
701 650 1029 707 quotiescumque
1044 649 1241 707 feceritis,
1274 649 1330 693 de
1355 648 1508 694 futuro
1534 649 1741 709 loquens.

268 713 346 758 AD
373 727 610 765 QUARTUM
635 714 896 769 dicendum,
921 715 1043 774 quod
1070 715 1293 759 institutio
1319 717 1564 775 respondet
1589 717 1736 761 ordini
1758 715 2038 761 intentionis.
2066 714 2146 760 Sa*

180 789 466 825 eramentum
481 791 634 826 autem
647 781 973 836 Eucharistiae,
987 782 1193 840 quamvis
1209 782 1266 826 sit
1281 783 1505 840 posterius
1530 783 1757 843 baptismo
1770 784 1816 827 in
1834 783 2145 843 perceptione,

178 856 246 892 est
269 857 426 892 tamen
451 850 574 907 prius
599 848 646 892 in
671 848 938 903 intentione,
966 858 1010 892 et
1040 849 1144 893 ideo
1178 849 1332 893 debuit
1363 850 1485 909 prius
1517 850 1704 895 institui.
1731 850 1820 896 Vel
1852 860 2002 910 potest
2031 850 2137 904 dici,

178 913 301 973 quod
322 914 572 975 baptismus
596 915 690 974 jam
717 924 812 960 erat
834 914 1090 974 aliqualiter
1110 915 1339 960 institutus
1360 917 1407 960 in
1429 917 1530 976 ipso
1559 917 1730 963 Christi
1755 918 1998 978 baptismo,
2020 916 2142 962 unde

178 990 224 1026 et
246 981 339 1039 jam
368 980 507 1042 aliqui
532 983 631 1042 ipso
659 982 832 1027 Christi
856 982 1085 1042 baptismo
1112 992 1240 1027 erant
1264 983 1491 1043 baptizati,
1514 994 1564 1029 ut
1588 983 1755 1043 legitur
1775 985 1907 1043 Joan.
1939 999 1976 1044 3.

864 1144 1298 1203 ARTICULUS
1339 1146 1438 1201 VI.
2054 1175 2140 1222 431

371 1281 564 1320 UTRUM
601 1281 783 1320 AGNUS
823 1281 1119 1321 PASCHALIS
1159 1282 1358 1322 FUERIT
1398 1282 1706 1327 PRAECIPUA
1747 1283 1953 1322 FIGURA

863 1364 1029 1418 HUJUS
1071 1366 1438 1404 SACRAMENTI.

518 1471 648 1531 (Insr.
675 1487 714 1538 q.
741 1474 811 1518 80.
840 1479 920 1517 art.
948 1489 1013 1519 10.
1042 1473 1096 1518 ad
1121 1489 1160 1519 2.
1187 1480 1225 1519 et
1250 1489 1293 1531 4.
1320 1475 1430 1519 Dist.
1459 1475 1499 1520 8.
1527 1489 1565 1533 q.
1592 1490 1628 1520 1.
1656 1481 1739 1519 art.
1766 1488 1806 1519 2.

723 1547 763 1585 et
786 1542 899 1586 Dist.
925 1556 988 1586 12.
1012 1557 1050 1600 q.
1073 1557 1110 1601 3.
1137 1549 1219 1588 art.
1246 1559 1281 1587 1.
1309 1557 1347 1601 q.
1369 1558 1406 1602 3.
1433 1542 1487 1586 ud
1511 1543 1585 1600 1.)-

262 1649 338 1694 ΑΒ
365 1662 557 1694 SEXTUM
583 1651 647 1693 sic
671 1652 946 1708 proceditur.
973 1653 1164 1693 Videtur
1182 1654 1303 1707 quod
1332 1643 1476 1706 agnus
1499 1645 1730 1706 paschalis
1751 1659 1846 1689 non
1871 1644 2004 1688 fuerit
2021 1659 2148 1704 prae-

174 1715 306 1782 cipua
341 1715 488 1775 figura
519 1716 655 1774 hujus
691 1717 988 1760 sacramenti:
1032 1714 1247 1760 Christus
1285 1715 1407 1758 enim
1443 1714 1605 1757 dicitur
1636 1713 1767 1771 (Psal.
1804 1712 1926 1772 109.)
1955 1712 2145 1756 sacerdos

171 1774 395 1827 secundum
420 1782 607 1827 ordinem
634 1782 939 1836 Melchisedech,
959 1793 1142 1842 propter
1166 1783 1258 1826 hoc
1286 1782 1408 1841 quod
1427 1780 1772 1825 Melchisedech
1791 1780 1931 1837 gessit
1948 1778 2140 1838 figuram

175 1849 385 1894 sacrificii
406 1849 593 1904 Christi,
620 1848 817 1894 offerens
843 1864 1024 1908 panem,
1053 1859 1097 1893 et
1120 1850 1302 1892 vinum:
1330 1849 1409 1893 sed
1430 1848 1660 1907 expressio
1688 1846 1996 1891 similitudinis
2019 1845 2142 1900 facit,

175 1917 298 1976 quod
324 1931 468 1960 unum
491 1917 545 1961 ab
574 1916 664 1961 alio
692 1917 1037 1971 denominetur3
1071 1930 1182 1975 ergo
1214 1916 1405 1970 videtur,
1437 1915 1562 1974 quod
1594 1914 1766 1959 oblatio
1798 1912 2142 1957 Melchisedech

170 1981 304 2028 fuerit
327 1984 567 2043 potissima
592 1983 737 2043 figura
761 1985 896 2043 hujus
923 1984 1210 2028 sacramenti.

261 2062 302 2095 2.
339 2051 636 2096 PRAETEREA.
680 2051 920 2096 Transitus
957 2052 1095 2096 maris
1132 2051 1274 2096 Rubri
1314 2050 1399 2095 fuit
1434 2050 1580 2109 figura
1619 2049 1847 2108 baptismi,
1888 2048 2141 2093 secundum

174 2114 287 2162 illud
315 2129 352 2161 1.
372 2117 483 2162 Cor.
515 2130 604 2162 10.:
627 2118 781 2162 Omnes
803 2120 1005 2175 baptizati
1029 2125 1125 2162 sunt
1149 2121 1193 2160 in
1214 2120 1335 2170 nube,
1363 2124 1400 2162 et
1424 2119 1469 2161 in
1494 2119 1609 2161 mari
1622 2132 1634 2162 .·
1653 2117 1732 2162 sed
1755 2115 2015 2160 immolatio
2035 2116 2142 2173 agni

171 2183 399 2244 paschalis
431 2184 679 2244 praecessit
702 2185 944 2228 transitum
978 2184 1117 2229 maris
1158 2184 1316 2238 Rubri,
1354 2198 1494 2243 quem
1529 2184 1823 2227 subsecutum
1853 2193 1920 2227 est
1955 2197 2142 2237 manna,

170 2251 287 2296 sicut
302 2251 590 2296 Eucharistia
608 2251 810 2311 sequitur
830 2251 1133 2311 baptismum3
1148 2265 1259 2310 ergo
1279 2265 1449 2295 manna
1471 2260 1539 2294 est
1566 2250 1820 2309 expressior
1836 2249 1981 2333 figura
2006 2250 2142 2309 hujus

170 2318 458 2372 sacramenti,
485 2332 624 2378 quam
649 2332 794 2377 agnus
820 2318 1062 2377 paschalis.

264 2399 302 2445 3.
320 2385 619 2430 PRAETEREA.
641 2385 889 2430 Potissima
913 2385 1054 2430 virtus
1079 2386 1214 2444 hujus
1232 2385 1508 2430 sacramenti
1535 2394 1616 2439 est,
1642 2385 1766 2444 quod
1787 2384 2034 2429 introducit
2054 2398 2141 2429 nos

171 2453 217 2497 in
240 2466 435 2512 regnum
463 2452 715 2507 coelorum,
743 2452 860 2498 sicut
885 2453 1117 2512 quoddam
1143 2453 1384 2498 viaticum:
1413 2452 1491 2496 sed
1517 2452 1608 2496 hoc
1636 2452 1837 2496 maxime
1863 2451 2140 2511 praefigura-

169 2528 270 2564 tum
293 2518 378 2564 fuit
401 2519 448 2563 in
470 2530 759 2564 sacramento
787 2520 1069 2580 expiationis,
1092 2521 1275 2579 quando
1301 2519 1503 2579 pontifex
1536 2519 1731 2565 intrabat
1762 2520 1906 2564 semel
1931 2519 1978 2563 in
2012 2533 2133 2563 anno

174 2598 281 2630 cum
307 2586 528 2645 sanguine
560 2587 607 2631 in
639 2597 797 2632 sancta
830 2597 1111 2642 sanctorum,
1143 2589 1259 2632 sicut
1291 2587 1526 2647 apostolus
1559 2587 1722 2646 probat
1754 2587 1891 2632 Hebr.
1925 2600 1989 2646 9.;
2024 2600 2135 2645 ergo

171 2655 362 2712 videtur,
379 2656 502 2716 quod
522 2655 633 2701 illud
660 2657 935 2701 sacrificium
950 2656 1084 2701 fuerit
1100 2657 1350 2717 expressior
1373 2656 1518 2716 figura
1534 2656 1671 2715 hujus
1688 2655 1977 2709 sacramenti,
1996 2668 2133 2713 quam

173 2737 318 2783 agnus
338 2721 582 2782 paschalis.

262 2790 357 2835 San
389 2802 586 2835 CONTRA
618 2799 699 2845 est,
733 2790 853 2850 quod
881 2791 1135 2852 Apostolus
1161 2791 1271 2836 dicit
1301 2805 1336 2836 1.
1365 2791 1474 2836 Cor.
1507 2804 1564 2848 5.:
1593 2790 1755 2835 Pascha
1776 2795 1964 2833 nostrum
1990 2790 2139 2833 immo·

173 2856 282 2902 latus
307 2863 366 2902 est
392 2856 608 2903 Christus:
635 2859 771 2916 itaque
797 2858 1012 2918 epulemur
1036 2861 1082 2903 in
1103 2861 1264 2920 azymis
1288 2860 1561 2918 synceritatiS,
1596 2864 1634 2903 et
1657 2859 1859 2902 veritatis.

207 2974 213 2982 .
261 2923 550 2969 RESPONDEO
577 2924 836 2979 dicendum,
864 2925 987 2984 quod
1018 2927 1065 2971 in
1097 2926 1188 2971 hoc
1221 2936 1510 2972 sacramento
1543 2925 1627 2969 tria
1661 2923 1948 2968 considerare
1981 2935 2137 2982 possu-

174 3005 300 3036 mus:
326 2990 502 3035 scilicet
526 2989 572 3034 id
598 2987 721 3050 quod
749 3001 815 3036 est
841 3002 1178 3037 sacramentum
1203 3002 1397 3047 tantum,
1415 2993 1537 3052 quod
1566 3001 1633 3036 est
1655 2990 1799 3050 panis,
1817 3000 1862 3034 et
1886 2990 2070 3045 vinum3
2093 2999 2140 3035 et

173 3058 218 3102 id
244 3057 367 3118 quod
391 3067 459 3102 est
483 3071 569 3112 res,
592 3067 637 3102 et
657 3069 1008 3114 sacramentum,
1035 3060 1210 3105 scilicet
1242 3074 1406 3119 corpus
1435 3059 1608 3113 Christi
1633 3072 1815 3111 verum;
1844 3067 1888 3101 et
1914 3057 2036 3116 quod
2071 3067 2139 3102 est

172 3139 244 3170 res
266 3135 459 3178 tantum,
486 3123 660 3170 scilicet
685 3123 871 3170 effectus
896 3126 1030 3186 hujus
1057 3129 1345 3172 sacramenti.
1376 3127 1614 3181 Quantum
1637 3125 1773 3183 igitur
1796 3125 1850 3168 ad
1867 3124 1911 3167 id
1930 3123 2052 3183 quod
2071 3135 2139 3168 est

173 3202 510 3237 sacramentum
536 3201 729 3246 tantum,
746 3192 986 3251 purissima
1012 3193 1157 3254 figura
1182 3194 1266 3239 fuit
1290 3195 1426 3252 hujus
1452 3192 1725 3237 sacramenti
1752 3191 1924 3235 oblatio
1950 3190 2141 3236 Melchi-

172 3259 354 3314 sedech,
383 3259 461 3318 qui
492 3258 656 3303 obtulit
682 3272 863 3318 panem,
886 3270 931 3304 et
960 3260 1132 3305 vinum.
1163 3261 1402 3314 Quantum
1437 3270 1588 3304 autern
1627 3259 1682 3303 ad
1719 3258 1870 3317 ipsum
1898 3258 2136 3303 Christum

172 3339 358 3387 passum
386 3326 462 3386 qui
476 3326 736 3371 continetur
756 3326 801 3369 in
818 3326 909 3370 hoc
931 3338 1234 3382 sacramento,
1257 3328 1402 3386 figura
1420 3328 1515 3384 ejus
1541 3325 1721 3370 fuerunt
1737 3324 1894 3369 omnia
1915 3324 2138 3369 sacrificia

172 3393 336 3438 veteris
363 3392 664 3447 Testamenti,
696 3392 938 3452 praecipue
970 3394 1243 3439 sacrificium
1276 3393 1558 3453 expiationis,
1591 3392 1713 3451 quod
1741 3401 1837 3435 erat
1862 3391 2140 3437 solemnissi-

173 3473 318 3504 mum.
346 3459 585 3513 Quantum
614 3469 766 3504 autem
794 3459 849 3504 ad
876 3459 1104 3515 effectum,
1130 3461 1213 3506 fuit
1238 3461 1482 3521 praecipua
1509 3461 1604 3518 eius
1631 3459 1775 3518 figura
1802 3472 1986 3514 manna,
2013 3460 2135 3519 quod

175 3526 350 3573 habebat
371 3529 418 3571 in
440 3541 480 3572 se
505 3527 638 3571 omnis
661 3528 822 3586 saporis
845 3529 1107 3582 suavitatem,
1134 3538 1185 3572 ut
1210 3528 1372 3584 dicitur
1399 3527 1504 3585 Sap.
1529 3525 1611 3580 16.,
1628 3525 1745 3571 sicut
1766 3535 1809 3570 et
1836 3525 1981 3585 gratia
2001 3526 2136 3586 hujus

174 3594 447 3639 sacramenti
478 3603 699 3654 quantum
737 3593 790 3637 ad
825 3593 983 3638 omnia
1012 3594 1157 3640 reficit
1186 3603 1405 3640 mentem.
1439 3593 1530 3638 Sed
1563 3607 1707 3653 agnus
1739 3592 1967 3653 paschalis
2000 3608 2140 3654 quan-
