2352 3926
254 183 365 253 276
449 232 453 237 ,
784 193 1063 240 omasi-10
1102 193 1276 234 xxxii.
1315 193 1624 249 uincimus
1662 194 1699 234 1.

255 308 321 344 est
350 298 407 357 (q.
426 311 489 357 37.
517 304 600 342 art.
626 296 710 353 1.),·
738 296 829 339 hoc
858 305 1012 340 autern
1039 310 1092 340 ex
1119 297 1321 340 maximo
1347 297 1437 342 Dei
1463 311 1621 342 amore
1647 297 1871 356 provenit,
1897 307 1946 343 ut
1969 297 2111 344 Filius
2125 298 2232 344 Dei·

252 379 438 410 carnem
459 365 544 408 sibi
571 372 821 407 assumeret
846 363 892 406 in
919 372 1048 407 utero
1075 362 1308 422 virginali:
1337 364 1455 410 unde
1481 365 1644 409 dicitur
1663 365 1795 423 Joan.
1826 379 1892 423 3.:
1918 366 1988 410 Sic
2009 366 2127 411 Deus
2157 365 2216 411 di·

254 434 352 478 lexit
386 431 603 485 mundum,
640 437 686 475 ut
720 430 880 474 Filium
911 445 1032 474 suum
1067 432 1323 490 unigenitum
1348 431 1493 485 daret,·
1531 432 1721 485 secund0,
1750 431 1856 491 quia
1886 431 1976 476 hoc
2004 433 2217 492 congruit

253 501 416 544 causae
443 497 769 541 incarnationis
801 511 854 540 ex
880 507 1006 555 parte
1031 507 1220 542 naturae
1243 509 1527 558 assumptae;
1554 514 1635 558 per
1659 499 1750 542 hoc
1779 499 1903 543 enim
1934 498 2066 544 datur
2089 498 2219 547 intel-

251 566 345 625 ligi,
372 565 494 624 quod
520 565 723 607 humana
745 574 905 607 natura
932 574 1165 624 assumpta
1186 575 1254 609 est
1275 580 1301 609 a
1323 565 1438 610 Filio
1457 566 1545 610 Dei
1561 566 1608 609 in
1627 566 1847 610 unitatem
1865 579 2103 624 personae,
2118 581 2215 612 non

252 648 305 677 ex
333 632 554 691 aliquibus
581 631 768 686 meritis,
794 630 874 675 sed
900 645 954 675 ex
979 632 1079 676 sola
1104 633 1265 691 gratia,
1291 647 1407 692 quae
1435 633 1623 692 Spiritui
1651 633 1822 677 Sancto
1856 633 2126 688 attribuitur,
2151 647 2217 679 se·

252 701 452 744 cundum
477 698 589 742 illud
621 712 656 742 1.
685 698 740 741 ad
769 698 878 743 Cor.
908 712 997 744 12.:
1025 700 1266 744 Divisiones
1289 702 1530 758 gratiarum
1561 706 1668 754 sunt,
1693 700 1802 744 idem
1832 706 1971 744 autem
2001 701 2214 759 Spiritus:

251 767 370 811 unde
398 767 516 824 Aug.
546 767 653 809 dicit
678 765 724 809 in
750 765 980 809 Enchirid.
1008 766 1120 825 (cap.
1147 766 1260 824 40.).·
1288 783 1311 807 (ι
1333 767 1422 811 Iste
1445 767 1625 821 modus,
1649 781 1739 826 quo
1763 777 1830 811 est
1850 777 1983 812 natus
2004 767 2217 812 Christus

252 835 306 878 de
335 834 503 892 Spiritu
532 833 718 887 Sancto,
746 833 943 876 insinuat
967 833 1099 876 nobis
1133 835 1328 891 gratiam
1349 834 1453 887 Dei,
1481 849 1570 893 qua
1600 834 1746 878 homo
1778 833 1914 878 nullis
1947 834 2219 894 praeceden-

249 902 367 945 tibus
393 900 581 954 meritis,
607 900 654 943 in
678 900 779 959 ipso
805 900 955 959 primo
979 901 1168 944 exordio
1194 910 1383 946 naturae
1405 915 1528 955 suae,
1546 916 1638 960 quo
1657 915 1755 946 esse
1774 901 1940 960 coepit,
1956 901 2111 946 Verbo
2126 893 2218 947 Dei

251 969 541 1028 copularetur
566 969 612 1011 in
637 976 813 1012 tantam
839 982 1063 1027 personae
1090 968 1326 1022 unitatem,
1354 978 1403 1012 ut
1433 968 1554 1012 idem
1588 969 1684 1028 ipse
1718 979 1838 1013 esset
1867 969 1986 1013 filius
2010 969 2114 1023 Dei,
2140 969 2219 1029 qui

251 1036 368 1080 filius
402 1035 620 1090 hominis,
657 1045 702 1079 et
733 1034 852 1079 filius
889 1035 1105 1089 hominis,
1134 1036 1210 1094 qui
1234 1035 1354 1079 filius
1393 1035 1482 1079 Dei
1503 1051 1556 1090 »3
1583 1037 1716 1090 tertio,
1745 1036 1851 1095 quia
1881 1035 1972 1080 hoc
2006 1036 2219 1096 congruit

249 1104 448 1149 termino
474 1102 823 1146 incarnationis:
860 1103 914 1146 ad
946 1103 1037 1146 hoc
1069 1102 1192 1146 enim
1217 1103 1460 1147 terminata
1492 1113 1559 1147 est
1589 1103 1860 1157 incarnatio,
1886 1113 1937 1148 ut
1960 1103 2107 1148 homo
2139 1100 2216 1148 ille

252 1171 329 1230 qui
355 1170 710 1228 concipiebatur,
738 1179 855 1213 esset
881 1180 1080 1222 sanctus,
1108 1178 1152 1213 et
1177 1169 1295 1214 filius
1321 1170 1439 1213 Dei:
1467 1180 1710 1228 utrumque
1733 1180 1888 1214 autem
1909 1171 2078 1215 horum
2101 1170 2218 1216 attri-

249 1238 400 1282 buitur
427 1237 613 1296 Spiritui
642 1236 837 1280 Sancto:
865 1251 973 1280 nam
1000 1251 1080 1295 per
1105 1237 1257 1295 ipsum
1285 1235 1541 1280 efficiuntur
1572 1237 1787 1281 homines
1818 1236 1901 1282 filii
1930 1238 2035 1293 Dei,
2061 1251 2220 1283 secun-

250 1304 360 1348 dum
386 1303 498 1348 illud
526 1303 677 1348 Galat.
703 1315 768 1358 4.:
797 1304 1014 1360 Quoniam
1035 1305 1125 1347 estis
1134 1304 1218 1361 filii
1238 1304 1338 1357 Dei,
1356 1305 1470 1347 misit
1486 1304 1601 1348 Deus
1621 1304 1827 1362 Spiritum
1842 1304 1931 1363 filii
1949 1306 2015 1350 sui
2029 1306 2075 1350 in
2090 1304 2219 1351 corda

250 1380 405 1426 vestra,
436 1373 712 1416 clamantem:
740 1372 849 1415 abba
868 1377 1016 1430 pater;
1045 1371 1142 1429 ipse
1171 1380 1237 1414 est
1269 1371 1407 1414 etiam
1441 1370 1634 1429 Spiritus
1667 1370 2052 1426 sanctificationis,
2077 1380 2127 1416 ut
2157 1371 2220 1421 ai-

251 1441 367 1485 citur
390 1440 527 1483 Rom.
560 1452 621 1492 1.;
648 1439 766 1482 sicut
792 1452 902 1496 ergo
930 1436 1007 1481 alii
1030 1451 1109 1496 per
1137 1437 1359 1496 Spiritum
1392 1437 1614 1481 Sanctum
1645 1433 1986 1483 sanctificantur
2016 1438 2221 1498 spiritua-

248 1507 364 1561 liter,
383 1516 432 1550 ut
446 1506 535 1550 sint
559 1505 641 1548 filii
667 1504 891 1563 adoptivi:
920 1506 982 1548 ita
1010 1504 1217 1548 Christus
1244 1518 1324 1562 per
1351 1504 1572 1563 Spiritum
1595 1504 1818 1548 Sanctum
1834 1514 1902 1549 est
1917 1505 1965 1549 in
1981 1505 2219 1551 sanctitate

251 1584 513 1632 conceptus,
540 1582 590 1616 ut
616 1581 735 1616 esset
754 1570 872 1615 filius
894 1571 983 1615 Dei
1005 1570 1248 1625 naturalis;
1276 1571 1396 1615 unde
1423 1570 1558 1614 Rom.
1583 1585 1619 1615 1.
1637 1571 1889 1615 secundum
1905 1586 2046 1616 unam
2065 1571 2218 1618 Gloss.

250 1641 494 1699 (interlin),
522 1639 645 1698 quod
673 1639 989 1698 praemittitur,
1016 1637 1214 1682 scilicet:
1245 1639 1337 1695 Qui
1353 1638 1689 1698 praedestinatus
1719 1645 1774 1683 est
1792 1639 1913 1698 filius
1938 1640 2023 1684 Dei
2053 1641 2100 1684 in
2131 1641 2219 1685 vir-

249 1716 346 1763 tute,
375 1707 690 1752 manifestatur
716 1720 796 1765 per
821 1706 867 1749 id
894 1706 1017 1765 quod
1043 1705 1309 1750 immediate
1337 1706 1553 1765 sequitur,
1573 1705 1796 1751 secundum
1816 1708 2012 1766 spiritum
2036 1708 2218 1762 sanctifi-

249 1778 435 1829 cationis,
463 1775 581 1819 idest
606 1788 685 1834 per
706 1773 797 1818 hoc
822 1774 944 1833 quod
972 1783 1039 1817 est
1065 1783 1314 1832 conceptus
1341 1773 1397 1817 de
1425 1773 1593 1832 Spiritu
1622 1773 1819 1820 Sancto:
1847 1783 1892 1819 et
1911 1774 2120 1834 Angelus
2142 1789 2217 1819 an·

249 1844 470 1887 nuncians
492 1856 545 1886 ex
562 1842 653 1886 hoc
673 1840 796 1900 quod
814 1841 1130 1900 praemiserat:
1157 1841 1340 1900 Spiritus
1356 1841 1529 1885 Sanctus
1543 1842 1802 1900 superveniet
1821 1842 1866 1886 in
1889 1847 1940 1897 te,
1959 1841 2216 1888 concludit:

250 1911 425 1969 Ideoque
445 1917 483 1955 et
507 1909 616 1968 quod
640 1914 830 1953 nascetur
854 1923 904 1952 ex
930 1914 964 1952 te
988 1915 1194 1962 sanctum,
1221 1909 1444 1952 vocabitur
1468 1908 1606 1952 Filius
1631 1909 1729 1953 Dei.

339 1978 415 2022 AD
447 1990 637 2021 PRIMUM
663 1990 774 2035 ergo
808 1974 1066 2029 dicendum,
1100 1975 1222 2034 quod
1255 1989 1370 2033 opus
1403 1975 1718 2034 conceptionis
1751 1989 1999 2020 commune
2031 1976 2218 2036 quidem

250 2055 317 2090 est
338 2045 421 2089 toti
449 2044 686 2098 Trinitati3
713 2043 966 2087 secundum
990 2052 1146 2086 tamen
1174 2043 1365 2086 modum
1394 2041 1595 2101 aliquem
1623 2042 1876 2087 attribuitur
1901 2042 2091 2102 singulis
2116 2058 2219 2102 per-

251 2113 400 2166 sonis;
427 2125 537 2155 nam
564 2111 687 2155 Patri
714 2110 968 2154 attribuitur
985 2110 1231 2154 auctoritas
1254 2119 1462 2167 respectu
1484 2123 1708 2168 personae
1730 2109 1846 2164 Filii,
1867 2111 1946 2170 qui
1967 2125 2047 2170 per
2066 2110 2220 2170 hujus-

251 2180 378 2223 modi
415 2178 769 2236 conceptionem
812 2177 896 2221 sibi
931 2177 1174 2234 assumpsit
1207 2177 1460 2220 humanam
1493 2186 1729 2221 naturam:
1764 2176 1880 2221 Filio
1914 2187 2069 2223 autem
2101 2177 2220 2223 attri-

249 2247 400 2291 buitur
417 2246 515 2304 ipsa
533 2245 680 2288 carnis
704 2244 978 2303 assumptio:
997 2244 1076 2287 sed
1096 2244 1283 2302 Spiritui
1301 2244 1472 2287 Sancto
1493 2243 1745 2288 attribuitur
1761 2243 1977 2289 formatio
1997 2245 2218 2304 corporis,

251 2313 375 2373 quod
402 2312 645 2356 assumitur
667 2326 692 2355 a
714 2311 856 2355 Filio:
881 2325 990 2354 nam
1008 2311 1103 2369 ipse
1124 2311 1316 2370 Spiritus
1336 2311 1531 2355 Sanctus
1550 2321 1618 2355 est
1634 2311 1814 2370 spiritus
1830 2310 1947 2366 Filii,
1963 2312 2216 2357 secundum

249 2380 363 2425 illud
392 2379 542 2423 Galat.
568 2391 632 2433 4.:
662 2380 781 2423 Misit
806 2379 920 2422 Deus
943 2379 1153 2437 Spiritum
1170 2379 1274 2423 Filii
1294 2380 1385 2431 sui;
1413 2379 1531 2422 sicut
1557 2388 1709 2422 autern
1726 2379 1866 2423 virtus
1885 2378 2080 2433 animae,
2099 2394 2217 2439 quae

251 2457 319 2492 est
343 2447 390 2490 in
417 2445 607 2499 semine,
634 2460 715 2504 per
741 2445 963 2503 spiritum,
990 2445 1067 2503 qui
1088 2445 1135 2488 in
1161 2445 1335 2489 semine
1361 2444 1621 2499 includitur,
1638 2445 1808 2489 format
1829 2459 1994 2505 corpus
2014 2446 2062 2491 in
2084 2461 2218 2506 gene-

247 2516 424 2559 ratione
466 2513 660 2557 aliorum
695 2513 963 2557 hominum:
990 2513 1053 2556 ita
1079 2513 1219 2557 virtus
1251 2513 1354 2566 Dei,
1391 2527 1507 2571 quae
1543 2522 1611 2556 est
1642 2513 1738 2571 ipse
1774 2512 1928 2568 Filius,
1961 2514 2216 2559 secundum
2260 2552 2263 2556 .

247 2582 359 2626 illud
391 2596 426 2625 1.
455 2581 511 2624 ad
536 2580 745 2626 Corinth.
778 2593 836 2623 1.;
868 2580 1079 2624 Christum
1106 2581 1190 2624 Dei
1214 2582 1433 2634 virtutem,
1457 2593 1537 2638 per
1564 2579 1783 2638 Spiritum
1807 2580 2028 2626 Sanctum
2050 2595 2216 2642 corpus

245 2649 475 2701 formavit,
503 2647 625 2706 quod
652 2646 919 2705 assumpsit:
947 2656 992 2690 et
1017 2646 1106 2690 hoc
1134 2646 1274 2690 etiam
1299 2646 1438 2690 verba
1463 2646 1633 2704 Angeli
1660 2647 1976 2692 demonstrant
2000 2648 2213 2694 dicentis:

244 2717 429 2777 Spiritus
454 2715 628 2760 Sanctus
652 2715 909 2773 superveniet
930 2715 975 2757 in
1002 2719 1063 2758 te:
1093 2713 1222 2772 quasi
1249 2713 1304 2756 ad
1332 2713 1708 2772 praeparandam,
1735 2724 1780 2758 et
1803 2712 2095 2760 formandam
2121 2730 2215 2761 ma·

244 2784 410 2828 teriam
443 2781 647 2839 corporis
681 2780 872 2826 Christi:
906 2781 961 2824 Et
991 2782 1127 2825 virtus
1159 2780 1382 2835 Altissimi,
1413 2780 1531 2824 idest
1564 2780 1787 2835 Christus,
1820 2783 2089 2829 obumbrabit
2116 2784 2212 2839 tibi,

243 2851 360 2895 idest
376 2863 540 2908 corpus
563 2849 609 2892 in
625 2857 668 2891 te
685 2847 981 2891 humanitatis
1001 2847 1528 2906 accipietincorporeum
1547 2847 1702 2892 lumen
1721 2848 1988 2894 divinitatis:
2012 2865 2036 2891 α
2053 2849 2215 2896 umbra

244 2918 369 2963 enim
395 2931 421 2960 a
446 2916 620 2960 lumine
645 2914 880 2968 formatur,
909 2924 953 2958 et
975 2928 1166 2973 corpore
1190 2931 1231 2968 »,
1259 2925 1307 2958 ut
1335 2914 1528 2974 Gregor.
1563 2916 1671 2960 dicit
1702 2917 1767 2960 18.
1800 2916 1965 2962 Moral.
1991 2918 2106 2978 (cap.
2144 2930 2214 2964 12.

243 3001 351 3031 vers.
362 2985 483 3043 fin.);
521 2982 784 3027 Altissimus
812 2992 965 3025 autern
991 2981 1256 3040 intelligitur
1282 2982 1430 3036 Pater,
1459 2984 1585 3041 cujus
1610 2984 1751 3027 virtus
1777 2994 1845 3028 est
1869 2983 2022 3030 Filius.

333 3052 408 3096 AD
437 3063 697 3096 SECUNDUM
724 3049 983 3103 dicendum,
1002 3049 1123 3107 quod
1143 3049 1299 3093 missio
1327 3048 1515 3093 refertur
1533 3050 1588 3093 ad
1612 3064 1860 3109 personam
1886 3061 2212 3107 assumentem,

243 3133 358 3178 quae
388 3133 413 3162 a
439 3118 572 3162 Patre
606 3117 818 3160 mittitur:
852 3117 931 3160 sed
965 3117 1207 3174 conceptio
1241 3116 1428 3160 refertur
1461 3117 1516 3160 ad
1551 3132 1716 3177 corpus
1750 3129 2051 3179 assumptum,
2083 3120 2208 3179 quod

241 3186 506 3244 operatione
536 3184 727 3243 Spiritus
756 3183 910 3227 Sancti
938 3182 1181 3227 formatur:
1212 3194 1254 3227 et
1281 3184 1400 3237 ideo,
1427 3184 1534 3228 licet
1562 3185 1734 3239 missio,
1768 3195 1813 3231 et
1846 3188 2090 3245 conceptio
2122 3186 2212 3233 sint

242 3253 363 3296 idem
392 3253 620 3310 subject03
647 3251 752 3310 quia
779 3261 932 3295 tamen
961 3249 1171 3294 differunt
1197 3251 1387 3304 ratione,
1412 3252 1570 3296 missio
1595 3253 1849 3298 attribuitur
1870 3253 2008 3309 Patri,
2030 3253 2211 3300 efficere

242 3330 394 3364 autem
422 3318 771 3378 conceptionem
804 3318 990 3376 Spiritui
1024 3318 1210 3371 Sancto,
1234 3319 1309 3362 sed
1339 3333 1524 3363 carnem
1553 3334 1784 3364 assumere
1807 3321 2060 3366 attribuitur
2079 3320 2211 3366 Filio.

331 3388 407 3431 AD
441 3400 657 3432 TERTIUM
685 3386 944 3440 dicendum,
971 3386 1107 3444 quod,
1135 3386 1250 3430 sicut
1276 3387 1468 3445 August.
1493 3388 1602 3431 dicit
1618 3389 1662 3431 in
1682 3388 1756 3431 lib.
1780 3388 1835 3433 de
1855 3387 2211 3442 Quaestionibus

242 3456 420 3509 veteris,
448 3465 492 3499 et
517 3454 624 3498 novi
653 3453 938 3498 Testamenti
967 3453 1023 3512 (q.
1047 3455 1150 3511 52.)‚
1182 3469 1204 3494 «
1232 3454 1437 3511 quaestio
1463 3455 1548 3498 ista
1576 3456 1759 3513 gemina
1781 3456 1956 3500 ratione
1978 3465 2128 3516 potest
2147 3455 2212 3501 in-

246 3521 403 3580 telligi.
430 3522 635 3565 Primum
664 3521 784 3565 enim
814 3521 978 3565 domus
1007 3520 1175 3564 Christi
1202 3520 1408 3564 Ecclesia
1434 3531 1515 3574 est,
1552 3537 1689 3580 quam
1727 3521 1981 3567 aedificavit
2005 3521 2087 3567 sibi
2112 3536 2212 3568 san·

245 3589 382 3647 guine
408 3603 506 3633 suo.
533 3588 712 3633 Deinde
738 3597 888 3648 potest
914 3597 958 3632 et
984 3601 1149 3647 corpus
1175 3588 1271 3645 ejus
1299 3587 1389 3631 dici
1414 3588 1579 3633 domus
1604 3589 1758 3648 ipsius,
1780 3589 1896 3634 sicut
1916 3588 2078 3635 dicitur
2098 3598 2210 3635 tem-
