2352 3926
11 3566 31 3629 t

630 189 910 241 QUABSTIO
938 188 1136 236 LXXIX,
1175 188 1483 234 ARTICULUS
1523 188 1601 235 111.
1852 209 1854 220 ε
2006 187 2113 243 709

848 435 1283 494 ARTICULUS
1328 436 1429 491 ΙΙΙ.
2025 460 2111 507 47²

364 572 556 611 UTRUM
595 572 873 611 EFFECTUS
915 572 1080 626 HUJUS
1122 571 1470 610 SACRAMENTI
1513 571 1598 609 SIT
1634 569 1891 609 ''REMISSIO

841 653 1079 692 PECCATI
1118 653 1414 697 MORTALIS.
1451 687 1465 692 -

499 770 565 829 (4,
577 771 687 816 Disc.
700 785 742 830 9.
755 775 837 821 art.
846 784 885 829 3.
897 785 935 829 q.
948 784 988 814 2.
1002 777 1115 828 corp.
1128 764 1281 817 thist.
1295 784 1359 815 12.
1369 784 1407 828 q.
1421 783 1461 814 2.
1473 775 1556 815 art.
1570 783 1608 815 2.
1622 784 1661 829 q.
1674 770 1751 828 2).

231 895 309 948 AD
335 908 553 947 TER'rtuu
578 897 642 941 sic
673 895 946 956 proceditur.
974 894 1178 951 Videtur,
1212 896 1333 956 quod
1368 894 1555 940 effectus
1587 896 1722 954 hujus
1748 896 2023 947 sacramenti
2056 895 2115 949 sit

141 963 352 1009 remissio
374 963 552 1022 peccati
576 962 811 1014 mortalis:
839 963 1000 1012 dicitur
1023 963 1146 1012 enim
1163 962 1210 1007 in
1229 963 1428 1021 quadam
1452 962 1683 1007 Collecta:
1711 979 1734 1005 α
1753 963 1822 1008 Sit
1846 963 1938 1008 hoc
1965 976 2113 1009 sacra·

141 1039 350 1085 mentum
376 1029 547 1078 ablutio
574 1028 799 1078 scelerum
817 1044 870 1074 »ε
897 1030 976 1074 sed
1002 1029 1176 1079 scelera
1202 1030 1414 1077 dicuntur
1439 1039 1628 1089 peccata
1645 1029 1883 1086 mortali23
1901 1043 2013 1089 ergo
2030 1043 2112 1089 per

139 1096 230 1149 hoc·
255 1106 593 1146 sacramentum
619 1107 807 1157 peccata
834 1096 1047 1146 mortalia
1074 1096 1330 1141 abluuntur.

226 1176 271 1209 2.
297 1163 595 1215 PRAETEREA.
623 1164 725 1209 Hoc
752 1174 1092 1209 sacramentum
1120 1164 1214 1222 agit
1244 1164 1289 1208 in
1322 1163 1486 1216 virtute
1519 1163 1744 1224 passionis
1780 1163 1964 1217 Christi,
1991 1162 2110 1213 sicut

139 1241 185 1275 et
213 1229 488 1290 baptismus:
532 1230 610 1275 sed
647 1244 727 1290 per
766 1231 1043 1290 baptismum
1081 1231 1367 1275 dimittuntur
1408 1241 1597 1289 peccata
1633 1230 1861 1284 mortalia,
1895 1240 1944 1277 ut
1975 1244 2111 1291 supra

139 1297 312 1343 dictum
339 1307 407 1342 est
430 1298 489 1356 (q.
519 1298 591 1356 69.
619 1304 699 1342 art.
727 1298 808 1354 1.),·
837 1312 947 1357 ergo
976 1308 1019 1342 et
1044 1312 1126 1356 per
1153 1298 1242 1342 hoc
1270 1308 1625 1352 sacramentum,
1648 1298 1914 1357 praesertim
1940 1311 2043 1340 cum
2062 1297 2109 1340 in

138 1362 288 1409 forma
312 1365 447 1423 hujus
473 1365 747 1409 sacramenti
773 1366 971 1409 dicatur:
1003 1380 1030 1408 <t
1046 1364 1140 1416 Qui
1167 1378 1249 1423 pro
1267 1364 1422 1409 multis
1448 1363 1703 1409 effundetur
1724 1365 1770 1408 in
1787 1364 2108 1408 remissionem

137 1442 434 1498 peccatorum
453 1449 494 1475 ».

230 1512 267 1558 3.
285 1498 583 1544 PRAETEREA.
607 1499 694 1543 Per
710 1499 800 1543 hoc
820 1509 1158 1543 sacramentum
1182 1499 1326 1558 gratia
1345 1498 1590 1553 confertur,
1608 1509 1657 1543 ut
1675 1499 1846 1543 dictum
1865 1508 1931 1542 est
1948 1498 2052 1556 (art.
2072 1513 2108 1543 1.

136 1565 340 1626 hus.'q.).·
366 1566 446 1611 sed
473 1580 552 1625 per
577 1566 771 1625 gratiam
802 1566 1070 1624 justificatur
1093 1566 1240 1610 homo
1269 1581 1294 1610 a
1320 1567 1520 1626 peccatis
1546 1565 1829 1619 mortalibus,
1851 1565 2105 1610 secundum

136 1632 248 1677 illud
274 1633 411 1677 Rom.
442 1647 479 1691 3.
499 1648 509 1677 ε
530 1634 756 1692 Justificati
769 1636 900 1691 gratis
914 1641 993 1692 per
1010 1635 1197 1692 gratiam
1220 1635 1349 1694 ipsius
1359 1649 1379 1693 ‚-
1406 1648 1517 1693 ergo
1544 1647 1624 1694 per
1650 1634 1740 1677 hoc
1767 1642 2105 1678 sacramentum

136 1700 426 1745 remittuntur
452 1710 641 1759 peccata
668 1700 895 1745 mortalia.

227 1767 323 1812 SED
356 1780 552 1812 CONTRA
590 1777 670 1825 est,
708 1767 830 1826 quod
867 1767 1032 1812 dicitur
1062 1781 1097 1812 1.
1129 1768 1236 1813 Cor.
1276 1782 1371 1813 11.:
1402 1769 1491 1825 Qui
1522 1768 1761 1823 manducat,
1795 1775 1833 1814 et
1866 1769 1968 1812 bibit
1999 1767 2106 1811 indi·

131 1848 225 1894 gne,
244 1834 454 1893 iudicium
471 1836 553 1879 sibi
583 1834 822 1888 manducat,
845 1841 884 1880 et
905 1835 1040 1883 bibit:
1063 1835 1172 1880 dicit
1195 1845 1347 1880 autem
1377 1835 1531 1881 Closs,
1558 1836 1692 1891 (Petri
1720 1836 1888 1893 Lomb.)
1914 1833 2100 1887 ibidem,

135 1901 259 1962 quod
297 1917 322 1944 α
342 1900 419 1946 ille
447 1901 707 1955 manducat,
737 1911 782 1947 et
804 1902 915 1946 bibit
939 1902 1141 1961 indigne,
1172 1904 1250 1963 qui
1283 1904 1327 1947 in
1362 1903 1551 1953 crimine
1585 1912 1667 1957 est,
1698 1902 1771 1947 vel
1803 1904 2102 1950 irreverenter

134 1978 311 2023 tractat,
343 1978 388 2017 et
410 1967 513 2017 talis
539 1969 801 2023 manducat,
827 1979 872 2015 et
897 1969 1008 2014 bibit
1033 1970 1119 2014 sibi
1149 1970 1386 2029 judicium,
1408 1969 1525 2015 idest
1552 1970 1960 2023 damnationem»;
1994 1983 2105 2027 ergo

133 2035 213 2097 ille
229 2036 307 2096 qui
324 2045 392 2081 est
415 2035 461 2079 in
479 2046 669 2097 peccato
696 2036 895 2092 mortali,
921 2050 1000 2096 per
1025 2036 1115 2081 hoc
1142 2037 1266 2097 quod
1291 2037 1455 2095 accipit
1472 2037 1563 2086 hoc
1583 2047 1937 2091 sacramentum,
1956 2038 2105 2095 magis

133 2101 397 2164 accumulat
420 2103 507 2147 sibi
526 2112 783 2163 peccatum,
809 2118 948 2163 quam
976 2104 1297 2149 remissionem
1319 2105 1391 2149 sni
1412 2107 1586 2163 peccati
1605 2113 1924 2164 consequatur.

222 2169 511 2215 Responmzo
544 2170 804 2225 dicendum,
839 2170 961 2230 quod
991 2171 1132 2216 virtus
1164 2171 1300 2231 hujus
1338 2172 1613 2222 sacramenti
1649 2181 1798 2231 potest
1824 2170 2106 2222 considerari

132 2236 379 2299 dupliciter:
405 2252 488 2282 uno
520 2237 640 2282 modo
678 2238 933 2283 secundum
959 2251 1031 2292 se3
1060 2248 1105 2284 et
1130 2239 1194 2283 sic
1232 2239 1323 2283 hoc
1360 2249 1700 2290 sacramentum
1726 2238 1865 2288 habet
1889 2239 2101 2282 virtutem

134 2305 190 2366 ad
214 2304 539 2365 remittendum
565 2319 883 2365 quaecumque
910 2316 1098 2365 peccata
1131 2320 1186 2353 ex
1217 2307 1429 2366 passione
1458 2306 1642 2361 Christi,
1676 2321 1793 2366 quae
1825 2316 1893 2350 est
1918 2304 2036 2359 fons,
2059 2316 2105 2349 et

133 2386 271 2423 causa
291 2371 573 2424 remissionis
599 2382 917 2433 peccatorum:
945 2373 1029 2418 alio
1052 2373 1173 2418 modo
1202 2384 1354 2434 potest
1379 2374 1655 2422 considerari
1687 2388 1768 2433 per
1801 2373 2106 2432 comparatio-

131 2453 242 2496 nem
266 2439 324 2490 ad
350 2453 472 2494 eum,
498 2439 576 2499 qui
601 2439 763 2497 recipit
786 2440 878 2484 hoc
913 2449 1267 2495 sacramentum,
1300 2451 1435 2501 prout
1459 2441 1506 2484 in
1533 2455 1590 2485 eo
1616 2441 1857 2494 invenitur,
1899 2439 1973 2484 vel
2004 2453 2100 2484 non

131 2505 359 2558 invenitur
382 2506 765 2567 impedimentum
791 2507 1073 2568 percipiendi
1093 2508 1228 2567 hujus
1254 2508 1530 2553 sacramenti
1547 2507 1776 2554 effectum.
1803 2507 2099 2566 Quicumque

134 2584 288 2619 autem
312 2573 452 2618 habet
477 2574 808 2618 conscientiam
835 2574 1013 2634 peccati
1035 2574 1258 2630 mortalis,
1284 2575 1422 2620 habet
1446 2575 1492 2619 in
1519 2589 1568 2619 se
1594 2575 1976 2634 impedimentum
2002 2588 2104 2632 per-

133 2640 332 2702 cipiendi
356 2639 573 2686 effectum
597 2640 733 2701 hujus
759 2642 1049 2696 sacramenti,
1086 2656 1142 2687 eo
1170 2643 1293 2702 quod
1324 2656 1419 2687 non
1454 2653 1522 2688 est
1554 2642 1832 2686 conveniens
1860 2650 2099 2700 susceptor

131 2708 268 2767 hujus
293 2707 591 2763 sacramenti;
616 2717 715 2752 tum
743 2709 848 2768 quia
869 2723 964 2753 non
990 2709 1102 2757 vivit
1127 2709 1430 2768 spiritualiter,
1463 2709 1584 2755 etita
1600 2723 1695 2754 non
1713 2709 1846 2753 debet
1865 2707 2100 2767 spirituale

132 2776 462 2825 nutrimentum
488 2774 731 2837 suscipere,
757 2775 880 2837 quod
906 2790 1001 2820 non
1024 2786 1092 2821 est
1112 2776 1201 2821 nisi
1217 2777 1410 2821 viventis
1428 2793 1440 2832 ;
1456 2787 1554 2822 tum
1572 2777 1677 2836 quia
1696 2790 1789 2820 non
1807 2784 1957 2835 potest
1978 2774 2098 2822 uniri

134 2842 319 2888 Christo
346 2841 491 2900 (quod
518 2840 568 2886 fit
591 2856 669 2902 per
694 2843 786 2887 hoc
812 2844 1171 2900 sacramentum)
1195 2844 1303 2888 dum
1331 2854 1399 2890 est
1422 2844 1470 2888 in
1497 2843 1661 2888 affectu
1688 2842 1910 2903 peccandi
1930 2851 2102 2890 morta,-

132 2910 258 2964 liter;
285 2919 330 2955 et
354 2909 474 2963 ideo,
501 2918 550 2952 ut
575 2909 737 2953 dicitur
776 2910 823 2953 in
849 2909 924 2954 lib.
958 2910 1013 2960 de
1054 2910 1314 2957 Ecclesiast.
1356 2911 1621 2970 Dogmatib.
1664 2911 1778 2971 (cap.
1801 2925 1856 2969 53.
1885 2911 1993 2954 inter
2028 2917 2101 2970 op.

132 2978 284 3037 Aug),
316 2975 394 3020 «si
431 2990 563 3019 mens
589 2976 635 3019 in
662 2986 765 3020 actu
800 2975 878 3034 [al.
915 2976 1086 3035 affectu]
1120 2979 1340 3037 peccandi
1378 2988 1460 3033 est,
1497 2988 1711 3037 gravatur
1742 2978 1888 3036 magis
1924 2976 2102 3020 Eucha-

132 3044 283 3090 ristiae
308 3047 616 3106 perceptione,
653 3059 792 3104 quam
818 3045 1136 3105 purificetur».
1165 3047 1299 3092 Unde
1336 3047 1427 3091 hoc
1464 3054 1803 3091 sacramentum
1835 3046 1879 3089 in
1915 3058 1986 3098 eo,
2020 3044 2099 3103 qui

131 3111 282 3171 ipsum
301 3112 507 3172 -percipit
537 3112 585 3155 in
617 3114 898 3157 conscientia
932 3114 1110 3172 peccati
1141 3114 1362 3168 mortalis,
1394 3128 1489 3157 non
1527 3122 1739 3172 operatur
1774 3111 2095 3155 remissionem

132 3179 323 3240 peccati.
351 3180 508 3225 Potest
533 3189 688 3223 tamen
714 3179 805 3224 hoc
837 3190 1176 3224 sacramentum
1209 3181 1387 3241 operari
1413 3180 1731 3224 remissionem
1759 3180 1935 3239 peccati
1960 3178 2096 3238 dupli-

133 3247 260 3292 citer:
281 3261 364 3293 uno
387 3247 506 3291 modo
533 3261 628 3291 non
654 3256 918 3306 perceptum
945 3256 1063 3302 actu,
1090 3249 1167 3293 sed
1195 3258 1330 3302 voto;
1357 3248 1472 3291 sicut
1496 3261 1601 3291 cum
1619 3247 1718 3306 quis
1742 3245 1864 3305 prius
1885 3245 2100 3305 justifica-

131 3323 204 3360 tur
229 3327 255 3362 a
280 3324 494 3374 peccato:
523 3314 609 3359 alio
636 3313 757 3358 modo
784 3315 923 3358 etiam
945 3325 1210 3374 perceptum
1239 3316 1292 3358 ab
1322 3329 1377 3359 eo
1405 3314 1482 3373 qui
1510 3323 1576 3357 est
1601 3314 1646 3356 in
1674 3322 1865 3371 peccato
1898 3312 2098 3369 mortali,

134 3382 262 3442 cujus
287 3381 633 3436 conscientiam,
661 3391 706 3425 et
731 3379 947 3425 affectum
973 3395 1067 3426 non
1093 3382 1243 3437 habet,
1269 3381 1385 3425 forte
1413 3381 1535 3425 enim
1562 3380 1710 3439 primo
1744 3393 1838 3423 non
1865 3377 1950 3422 fuit
1981 3378 2100 3428 suffi-

130 3447 304 3501 cienter
334 3449 580 3503 contritus;
613 3448 690 3493 sed
724 3449 903 3501 devote,
937 3457 982 3492 et
1011 3459 1269 3494 reverenter
1306 3449 1527 3493 accedens
1562 3456 1865 3505 consequetur
1894 3460 1974 3504 per
2004 3446 2096 3496 hoc

133 3525 472 3567 sacramentum
500 3515 694 3575 gratiam
721 3514 968 3569 charitatiS,
988 3529 1105 3576 quae
1127 3516 1449 3562 contritionem
1468 3513 1686 3574 perficiet,
1709 3525 1752 3558 et
1775 3513 2095 3563 remissionem

132 3581 324 3643 peccati.
