2352 3926
305 230 407 284 150
844 224 1125 271 QUAESTIO
1166 225 1256 264 XV.
1296 223 1604 289 ARTIcUpUS
1642 225 1717 265 1v.

382 330 483 376 SED<
510 341 704 375 CONTRA
731 337 813 382 est,
839 328 961 386 quod
986 328 1032 371 in
1058 327 1178 372 Psal.
1205 328 1276 386 87.
1303 328 1467 374 dicitur
1492 342 1547 374 ex
1571 342 1768 390 persona
1791 326 1991 374 Christi}
2013 326 2180 388 Roplaeta
2202 321 2262 374 ost'

289 398 410 442 malis
436 399 580 442 ani-ma
607 410 712 449 mea,
739 409 833 439 non
859 394 1045 453 quidem
1070 396 1285 454 peccatiS,
1312 395 1392 440 sed
1418 395 1633 441 humanis
1661 395 1808 449 malis,
1825 396 1942 440 idest
1959 395 2189 450 doloribus,
2209 404 2260 440 ut

291 465 444 510 Gloss.
470 464 628 522 (interl.
657 463 788 521 Aug.)
816 461 878 504 ibi
905 461 1111 520 exponit;
1138 462 1203 506 sic
1227 476 1337 522 ergo
1365 463 1519 507 anima
1547 463 1721 508 Christi
1744 462 1829 507 fuit
1852 461 2090 522 passibilis.
2176 472 2179 475 ’

381 532 669 576 RESPONDEO
698 528 957 582 dicendum,
985 528 1108 587 quod
1141 528 1344 573 animam
1384 530 1431 573 in
1472 544 1665 589 corpore
1708 530 2003 574 constitutam
2042 528 2261 589 dume’tqr

292 599 515 656 contingit
541 600 657 656 pati:
700 611 782 640 uno
824 596 943 639 modo
985 596 1197 654 passione
1241 596 1490 656 corporali:
1533 598 1616 642 alio
1642 598 1763 642 modo
1804 597 2017 657 passione
2055 596 2254 642 animali.

287 666 506 710 Passione
534 664 720 723 quidem
747 662 977 721 corporali
1002 663 1167 721 patitur
1191 677 1272 722 per
1299 664 1502 723 corporis
1524 664 1800 709 laesionem:
1824 678 1931 708 cum
1954 665 2079 709 enim
2100 663 2254 708 anima

289 735 346 777 sit
370 733 519 777 forma
546 732 766 791 corporis,
795 745 1081 790 consequens
1108 741 1175 776 est
1201 731 1323 791 quod
1351 746 1494 776 unum
1520 732 1577 777 sit
1603 747 1702 778 esse
1728 733 1922 788 animae,
1959 741 2005 777 et
2039 731 2259 790 corporis,

290 811 335 845 et
358 801 463 844 ideo
491 813 684 859 corpore
710 799 971 858 perturbato
997 812 1078 858 per
1104 798 1304 858 aliquam
1346 813 1618 859 corpoream
1660 801 1939 860 passionem,
1964 812 2153 844 necesse
2193 809 2262 844 est

289 869 411 927 quod
441 869 592 911 anima
618 880 697 926 per
725 866 935 910 accidens
961 867 1260 925 perturbetur,
1287 866 1462 911 scilicet
1486 876 1706 926 quantum
1734 868 1790 911 ad
1817 881 1931 923 esse,
1956 867 2081 927 quod
2119 866 2259 919 habet

287 936 334 979 in
362 949 583 994 corpore;
611 934 715 993 quia
741 933 879 992 igitur
905 947 1069 992 corpus
1098 933 1267 978 Christi
1292 933 1376 978 fuit
1401 934 1626 993 passibile,
1653 943 1697 979 et
1722 934 1933 990 mortale,
1954 944 2005 980 ut
2025 947 2162 994 supra
2181 934 2262 978 ha-

288 1003 435 1047 bitum
462 1011 527 1046 est
554 1002 614 1060 (q.
641 1014 706 1059 14.
734 1007 814 1045 art.
841 1001 921 1059 2.),
947 1014 1134 1045 necesse
1160 1000 1256 1055 fuit,
1282 1011 1334 1046 ut
1359 1002 1498 1046 etiam
1523 1003 1619 1061 eJus
1646 1002 1799 1046 anima
1823 1002 1916 1046 hoc
1942 1001 2084 1047 modo
2124 1001 2261 1062 passi-

287 1069 388 1114 bilis
416 1079 546 1114 esset.
572 1068 792 1112 Passione
819 1077 972 1112 autem
995 1067 1183 1112 animali
1197 1069 1290 1128 pati
1306 1068 1469 1113 dicitur
1486 1069 1639 1113 anima
1654 1070 1907 1114 secundum
1924 1069 2257 1129 operationem,

288 1152 404 1196 quae
430 1136 503 1181 vel
531 1146 598 1180 est
622 1135 806 1196 propria
833 1135 1027 1189 animae,
1052 1135 1127 1179 vel
1153 1135 1444 1195 principalius
1471 1147 1538 1180 est
1564 1137 1758 1190 animae,
1786 1150 1924 1196 quam
1957 1135 2189 1194 corporis3
2214 1145 2261 1180 et

290 1205 497 1263 quamvis
527 1204 663 1247 etiam
691 1202 943 1247 secundum
968 1202 1237 1262 intelligere,
1264 1213 1307 1247 et
1334 1203 1500 1248 sentire
1527 1205 1701 1247 dicatur
1725 1203 1817 1247 hoc
1845 1203 1987 1248 modo
2011 1203 2165 1247 anima
2185 1201 2262 1247 ali-

290 1272 397 1331 quid
414 1272 528 1331 pati:
552 1282 722 1326 tamen,
744 1271 860 1314 sicut
885 1271 932 1314 in
958 1283 998 1315 2.
1027 1270 1198 1315 dictum
1226 1281 1292 1316 est
1309 1273 1409 1329 (1-2.
1427 1287 1466 1330 q.
1483 1287 1550 1317 22.
1549 1272 1590 1329 ),
1608 1272 1918 1331 propriissime
1931 1271 2144 1331 dicuntur·
2164 1284 2262 1331 pas-

291 1340 443 1384 siones
472 1339 651 1383 animae
685 1337 949 1383 affectiones
977 1339 1199 1397 appetitus
1226 1339 1451 1394 sensitivi;
1478 1354 1594 1398 quae
1619 1340 1667 1384 in
1694 1339 1883 1384 Christo
1909 1338 2106 1394 fuerunt,
2140 1338 2259 1384 sicut

290 1417 335 1459 et
366 1417 570 1451 caeterea
597 1420 712 1466 quae
741 1405 795 1450 ad
821 1415 1034 1451 naturam
1059 1406 1262 1451 hominis
1288 1406 1533 1465 pertinent:
1558 1406 1677 1451 unde
1695 1399 1890 1466 August.
1911 1406 2023 1457 dicit
2039 1406 2090 1451 in
2113 1417 2180 1462 14.
2199 1405 2258 1452 de

290 1473 390 1519 Civ.
417 1474 507 1518 Dei
533 1473 648 1534 (cap.
677 1474 756 1534 9.).·
788 1489 812 1515 ‹<
837 1473 938 1532 Ipse
964 1473 1196 1518 Dominus
1222 1474 1268 1517 in
1294 1472 1444 1518 forma
1470 1473 1588 1517 servi
1612 1473 1755 1518 vitam
1782 1486 1922 1533 agere
1942 1472 2155 1533 dignatus
2178 1473 2260 1518 hu·

289 1555 474 1585 manam
502 1541 708 1585 adhibuit
733 1554 823 1595 eas,
851 1540 928 1584 ubi
954 1540 1236 1585 adhibendas
1263 1554 1361 1586 esse
1387 1541 1626 1600 judicavit:
1654 1554 1803 1600 neque
1829 1541 1952 1586 enim
1978 1541 2042 1585 in‘
2062 1554 2154 1601 quo
2186 1554 2261 1586 ve-

288 1624 391 1653 rum
410 1618 506 1653 erat
530 1608 734 1653 hominis
762 1622 941 1667 corpus,
970 1618 1015 1652 et
1039 1622 1174 1652 verus
1199 1608 1403 1652 hominis
1432 1608 1625 1662 animus,
1652 1607 1792 1654 falsus
1819 1617 1921 1653 erat-
1938 1609 2171 1654 humanus
2197 1607 2259 1653 af-

285 1676 429 1720 fectus
457 1693 497 1719 >›.
534 1675 783 1720 Sciendum
808 1685 964 1719 tamen
997 1685 1078 1729 est,
1105 1676 1229 1734 quod
1254 1675 1519 1734 hujusmodi
1544 1675 1781 1734 passiones
1818 1675 1948 1721 aliter
1986 1673 2174 1721 fuerunt·
2207 1675 2258 1719 in

290 1743 491 1797 Christo,
519 1757 657 1802 quam
683 1743 730 1786 in
755 1743 903 1796 nobis,
930 1752 1150 1801 quantum
1178 1742 1234 1786 ad
1261 1745 1373 1787 tria:
1395 1745 1540 1802 primo
1564 1743 1749 1802 quidem
1789 1753 2010 1803 quantum
2047 1743 2106 1789 ad
2141 1741 2261 1803 obje-

287 1821 437 1865 ctum3
464 1811 566 1869 quia
595 1811 641 1853 in
667 1810 798 1854 nobis
824 1810 1091 1869 plerumque
1117 1810 1381 1869 hujusmodi
1398 1811 1632 1868 passiones
1648 1809 1852 1855 feruntur
1868 1809 2114 1866 adillicim
2135 1810 2259 1870 quod

289 1879 335 1922 in
364 1878 551 1922 Christo
570 1892 663 1922 non
681 1877 968 1923 fuitzsecundo
988 1887 1209 1937 quantum
1227 1877 1283 1922 ad
1300 1878 1592 1937 principium:
1616 1878 1721 1938 quia
1737 1879 2005 1937 hujusmodi
2018 1874 2256 1938 passiones

286 1945 544 2004 frequenter
569 1946 615 1988 in
641 1946 773 1989 nobis
805 1947 1104 2004 praeveniunt
1142 1945 1363 2003 judicium
1403 1945 1615 1990 rationis:
1658 1946 1738 1990 sed
1778 1946 1826 1990 in
1867 1946 2055 1991 Christo
2096 1959 2260 1992 omnes

288 2023 440 2057 motus
468 2014 670 2057 sensitivi
697 2014 920 2072 appetitus
948 2013 1208 2057 oriebantur
1233 2013 1487 2057 secundum
1513 2013 1862 2072 dispositionem
1888 2013 2102 2069 rationis-3
2138 2013 2260 2058 unde

288 2082 482 2138 August,
511 2081 619 2124 dicit
649 2093 713 2135 14.
742 2081 795 2125 de
815 2080 915 2125 Civ.
933 2080 1023 2124 Dei
1042 2079 1139 2136 (loc.
1162 2082 1228 2125 cit.
1226 2080 1268 2138 ),
1293 2080 1415 2139 quod
1446 2097 1469 2122 ‹<
1490 2081 1577 2125 hos
1600 2091 1753 2125 motus
1777 2081 2057 2126 certissimae
2081 2080 2259 2142 dispen⁴

290 2148 476 2191 sationis
504 2149 647 2206 gratia
671 2148 733 2192 ita
761 2162 867 2191 cum
892 2147 1052 2202 voluit,
1080 2147 1289 2192 Christus
1316 2148 1516 2207 suscepit
1541 2148 1696 2193 animo
1730 2149 1952 2204 humano,
1992 2149 2110 2195 sicut
2150 2162 2259 2193 cum

286 2215 446 2269 voluit,
472 2213 617 2259 factus
645 2225 711 2259 est
735 2215 880 2259 homo
907 2231 958 2259 »z
987 2217 1103 2260 tertio
1131 2225 1353 2274 quantum
1379 2215 1436 2259 ad
1465 2213 1679 2260 effectum
1709 2215 1786 2274 [al.
1813 2216 2053 2276 affectum]:
2080 2215 2186 2276 quia
2210 2215 2259 2260 in

291 2282 424 2326 nobis
451 2282 723 2341 quandoque
763 2282 1028 2341 hujusmodi
1067 2292 1220 2327 motus
1259 2297 1353 2326 non
1393 2283 1556 2327 sistunt
1595 2283 1641 2327 in
1683 2285 1883 2343 appetitu
1914 2283 2146 2338 sensitivo,
2180 2281 2260 2328 sed

287 2349 473 2393 trahunt
498 2349 746 2403 rationem;
773 2349 896 2408 quod
913 2350 959 2393 in
980 2349 1166 2394 Christo
1192 2363 1286 2395 non
1307 2349 1414 2395 fuit:
1442 2350 1549 2410 quia
1575 2360 1728 2396 motus
1746 2350 2012 2398 naturaliter
2026 2350 2261 2396 humanae

292 2418 416 2460 carni
444 2417 782 2470 convenientes,
810 2417 873 2460 sic
902 2431 955 2460 ex
982 2418 1076 2475 ejus
1104 2417 1438 2476 dispositione
1427 2433 1473 2462 m
1502 2419 1703 2477 appetitu
1745 2419 1962 2464 sensitivo
1994 2419 2263 2474 manebant,

289 2483 412 2543 quod
438 2484 553 2528 ratio
581 2498 635 2527 ex
666 2483 738 2527 his
770 2483 897 2527 nullo
931 2484 1073 2528 modo
1096 2485 1426 2543 impediebatur
1447 2484 1596 2530 facere
1619 2500 1735 2545 quae
1758 2486 2116 2542 conveniebant;
2136 2485 2259 2532 unde

291 2551 479 2595 Hieron.
486 2531 616 2595 dicit
641 2565 774 2610 super
801 2551 962 2594 Matth.
993 2551 1100 2610 (sup.
1133 2552 1238 2596 illud
1263 2561 1355 2612 cap.
1382 2553 1482 2598 26..
1507 2552 1656 2613 Coepit
1691 2555 1959 2612 contristari)
1969 2553 2112 2614 quod
2121 2569 2147 2596 α
2166 2554 2261 2599 Do-

290 2618 440 2662 minus
466 2627 635 2671 noster,
662 2627 711 2661 ut
735 2618 973 2661 veritatem
1002 2619 1221 2694 assumpti
1247 2620 1460 2677 probaret
1485 2619 1702 2674 hominis,
1734 2634 1841 2665 vere
1874 2621 2059 2681 quidem
2096 2621 2262 2688 contri·

290 2694 431 2729 status
458 2695 550 2730 est:
577 2684 655 2728 sed
682 2699 739 2728 ne
766 2685 918 2743 passio
946 2686 991 2727 in
1019 2685 1176 2728 animo
1204 2684 1324 2729 illius
1365 2686 1692 2741 dominaretur,
1718 2702 1800 2746 per
1823 2690 2172 2748 propassionem
2198 2687 2260 2732 di·

292 2753 407 2797 citur
434 2751 555 2811 quod
583 2754 712 2811 coepit
738 2753 978 2796 contristari
1003 2757 1040 2796 et
1065 2759 1238 2796 moestus
1262 2768 1338 2797 esse
1365 2768 1415 2797 »t
1444 2763 1492 2798 ut
1532 2754 1683 2813 passio
1725 2751 1924 2812 perfecta
1955 2754 2258 2815 intelligatur,

289 2819 474 2880 quando
502 2819 673 2873 animo,
695 2819 811 2863 idest
833 2818 998 2862 rationi
1015 2818 1298 2863 dominatur:
1317 2821 1555 2879 propassio
1573 2831 1741 2876 autem,
1759 2822 1942 2881 quando
1959 2831 2027 2868 est
2040 2823 2258 2869 inchoata

287 2887 336 2931 in
364 2887 562 2945 appetitu
589 2886 823 2940 sensitivo,
851 2885 929 2930 sed
956 2885 1143 2930 ulterius
1170 2901 1263 2931 non
1290 2901 1339 2931 se
1367 2888 1577 2933 extendit.

379 2955 456 2999 AD
478 2967 667 2999 PRIMUM
691 2967 800 3012 ergo
824 2953 1083 3006 dicendum,
1107 2954 1228 3011 quod
1257 2955 1406 2998 anima
1437 2955 1607 2999 Christi
1632 2966 1810 3015 poterat
1835 2956 2022 3017 quidem
2048 2960 2257 3005 resistere

291 3022 593 3080 passionibus,
621 3031 669 3066 ut
694 3035 788 3065 non
816 3022 857 3065 ei
884 3021 1240 3079 supervenirent,
1272 3023 1536 3080 praesertim
1568 3024 1731 3068 virtute
1763 3024 1944 3071 divina:
1965 3026 2044 3070 sed
2075 3026 2258 3088 propria

289 3089 525 3134 voluntate
552 3104 599 3134 se
625 3088 911 3148 passionibus
938 3087 1204 3146 subjiciebat
1228 3098 1322 3132 tam
1350 3089 1677 3148 corporalibus,
1704 3106 1842 3151 quam
1868 3092 2158 3140 animalibus.

381 3156 456 3200 AD
474 3168 734 3201 SECUNDUM
761 3154 1020 3207 dicendum,
1043 3154 1165 3213 quod
1191 3153 1371 3200 Tullius
1397 3156 1458 3199 ibi
1484 3156 1685 3216 loquitur
1710 3159 1962 3204 secundum
1989 3159 2258 3220 opinionem

291 3223 581 3279 Stoicorum;
607 3223 685 3283 qui
711 3237 804 3267 non
830 3222 1059 3266 vocabant
1084 3223 1319 3281 passiones
1347 3238 1660 3284 quoscumque
1687 3236 1841 3271 motus
1867 3229 2091 3286 appetitus
2116 3225 2258 3274 sensi-

289 3291 383 3345 tivi,
407 3291 485 3335 sed
509 3289 660 3335 solum
682 3290 989 3335 inordinatos:
1016 3288 1130 3333 tales
1157 3299 1309 3334 autem
1332 3292 1568 3350 passiones
1590 3292 1882 3338 manifestum
1908 3303 1977 3340 est
1998 3294 2047 3339 in
2069 3293 2256 3340 Christo

291 3373 385 3403 non
412 3357 564 3403 fuisse.
2212 3390 2226 3394 >v

380 3426 457 3470 AD
484 3438 701 3471 TERTmM
728 3423 986 3478 dicendum,
1019 3424 1140 3483 quod
1172 3427 1382 3485 passiones
1415 3433 1681 3485 peccatorum
1713 3437 1818 3473 sunt
1847 3438 2002 3474 motus
2033 3427 2257 3489 appetitus

287 3492 489 3537 sensitivi
533 3493 579 3538 in
622 3491 782 3537 illicita
814 3491 1076 3547 tendentes3
1111 3492 1233 3551 quod
1266 3507 1360 3538 non
1400 3492 1482 3538 fuit
1513 3494 1560 3538 in
1595 3495 1798 3551 Christo,
1829 3496 1948 3542 sicut
1987 3509 2074 3542 nec
2105 3494 2254 3542 fomes

290 3570 480 3618 peccati.

282 3660 284 3662 “
309 3657 329 3669 Q
