2352 3926
248 217 359 273 234
771 217 1050 263 QUAEsno
1091 218 1262 257 xxvn.
1302 217 1610 257 ARTICULUS
1650 218 1687 257 1.

275 310 277 313 ’
337 321 412 364 AD
441 333 629 364 PRIMUM
657 334 766 378 ergo
794 320 1054 374 dicendum,
1082 320 1203 379 quod
1231 320 1368 364 etiam
1394 320 1440 364 in
1468 321 1517 365 Β.
1545 319 1735 379 Virgine
1761 319 1882 377 prius
1915 319 1998 364 fuit
2019 319 2065 364 id
2087 319 2211 380 quod

247 397 313 430 est
340 387 551 440 animale,
580 397 623 430 et
649 397 752 444 post
777 387 821 430 id
849 387 971 446 quod
999 397 1066 431 est
1092 387 1347 445 spirituale:
1374 387 1479 447 quia
1505 387 1627 446 prius
1643 386 1726 430 fuit
1747 386 1998 431 secundum
2026 399 2211 432 carnem

246 464 483 512 concepta,
518 464 562 497 et
593 464 751 511 postea
785 454 1038 517 secundum
1072 453 1291 512 Spiritum
1324 453 1616 498 sanctificata.

334 521 410 564 AD
438 534 699 565 SECUNDUM
734 521 994 575 dicendum,
1036 521 1159 581 quod
1201 522 1482 581 Augustinus
1524 521 1725 580 loquitur
1764 521 2017 565 secundum
2058 520 2210 582 legem

245 602 557 641 communem,
581 588 834 632 secundum
861 603 997 647 quam
1025 603 1106 648 per
1130 599 1415 633 sacramenta
1448 603 1542 632 non
1583 598 1908 647 regenerantur
1941 587 2093 648 aliqui,
2124 589 2212 634 nisi

241 655 364 714 prius
385 655 500 709 nati3
524 655 602 698 sed
626 655 752 699 Deus
775 655 881 699 huic
900 656 991 715 legi
1014 666 1408 700 sacramentorum
1434 656 1688 716 potentiam
1714 670 1846 700 suam
1870 669 1964 700 non
1990 655 2211 715 alligavit,

243 722 351 780 quin
385 721 610 780 aliquibus
638 737 691 766 ex
718 721 903 782 speciali
931 722 1169 783 privilegio
1189 724 1384 782 gratiam
1401 738 1530 767 suam
1551 722 1758 767 conferre
1784 722 1941 781 possit,
1969 732 2211 783 antequam

242 799 487 833 nascantur
514 803 567 832 ex
594 799 738 834 utero.

332 856 407 899 AD
427 869 643 901 TERTIUM
671 856 931 911 dicendum,
960 857 1155 916 quod‘B.
1183 857 1327 917 Virgo
1355 857 1637 902 sanctificata
1658 856 1742 901 fuit
1762 857 1808 901 in
1826 866 1955 901 utero
1974 871 1999 901 a
2019 866 2211 916 peccato

243 922 469 981 originali,
498 934 718 982 quantum
747 924 803 968 ad
829 923 1061 968 maculam
1088 925 1518 984 personalemznon
1533 935 1687 969 tamen
1705 923 1787 968 fuit
1809 923 1998 968 liberata
2024 938 2050 968 a
2071 933 2211 979 reatu,

242 1005 333 1049 quo
367 1001 463 1035 tota
489 1002 650 1035 natura
675 992 912 1036 tenebatur
939 992 1161 1047 obnoxia;
1203 1002 1252 1036 ut
1291 992 1466 1037 scilicet
1504 1007 1599 1036 non
1640 992 1827 1036 intraret
1857 991 1903 1036 in
1935 991 2212 1052 paradisum,

241 1058 329 1101 nisi
355 1072 434 1117 per
462 1058 632 1103 Christi
658 1058 857 1103 hostiam
884 1058 961 1116 [al.
989 1060 1183 1118 ostium]:
1212 1059 1328 1104 sicut
1354 1070 1397 1104 et
1424 1059 1478 1103 de
1505 1060 1672 1104 sanctis
1698 1059 1907 1104 Patribus
1932 1058 2109 1114 dicitur,
2135 1059 2213 1119 qui

240 1124 423 1169 fuerunt
448 1137 550 1170 ante
579 1126 829 1171 Christum.

331 1194 406 1237 AD
434 1206 671 1243 QUARTUM
699 1194 1107 1254 dicendum,-quod
1148 1204 1390 1253 peccatum
1424 1193 1647 1252 originale
1687 1193 1880 1238 trahitur
1922 1208 1977 1238 ex
2017 1192 2211 1250 origine,

241 1259 513 1319 inquantum
539 1275 619 1320 per
651 1275 754 1305 eam
788 1262 1156 1305 communicatur
1196 1262 1400 1305 humana
1439 1271 1616 1315 natura,
1649 1257 1787 1319 qnam
1817 1260 1998 1320 proprie
2031 1260 2214 1319 respicit

241 1337 482 1386 peccatum
509 1328 760 1387 originale:
795 1329 916 1387 quod
960 1329 1145 1388 quidem
1186 1328 1249 1383 fit,
1286 1328 1468 1388 quando
1503 1328 1655 1386 proles
1698 1338 1922 1386 concepta
1963 1326 2213 1373 animatur:

240 1395 360 1439 unde
387 1405 490 1454 post
518 1396 847 1440 animationem
864 1396 980 1439 nihil
996 1396 1221 1455 prohibet,
1239 1395 1419 1455 prolem
1443 1405 1716 1453 conceptam
1739 1394 2036 1438 sanctificari:
2056 1403 2215 1454 postea

240 1462 364 1506 enim
390 1477 484 1507 non
517 1473 674 1509 manet
698 1463 745 1506 in
778 1473 986 1507 materno
1015 1474 1145 1507 utero
1174 1463 1228 1506 ad
1256 1462 1572 1522 accipiendam
1598 1462 1852 1506 humanam
1877 1471 2104 1537 naturam,
2135 1459 2215 1506 sed

241 1529 297 1574 ad
325 1529 570 1590 quualem
596 1530 925 1590 perfectionem
953 1532 1062 1589 ejus,
1091 1531 1212 1590 quod
1239 1531 1333 1588 Jam
1362 1530 1549 1589 accepit.

956 1709 1392 1767 ARTICULUS
1428 1709 1500 1764 11.
2124 1737 2203 1785 1⁵3
2259 1739 2261 1742 ⁴

313 1845 506 1885 UTRUM
546 1847 591 1884 Β
634 1847 802 1885 VIRGO
847 1847 1043 1885 FUERIT
1085 1845 1490 1886 SANCTIFICATA
1530 1845 1676 1884 ANTE
1718 1843 2131 1885 ANIMATIONEM.

378 1956 432 2016 (3.
451 1957 561 2000 Dist.
575 1972 612 2016 3.
632 1972 670 2015 q
689 1972 724 2001 Ι.
743 1962 823 2001 art.
846 1969 883 2000 1.
902 1963 938 2001 et
956 1956 1112 2014 Quodl.
1130 1957 1171 2002 6.
1191 1971 1229 2015 q.
1243 1970 1280 2015 5.
1299 1962 1379 2001 art.
1397 1972 1432 2001 1.
1451 1964 1564 2015 corp.
1581 1962 1618 2000 et
1635 1963 1770 2016 opusc
1788 1969 1828 2002 2.
1844 1962 1938 2015 cap.
1950 1955 2077 2016 231)

329 2066 405 2112 AD
439 2081 700 2113 SECUNDUM
732 2068 796 2112 sic
817 2069 1097 2145 proceditur.
1131 2067 1337 2123 Videtur,
1367 2068 1489 2128 quod
1517 2068 1567 2112 B.
1594 2067 1740 2128 Virgo
1767 2045 2061 2114 sanctificata
2080 2067 2216 2117 fuerit

240 2143 343 2178 ante
371 2135 724 2180 animationem:
753 2135 872 2194 quia,
900 2145 949 2179 ut
976 2135 1147 2179 dictum
1171 2146 1238 2180 est
1258 2138 1357 2192 (art.
1371 2137 1554 2195 praec),
1581 2135 1682 2195 plus
1709 2135 1881 2194 gratiae
1910 2146 1978 2181 est
1995 2134 2215 2182 collatum

237 2201 418 2260 Virgini
443 2202 578 2246 matri
602 2202 705 2258 Dei,
734 2217 873 2261 quam
897 2203 1030 2246 alicui
1055 2203 1357 2247 Sanctorum:
1386 2203 1465 2247 sed
1492 2202 1764 2262 quibusdam
1790 2203 1969 2248 videtur
1994 2217 2093 2249 esse
2111 2218 2218 2249 con-

238 2283 433 2323 cessum,
461 2269 583 2328 quod
611 2269 1002 2314 sanctificarentur
1021 2280 1123 2314 ante
1144 2270 1497 2315 animationem:
1526 2270 1645 2330 quia,
1664 2280 1713 2314 ut
1739 2270 1902 2316 dicitur
1926 2270 2131 2317 Hierem.
2155 2284 2212 2317 1.:

237 2337 493 2395 Priusquam
520 2343 556 2381 te
578 2337 818 2396 formarem
856 2339 900 2381 in
934 2344 1063 2391 utero,
1103 2339 1205 2381 novi
1231 2343 1291 2382 te:
1318 2351 1413 2381 non
1455 2347 1610 2381 autem
1651 2336 1901 2382 infunditur
1926 2337 2079 2383 anima
2112 2349 2216 2383 ante

241 2404 446 2463 corporis
479 2403 828 2448 formationem:
857 2405 1065 2449 similiter
1084 2405 1223 2448 etiam
1241 2405 1295 2448 de
1309 2404 1487 2462 Joanne
1506 2405 1708 2464 Baptista
1725 2405 1834 2449 dicit
1849 2405 2065 2453 Ambros.
2082 2419 2218 2467 super

237 2470 348 2514 Luc.
377 2471 491 2531 (cap.
519 2487 555 2516 1.
579 2480 669 2531 sup.
689 2471 819 2517 illud:
842 2473 897 2517 Et
918 2473 1081 2532 Spiritu
1110 2473 1262 2518 Sancto
1290 2472 1555 2532 replebitur),
1583 2471 1706 2531 quod
1737 2488 1760 2514 «
1786 2472 1992 2517 nondum
2010 2472 2156 2518 inerat
2172 2473 2215 2518 ei

237 2538 417 2598 spiritus
443 2539 577 2592 vitae,
606 2549 649 2582 et
673 2540 767 2598 jam
793 2539 940 2583 inerat
967 2540 1006 2583 ei
1035 2539 1227 2599 Spiritus
1245 2540 1417 2598 gratiae
1444 2555 1493 2594 »3
1521 2554 1631 2598 ergo
1656 2539 1802 2584 multo
1825 2540 1974 2599 magis
1992 2539 2043 2584 Β.
2062 2539 2209 2600 Virgo

239 2615 342 2650 ante
370 2606 699 2650 animationem
725 2606 999 2650 sanctificari
1024 2607 1184 2666 potuit.

329 2686 368 2717 2.
395 2673 692 2717 PRAETEREA.
724 2673 1016 2718 Conveniens
1043 2674 1140 2728 fuit,
1167 2675 1282 2718 sicut
1309 2673 1556 2718 Anselmus
1581 2673 1689 2717 dicit
1713 2673 1760 2716 in
1792 2673 1868 2718 lib.
1892 2673 1948 2719 de
1968 2673 2212 2733 Conceptu

237 2739 463 2799 Virginali
491 2740 601 2798 (cap.
628 2741 691 2786 18.
712 2748 870 2799 parum
911 2756 937 2785 α
964 2743 1141 2801 princ),
1174 2759 1196 2783 «
1225 2752 1273 2785 ut
1299 2741 1376 2785 illa
1417 2740 1562 2799 Virgo
1606 2755 1658 2784 ea
1700 2740 1894 2799 puritate
1925 2741 2090 2786 niteret
2121 2755 2211 2800 qua

239 2808 387 2867 major
413 2808 493 2851 sub
522 2807 624 2851 Deo
651 2808 807 2866 nequit
833 2808 1024 2867 intelligi
1051 2824 1103 2863 »3
1131 2819 1175 2852 et
1203 2809 1335 2853 Cant.
1362 2821 1405 2863 4.
1433 2807 1617 2852 dicitur:
1655 2808 1762 2852 Tota
1779 2807 1961 2867 pulchra
1986 2824 2040 2864 es,
2069 2810 2212 2853 amica

238 2889 345 2929 mea,
368 2881 407 2920 et
431 2875 597 2918 macula
622 2889 705 2917 non
733 2881 789 2919 est
805 2877 847 2918 in
867 2882 926 2920 te:
946 2876 1023 2919 sed
1042 2876 1190 2933 major
1215 2875 1384 2934 puritas
1411 2874 1567 2918 fuisset
1594 2874 1642 2917 B.
1670 2874 1888 2933 Virginis,
1915 2875 1952 2919 si
1970 2889 2207 2936 nunquam

239 2942 391 2986 anima
420 2943 514 3000 ejus
541 2941 698 2985 fuisset
723 2942 956 3000 inquinata
985 2943 1199 3001 contagio
1228 2941 1464 3000 originalis
1491 2942 1693 3001 peccati;
1727 2956 1838 3001 ergo
1880 2941 1970 2987 hoc
2015 2943 2057 2989 ei
2088 2957 2197 3003 prae

237 3011 393 3055 stitum
419 3009 515 3063 fuit,
543 3019 591 3053 ut
618 3019 861 3067 antequam
890 3010 1166 3053 animaretur
1194 3023 1300 3053 caro
1329 3011 1439 3067 ejus,
1467 3008 1837 3063 sanctificaretur.

332 3092 368 3136 3.
396 3077 692 3121 PRAETEREA.
723 3077 851 3120 Sicut
877 3078 1048 3120 dictum
1068 3086 1132 3121 est
1151 3077 1254 3134 (art.
1266 3085 1414 3135 praec.
1435 3091 1523 3135 arg.
1554 3076 1630 3120 Sed
1656 3077 1802 3134 cont),
1828 3091 1923 3121 non
1957 3076 2208 3122 celebratur

237 3145 399 3189 festum
434 3144 518 3188 nisi
546 3145 600 3188 de
629 3143 781 3203 aliquo
825 3144 1018 3187 Sancto:
1045 3144 1139 3187 sed
1181 3143 1381 3207 quidam.
1412 3143 1642 3187 celebrant
1681 3143 1847 3188 festum
1876 3143 2209 3204 Conceptionis

240 3214 287 3256 B.
314 3212 541 3270 Virginis3
570 3226 680 3269 ergo
708 3211 897 3268 videtur,
925 3211 1046 3270 quod
1074 3211 1120 3253 in
1148 3211 1243 3268 ipsa
1270 3225 1352 3254 sua
1380 3210 1683 3270 conceptione
1710 3210 1845 3256 fuerit
1869 3222 2051 3267 sancta;
2078 3221 2124 3256 et
2146 3211 2205 3256 ita

237 3279 358 3339 quod
394 3290 496 3323 ante
531 3279 859 3322 animationem
893 3277 1026 3321 fuerit
1059 3276 1354 3321 sanctificata.
2180 3317 2185 3323 ,

328 3360 369 3402 4.
391 3348 688 3392 PRAETEREA.
718 3346 878 3405 Apost.
907 3345 1016 3389 dicit
1032 3345 1168 3389 Rom.
1195 3359 1210 3389 1
1224 3359 1283 3388 1.:
1306 3345 1353 3390 Si
1370 3344 1495 3389 radix
1516 3352 1674 3399 sancta,
1695 3353 1733 3391 et
1750 3347 1886 3392 rami:
1910 3345 2036 3391 radix
2058 3356 2212 3391 autem

237 3413 436 3458 filiorum
464 3425 566 3458 sunt
593 3424 802 3474 parentes
830 3427 1015 3467 eorum;
1042 3412 1189 3472 potuit
1217 3426 1326 3471 ergo
1347 3412 1394 3456 B.
1422 3412 1567 3472 Virgo
1595 3413 1870 3458 sanctificari
1897 3414 2035 3459 etiam
2052 3413 2099 3459 in
2116 3413 2210 3459 suis

238 3482 497 3541 parentibus
533 3492 635 3526 ante
671 3481 1014 3525 animationem⁴

329 3550 423 3594 SED
451 3562 645 3594 CONTRA
678 3559 758 3603 est,
786 3547 908 3608 quod
936 3562 988 3592 ea
1015 3561 1131 3607 quae
1158 3545 1338 3591 fuerunt
1371 3547 1417 3591 in
1442 3549 1584 3592 veteri
1603 3546 1922 3603 Testamento,
1939 3555 2045 3593 sunt
2060 3544 2205 3606 figura

238 3617 361 3671 novi,
388 3616 641 3661 secundum
660 3615 770 3661 illud
804 3630 838 3660 1.
867 3615 922 3660 ad
947 3613 1056 3660 Cor.
1086 3627 1177 3660 10.:
1200 3615 1358 3660 Omnia
1375 3616 1419 3659 in
1435 3616 1582 3674 figura
1599 3617 1888 3674 contingebant
1909 3614 2017 3661 illis.-
2034 3613 2114 3660 sed
2131 3627 2212 3675 per
