2352 3926
674 239 951 291 QuAasrro
991 241 1136 283 wa.
1176 238 1489 283 Ana-murus
1524 240 1598 283 vr.
2011 226 2111 296 561

152 335 367 396 {dominat
387 361 527 393 unam
553 346 699 392 solam
734 359 992 407 personam,
1014 355 1165 406 potest
1187 344 1356 390 habere
1381 353 1555 390 rectam
1581 343 1720 388 fidem
1746 343 1803 389 de
1825 343 1991 388 tribus:
2014 343 2119 402 quia

156 417 276 464 sicut
301 416 357 461 ad
384 424 723 460 sacramentum
748 414 988 473 requiritur
1019 413 1209 458 materia
1233 411 1472 467 sensibilis,
1513 412 1575 456 ita
1621 420 1667 456 et
1705 409 1855 456 forma
1879 409 2120 463 sensibilis,

156 483 278 529 unde
303 497 397 528 non
424 482 587 527 sufficit
611 481 881 535 intellectus,
907 480 980 525 vel
997 479 1107 524 fides
1131 478 1368 524 Trinitatis
1394 479 1449 524 ad
1476 478 1803 538 perfectionem
1832 477 2120 532 sacramenti,

157 551 247 596 nisi
273 550 557 596 sensibilibus
581 549 728 593 verbis
742 547 942 592 Trinitas
968 547 1265 606 exprimatur:
1290 547 1409 590 unde
1435 555 1480 590 et
1504 547 1548 590 in
1574 545 1803 605 baptismo
1831 545 2017 599 Christi,
2043 544 2119 589 ubi

160 616 244 663 fuit
276 618 409 677 origo
441 615 813 661 sanctificationis
844 614 986 659 nostri
1017 613 1245 672 baptismi,
1277 612 1405 657 affuit
1451 611 1650 657 Trinitas
1681 612 1728 656 in
1755 611 2040 657 sensibilibus
2066 611 2123 656 si-

151 685 274 744 gnis,
295 684 470 729 scilicet
484 684 619 727 Pater
645 683 690 726 in
717 695 848 736 voce,
872 681 1010 725 Filius
1037 680 1083 724 in
1104 680 1307 724 humana
1333 689 1507 733 natura,
1536 679 1739 738 Spiritus,
1756 679 1951 724 Sanctus
1975 678 2023 723 in
2049 692 2122 724 co-

157 751 327 797 lumba.

250 819 324 862 An
356 830 544 863 Prummu
577 829 687 875 ergo
719 814 980 868 dicendum,
1007 814 1129 873 quod
1171 827 1224 857 ex
1271 812 1457 872 speciali
1485 812 1656 857 Christi
1695 811 1974 857 revelatione
1999 812 2123 872 Apo-

159 884 267 930 stoli
292 885 338 930 in
365 884 593 944 primitiva
620 881 824 927 Ecclesia
854 881 900 925 in
927 880 1115 924 nomine
1140 880 1309 924 Christi
1335 879 1636 939 baptizabant,
1663 889 1712 923 ut
1735 894 1909 924 nomen
1936 879 2122 934 Christi,

161 952 285 1012 quod
328 961 424 996 erat
449 949 660 994 odiosum
687 948 883 1007 Judaeis‚
910 958 954 991 et
996 946 1266 1000 Gentilibus,
1298 946 1569 991 honorabile
1606 947 1865 991 redderetur
1905 961 1984 1006 per
2014 947 2121 1001 hoc,

160 1018 283 1079 quod
311 1019 366 1063 ad
393 1019 488 1076 ejus
514 1018 855 1060 invocationem
884 1014 1075 1074 Spiritus
1099 1014 1293 1058 Sanctus
1317 1013 1507 1057 dabatur
1532 1014 1578 1056 in
1605 1014 1847 1071 baptismo.

248 1086 324 1129 AD
365 1097 625 1130 SECUNDUM
662 1082 920 1135 dicendum,
953 1082 1075 1141 quod
1108 1081 1322 1125 AmbrOS.
1352 1081 1550 1139 assignat
1582 1081 1823 1134 rationem,
1851 1095 1990 1140 quare
2017 1094 2122 1126 con·

154 1151 390 1197 venienter
415 1150 517 1194 talis
544 1149 820 1208 dispensatio
847 1149 959 1192 fieri'
984 1148 1131 1208 potuit
1162 1149 1207 1192 in
1234 1148 1463 1208 primitiva
1486 1147 1706 1202 Ecclesia,
1739 1149 1844 1207 quia
1876 1147 2051 1192 scilicet
2073 1148 2121 1191 in

155 1218 346 1264 nomine
373 1218 547 1263 Christi
570 1227 667 1262 tota
691 1216 892 1261 Trinitas
919 1215 1205 1273 intelligitur:
1233 1226 1278 1260 et
1302 1215 1406 1260 ideo
1426 1215 1688 1259 servabatur
1707 1215 1762 1258 ad
1780 1215 1930 1259 minus
1943 1215 2124 1273 integri-

157 1292 249 1331 tate
275 1285 547 1344 intelligibili
572 1284 887 1343 forma,quam
916 1283 1127 1327 Christus
1152 1282 1335 1326 tradidit
1364 1282 1411 1326 in
1437 1282 1704 1340 Evangelio.

246 1353 323 1398 An
349 1364 565 1398 TERTIUM
591 1352 850 1405 dicendum,
872 1350 995 1410 quod
1021 1349 1242 1395 Nicolaus
1268 1363 1385 1408 papa
1422 1350 1594 1394 dictum
1627 1363 1760 1393 suurn
1794 1348 2036 1394 confirmat
2067 1361 2122 1396 ex

157 1420 334 1465 duobus
359 1420 642 1480 praemissis3
669 1428 714 1464 et
739 1419 843 1463 ideo
887 1420 983 1477 ejus
1016 1417 1254 1477 responsio
1286 1426 1411 1477 patet
1442 1430 1496 1461 ex
1527 1417 1684 1477 primis
1727 1417 1900 1462 duabus
1937 1414 2124 1461 solutio-

159 1487 304 1532 nibus.

782 1687 785 1690 ⁴
839 1678 1274 1735 ARTICULUS
1313 1679 1438 1734 VII.
2039 1705 2121 1753 370

270 1830 461 1870 UTRUM
500 1830 764 1868 IMMERSIO
807 1830 863 1869 IN
902 1829 1057 1875 AQUA
1097 1830 1182 1867 SIT
1222 1831 1296 1868 DE
1334 1830 1709 1870 NECESSITATE
1750 1830 2022 1870 BAPTISMI.

826 1957 886 2013 (4.
921 1957 1031 2000 Dist.
1056 1971 1090 2014 3.
1125 1962 1203 2000 art.
1232 1970 1273 2013 4.
1300 1971 1338 2015 q.
1376 1957 1453 2012 1.).

245 2084 322 2129 AD
353 2095 595 2130 8131»an
622 2083 686 2127 sic
719 2083 990 2142 proceditur.
1017 2083 1221 2137 Videtur,
1253 2083 1375 2142 quod
1402 2083 1639 2128 immersio
1666 2084 1711 2127 in
1740 2098 1856 2143 aqua
1883 2086 1940 2130 sit
1965 2085 2020 2130 de
2041 2099 2116 2130 ne-

149 2151 367 2196 cessitate
392 2150 628 2210 baptismi:
655 2160 704 2194 ut
729 2150 853 2195 enim
879 2150 1042 2194 dicitur
1067 2150 1232 2209 Ephes.
1260 2163 1323 2206 4:
1359 2151 1454 2195 Una
1481 2150 1593 2208 fides,
1613 2167 1744 2195 unum
1766 2153 2000 2212 baptisma.-
2034 2152 2114 2197 sed

157 2217 276 2278 apud
302 2217 471 2262 multos
499 2217 759 2262 communis
793 2218 958 2262 modus
982 2217 1240 2276 baptizandi
1271 2227 1340 2262 est
1365 2232 1443 2276 per
1468 2217 1836 2274 immersionem;
1864 2233 1974 2279 ergo
2000 2218 2122 2264 vide-

155 2294 243 2340 tur,
267 2285 391 2345 quod
415 2299 510 2339 non
537 2285 680 2343 possit
701 2298 798 2329 esse
824 2284 1075 2343 baptismus
1108 2285 1204 2329 sine
1234 2285 1544 2329 immersione.

246 2365 287 2396 2.
314 2352 611 2399 Pais-rnna.
629 2351 881 2411 Apostolus
904 2352 1013 2395 dicit
1031 2352 1165 2396 Rom.
1191 2350 1257 2399 6..:
1278 2353 1542 2410 Quicumque
1561 2354 1763 2412 baptizati
1783 2356 1985 2398 sumus-in
2000 2353 2120 2399 Chri-

153 2425 213 2466 sto
229 2419 339 2477 Jesu,
362 2421 408 2463 in
439 2426 571 2464 morte
606 2421 731 2478 ipsius
758 2420 960 2478 baptizati
990 2434 1143 2476 sumus,
1171 2420 1397 2478 consepulti
1428 2421 1536 2463 enim
1561 2435 1703 2464 sumus
1733 2435 1828 2465 cum
1855 2421 1927 2465 illo
1947 2430 2028 2481 per
2053 2423 2121 2466 ba-

148 2487 350 2546 ptismum
371 2487 415 2530 in
432 2492 591 2532 morte.-
624 2486 703 2531 sed
736 2486 826 2530 hoc
853 2485 902 2530 fit
933 2500 1012 2545 per
1036 2486 1407 2541 immersionem3
1430 2487 1538 2531 dicit
1570 2488 1693 2531 enim
1720 2487 1958 2547 Chrysost.
1986 2503 2120 2548 super

153 2551 266 2597 illud
291 2552 421 2611 Joan.
451 2567 490 2612 3.
510 2569 520 2598 :
542 2554 639 2599 Nisi
664 2555 753 2612 quis
773 2560 939 2598 renatus
960 2554 1091 2611 fuerit
1116 2555 1158 2597 in
1181 2569 1308 2613 aqua,
1331 2569 1380 2599 ex
1399 2555 1561 2614 Spiritu
1581 2556 1747 2609 Sancto,
1777 2566 1861 2600 etc.
1891 2556 2022 2614 (hom.
2048 2571 2117 2614 24.

156 2620 202 2664 in
220 2620 344 2676 Joan.
371 2634 398 2664 a
422 2620 577 2678 med.):
608 2636 631 2662 «
654 2620 782 2664 Sicut
804 2621 849 2664 in
868 2621 1068 2679 quodam
1096 2621 1354 2680 sepulchro,
1372 2622 1419 2665 in
1442 2636 1558 2681 aqua
1575 2623 1969 2682 submergentibus
1987 2624 2118 2668 nobis

158 2685 320 2745 capita,
341 2694 470 2731 vetus
485 2686 630 2732 homo
647 2687 885 2746 sepelitur;
907 2698 954 2732 et
969 2689 1229 2732 submersus
1247 2690 1463 2733 deorsum
1481 2689 1759 2744 occultatur3
1788 2691 1951 2735 deinde
1972 2705 2118 2735 novus

156 2766 307 2797 rursus
332 2753 534 2798 ascendit
558 2770 607 2808 ”3
635 2769 744 2813 ergo
776 2755 965 2809 videtur,
993 2755 1114 2814 quod
1140 2755 1375 2816 immersio
1402 2756 1460 2800 sit
1485 2757 1540 2800 de
1565 2757 1835 2801 necessitate
1861 2758 2087 2817 baptismi.

241 2819 288 2878 3.
313 2818 609 2866 Parmensi.
637 2821 687 2865 Si
712 2822 808 2866 sine
834 2822 1129 2867 immersione
1155 2824 1294 2867 totius
1321 2825 1524 2882 corporis
1551 2835 1705 2883 posset
1728 2824 1827 2869 fieri
1851 2825 2117 2883 baptismus,

156 2895 418 2946 sequeretur
442 2886 563 2945 quod
588 2888 685 2945 pari
710 2890 885 2934 ratione
912 2889 1137 2934 sufficeret
1163 2890 1413 2949 quamlibet
1438 2901 1614 2949 partem
1642 2906 1758 2950 aqua
1785 2891 2015 2949 perfundi:
2039 2893 2117 2937 sed

156 2953 248 2998 hoc
272 2953 450 2997 videtur
474 2953 827 3010 inconveniens;
855 2958 959 3015 quia
986 2956 1207 3015 originale
1234 2968 1489 3016 peccatum,
1517 2967 1675 3002 contra
1711 2959 1833 3017 quod
1875 2960 2115 3018 praecipue

156 3020 288 3064 datur
310 3019 574 3078 baptismus,
599 3034 693 3064 non
719 3032 787 3066 est
810 3023 856 3067 in
883 3038 973 3067 una
998 3034 1176 3068 tantum
1203 3024 1408 3083 corporis
1439 3035 1588 3084 parte3
1616 3040 1726 3083 ergo
1765 3025 1953 3078 videtur,
1996 3025 2118 3084 quod

155 3087 409 3145 requiratur
431 3086 666 3132 immersio
693 3089 748 3132 ad
774 3089 1065 3148 baptismum,
1098 3101 1144 3135 et
1168 3105 1262 3135 non
1288 3091 1482 3136 sufficiat
1507 3092 1607 3136 sola
1633 3092 1848 3149 aspersio.

247 3153 343 3198 SED
370 3165 566 3198 CONTRA
591 3162 672 3207 est,
697 3156 821 3213 quod
847 3157 984 3201 Hebr.
1008 3171 1074 3202 10.
1101 3158 1286 3202 dicitur:
1310 3159 1567 3204 Accedamus
1592 3173 1684 3203 cum
1706 3173 1806 3202 vero
1829 3158 1949 3203 corde
1974 3161 2019 3203 in
2033 3159 2120 3220 ple-

154 3219 347 3265 nitudine
368 3219 487 3278 fidei,
520 3222 677 3279 aspersi
702 3222 829 3266 corda
854 3238 881 3268 a
906 3226 1153 3270 conscientia
1167 3226 1298 3279 mala,
1325 3233 1364 3271 ct
1394 3227 1527 3271 abluti
1549 3233 1695 3285 corpus
1720 3240 1832 3283 aqua
1857 3226 2027 3271 munda.

245 3287 533 3332 RESPONDt-:o
567 3287 824 3341 dicendum,
856 3290 979 3348 quod
1005 3305 1122 3350 aqua
1163 3293 1406 3337 assumitur
1430 3293 1477 3336 in
1502 3302 1790 3336 sacramento
1825 3292 2038 3350 baptismi
2062 3294 2118 3338 ad

156 3367 290 3399 usum
331 3353 573 3398 ablutionis
614 3355 878 3413 corporalis,
925 3371 1005 3416 per
1045 3372 1183 3417 quam
1219 3359 1497 3417 significatur
1533 3359 1719 3403 interior
1757 3359 1926 3404 ablutio
1962 3372 2120 3419 pecca-

154 3431 322 3466 torum.
348 3419 535 3465 Ablutio
555 3430 715 3464 autem
740 3421 839 3466 fieri
862 3434 1012 3482 potest
1035 3439 1116 3483 per
1158 3439 1338 3484 aquam,
1381 3440 1474 3470 non
1514 3424 1666 3469 solum
1707 3440 1787 3484 per
1822 3425 2014 3471 modurn
2040 3428 2121 3472 im-

155 3488 412 3542 mersionis,
437 3487 516 3532 sed
542 3489 680 3531 etiam
705 3502 786 3547 per
810 3489 1002 3534 modurn
1029 3493 1316 3551 aspersionis,
1343 3492 1416 3536 vel
1442 3491 1690 3546 effusionis,
1716 3502 1762 3536 et
1781 3492 1886 3536 ideo
1909 3494 2118 3552 quamvis

154 3555 294 3601 tutius
318 3555 376 3600 sit
394 3554 621 3613 baptizare
638 3568 717 3614 per
732 3554 923 3600 modum
937 3557 1247 3604 immersionis
1267 3559 1389 3618 (quia
1404 3559 1495 3603 hoc
1514 3559 1649 3603 habet
1666 3559 1957 3606 communior
1973 3562 2118 3618 usus),
2133 3611 2135 3614 ,

156 3631 306 3683 potest
329 3631 485 3666 tamen
511 3620 608 3665 fieri
632 3621 881 3680 baptismus
906 3637 988 3682 per
1010 3624 1204 3670 modum
1231 3625 1519 3685 aspersionis,
1544 3624 1617 3671 vel
1649 3625 1788 3671 etiam
1819 3640 1901 3686 per
1926 3627 2117 3673 modum

341 3723 379 3760 S.
402 3723 557 3758 Tnouut
582 3723 712 3757 Summa
745 3723 949 3768 walogica.
973 3725 1054 3760 vol.
1083 3726 1144 3763 tv,
1908 3730 1948 3774 36
