2352 3926
11 3647 25 3687 ,ἑ

10 3688 25 3720 315.

11 3725 25 3757 χι

720 192 1000 240 αυΑΒεἸ-ιο·
1042 190 1134 232 m.
1175 190 1484 233 An’rtcums
1524 191 1560 232 1.
2014 192 2120 247 439

166 304 206 342 et
229 294 693 342 illuminando:unde
719 295 883 340 dicitur
908 296 951 339 in
970 295 1139 340 Psalm.
1159 308 1253 354 23.:
1282 294 1470 340 Attollite
1491 299 1653 354 portas,
1676 294 1906 354 principes,
1939 300 2123 338 vestras:

167 361 313 408 Gloss.
340 362 451 421 (ord.
480 363 629 421 Aug),
658 362 773 407 idest
807 378 829 403 «
849 363 1074 422 principes
1107 362 1283 416 inferni,
1317 361 1487 406 auferte
1506 369 1779 419 potestatem
1804 370 2017 414 vestram,
2037 375 2124 419 qua

162 438 302 488 usque
326 445 447 474 nunc
468 429 683 474 homines
714 430 759 473 in
786 428 964 473 inferno
989 429 1278 474 detinebatis:
1308 439 1351 472 et
1389 429 1452 473 sic
1475 431 1520 472 in
1546 430 1712 472 nomine
1739 428 1835 485 Jesu
1868 442 1984 472 omne
2014 442 2123 486 genu

149 495 360 555 flectatur,
386 509 480 541 non
506 496 656 541 solum
684 497 926 550 coelestium,
955 497 1032 540 sed
1060 496 1199 540 etiam
1231 497 1546 554 infernorum»,
1574 504 1622 539 ut
1647 494 1811 539 dicitur
1836 494 2001 554 Philip.
2020 507 2061 538 2.

250 563 324 608 AD
341 577 527 609 PRIMUM
541 576 652 621 ergo
671 563 930 617 dicendum,
949 563 1070 621 quod
1082 574 1252 606 nomen
1267 562 1516 606 inferorum
1530 572 1663 606 sonat
1679 562 1723 605 in
1738 561 1913 605 malurn
1931 575 2124 621 poenae,

159 643 255 674 non
281 642 430 675 autem
463 633 507 675 in
534 630 708 675 malum
737 630 918 689 culpae:
948 630 1067 673 unde
1095 629 1247 673 decuit
1269 629 1507 673 Christum
1525 629 1570 672 in
1588 628 1815 673 infernum
1834 628 2124 682 descendere,

157 705 253 741 non
278 707 494 758 tanquam
520 698 617 757 ipse
645 706 763 742 esset
788 697 967 741 debitor
987 698 1181 755 poenae,
1196 695 1276 740 sed
1292 705 1341 740 ut
1363 709 1457 750 eos,
1477 696 1555 755 qui
1581 706 1707 740 erant
1724 709 1900 756 poenae
1923 695 2124 750 obnoxii,

158 761 382 810 liberaret.

247 830 329 877 An
351 844 611 877 SECUNDUM
637 830 895 886 dicendum,
928 829 1051 889 quod
1083 830 1235 890 passio
1264 829 1438 874 Christi
1461 829 1546 874 fuit
1571 830 1700 888 quasi
1727 831 1953 889 quaedam
1987 843 2124 875 causa

158 897 425 943 universalis
451 899 681 943 humanae
712 898 885 952 salutis,
911 908 1007 942 tam
1034 898 1260 951 vivorum,
1299 910 1438 956 quam
1465 907 1777 941 mortuorum:
1806 911 1942 942 causa
1970 907 2124 943 autem

158 965 423 1010 universalis
445 965 698 1025 applicatur
724 966 779 1009 ad
806 963 1057 1023 singulares
1085 964 1271 1009 effectus
1303 979 1382 1024 per
1415 961 1584 1023 aliquid
1618 964 1835 1022 speciale:
1863 965 1983 1009 unde
2008 965 2126 1010 sicut

156 1031 296 1076 virtus
320 1032 543 1091 passionis
571 1032 743 1076 Christi
779 1031 1028 1090 applicatur
1067 1032 1322 1075 viventibus
1358 1045 1439 1089 per
1473 1041 1760 1074 sacramenta
1787 1031 2120 1090 configurantia

156 1112 241 1143 nos
266 1099 465 1158 passioni
493 1099 686 1152 Christi;
717 1099 779 1142 ita
805 1099 942 1142 etiam
965 1098 1191 1158 applicata
1218 1109 1285 1143 est
1310 1098 1504 1142 mortuis
1531 1108 1612 1157 per
1644 1097 1915 1142 descensum
1949 1098 2122 1143 Christi

142 1165 212 1225 rad
234 1163 430 1215 inferos:
459 1176 643 1225 propter
670 1166 792 1225 quod
815 1166 1048 1224 signanter
1080 1166 1242 1209 dicitur
1274 1165 1459 1210 Zachar.
1489 1179 1531 1225 9.
1566 1165 1689 1223 quod
1722 1164 1867 1210 eduxit
1886 1167 2049 1210 vinctos
2079 1165 2125 1210 de

155 1229 251 1277 lacu
275 1235 320 1277 in
345 1235 540 1292 sanguine
567 1235 795 1278 testamenti
819 1235 899 1288 sui,
922 1233 1038 1277 idest
1062 1247 1142 1292 per
1164 1233 1379 1277 virtutem
1404 1233 1629 1291 passionis
1656 1245 1779 1275 suae.

243 1300 319 1345 AD
341 1310 557 1346 TERTIUM
575 1300 833 1354 dicendum,
861 1301 982 1359 quod
1010 1300 1162 1343 anima
1189 1299 1362 1344 Christi
1386 1313 1482 1343 non
1508 1299 1743 1343 descendit
1775 1298 1830 1342 ad
1857 1298 2028 1344 inferos
2063 1313 2119 1343 eo

154 1381 322 1427 genere
344 1377 512 1423 motus,
539 1382 631 1427 quo
659 1382 852 1427 corpora
879 1378 1136 1423 moventur,
1163 1367 1242 1412 sed
1269 1381 1325 1412 eo
1353 1378 1522 1427 genere
1545 1376 1713 1421 motus,
1736 1380 1828 1426 quo
1852 1365 2004 1426 angeli
2026 1380 2124 1411 mo-

151 1445 329 1491 ventur,
355 1435 473 1480 sicut
496 1434 543 1479 in
575 1449 611 1480 1.
638 1435 845 1480 habitum
872 1445 940 1480 est
961 1440 1018 1494 (q.
1039 1435 1135 1495 53).

828 1654 831 1657 ,
881 1579 1316 1642 ARTICULUS
1361 1580 1432 1640 11.
2035 1597 2120 1657 287

230 1700 425 1746 UTRUM
466 1703 733 1745 CHRISTUS
774 1706 1159 1746 DESCENDERIT
1198 1706 1275 1744 AD
1314 1704 1594 1746 INFERNUM
1632 1703 2043 1745 DAMNATORUM.

360 1789 416 1853 (3.
443 1788 555 1838 Dist.
581 1788 651 1838 28.
678 1808 716 1852 q.
744 1808 783 1839 2.
806 1800 888 1839 art.
915 1810 951 1839 Ι.
978 1809 1016 1853 q.
1043 1808 1083 1839 2.
1110 1800 1147 1839 et
1171 1802 1306 1853 opusc.
1335 1793 1406 1839 60.
1434 1801 1523 1853 cap.
1550 1808 1614 1839 21.
1642 1791 1742 1838 circ.
1767 1788 1909 1852 med).

240 1896 317 1942 An
344 1907 604 1942 SECUNDUM
633 1898 700 1942 sic
730 1898 1003 1956 proceditur.
1032 1893 1235 1952 Videtur,
1267 1899 1389 1957 quod
1418 1899 1628 1943 Christus
1664 1897 1950 1942 descenderit
1980 1897 2118 1941 etiam

152 1964 210 2008 ad
235 1963 463 2009 infernum
486 1965 832 2010 damnatorum:
857 1965 1021 2009 dicitur
1037 1965 1160 2009 enim
1179 1980 1232 2010 ex
1250 1978 1329 2010 ore
1345 1966 1542 2024 divinae}
1557 1965 1830 2023 Sapientiae,
1849 1964 2000 2008 Eccle.
2032 1977 2117 2019 24:

153 2032 384 2077 Penetrabo
409 2045 547 2076 omnes
568 2032 784 2086 inferiores
794 2039 938 2092 partes
963 2039 1124 2078 terrae:
1154 2032 1232 2077 sed
1259 2034 1376 2077 inter
1401 2043 1549 2091 partes
1576 2032 1812 2076 inferiores
1829 2042 1975 2076 terrae
1995 2045 2119 2076 com-

149 2106 334 2157 putatur
359 2099 496 2142 etiam
521 2096 724 2143 infernus
750 2099 1087 2154 damnatorum,
1114 2100 1366 2144 secundum
1388 2099 1500 2143 illud
1526 2098 1645 2144 Psal.
1673 2098 1768 2143 62:
1801 2099 2041 2144 Introibunt
2073 2101 2117 2143 in

149 2165 357 2224 inferiora
383 2171 516 2210 terrae
525 2181 540 2219 ;
565 2179 675 2224 ergo
701 2165 924 2221 Christus,
951 2168 1028 2226 qui
1045 2176 1112 2211 est
1133 2167 1223 2211 Dei
1239 2167 1475 2226 sapientia,
1493 2167 1631 2211 etiam
1654 2180 1796 2225 usque
1815 2165 1871 2209 ad
1888 2166 2115 2210 infernum

148 2232 471 2276 damnatorum
498 2233 744 2278 descendit.
1418 2233 1420 2235 ’

240 2311 279 2345 2.
308 2299 606 2345 PRAETEREA.
634 2301 737 2344 Act.-
767 2313 806 2344 2.
834 2301 944 2346 dicit
968 2301 1142 2356 Petrus,
1170 2302 1291 2361 quod
1318 2303 1434 2346 Deus
1465 2301 1679 2346 Christum
1709 2302 1943 2355 suscitavit,
1974 2301 2116 2345 solutis

150 2366 362 2412 doloribus
386 2368 559 2427 inferni,
581 2370 707 2426 juxta
732 2368 840 2427 quod
864 2369 1114 2428 impossibile
1141 2376 1232 2414 erat
1256 2371 1383 2413 teneri
1405 2369 1524 2413 illum
1551 2370 1602 2413 ab
1629 2383 1702 2413 eo:
1722 2368 1801 2413 sed
1819 2366 2001 2412 dolores
2019 2381 2113 2412 non

151 2443 257 2478 sunt
277 2436 323 2478 in
348 2433 525 2479 inferno
553 2444 748 2494 patrum,
774 2449 922 2494 neque
950 2435 1087 2479 etiam
1106 2436 1151 2479 in
1175 2435 1353 2480 inferno
1380 2448 1641 2495 puerorum,
1661 2436 1736 2494 qui
1755 2449 1849 2479 non
1867 2436 2115 2495 puniuntur

147 2514 297 2560 poena
322 2510 689 2562 sensus'propter
714 2511 953 2561 peccatum
982 2503 1173 2557 actuale,
1191 2503 1269 2547 sed
1289 2502 1439 2547 solum
1467 2517 1616 2562 poena
1643 2503 1798 2546 damni
1816 2511 2000 2562 propter
2016 2515 2116 2562 pec-

151 2577 302 2612 catum
322 2569 570 2627 originale3
598 2568 709 2628 ergo
729 2569 938 2614 Christus
957 2570 1191 2615 descendit
1213 2571 1258 2614 in
1285 2570 1512 2614 infernum
1531 2570 1868 2623 damnatorum,
1885 2570 1958 2614 vel
1977 2570 2115 2613 etiam

148 2635 195 2679 in
219 2636 548 2695 purgatorium,
575 2637 652 2680 ubi
676 2636 888 2681 homines
911 2638 1158 2696 puniuntur
1178 2651 1326 2695 poena
1354 2650 1512 2681 sensus
1529 2651 1612 2696 pro
1629 2636 1832 2696 peccatis
1847 2636 2111 2681 actualibus.

241 2711 279 2761 3.
305 2702 603 2748 PRAETEREA.
642 2716 677 2747 1.
701 2703 796 2748 Pet.
828 2718 865 2763 3.
890 2704 1064 2758 dicitur,
1093 2705 1215 2764 quod
1245 2705 1435 2750 Christus
1460 2705 1542 2759 his5
1565 2707 1638 2763 qui
1661 2707 1707 2748 in
1739 2719 1902 2750 carcere
1933 2705 2115 2749 conclusi

148 2773 280 2821 erant,
313 2771 466 2828 spiritu
490 2772 656 2814 veniens
677 2771 959 2830 praedicavit,
993 2773 1064 2830 qui
1095 2772 1301 2816 increduli
1324 2773 1503 2831 fuerant
1538 2772 1792 2830 aliquando.-
1825 2772 1962 2830 quod,
1995 2771 2113 2815 sicut

148 2835 368 2879 Athanas.
394 2835 503 2880 dicit
527 2836 572 2880 in
607 2839 736 2896 epist.
777 2838 831 2882 ad
869 2837 1125 2896 Epictetum
1161 2840 1261 2896 (cir.
1298 2839 1403 2883 med.
1433 2845 1469 2883 et
1501 2841 1673 2898 incipit:
1702 2840 1790 2898 Ego
1823 2838 2109 2895 arbitrabar),

147 2901 413 2961 intelligitur
439 2903 493 2946 de
520 2903 739 2948 descensu
769 2904 940 2949 Christi
968 2906 1021 2948 ad
1048 2905 1241 2959 infer0s3
1269 2906 1384 2950 dicit.
1409 2906 1547 2960 enim,
1581 2906 1703 2965 quod
1737 2919 1902 2965 corpus
1936 2905 2110 2950 Christi

146 2968 229 3013 fuit
245 2969 290 3012 in
308 2968 550 3028 sepulchro
567 2971 782 3028 positum,
810 2972 992 3031 quando
1014 2972 1109 3031 ipse
1136 2974 1331 3031 perrexit
1357 2974 1618 3032 praedicare
1639 2974 1711 3018 his
1737 2974 1814 3032 qui
1834 2975 1880 3017 in
1905 2973 2111 3016 custodia

147 3046 275 3080 erant
296 3035 538 3095 spiritibus,
564 3037 679 3080 sicut
701 3037 811 3082 dixit
835 3038 1017 3084 Petrus:
1047 3050 1226 3084 constat
1253 3050 1420 3094 autem,
1443 3041 1565 3099 quod
1592 3040 1813 3084 increduli
1836 3049 1963 3083 erant
1984 3039 2029 3083 in
2048 3040 2111 3083 in-

146 3103 274 3148 ferno
301 3103 648 3157 damnatorum3
676 3117 788 3162 ergo
815 3104 1025 3150 Christus
1053 3107 1107 3150 ad
1136 3106 1362 3151 infernum
1389 3107 1711 3151 damnatorum
1740 3107 1986 3151 descendit.

233 3183 275 3226 4.
302 3170 599 3215 PRAETEREA.
628 3170 820 3230 August.
847 3172 956 3216 dicit
981 3173 1026 3217 in
1045 3174 1172 3232 epist.
1208 3174 1262 3218 ad
1296 3174 1437 3218 Evod.
1459 3175 1585 3232 (quae
1610 3181 1666 3219 est
1692 3189 1764 3233 99.
1796 3174 1998 3231 aliquant.
2017 3179 2108 3217 ante

142 3237 290 3296 med.):
313 3253 335 3278 ‹<
363 3237 412 3281 Si
435 3238 480 3281 in
508 3237 722 3281 Abrahae
749 3238 898 3282 sinum
926 3238 1163 3284 Christum
1190 3242 1369 3286 venisse
1391 3255 1519 3285 sacra
1544 3241 1776 3299 Scriptura
1793 3240 1990 3293 dixisset,
2013 3253 2107 3284 non

143 3305 385 3349 nominato
412 3303 605 3358 inferne,
632 3305 818 3363 ejusque
845 3305 1091 3361 doloribus,
1117 3308 1261 3351 miror
1285 3308 1323 3351 si
1349 3308 1588 3367 quisquam
1612 3308 1667 3351 ad
1695 3306 1864 3351 inferos
1897 3320 2001 3351 eum
2035 3307 2109 3351 de-

144 3373 372 3416 scendisse
400 3385 599 3415 asserere
626 3371 835 3418 auderet:
859 3372 938 3416 sed
964 3373 1069 3431 quia
1096 3374 1320 3418 evidentia
1353 3374 1614 3418 testimonia
1649 3384 1693 3418 et
1724 3371 1952 3416 infernum
1985 3386 2109 3417 com-

149 3446 423 3493 memorant‚
451 3446 495 3483 et
516 3438 713 3491 dolores,
730 3437 855 3482 nulla
872 3452 1009 3483 causa
1031 3441 1242 3494 occurrit,
1265 3455 1345 3485 cur
1359 3441 1439 3485 illo
1459 3441 1668 3484 credatur
1682 3441 1861 3484 venisse
1880 3439 2107 3495 Salvator,

146 3505 234 3550 nisi
245 3512 295 3550 u't
304 3505 539 3564 abjeisdem
555 3504 787 3549 doloribus
799 3504 950 3550 salvos
966 3505 1135 3552 faceret
1147 3522 1186 3551 »z
1205 3508 1282 3552 sed
1300 3508 1429 3552 locus
1441 3507 1652 3551 dolorum
1669 3516 1735 3551 est
1751 3506 1952 3551 infernus
1973 3507 2099 3550 dam·

145 3576 385 3627 natdmm3
407 3582 520 3631 ergo
546 3571 755 3616 Christus
780 3572 827 3616 in
852 3571 1079 3619 infernum
1105 3574 1426 3619 damnatorum
1452 3573 1698 3618 descendit.
