2352 3926
7 3094 26 3152 *fvzg
9 3079 18 3089 η

12 3345 34 3375 gvi«
10 3256 27 3338 ‹mcv-5
9 3230 19 3251 Ὗ

2 2734 23 3077 ceap-eqsswwmn*
2 2693 11 2724 Τ
0 2640 12 2685 *⁹272
0 2619 7 2629 ‹›
0 2546 13 2599 ’τῲ-ἰν

620 224 900 274 αυηετιο
937 222 1147 266 Lxxxu.
1188 219 1498 264 tcurrictnms
1536 221 1590 261 v.
1983 219 2090 276 749

220 346 261 379 2.
287 332 588 379 PRAETEREA.
613 332 831 377 Damasc.
857 330 967 376 dicit
991 330 1037 374 in
1069 340 1112 385 4.
1138 327 1213 375 lib.
1243 327 1387 386 (Orth.
1419 325 1517 372 Fid.
1550 332 1642 386 cap.
1669 335 1734 382 14.
1761 322 1938 382 a-med.)
1970 321 2094 382 quod

130 401 326 462 «spanis,
353 411 399 445 et
421 401 581 444 vinum
609 413 700 459 ,per
725 398 973 443 adventum
1010 396 1168 442 Sancti
1195 395 1388 456 Spiritus
1424 390 1826 452 supernaturaiiter
1857 389 2019 434 transit
2048 390 2095 433 in

131 481 312 528 corpus,
338 477 384 513 et
413 467 685 525 sanguinem
722 465 916 510 Domini
942 478 991 509 »ε
1029 463 1108 509 sed
1151 462 1364 508 Gelasius
1389 472 1508 521 papa
1533 460 1655 514 dicit,
1684 458 1802 503 sicut
1825 456 2018 502 habetur
2049 457 2094 501 in

130 535 267 580 Decr.
293 535 351 593 (ι.
384 550 424 594 q.
451 550 487 580 r.
515 542 638 593 cap..·
670 531 980 589 Sacrosanta).·
1017 547 1041 572 α
1076 529 1331 583 Quomodo
1365 528 1421 573 ad
1448 527 1589 572 divini
1615 524 1821 587 mysterii
1839 537 2097 569 *consecra-

128 602 306 648 tionem
328 600 540 647 coelestis
560 600 751 660 Spiritus
776 599 1016 643 invocatus
1043 597 1267 651 adveniet,
1294 596 1332 640 si
1357 595 1586 648 sacerdos,
1614 594 1691 653 qui
1714 607 1820 638 eum
1841 591 1999 636 adesse
2025 590 2098 635 de·

128 680 352 730 precatur,
369 668 628 713 criminosis
644 667 805 727 plenus
824 666 1078 711 actionibus
1098 662 1456 724 comprobetur?
1477 678 1501 703 »
1522 661 1643 720 Ergo
1661 674 1740 720 per
1757 658 1932 703 malum
1954 671 2098 703 sacer·

128 735 285 781 dotem
309 749 405 780 non
422 745 571 795 potest
582 733 867 779 Eucharistia
890 731 1162 777 consecrari.

222 818 260 864 3.
297 804 594 849 Pium-enm.
628 802 731 847 Hoc
771 811 1111 846 sacramentum
1143 797 1392 843 sacerdotis
1426 796 1743 842 benedictione
1776 803 2096 839 consecratur:

128 870 208 916 sed
245 870 503 915 benedictio
530 869 778 915 sacerdotis
795 868 1049 927 peccatoris
1076 881 1169 910 non
1189 876 1256 910 est
1273 864 1432 909 efficax
1455 865 1510 909 ad
1538 864 1936 909 consecrationem
1963 861 2097 920 hujus

129 938 417 992 sacramenti,
451 952 556 981 cum
589 936 808 995 scriptum
840 935 896 979 sit
927 933 1125 978 Malach.
1160 947 1225 978 2.:
1260 932 1514 977 Maledicam
1558 931 1903 977 benedictionibus
1933 930 2094 982 vestris,

131 1015 176 1050 et
195 1005 387 1064 Dionys.
408 1005 515 1050 dicit
540 1005 586 1047 in
609 1003 800 1063 epistola
819 1002 875 1046 ad
896 1000 1231 1060 Demophilum
1248 1000 1532 1044 monachum
1551 1005 1677 1058 (quae
1699 1005 1754 1043 est
1771 1000 1810 1044 8.
1830 999 1928 1043 circ.
1948 995 2095 1054 med.):

133 1087 157 1114 α
186 1071 389 1116 Perfecte
426 1073 590 1116 cecidit
624 1085 649 1115 a
686 1069 957 1114 sacerdotali
985 1069 1158 1122 ordine,
1201 1068 1278 1127 qui
1318 1082 1412 1111 non
1440 1078 1509 1111 est
1543 1066 1850 1110 illuminatus:
1876 1075 1920 1109 et
1951 1063 2097 1108 audax

131 1139 318 1199 quidem
342 1139 539 1183 nimium
565 1137 678 1182 mihi
694 1138 873 1182 videtur
898 1136 1015 1191 talis,
1032 1135 1388 1181 sacerdotalibus
1416 1148 1606 1178 manum
1625 1147 1874 1193 apponens,
1901 1141 1946 1176 et
1964 1130 2099 1175 audet

131 1205 394 1251 immundas
416 1205 628 1250 infamias
657 1206 773 1263 (non
799 1205 923 1249 enim
946 1204 1096 1248 dicam
1120 1203 1372 1261 orationes)
1400 1215 1534 1262 super
1556 1201 1709 1245 divina
1735 1199 1946 1260 symbola
1969 1198 2100 1244 Chri-

132 1273 399 1319 stiformiter
423 1275 657 1318 enuntiare
690 1289 730 1317 ».

222 1341 317 1387 SED
345 1353 541 1386 CONTRA
568 1350 648 1395 est,
672 1340 795 1400 quod
821 1339 1094 1384 Paschasius
1130 1339 1204 1397 [al.
1233 1337 1518 1396 Augustinus
1554 1335 1891 1395 (Paschasius)]
1921 1333 2028 1379 dicit
2052 1333 2100 1377 in

132 1409 207 1453 lib.
233 1408 291 1452 de
309 1409 516 1469 Corpore
538 1408 678 1452 Dom.
709 1407 821 1467 (cap.
843 1422 906 1453 12.
932 1406 1019 1452 vid.
1038 1414 1128 1467 cap.
1157 1420 1223 1466 77.
1245 1422 1281 1451 1.
1308 1421 1345 1465 q.
1369 1407 1441 1464 I.):
1466 1421 1490 1447 <‹
1514 1405 1637 1449 Intra
1661 1403 1918 1449 Ecclesiam
1947 1402 2102 1446 catho-

132 1475 286 1529 licam,
317 1476 364 1520 in
386 1476 604 1535 mysterio
634 1475 851 1534 corporis,
885 1484 930 1519 et
955 1474 1188 1533 sanguinis
1214 1473 1420 1527 Domini,
1446 1471 1562 1516 nihil
1589 1486 1614 1516 a
1645 1470 1770 1516 bono
1797 1472 1961 1530 majus,
1987 1468 2102 1513 nihil

133 1557 160 1587 a
186 1543 311 1587 malo
348 1543 499 1587 minus
530 1541 759 1602 perficitur
790 1542 1043 1596 sacerdote,
1073 1542 1178 1600 quia
1203 1555 1297 1585 non
1323 1541 1370 1584 in
1397 1541 1562 1585 merito
1589 1539 1914 1594 consecrantis,
1941 1537 2018 1582 sed
2054 1537 2102 1581 in

133 1610 272 1655 verbo
299 1609 530 1670 perficitur
562 1609 812 1665 Creatoris,
846 1620 888 1653 et
913 1609 1077 1653 virtute
1106 1609 1297 1668 Spiritus
1316 1608 1474 1653 Sancti
1499 1625 1540 1651 ».

223 1677 513 1722 Rnsponnno
545 1676 806 1731 dicendum,
834 1676 972 1736 quod,
998 1677 1115 1721 sicut
1146 1691 1279 1735 supra
1306 1676 1479 1720 dictum
1505 1685 1572 1719 est
1594 1674 1698 1733 (art.
1722 1689 1756 1719 1.
1783 1679 1820 1719 et
1836 1689 1872 1733 3.
1906 1673 1994 1732 huj.
2018 1672 2097 1731 q.),

135 1745 348 1789 sacerdos
375 1755 615 1789 consecrat
636 1744 726 1788 hoc
754 1754 1093 1788 sacramentum
1119 1757 1213 1787 non
1236 1745 1400 1788 virtute
1426 1743 1624 1802 propria,
1651 1742 1729 1786 sed
1753 1741 1870 1785 sicut
1895 1740 2101 1784 minister

138 1811 325 1866 Christi,
365 1811 414 1855 in
454 1812 582 1870 cujus
620 1825 816 1871 persona
848 1821 1086 1855 consecrat
1118 1811 1208 1855 hoc
1242 1821 1603 1855 sacramentum:
1627 1824 1722 1853 non
1746 1817 1898 1853 autem
1925 1822 1981 1852 ex
2010 1807 2101 1851 hoc

137 1880 238 1939 ipso
265 1879 428 1924 desinit
468 1878 629 1938 aliquis
656 1879 861 1923 minister
888 1893 987 1923 esse
1016 1879 1202 1934 Christi,
1236 1879 1358 1938 quod
1387 1889 1454 1923 est
1491 1878 1665 1931 malus;
1691 1877 1828 1921 habet
1860 1876 1983 1920 enim
2005 1875 2102 1918 Do·

137 1947 288 1991 minus
328 1946 490 2000 bonos,
532 1955 577 1990 et
617 1946 766 1990 malos
803 1947 1052 2000 ministros,
1089 1961 1168 1991 seu
1209 1961 1393 1991 servos:
1422 1947 1541 1990 unde
1574 1946 1735 1989 Matth.
1771 1957 1840 2000 24.
1872 1943 2102 1988 Dominus

136 2013 272 2059 dicit:
297 2014 403 2070 Quis
426 2020 553 2073 putas
582 2020 637 2058 est
669 2013 797 2069 fidelis
822 2029 980 2067 servus,
1009 2020 1046 2059 et
1062 2014 1263 2074 prudens,
1289 2025 1390 2068 etc.,
1417 2024 1462 2058 et
1486 2024 1646 2073 postea
1687 2013 1855 2058 subdit:
1889 2013 1935 2057 Si
1961 2018 2102 2056 autem

138 2079 293 2126 dixerit
306 2080 443 2125 malus
456 2082 528 2125 iste
541 2095 684 2125 servus
715 2082 760 2124 in
786 2081 906 2126 corde
929 2095 1018 2136 5u0,
1037 2091 1140 2136 etc.,
1167 2092 1210 2126 et
1227 2081 1479 2141 Apostolus
1511 2081 1621 2125 dicit
1646 2095 1681 2124 1.
1712 2079 1920 2126 Corinth.
1943 2091 1985 2134 4.
2004 2079 2103 2124 :Sic

139 2162 214 2193 nos
242 2149 444 2193 existimet
477 2148 614 2201 homo,
653 2153 699 2192 ut
733 2149 946 2193 ministros
968 2148 1126 2194 Christi
1142 2164 1159 2202 ‚·
1194 2159 1238 2194 et
1267 2163 1424 2194 tamen
1457 2159 1615 2209 postea
1641 2148 1818 2193 subdit:
1846 2147 1968 2192 Nihil
1997 2147 2104 2191 mihi

141 2216 325 2261 conscius
347 2229 472 2260 stam:
505 2214 571 2260 sed
600 2229 684 2259 non
714 2216 759 2259 in
792 2216 866 2260 hoc
892 2217 1141 2275 justificatus
1170 2231 1287 2262 sum:
1323 2227 1418 2261 erat
1449 2231 1560 2276 ergo
1588 2226 1736 2261 certus
1762 2229 1811 2260 se
1847 2228 1945 2260 esse
1972 2214 2104 2258 mini-

139 2292 284 2328 strum
312 2282 498 2336 Christi,
524 2292 679 2327 tamen
701 2296 795 2326 non
814 2292 911 2327 erat
932 2294 1081 2328 certus
1104 2298 1153 2328 se
1176 2298 1274 2328 esse
1300 2285 1495 2343 justum3
1518 2294 1668 2344 potest
1685 2297 1796 2342 ergo
1825 2282 1986 2342 aliquis
2005 2295 2104 2326 esse

139 2350 345 2394 minister
371 2349 558 2404 Christi,
585 2350 765 2394 etiamsi
795 2351 938 2409 justus
963 2365 1058 2395 non
1081 2353 1150 2396 sit.
1184 2352 1240 2396 Et
1264 2352 1355 2396 hoc
1384 2352 1439 2396 ad
1467 2351 1785 2401 excellentiam
1812 2351 1986 2396 Christi
2011 2365 2106 2410 per-

138 2417 265 2472 tinet,
282 2417 371 2471 cui,
398 2418 513 2461 sicut
530 2431 646 2461 vero
674 2417 793 2471 Deo,
820 2418 1022 2462 serviunt
1056 2433 1152 2463 non
1192 2419 1344 2464 solum
1384 2420 1522 2474 bona,
1549 2419 1628 2464 sed
1656 2420 1795 2464 etiam
1822 2418 1959 2473 mala,
1987 2432 2104 2478 quae

137 2499 220 2545 per
242 2485 382 2544 ipsius
410 2484 745 2544 providentiam
778 2485 824 2529 in
852 2486 949 2544 ejus
983 2485 1179 2545 gloriam
1207 2488 1486 2532 ordinantur.
1526 2487 1660 2532 Unde
1697 2487 1991 2532 manifestum
2023 2495 2104 2540 est,

140 2551 262 2611 quod
288 2552 563 2608 sacerdotes,
588 2552 767 2597 etiamsi
793 2567 887 2598 non
909 2553 998 2598 sint
1013 2555 1133 2613 justi,
1159 2555 1239 2599 sed
1266 2565 1547 2615 peccatores,
1564 2564 1754 2615 possunt
1770 2554 2104 2600 Eucharistiam

142 2632 424 2664 consecrare.

229 2686 307 2732 AD
330 2699 520 2732 PRIMUM
546 2701 658 2746 ergo
690 2687 949 2746 dicendum,
983 2689 1105 2748 quod
1134 2690 1321 2734 Hieron.
1354 2705 1434 2750 per
1466 2689 1543 2734 illa
1565 2691 1702 2734 verba
1728 2690 1954 2750 improbat
1981 2703 2105 2734 erro-

141 2768 239 2799 rem
265 2754 570 2808 sacerdotum,
593 2756 669 2814 qui
695 2755 940 2800 credebant
965 2771 1014 2801 se
1041 2757 1177 2815 digne
1204 2771 1338 2818 posse
1371 2758 1704 2803 Eucharistiam
1731 2771 2014 2811 consecrare,
2049 2771 2103 2802 ex

140 2822 232 2867 hoc
248 2821 350 2867 solo
368 2822 491 2881 quod
509 2832 614 2866 sunt
634 2823 1098 2877 sacerdotes,etiamsi
1115 2825 1205 2869 sint
1220 2835 1485 2885 peccatores
1498 2842 1509 2881 3
1523 2825 1645 2885 quod
1664 2826 1892 2883 improbat
1914 2826 2102 2870 Hieron.

141 2903 221 2949 per
244 2890 351 2943 hoc,
377 2889 500 2948 quod
526 2889 752 2934 maculosi
774 2891 829 2934 ad
857 2890 998 2936 altare
1025 2894 1243 2937 accedere
1266 2894 1587 2952 prohibentur;
1605 2908 1698 2937 non
1726 2903 1882 2939 tamen
1899 2908 2104 2940 remove·

140 2967 227 3013 tur,
253 2957 376 3017 quin,
402 2957 441 3001 si
462 2957 750 3011 accesserint,
777 2958 833 3002 sit
857 2972 1017 3002 verum
1040 2960 1330 3016 sacrificium,
1356 2961 1478 3020 quod
1507 2960 1715 3005 offerunt.

230 3025 308 3070 An
341 3037 602 3069 SECUNDUM
629 3025 888 3079 dicendum,
913 3026 1036 3085 quod
1063 3036 1167 3072 ante
1194 3027 1269 3071 illa
1296 3030 1432 3072 verba
1452 3028 1661 3072 Gelasius
1693 3042 1809 3087 papa
1831 3029 2104 3087 praemittit:

146 3107 171 3134 α
195 3091 500 3137 Sacrosancta
531 3090 710 3149 religio,
736 3105 852 3150 quae
879 3092 1158 3138 catholicam
1182 3095 1387 3139 continet
1412 3094 1712 3152 disciplinam,
1729 3104 1904 3140 tantam
1931 3096 2015 3140 sibi
2042 3111 2106 3142 re-

141 3159 393 3204 verentiam
418 3158 644 3212 vendicat,
677 3168 726 3203 ut
765 3159 822 3202 ad
848 3172 951 3204 eam
985 3161 1185 3220 quilibet,
1218 3162 1307 3206 nisi
1343 3176 1455 3221 pura
1494 3162 1789 3217 conscientia,
1818 3177 1913 3207 non
1941 3163 2106 3210 audeat

142 3227 377 3286 pervenire
402 3242 444 3269 n.
473 3225 538 3269 Ex
560 3236 651 3284 quo
679 3224 917 3270 manifeste
945 3237 1143 3286 apparet,
1170 3229 1266 3287 ejus
1289 3229 1592 3273 intentionem
1619 3243 1733 3284 esse,
1751 3230 1873 3290 quod
1891 3240 2107 3291 peccator

143 3294 358 3338 sacerdos
383 3306 477 3336 non
501 3292 635 3336 debet
657 3292 712 3335 ad
730 3292 820 3336 hoc
839 3305 1178 3339 sacramentum
1206 3296 1444 3340 accedere:
1460 3296 1579 3340 unde
1601 3310 1681 3355 per
1692 3297 1782 3341 hoc
1802 3298 1924 3356 quod
1942 3298 2106 3353 subdit,

147 3375 172 3401 α
197 3359 434 3420 quomodo
461 3359 673 3404 coelestis
709 3359 904 3419 Spiritus
946 3361 1192 3407 advocatus
1226 3362 1438 3407 adveniet
1465 3380 1504 3416 »,
1538 3363 1729 3423 intelligi
1762 3375 1955 3423 oportet,
1982 3366 2104 3425 quod

142 3441 239 3472 non
264 3426 448 3472 advenit
473 3439 527 3470 ex
562 3427 726 3471 merito
758 3426 1021 3483 sacerdotis,
1047 3429 1126 3474 sed
1154 3445 1207 3475 ex
1232 3430 1396 3474 virtute
1419 3429 1604 3485 Christi,
1633 3432 1759 3490 cujus
1780 3432 1917 3477 verba
1933 3433 2107 3498 profert

144 3494 373 3540 sacerdos.

231 3561 309 3607 ain
341 3573 558 3608 TERTIUM
580 3561 840 3616 dicendum,
866 3562 989 3622 quod
1020 3563 1138 3609 sicut
1168 3563 1330 3608 eadem
1354 3564 1492 3620 actio,
1518 3565 1788 3627 inquantum
1813 3567 1864 3614 fit
1889 3582 1944 3613 ex
1965 3583 2106 3628 prava

143 3628 396 3676 intentione
417 3629 625 3684 ministri,
639 3638 790 3689 potest
806 3643 903 3676 esse
922 3628 1066 3687 mala3
1082 3631 1204 3678 bona
1226 3641 1394 3688 autem,
1408 3633 1677 3695 inquantum
1689 3634 1739 3681 fit
1755 3648 1808 3680 ex
1825 3635 1948 3684 bona
1964 3636 2104 3686 inten-
