2352 3926
246 213 353 267 218
785 227 1067 272 QUAESTIO
1109 227 1609 268 XXIV.ART1cunUS
1648 229 1685 268 1.

244 331 557 376 beatitudinis:
582 330 816 374 beatitudo
845 340 999 373 autern
1027 329 1200 374 Christi
1223 344 1318 374 non
1345 330 1572 408 dependet
1598 345 1652 375 ex
1677 341 1833 377 nostra
1859 333 2150 399 cognitione:
2174 345 2220 381 et
2245 343 2249 346 ⁴

244 399 350 443 ideo
378 397 541 442 melius
570 397 814 441 dicendum
842 406 924 450 est,
951 396 1084 454 quod
1100 395 1179 440 illa
1206 398 1477 452 antecessio,
1510 412 1647 457 quam
1680 399 1899 475 importat
1922 399 2013 446 hoc
2039 401 2234 460 particle-2

245 467 372 525 pium
395 474 449 524 pr
452 464 735 517 aedestinatus,
765 477 860 506 non
887 462 1078 506 refertur
1094 464 1150 507 ad
1167 477 1414 523 personam
1432 465 1686 509 secundum
1704 465 1918 524 seipsam,
1942 467 2022 512 sed
2043 468 2232 530 tamn.

245 534 476 576 humanae
502 541 712 574 naturae:
740 530 846 589 quia
869 530 1044 574 scilicet
1068 545 1264 590 persona
1289 530 1369 575 illa
1395 532 1479 576 etsi
1513 532 1566 576 ab
1596 542 1782 581 aeterno
1807 530 1942 576 fuerit
1966 532 2085 582 filius
2105 534 2234 596 Diti}

244 600 335 643 hoc
362 609 515 642 tamen
548 612 643 641 non
669 597 753 641 fuit
778 612 973 656 semper,
1000 597 1123 656 quod
1149 598 1398 649 subsistens
1424 599 1471 642 in
1509 608 1670 643 natura
1695 598 1902 642 humana
1936 597 2078 651 fuerit,
2101 600 2237 658 filiu&

245 667 356 711 Dei:
381 665 500 709 unde
517 665 801 723 Augustinus
829 665 939 708 dicit
960 665 1007 708 in
1030 665 1104 708 lib.
1125 665 1180 709 de
1197 665 1427 710 Praedest.
1448 665 1601 709 Sanct.
1624 665 1735 725 (cap.
1754 679 1809 724 15.
1828 680 1857 715 a-
1870 665 1996 725 med.)
2011 679 2027 710 .·
2048 683 2074 711 (ε,
2089 666 2223 719 Erae-

245 733 494 777 destinatus
522 741 589 775 est
608 732 753 789 Jesus,
780 741 829 775 ut
855 732 932 790 qui
957 730 1133 775 futurus
1161 741 1256 776 erat
1283 733 1534 776 secundum
1563 746 1749 776 carnem
1774 731 1894 777 filius
1914 733 2081 787 David3
2103 744 2232 785 esset„

244 811 400 844 tamen
417 800 464 842 in
480 799 645 842 virtute
662 797 781 842 filius
798 798 886 842 Dei
905 815 953 843 »z
982 808 1026 842 et
1042 807 1110 842 est
1132 798 1531 852 considerandum,
1551 799 1672 858 quod
1690 798 1798 843 licet
1817 799 1907 844 hoc
1931 800 2221 860 participium

245 866 585 927 praedestinatus,
613 865 831 924 importet
861 865 1242 919 antecessionem,
1269 866 1384 910 sicut
1412 876 1456 910 et
1479 866 1569 910 hoc
1597 866 1888 925 participium
1895 867 2039 926 factus
2054 883 2071 917 :s
2092 865 2226 918 alitem

245 945 416 988 tamen,
444 943 488 977 et
515 932 665 977 aliter:
693 947 801 976 nam
828 932 926 982 fieri
951 932 1145 991 pertinet
1171 932 1226 976 ad
1254 932 1401 991 ipsam
1427 946 1540 988 rem,
1558 933 1810 977 secundum
1833 933 1956 992 quod
1977 935 2024 982 in
2049 947 2099 980 se
2131 943 2220 982 est:

246 1000 572 1060 praedestinari
594 1010 747 1043 autem
773 999 967 1058 pertinet
989 999 1044 1043 ad
1062 998 1277 1058 aliquem,
1295 999 1548 1044 secundum
1571 1000 1694 1058 quod
1712 1010 1779 1044 est
1795 1000 1842 1043 in
1860 1000 2235 1060 apprehensione.

248 1067 438 1126 alicujus
464 1066 847 1125 praeordinantis:
874 1066 930 1117 idv
954 1076 1108 1110 autem
1141 1066 1265 1124 quod
1298 1066 1451 1110 subest
1482 1065 1619 1110 alicui
1648 1065 1842 1121 formae,
1868 1077 1914 1111 et
1937 1078 2126 1117 naturae
2157 1081 2223 1114 se,

248 1135 449 1180 cundum
476 1149 589 1190 rem,
614 1143 765 1193 potest
791 1133 1085 1193 apprehendi,
1111 1132 1187 1177 vel
1211 1142 1347 1191 prout
1372 1143 1438 1177 est
1463 1133 1544 1177 sub
1571 1132 1721 1177 forma
1738 1133 1832 1188 illa,
1847 1133 1923 1183 vel
1939 1135 2078 1179 etiam
2096 1134 2235 1183 abso-f.

245 1202 363 1246 lutet
392 1210 435 1246 et
462 1202 567 1260 quia
590 1200 796 1245 absolute
813 1215 907 1244 non
931 1202 1146 1245 convenit
1162 1214 1386 1258 personae
1407 1199 1594 1254 Christi,
1613 1201 1735 1258 quod
1754 1201 1973 1260 inceperit
1986 1215 2086 1249 esse
2102 1201 2235 1249 filius»

246 1269 358 1323 Dei;
387 1268 603 1312 convenit
628 1277 782 1312 autem
810 1267 865 1321 ei,
893 1267 1145 1311 secundum
1172 1267 1294 1326 quod
1321 1266 1601 1325 intelligitur,
1628 1266 1702 1311 vel
1729 1267 2080 1327 apprehenditur
2105 1269 2233 1317 utin„

247 1346 409 1380 natura
435 1335 638 1378 humana
672 1335 887 1388 existens3
921 1334 1026 1392 quia
1059 1334 1234 1378 scilicet
1270 1334 1359 1378 hoc
1395 1333 1639 1392 aliquando
1666 1334 1836 1393 incepit
1872 1348 1985 1389 esse,
2022 1336 2155 1394 quod1
2175 1336 2233 1383 in-

248 1413 408 1448 natura
434 1403 637 1453 humana
665 1402 861 1446 existens
889 1411 1013 1450 esset
1032 1401 1150 1445 filius
1178 1402 1288 1455 Dei;
1316 1401 1420 1444 ideo
1449 1401 1596 1459 magis
1622 1401 1738 1446 haec
1765 1411 1835 1447 est
1862 1416 1999 1450 vera:
2035 1403 2224 1451 Christus

250 1477 303 1515 est
322 1469 656 1530 praedestinatus
679 1469 790 1524 filius
816 1469 917 1522 Dei,
946 1483 1085 1526 quarn
1112 1468 1212 1522 ista,
1240 1468 1432 1512 Christus
1457 1474 1511 1513 est
1527 1461 1672 1527 sactus
1682 1468 1800 1528 filius
1825 1469 1924 1513 Dei.

947 1629 1381 1686 ARTICULUS
1426 1630 1497 1684 11.
1832 1618 1839 1627 ’
2141 1658 2220 1700 141

307 1766 502 1806 UTRUM
543 1765 691 1803 HAEC
731 1764 816 1802 SIT
857 1764 1051 1802 FALSA:
1096 1765 1382 1815 CHRISTUS,
1427 1765 1728 1804 SECUNDUM
1769 1764 1930 1812 QUOD
1971 1764 2156 1817 HOMO,

675 1847 775 1884 EST
808 1829 1295 1886 ERAEDESTINATUS
1325 1847 1452 1884 ESSE
1485 1847 1660 1885 FILIUS
1694 1847 1806 1886 DEI.

483 1958 536 2017 (3.
569 1959 682 2002 Dist.
715 1973 782 2002 10.
814 1972 852 2015 q.
885 1973 920 2002 1.
955 1965 1034 2001 art.
1069 1973 1103 2002 1.
1138 1973 1176 2016 q.
1210 1972 1250 2001 2.
1283 1963 1318 2001 et
1350 1957 1421 2001 lib.
1454 1971 1498 2014 4.
1535 1958 1679 2002 Contr.
1708 1972 1746 2016 g.
1781 1966 1870 2017 cap.
1903 1957 1984 2017 9.).

343 2069 419 2113 AD
454 2082 716 2113 SECUNDUM
749 2069 812 2112 sic
840 2068 1115 2127 proceditur.
1143 2067 1349 2122 Videtur,
1382 2069 1504 2127 quod
1543 2068 1659 2112 haec
1687 2070 1744 2112 sit
1768 2067 1904 2113 falsa:
1936 2068 2140 2127 Christus,
2170 2083 2226 2116 se-

251 2136 433 2182 cundum
459 2135 567 2194 quod
593 2136 731 2190 homo,
754 2134 1153 2193 est·praedestinatus
1178 2150 1254 2179 esse
1270 2136 1390 2194 filius
1411 2137 1524 2185 Dei;
1547 2135 1637 2179 hoc
1667 2135 1791 2179 enim
1818 2145 1886 2180 est
1915 2136 2225 2197 unusquisque

250 2203 503 2247 secundum
532 2202 717 2260 aliquod
744 2212 942 2259 tempus,
969 2202 1091 2260 quod
1120 2212 1188 2246 est
1213 2202 1574 2260 praedestinatus
1602 2216 1721 2256 esse;
1752 2216 1808 2246 eo
1835 2202 1966 2261 quod*
1983 2203 2228 2262 praedesti-

250 2270 375 2314 natio
403 2269 493 2313 Dei
519 2283 613 2312 non
640 2268 832 2312 fallitur:
861 2269 899 2312 si
925 2283 1035 2327 ergo
1066 2268 1290 2323 Christus,
1318 2269 1571 2312 secundum
1600 2269 1722 2327 quod
1747 2269 1909 2324 homo,
1942 2279 2014 2314 est
2042 2269 2232 2329 praede-.

250 2339 440 2381 stinatus
459 2350 558 2380 esse
576 2335 694 2379 filius
711 2336 814 2388 Dei,
833 2335 1012 2379 videtur
1031 2336 1159 2394 sequi
1173 2335 1295 2394 quod
1314 2337 1370 2379 sit
1386 2335 1504 2380 filius
1525 2336 1630 2391 Dei,
1648 2335 1901 2389 secundum
1919 2335 2042 2396 quod
2052 2336 2224 2388 homo:

249 2405 340 2449 hoc
370 2413 525 2447 autem
546 2413 614 2448 est
637 2402 829 2457 falsum3
858 2417 967 2460 ergo
992 2412 1037 2446 et
1061 2403 1275 2461 primum.

342 2484 382 2515 2.
410 2471 708 2515 PRAETEREA.
742 2468 856 2513 Illud
886 2469 1008 2528 quod
1037 2471 1254 2514 convenit
1287 2469 1490 2523 Christ0‚
1524 2469 1779 2514 secundum
1810 2469 1943 2528 quod·
1965 2479 2034 2521 est
2063 2470 2239 2525 homo„

253 2538 469 2583 convenit
496 2537 680 2581 cuilibet
705 2536 909 2590 homini3
938 2550 994 2581 eo
1012 2538 1134 2595 quod
1150 2537 1247 2595 ipse
1266 2546 1334 2581 est
1350 2537 1482 2580 unius
1501 2537 1670 2596 speciei
1688 2551 1795 2580 cum
1813 2536 1912 2581 aliis
1936 2537 2224 2587 hominibus-2

253 2607 291 2650 si
320 2619 430 2664 ergo
466 2603 691 2658 Christus,
719 2603 971 2647 secundum
1007 2604 1128 2662 quod
1161 2604 1322 2657 homo,
1357 2614 1425 2648 est
1455 2604 1815 2662 praedestinatus
1848 2617 1946 2648 esse
1978 2602 2097 2658 filiu-s
2121 2604 2234 2659 Dei,

252 2681 515 2732 sequeretur
541 2671 664 2731 quod
688 2671 871 2715 cuilibet
897 2671 1078 2715 homini
1100 2672 1190 2716 hoc
1216 2672 1480 2716 conveniat:
1508 2671 1599 2716 hoc
1627 2682 1781 2715 autem
1808 2681 1876 2716 est
1898 2670 2089 2740 falsum3
2111 2686 2225 2747 ergo

254 2750 298 2785 et
303 2740 538 2800 primum.

345 2821 383 2866 3.
407 2806 706 2851 PRAETEREA.
743 2806 844 2849 Hoc
875 2807 927 2849 ab
957 2815 1142 2850 aeterno
1185 2806 1559 2865 praedestinatur,
1586 2806 1709 2864 quod
1736 2814 1805 2849 est
1845 2793 2095 2865 aliquando
2118 2805 2227 2852 fien-

256 2874 367 2918 dum
394 2874 440 2916 in
466 2883 698 2931 tempore:
727 2873 805 2916 sed
834 2873 980 2931 magis
1006 2873 1119 2916 haec
1149 2883 1215 2916 est
1240 2887 1372 2916 vera:
1397 2873 1531 2917 Filius
1556 2874 1642 2916 Dei
1665 2873 1808 2931 factus
1833 2878 1890 2917 est
1911 2870 2051 2928 homo,
2084 2887 2234 2932 quam-

255 2943 359 2986 ista:
389 2940 530 2984 Homo
549 2940 689 2998 factus
715 2946 770 2984 est
784 2940 902 2998 filius
928 2941 1027 2995 Dei,
1056 2950 1104 2983 ut
1120 2954 1254 2999 supra
1271 2939 1478 2983 habitum
1497 2949 1565 2983 est
1593 2939 1650 2998 (q.
1677 2939 1743 2984 16.
1771 2945 1850 2984 art.
1880 2939 1923 2984 6.
1940 2945 1978 2985 et
2002 2939 2065 2999 7.)
2071 2956 2090 2994 ,·
2111 2954 2234 2999 ergo-

254 3008 401 3066 magis
427 3007 543 3051 haec
572 3016 639 3051 est
663 3021 794 3050 vera:
826 3007 1030 3061 Christus,
1061 3006 1284 3051 secundum
1316 3006 1424 3065 quod
1456 3013 1512 3051 est
1538 3007 1650 3064 filius
1682 3007 1780 3060 Dei,
1810 3006 2146 3066 praedestinatur
2169 3013 2227 3059 m

253 3090 329 3120 esse
357 3075 492 3127 homo,
527 3088 665 3132 quam
693 3088 716 3118 e
741 3088 985 3117 converso:
1014 3074 1216 3128 Christus,
1233 3073 1456 3118 secundum
1479 3073 1588 3132 quod
1607 3079 1661 3118 est
1678 3074 1816 3128 homo,
1834 3073 2227 3134 estpraedestimtus

252 3157 329 3188 esse
344 3143 459 3200 filius
484 3142 580 3186 Dei.

343 3209 438 3254 SED
458 3221 653 3254 CONTRA
681 3218 761 3262 est,
789 3208 912 3267 quod
941 3207 1227 3266 Augustinus
1244 3207 1353 3252 dicit
1364 3207 1410 3251 in
1433 3207 1508 3251 lib.
1529 3208 1582 3252 de
1602 3208 1833 3253 Praedest.
1854 3207 2012 3271 Sanct,
2029 3206 2144 3268 (cap.
2160 3221 2232 3268 15„=

255 3278 331 3321 cir.
359 3276 510 3333 med.):
533 3275 731 3335 «Ipsum
758 3276 1015 3320 Dominum
1042 3274 1230 3334 gloriae,
1249 3275 1520 3334 inquantum
1543 3275 1688 3319 homo
1715 3274 1863 3320 factus
1888 3284 1962 3327 est
1981 3274 2071 3330 Dei
2091 3272 2245 3331 filiu&

253 3344 642 3403 praedestinatum
671 3357 768 3387 esse
796 3342 1048 3386 dicimus».

344 3412 634 3456 RESPONDEO
662 3411 923 3463 dicendum,
951 3409 1073 3468 quod
1102 3410 1146 3453 in
1174 3408 1588 3467 praedestinatione
1606 3409 1685 3453 duo
1704 3418 1903 3469 possunt
1923 3407 2225 3464 considerari:

254 3495 385 3522 unum
413 3478 595 3537 quidem
625 3493 678 3523 ex
706 3487 830 3553 parte
857 3477 997 3536 ipsius
1041 3472 1465 3536 praedestinationis
1503 3486 1737 3522 aeternae:
1775 3485 1820 3520 et
1851 3474 2106 3520 secundum
2133 3475 2242 3531 hoc·

254 3546 472 3604 importat
499 3545 863 3589 antecessionem
891 3544 1139 3603 quamdam
1167 3553 1373 3602 respectu
1407 3544 1517 3601 ejus,
1545 3543 1666 3602 quod
1701 3543 1781 3587 sub
1814 3541 2246 3603 praedestinatione,
2307 3588 2311 3595 ¹,

256 3613 397 3656 cadit:
427 3613 511 3656 alio
541 3612 663 3657 modo
690 3622 839 3672 potest
866 3610 1146 3662 considerari
1173 3609 1425 3654 secundum
1453 3608 1667 3654 effectum
1688 3608 2009 3669 temporalem,
2034 3608 2113 3668 qui
2133 3606 2235 3668 qui·-
