2352 3926
331 247 433 301 822
825 258 1102 305 QUAESTIQ
1142 258 1365 298 LXXXIX.
1398 255 1707 298 ARTICULUS
1745 256 1782 295 1.

2016 323 2019 326 ⁴
2329 328 2352 346 g.

331 371 554 415 causatae,
581 375 633 405 ex
659 360 817 419 quibus
843 369 1095 419 praestatur
1121 358 1358 403 difficultas
1385 357 1611 417 quaedam
1637 356 1887 417 poenitenti
1913 356 1969 402 ad
1993 355 2277 416 operandum
2314 339 2352 414 J}

332 443 470 505 opera
495 428 733 471 virtutum:
756 426 850 481 sed,
878 435 1098 484 quantum
1126 435 1192 470 est
1218 440 1273 470 ex
1297 426 1396 485 ipsa
1421 424 1713 469 inclinatione
1747 424 1990 479 charitatis,
2016 432 2062 469 et
2085 422 2277 469 aliarum
2332 429 2352 470 ².

330 496 560 547 virtutum,
587 493 823 569 poenitens
851 507 991 551 opera
1017 493 1230 537 virtutum
1260 491 1598 549 delectabiliter,
1626 501 1670 536 et
1696 491 1792 536 sine
1828 490 2092 536 difficultate
2123 502 2279 551 opera-

329 571 424 615 tur3
451 562 565 605 sicut
592 561 629 604 si
645 561 870 604 virtuosus
887 574 964 619 per
983 560 1194 604 accidens
1216 558 1531 613 difficultatem
1552 567 1780 618 pateretur
1795 558 1842 603 in
1868 558 2135 637 executione
2153 566 2279 604 actus
2348 590 2352 601 2

331 628 504 672 virtutis
530 637 711 686 propter
736 641 967 682 somnum,
991 635 1067 670 aut
1089 625 1289 686 aliquam
1317 626 1521 686 corporis
1546 625 1956 686 indispositionem.

1022 804 1454 863 ARTICULUS
1497 804 1569 860 Π.
2167 830 2276 878 v„541

334 939 525 979 UTRUM
549 940 688 979 POST
721 939 1138 981 POENITENTIAM
1160 941 1444 981 RESURGAT
1472 941 1636 980 HOMO
1665 940 1722 981 IN
1746 931 1988 998 AEQUALI
2018 908 2286 994 VIRTU'ng

744 1051 875 1111 (Infr.
902 1058 984 1097 art.
1007 1066 1044 1111 5.
1071 1051 1126 1096 ad
1145 1066 1181 1112 3.
1209 1058 1245 1097 et
1265 1067 1300 1111 3.
1328 1051 1440 1097 Dist.
1463 1066 1523 1111 31.
1551 1067 1589 1111 q.
1616 1066 1651 1097 1.
1675 1057 1757 1096 art.
1783 1051 1863 1110 4.).

421 1160 498 1204 AD
525 1171 786 1206 SECUNDUM
821 1163 885 1206 sic
911 1162 1183 1221 proceditur.
1211 1161 1414 1216 Videtur,
1452 1162 1575 1220 quod
1601 1171 1705 1221 post
1725 1161 2058 1221 poenitentiam
2079 1168 2286 1219 resuzgat

334 1227 479 1271 homo
505 1227 552 1271 in
571 1227 749 1287 aequali
772 1230 960 1283 virtute;
988 1229 1094 1273 dicit
1117 1229 1239 1272 enim
1261 1228 1421 1288 Apost.
1448 1228 1584 1272 Rom.
1612 1229 1676 1274 8.:
1694 1228 2128 1288 Diligentibustm
2143 1228 2289 1276 omnia,

336 1301 607 1354 cooperantur
637 1297 684 1339 in
715 1297 897 1348 bonum;
931 1296 1007 1339 ubi
1050 1296 1158 1340 dicit
1202 1294 1352 1340 Gloss.
1387 1295 1507 1354 Aug.
1548 1295 1660 1353 (ord.
1693 1296 1764 1340 lib.
1791 1296 1837 1340 de
1871 1295 2060 1354 Corrept.
2090 1299 2128 1339 et
2161 1293 2286 1340 Grat.

332 1369 424 1422 cap.
453 1377 494 1422 9.
514 1377 540 1407 a
555 1362 698 1421 med),
718 1363 839 1422 quod
861 1379 884 1404 «
901 1363 991 1407 hoc
1019 1363 1133 1406 adeo
1158 1377 1318 1407 verum
1346 1372 1426 1418 est,
1452 1372 1502 1406 ut
1526 1363 1565 1407 si
1579 1363 1652 1421 qui
1678 1361 1848 1406 horum
1873 1362 2068 1417 devient,
2086 1370 2139 1406 et
2157 1374 2289 1406 exor-

335 1429 492 1484 bitent,
519 1431 656 1475 etiam
682 1431 809 1475 hoc
798 1446 950 1490 ipsum
972 1430 1035 1475 eis
1061 1431 1186 1475 Deus
1219 1430 1392 1475 faciat'
1381 1446 1427 1475 m
1453 1431 1627 1475 bonum
1653 1429 1875 1490 proficere
1900 1443 1950 1474 »τ
1972 1430 2054 1475 sed
2077 1428 2170 1474 hoc
2191 1440 2289 1474 non

337 1507 468 1552 esset,
496 1498 533 1541 si
567 1498 712 1541 homo
747 1506 1000 1557 resurgeret
1030 1498 1077 1541 in
1110 1498 1278 1542 minori
1302 1498 1491 1554 virtute;
1530 1511 1641 1556 ergo
1671 1497 1862 1552 videtur,
1889 1496 2014 1594 quod
2046 1495 2285 1567 poenitens

333 1578 565 1623 nunquam
587 1575 792 1623 resurgat
817 1566 862 1610 in
890 1564 1058 1608 minori
1077 1565 1256 1609 virtute.

422 1644 462 1675 2.
490 1631 785 1676 PRAETEREA.
813 1632 1027 1677 Ambros
1055 1632 1164 1676 dicit
1191 1633 1306 1689 (hab.
1333 1647 1382 1678 ex
1414 1634 1591 1692 August.
1619 1633 1690 1677 lib.
1711 1647 1748 1692 3.
1773 1633 2030 1692 Hypognost.
2055 1639 2159 1692 cap.
2173 1645 2224 1692 9.
2234 1632 2295 1676 in

335 1698 447 1756 fin),
485 1699 606 1757 quod
636 1715 659 1740 κ
684 1699 963 1758 poenitentia
1000 1714 1071 1744 res
1103 1700 1277 1759 optima
1309 1709 1391 1755 est,
1432 1714 1547 1759 quae
1574 1714 1735 1744 omnes
1776 1698 1976 1744 defectus
2012 1708 2202 1746 revocat
2229 1698 2287 1743 ad

336 1764 585 1824 perfectum
612 1782 663 1820 »3
690 1767 767 1811 sed
789 1767 879 1811 hoc
905 1781 1000 1811 non
1027 1777 1157 1821 esset,
1182 1767 1270 1812 nisi
1290 1767 1477 1812 virtutes
1509 1768 1556 1811 in
1583 1766 1762 1827 aequali
1787 1766 2035 1826 quantitate
2056 1778 2291 1849 reeupera-

341 1842 509 1887 rentur;
544 1848 654 1892 ergo
680 1848 758 1892 per
784 1834 1112 1893 poenitentiam
1135 1849 1314 1893 semper
1339 1844 1630 1893 recuperatur
1651 1833 1851 1894 aequalis
1875 1833 2037 1879 virtus.

431 1914 469 1959 3.
497 1900 793 1946 PRAETEREA.
829 1901 975 1960 Super
994 1901 1106 1945 illud
1135 1901 1250 1946 Gen.
1284 1915 1320 1946 1.
1333 1903 1548 1946 :Factum
1575 1907 1629 1946 est
1653 1909 1833 1960 vespere,
1859 1907 1896 1946 et
1919 1914 2050 1945 mane
2061 1899 2145 1945 dics
2165 1909 2287 1954 unus,

340 1967 448 2011 dicit
475 1966 650 2012 Gloss.:
683 1984 705 2009 «
730 1967 1001 2027 Vespertina
1025 1968 1103 2012 lux
1136 1978 1216 2023 est,
1250 1983 1275 2012 a
1302 1983 1390 2028 qua
1417 1969 1516 2028 quis
1549 1969 1735 2023 cecidit;
1768 1968 2004 2022 matutina,
2030 1967 2082 2012 in
2106 1980 2207 2027 qua·
2225 1980 2297 2011 re>

343 2034 483 2092 surgit
509 2050 559 2079 »ε
596 2034 678 2079 sed
717 2034 794 2079 lux
830 2037 1051 2080 matutina
1085 2045 1152 2080 est
1183 2036 1330 2094 major
1360 2036 1638 2094 vespertina3
1674 2050 1786 2094 ergo
1818 2034 1983 2094 aliquis,
2013 2034 2209 2094 resurgit
2238 2034 2289 2079 in

337 2102 501 2160 majori
526 2102 684 2160 gratia,
709 2101 783 2146 vel
809 2103 1043 2156 charitate,
1069 2117 1207 2162 quam
1234 2103 1356 2162 prius
1379 2103 1599 2159 habuerit,
1632 2102 1755 2162 quod
1781 2102 1921 2147 etiam
1943 2102 2123 2153 videtur
2146 2100 2292 2160 perid

335 2168 456 2227 quod
483 2168 643 2228 Apost.
670 2169 781 2213 dixit
802 2169 937 2214 Rom.
966 2183 1026 2228 5.z
1053 2171 1136 2215 Ubi
1161 2170 1395 2215 abundavit
1420 2170 1629 2226 delictum,
1654 2169 2012 2230 superabundavit
2031 2176 2070 2215 et
2089 2169 2247 2230 gratia.

426 2235 520 2279 SED
548 2249 754 2281 CONTRA.
784 2233 994 2281 Charitas
1027 2237 1282 2296 proficiens,
1312 2237 1387 2282 vel
1422 2237 1621 2296 perfecta
1652 2247 1720 2282 est
1743 2238 1907 2296 major,
1929 2250 2068 2296 quam
2088 2234 2291 2281 charitas

335 2302 578 2360 incipiens:
606 2303 685 2346 sed
711 2303 984 2362 quandoque
1012 2303 1172 2363 aliquis
1191 2305 1311 2349 cadit
1334 2319 1360 2348 a
1378 2305 1596 2349 charitate
1621 2304 1900 2364 proficiente,
1925 2302 2118 2362 resurgit
2133 2302 2288 2348 autem

335 2371 382 2412 in
410 2369 628 2413 charitate
649 2370 917 2429 i.ncipiente;
942 2385 1051 2430 ergo
1075 2386 1255 2431 semper
1280 2372 1473 2431 resurgit
1493 2372 1639 2416 homo
1664 2372 1711 2415 in
1743 2371 1912 2415 minori
1934 2370 2117 2416 virtute.
2167 2388 2171 2390 ·

427 2435 714 2481 RESPONDEo
742 2437 999 2492 dicendum,
1028 2438 1165 2496 quod,
1191 2438 1308 2482 sicut
1334 2438 1503 2483 dictum
1540 2449 1607 2483 est
1634 2441 1692 2497 (q.
1717 2438 1790 2484 86.
1822 2444 1903 2483 art.
1930 2437 1973 2483 6.
1999 2437 2054 2482 ad
2078 2451 2116 2497 3.
2137 2443 2180 2484 et
2209 2444 2293 2483 art.

335 2511 476 2562 praec.
510 2502 576 2548 ad.
603 2505 682 2561 2.),
711 2513 862 2548 motus
894 2504 1023 2549 liberi
1046 2505 1228 2559 arbitrii,
1262 2506 1339 2564 qui
1364 2516 1432 2550 est
1462 2506 1509 2549 in
1535 2505 1854 2564 justificatione
1879 2504 2024 2564 impii,
2050 2514 2118 2549 est
2134 2503 2299 2550 ultima

339 2570 573 2629 dispositio
602 2571 656 2614 ad
684 2571 892 2629 gratiam,
914 2572 1034 2616 unde
1060 2573 1107 2616 in
1130 2573 1295 2617 eodem
1325 2573 1512 2617 instanti
1538 2582 1605 2617 est
1631 2574 1801 2631 gratiae
1832 2571 2000 2616 infusio
2033 2585 2136 2616 cum
2170 2574 2296 2632 prae-

342 2637 464 2681 dicto
490 2647 620 2681 motu
645 2637 774 2681 liberi
800 2639 983 2693 arbitrii,
1005 2649 1054 2683 ut
1078 2640 1123 2683 in
1143 2653 1182 2683 2.
1201 2640 1407 2683 habitum
1434 2649 1499 2683 est
1517 2640 1616 2697 (1-2.
1644 2655 1681 2698 q.
1707 2652 1794 2698 113.
1821 2645 1900 2684 art.
1914 2653 1952 2698 5.
1977 2638 2108 2699 ⁶17),
2133 2638 2294 2698 in'quo

345 2704 528 2763 quidem
554 2713 683 2748 motu
710 2705 1109 2763 comprehenditur
1136 2716 1261 2750 actus
1279 2707 1599 2764 poenitentiae,
1626 2717 1675 2750 ut
1700 2720 1834 2765 supra
1859 2706 2031 2751 dictum
2049 2715 2119 2751 est
2134 2705 2198 2764 (q.
2222 2705 2295 2751 86.

343 2777 424 2815 art.
451 2771 528 2829 2.).
555 2770 848 2816 Manifestum
877 2782 944 2816 est
960 2783 1128 2826 autem,
1156 2774 1278 2832 quod
1303 2772 1494 2827 formae,
1513 2787 1627 2831 quae
1646 2783 1835 2832 possunt
1859 2767 2061 2832 recipere
2083 2773 2234 2832 magis,
2251 2780 2299 2837 et

342 2839 493 2896 minus,
512 2838 818 2893 intenduntur,
836 2849 880 2883 et
896 2840 1184 2884 remittuntur
1209 2841 1455 2885 secundum
1477 2841 1703 2885 diversam
1730 2840 2075 2900 dispositionem
2091 2838 2296 2899 subjecti,

347 2915 396 2949 ut
419 2905 466 2948 in
492 2918 532 2949 2.
559 2906 764 2950 habitum
792 2916 859 2950 est
875 2907 980 2965 (1-2.
1007 2922 1044 2965 q.
1067 2921 1131 2966 52.
1151 2914 1229 2951 art.
1256 2923 1291 2952 1.
1319 2914 1355 2952 et
1373 2922 1412 2952 2.
1432 2914 1469 2952 et
1484 2923 1521 2966 q.
1549 2908 1621 2953 66.
1644 2915 1726 2953 art.
1752 2909 1842 2966 1.),·
1869 2917 1914 2952 et
1936 2907 2043 2952 inde
2067 2916 2151 2963 est,
2173 2905 2296 2966 quod

343 2973 594 3016 secundum
621 2973 742 3031 quod
776 2982 927 3018 motus
953 2973 1083 3018 liberi
1109 2974 1279 3018 arbitrii
1309 2974 1354 3018 in
1378 2975 1655 3033 poenitentia
1682 2985 1749 3020 est
1778 2974 2013 3029 intensior,
2044 2973 2119 3033 vel
2143 2972 2306 3019 remis-

346 3039 452 3093 sior,
485 3040 735 3084 secundum
762 3040 852 3084 hoc
881 3041 1117 3100 poenitens
1148 3043 1439 3100 consequitur
1461 3044 1702 3101 majorem,
1724 3041 1798 3086 vel
1830 3041 2058 3086 minorem
2084 3039 2292 3099 gratim.

351 3106 587 3165 Contingit
618 3117 770 3151 autem
788 3108 1093 3152 intensionem
1126 3118 1278 3152 motus
1304 3109 1575 3167 poenitentis
1608 3109 1881 3168 quandoque
1905 3107 2299 3167 proportionatam

351 3187 449 3217 esse
475 3175 641 3232 majori
664 3176 848 3232 gratiae,
871 3189 1008 3234 quam
1026 3174 1161 3220 fuerit
1186 3174 1278 3229 illa,
1305 3189 1330 3218 a
1357 3190 1446 3234 qua
1473 3176 1699 3236 ceciderat
1722 3190 1802 3236 per
1826 3185 2081 3234 peccatum,
2098 3171 2301 3234 quando·

348 3255 434 3299 que
467 3251 620 3285 autem
653 3242 846 3301 aequali,
879 3243 1152 3302 quandoque
1185 3257 1294 3287 vero
1327 3243 1507 3287 minori.
1534 3243 1591 3288 Et
1620 3244 1725 3289 ideo
1751 3242 1988 3303 poenitens
2025 3241 2299 3303 quandoque

347 3307 540 3366 resurgit
569 3308 615 3352 in
642 3310 806 3368 majori
833 3309 978 3368 gratia
1003 3324 1141 3369 quam
1163 3312 1284 3369 prius
1312 3309 1543 3365 habuerat,
1561 3311 1835 3370 quandoque
1857 3309 2083 3355 autemvin
2107 3305 2306 3368 aequali,

346 3374 619 3434 quandoque
647 3376 782 3420 etiam
806 3377 853 3420 in
875 3377 1065 3422 minori:
1087 3386 1132 3422 et
1149 3377 1307 3422 eadem
1336 3377 1451 3422 ratio
1481 3388 1549 3422 est
1573 3378 1629 3423 de
1654 3377 1906 3432 virtutibus,
1930 3390 2049 3437 quae
2072 3388 2128 3421 ex
2156 3373 2302 3435 gratia

348 3453 700 3501 consequuntur.

433 3515 508 3559 AD
540 3529 727 3562 PR1MuM
761 3532 870 3577 ergo
903 3518 1159 3573 dicendum,
1193 3517 1314 3577 quod
1339 3532 1434 3562 non
1461 3518 1672 3563 omnibus
1699 3516 1987 3577 diligentibus
2012 3515 2167 3561 Deum
2190 3528 2300 3561 coo-

348 3591 526 3642 petatur
550 3583 597 3627 in
629 3584 801 3628 bonum
828 3585 917 3630 hoc
943 3585 1107 3645 ipsum,
1130 3586 1251 3644 quod
1269 3599 1347 3644 per
1364 3595 1603 3643 peccatum
1631 3599 1656 3629 a
1681 3585 1771 3630 Dei
1787 3597 1944 3630 amore
1963 3580 2309 3644 cadunt3quod-

349 3658 470 3708 patet
495 3649 540 3693 in
567 3650 636 3695 his
669 3651 745 3711 qui
777 3652 957 3707 cadunt,
992 3662 1036 3698 et
1070 3666 1305 3712 nunquam
1341 3662 1595 3712 resurgunt,
1631 3651 1705 3697 vel
1731 3652 1808 3712 qui
1848 3660 2103 3711 resurgunt,
2132 3651 2298 3697 iterum
