2352 3926
282 217 350 271 68
851 228 1133 276 QUAESTIO
1173 229 1227 268 v,
1267 228 1575 269 Aru-murus
1614 227 1651 266 1.

378 348 420 392 3.
449 333 745 377 PRAETEREA.
767 331 909 389 Signa
927 331 1092 375 debent
1107 330 1380 391 respondere
1407 329 1618 388 signatis:
1646 326 1724 371 sed
1750 326 2241 386 apparitionesveteris

289 402 564 457 testamenti,
593 413 708 457 quae
733 398 917 441 fuerunt
953 398 1083 456 signa
1119 398 1411 457 apparitionis
1440 395 1626 447 Christi,
1652 408 1747 437 non
1771 393 1955 439 fuerunt
1983 395 2238 440 secundum

288 468 495 526 corporis
521 467 774 518 veritatem,
801 466 879 509 sed
905 464 1158 509 secundum
1178 464 1496 523 imaginariam
1513 462 1764 505 visionem:
1791 460 1908 505 sicut
1921 471 2045 521 patet
2066 460 2239 508 Isa.*6.:

296 534 391 579 Vidi
425 535 662 578 Dominum
694 532 908 586 sedentem,
942 539 1016 577 etc.
1031 547 1049 584 ;
1078 545 1188 590 ergo
1219 531 1411 583 videtur,
1444 528 1566 587 quod
1599 527 1739 571 etiam
1772 528 1994 586 apparitio
2014 527 2124 573 Filii
2149 529 2243 574 Dei

284 601 332 645 in
355 601 526 645 mundo
543 614 637 644 non
658 598 791 643 fuerit
806 599 1058 643 secundum
1077 598 1282 658 corporis
1303 597 1556 648 veritatem,
1582 594 1661 638 sed
1683 593 1836 638 solum
1857 595 2112 682 secundum
2126 594 2243 686 41113-

287 668 584 727 ginationem.

375 734 469 778 SED
497 746 692 778 CONTRA
719 743 799 787 est,
827 733 948 792 quod
974 732 1084 776 dicit
1109 732 1301 790 August.
1328 729 1374 773 in
1401 728 1477 772 lib.
1510 729 1579 787 83.
1617 727 1732 781 QQ
1758 728 1818 788 (q.
1850 730 1954 789 13)
1984 745 2008 772 α
2029 729 2085 774 Si-
2102 680 2248 790 phan-

284 811 431 845 tasma
457 800 540 844 fuit
566 815 730 859 corpus
758 799 944 854 Christi,
970 798 1129 843 fefellit
1155 798 1378 850 Christus,
1406 805 1450 839 et
1475 795 1513 839 si
1542 794 1715 850 fefellit,
1740 796 1905 841 veritas
1930 810 2026 841 non
2052 806 2141 842 est.
2174 805 2243 842 est

286 878 439 912 autem
464 868 631 912 veritas
658 867 893 921 Christus;
920 881 1029 925 ergo
1055 880 1149 909 non
1174 864 1257 908 fuit
1273 864 1545 942 phantasma
1569 876 1733 922 corpus
1760 864 1856 922 ejus
1873 879 1925 919 »3
1951 874 1996 908 et
2015 863 2082 908 sic
2102 872 2241 923 patet,

285 935 408 995 quod
433 949 592 979 verum
620 949 784 994 corpus
812 934 1066 992 assumpsit.

374 1003 662 1047 RESPONm-:o
695 1002 953 1055 dicendum,
994 1000 1130 1059 quod,
1171 998 1286 1043 sicut
1319 997 1481 1041 dicitur
1517 998 1563 1041 in
1599 996 1675 1041 lib.
1716 997 1772 1042 de
1805 997 1983 1044 Eccles.
2018 998 2241 1058 Dogmat.

284 1070 396 1129 (cap.
419 1085 460 1115 2.
491 1071 600 1114 inter
627 1077 752 1129 opera
770 1070 944 1126 August.
943 1068 984 1125 )‚
1016 1076 1187 1109 «natus
1215 1074 1282 1108 est
1307 1064 1397 1108 Dei
1422 1063 1562 1108 Filius
1587 1078 1681 1108 non
1707 1065 1923 1123 putative,
1939 1065 2071 1125 quasi
2082 1065 2243 1125 imagi-

283 1147 442 1182 natum
469 1151 632 1196 corpus
654 1137 840 1188 habens,
863 1136 940 1179 sed
969 1147 1131 1192 corpus
1157 1146 1317 1175 verum
1339 1147 1390 1185 »3
1418 1141 1462 1174 et
1483 1131 1618 1190 hujus
1644 1131 1760 1175 ratio
1788 1141 1939 1191 potest
1963 1132 2112 1192 triplex
2138 1134 2243 1177 assi·

282 1205 434 1264 gnari:
454 1218 645 1263 quarum
657 1205 803 1263 prima
821 1212 887 1246 est
905 1216 958 1245 ex
975 1202 1148 1244 ratione
1166 1199 1395 1242 humanae
1412 1208 1614 1253 naturae,
1634 1199 1690 1242 ad
1713 1214 1852 1258 quam
1870 1199 2065 1259 pertinet
2078 1214 2241 1245 verum

286 1286 450 1331 corpus
476 1272 667 1315 habere:
696 1270 931 1329 supposito
959 1270 1094 1327 igitur
1121 1281 1173 1310 ex
1205 1266 1465 1324 praemissis
1492 1266 1553 1325 (q.
1578 1274 1722 1325 praec.
1756 1273 1841 1313 art.
1873 1266 1948 1324 1.),
1980 1266 2104 1326 quod
2136 1281 2243 1312 con-

281 1340 469 1383 veniens
496 1338 628 1382 fuerit
652 1337 817 1381 Filium
839 1337 926 1380 Dei
946 1348 1176 1379 assumere
1194 1334 1447 1377 humanam
1464 1344 1689 1388 naturam,
1708 1348 1994 1394 consequens
2016 1343 2098 1390 est,
2116 1336 2241 1395 quod

283 1421 443 1451 verum
470 1420 633 1464 corpus
661 1404 972 1462 assumpserit:
998 1401 1172 1447 secunda
1195 1403 1308 1444 ratio
1329 1401 1448 1444 sumi
1465 1410 1617 1460 potest
1633 1415 1687 1445 ex
1709 1401 1795 1455 his,
1813 1415 1932 1461 quae
1952 1403 1999 1446 in
2021 1402 2241 1462 mysterio

282 1473 605 1517 incarnationis
620 1482 722 1515 sunt
740 1481 862 1514 acta:
882 1471 919 1514 si
937 1472 1058 1514 enim
1076 1483 1170 1512 non
1188 1468 1270 1512 fuit
1286 1482 1447 1512 verum
1466 1470 1759 1527 corpus-ejus,
1777 1469 1857 1513 sed
1878 1469 2242 1528 phantasticum;

282 1555 392 1599 ergo
419 1556 502 1584 nec
529 1554 685 1583 veram
713 1548 910 1582 mortem
937 1537 1158 1589 sustinuit,
1184 1550 1268 1579 nec
1304 1534 1471 1594 aliquid
1500 1550 1662 1579 eorum
1694 1549 1811 1595 quae
1837 1535 2158 1595 Evangelistae
2183 1536 2242 1582 de

286 1622 341 1652 eo
367 1617 564 1658 narrant,
597 1605 848 1650 secundum
881 1605 1118 1648 veritatem
1151 1603 1304 1661 gessit,
1338 1602 1418 1646 sed
1450 1602 1603 1646 solum
1639 1603 1892 1647 secundum
1931 1603 2243 1664 apparentiam

285 1675 552 1734 quamdam3
576 1683 621 1717 et
642 1674 704 1717 sic
733 1673 869 1716 etiam
895 1681 1170 1730 sequeretur,
1198 1670 1321 1729 quod
1346 1684 1441 1714 non
1461 1669 1595 1715 fuerit
1609 1685 1717 1715 vera
1733 1670 1854 1716 salus
1870 1670 2073 1716 hominis
2094 1671 2246 1717 subse-

288 1752 404 1796 cuta,
423 1751 601 1800 oportet
627 1742 748 1783 enim
776 1738 988 1783 effectum
1016 1752 1178 1782 causae
1202 1738 1559 1796 proportionari:
1588 1739 1710 1783 tertia
1726 1738 1842 1782 ratio
1868 1745 2019 1798 potest
2042 1738 2164 1785 sumi
2188 1753 2243 1783 ex

284 1809 381 1868 ipsa
409 1808 625 1867 dignitate
651 1821 871 1866 personae
905 1805 1188 1859 assumentis,
1222 1819 1338 1864 quae
1371 1819 1478 1848 cum
1510 1805 1567 1849 sit
1596 1805 1776 1859 veritas,
1809 1819 1903 1850 non
1934 1804 2094 1850 decuit
2116 1815 2167 1851 ut
2194 1806 2243 1850 in

290 1877 384 1934 ejus
411 1889 546 1934 opere
574 1874 723 1933 aliqua
749 1874 872 1917 fictio
901 1883 1038 1928 esset3
1065 1873 1184 1916 unde
1213 1882 1258 1917 et
1287 1873 1516 1916 Dominus
1547 1873 1670 1916 hunc
1704 1886 1906 1917 errorem
1935 1880 2019 1931 per
2041 1872 2238 1933 seipsum

291 1943 526 1987 excludere
554 1943 762 2001 dignatus
789 1951 869 1996 est,
896 1941 1005 1985 Luc.
1033 1940 1128 1994 ult.,
1156 1954 1262 1984 cum
1286 1939 1511 1999 Discipuli
1537 1940 1806 1994 conturbati,
1833 1950 1878 1985 et
1903 1939 2136 1985 conterriti
2165 1955 2244 2000 pu-

294 2011 447 2054 tabant
472 2024 518 2054 se
545 2009 750 2068 spiritum
775 2009 943 2062 videre,
981 2018 1025 2052 et
1049 2022 1143 2052 non
1169 2021 1328 2051 verum
1356 2021 1544 2065 corpus:
1574 2018 1617 2052 et
1647 2007 1753 2051 ideo
1785 2021 1834 2052 se
1867 2007 1932 2052 eis
1963 2007 2242 2067 palpandum

288 2078 492 2137 praebuit
517 2077 694 2120 dicens:
721 2077 904 2136 Palpate,
931 2082 966 2121 et
989 2076 1137 2130 videte,
1165 2077 1265 2134 quia
1288 2077 1458 2135 spiritus
1482 2090 1665 2130 carnem,
1689 2082 1727 2121 et
1752 2089 1840 2120 ossa
1863 2090 1948 2120 non
1979 2075 2121 2130 habat,¹
2136 2077 2244 2121 Sicut

288 2161 351 2189 me
372 2145 517 2189 videtis
538 2145 699 2189 habere.
2047 2161 2050 2168 ·
2092 2178 2094 2180 ,
2117 2178 2121 2181 ,

380 2212 455 2256 AD
481 2225 668 2256 PRIMUM
696 2225 804 2269 ergo
833 2210 1088 2264 dicendum,
1115 2210 1237 2269 quod
1269 2209 1519 2254 similitudo
1551 2210 1630 2254 illa
1666 2209 1877 2269 exprimit
1899 2210 2139 2256 veritatem
2162 2209 2246 2255 hu-

290 2293 452 2323 manae
470 2289 657 2322 naturae
678 2280 722 2322 in
751 2278 950 2332 Christo,
977 2293 1055 2337 per
1073 2278 1262 2322 modurn
1286 2291 1377 2336 quo
1400 2292 1562 2322 omnes
1585 2278 1782 2337 quivere
1797 2277 2245 2323 inzna‘turaehumana

293 2347 500 2400 existunt,
518 2345 686 2389 similes
713 2346 862 2403 specie
890 2360 988 2389 esse
1011 2346 1242 2390 dicuntur:
1268 2359 1363 2389 non
1381 2355 1534 2389 autem
1555 2345 1821 2404 intelligitur
1835 2344 2247 2406 similitwdophan-

290 2414 475 2467 tastica3
503 2413 558 2456 ad
585 2413 710 2470 cujus
734 2412 1006 2456 evidentiam
1025 2413 1277 2472 Apostolus
1294 2413 1537 2472 subjungit,
1555 2413 1678 2472 quod
1689 2414 1831 2472 factus
1850 2419 1905 2458 est
1919 2411 2108 2458 obediens
2121 2427 2246 2472 usque

291 2481 345 2525 ad
370 2487 556 2533 mortem,
584 2486 756 2524 mortem
782 2486 919 2524 autem
946 2482 1106 2525 crucis:
1135 2481 1256 2540 quod
1282 2480 1380 2524 fieri
1403 2495 1498 2525 non
1531 2481 1764 2541 potuisset,
1790 2481 1830 2526 si
1855 2490 1975 2526 esset
1998 2478 2099 2526 sola
2123 2479 2247 2526 simi-

287 2547 432 2592 litudo
464 2547 756 2606 phantastica.

379 2615 455 2658 AD
489 2627 747 2659 SECUNDUM
774 2614 1029 2668 dicendum,
1057 2615 1177 2673 quod
1204 2630 1284 2675 per
1314 2615 1406 2660 hoc
1444 2616 1566 2676 quod
1601 2615 1739 2660 Filius
1770 2616 1862 2663 Dei
1890 2629 2051 2673 verum
2076 2628 2242 2675 corpus

291 2682 546 2740 assumpsit,
574 2681 618 2724 in
644 2681 770 2724 nullo
799 2692 865 2725 est
891 2685 985 2740 ejus
1013 2682 1205 2741 dignitas
1233 2683 1488 2738 diminuta;
1505 2684 1624 2728 unde
1650 2681 1941 2743 Augustinus
1960 2676 2105 2728 dicit
2091 2696 2140 2727 111
2164 2681 2241 2727 lib.

292 2751 347 2794 de
374 2749 482 2793 Fide
510 2749 564 2791 ad
597 2749 690 2792 Pet.
724 2749 838 2807 (cap.
865 2764 903 2793 2
910 2751 953 2797 ):
985 2765 1007 2790 «
1026 2750 1282 2793 Exinanivit
1308 2748 1523 2810 seipsum,
1549 2750 1749 2810 formam
1774 2750 1895 2796 servi
1918 2749 2162 2809 accipiens,
2192 2758 2243 2794 ut

290 2817 418 2861 fieret
449 2830 625 2870 servus3
658 2816 737 2859 sed
772 2815 947 2860 formae
980 2817 1067 2860 Dei
1098 2817 1427 2875 plenitudinem
1459 2833 1553 2863 non
1586 2819 1805 2873 amisit»
1830 2831 1926 2865 non
1951 2817 2077 2877 enim
2099 2815 2241 2862 Filius

287 2882 377 2931 Dei
402 2883 464 2927 sic
494 2882 736 2941 assumpsit
760 2898 919 2926 verum
947 2898 1124 2941 corpus,
1152 2893 1200 2927 ut
1225 2884 1374 2928 forma
1393 2886 1597 2945 corporis
1619 2885 1766 2930 fieret:
1794 2866 1929 2945 quod·
1937 2890 2162 2944 repugnat
2181 2884 2243 2929 di-

285 2951 419 2995 vinae
446 2949 736 3009 simplicitati,
763 2960 806 2993 et
831 2950 1033 3008 puritati:
1062 2951 1151 2995 hoc
1187 2953 1308 2995 enim
1342 2963 1462 2997 esset
1495 2966 1725 2997 assumere
1757 2965 1923 3011 corpus
1946 2951 1994 2996 in
2019 2950 2242 2998 unitatem

286 3027 495 3071 naturae3
522 3017 644 3076 quod
668 3026 735 3060 est
759 3016 1052 3093 impossibile,
1080 3028 1128 3061 ut
1154 3032 1207 3062 ex
1225 3033 1359 3096 supra
1385 3019 1515 3064 dictis
1532 3029 1655 3079 patet
1671 3020 1732 3079 (q.
1750 3034 1790 3065 2.
1806 3025 1895 3066 arta
1901 3017 1999 3078 1)
2014 3018 2101 3064 sed
2113 3017 2243 3064 salva
2303 3073 2306 3076 ι

288 3085 577 3130 distinctione
601 3094 803 3137 naturae,
832 3085 1072 3143 assumpsit
1098 3099 1262 3144 corpus
1288 3087 1334 3130 in
1362 3088 1581 3133 unitatem
1607 3100 1844 3164 personae.
1938 3099 1942 3105 ·
2228 3108 2229 3111 ¹

377 3153 453 3197 AD
468 3161 687 3197 ’aarum
716 3151 974 3204 dicendum,
1002 3152 1123 3210 quod
1151 3152 1294 3211 figura
1320 3154 1452 3199 debet
1476 3155 1751 3214 respondere
1774 3154 1849 3199 rei
1861 3162 2107 3232 quantum
2102 3151 2168 3199 ad
2188 3152 2244 3199 si-

287 3219 605 3273 militudinem,
627 3233 721 3262 non
748 3227 966 3277 quantum
994 3219 1049 3261 ad
1074 3219 1141 3263 rei
1165 3220 1427 3276 veritatem3
1454 3222 1492 3266 si
1518 3222 1641 3266 enim
1666 3220 1919 3267 secundum
1941 3221 2099 3266 omnia
2122 3228 2254 3273 metv

283 3286 549 3340 similitudo,
582 3287 674 3345 jam
708 3299 801 3330 non
835 3295 952 3329 esset
984 3285 1180 3362 signum,
1212 3287 1290 3331 sed
1323 3288 1419 3346 ipsa
1455 3303 1540 3343 res,
1573 3299 1622 3334 ut
1646 3289 1864 3334 Damasc.
1891 3288 2034 3334 dicit
2021 3301 2070 3333 111
2093 3301 2139 3347 -.3
2151 3286 2240 3334 lib.

284 3354 434 3412 (Orth.
453 3354 546 3398 Fid.
565 3361 652 3413 cap.
673 3354 728 3399 26
733 3353 794 3411 .)‚·
825 3352 1100 3396 conveniens
1128 3367 1236 3410 ergo
1263 3353 1359 3407 fuit,
1377 3365 1425 3399 ut
1457 3356 1762 3415 apparitiones
1793 3356 1965 3401 veteris
1973 3353 2244 3407 testamenti

284 3431 434 3465 essent
455 3419 705 3465 secundum
730 3420 1038 3479 apparentiam
1057 3429 1247 3472 tantum,
1265 3422 1390 3478 quasi
1409 3421 1602 3480 figurae:
1628 3423 1848 3483 apparitio
1865 3430 2020 3468 autem
2035 3421 2136 3468 Filii
2149 3421 2240 3468 Dei

281 3488 326 3531 in
361 3488 532 3531 mundo
566 3498 684 3532 esset
715 3487 965 3532 secundum
1000 3487 1203 3545 corporis
1237 3487 1489 3542 veritatem,
1524 3491 1653 3549 quasi
1691 3505 1764 3536 res
1799 3489 2008 3551 figurata
2014 3502 2108 3550 per
2136 3487 2254 3535 illas·

282 3555 472 3612 figuras3
499 3555 617 3599 unde
645 3554 754 3600 dicit
778 3554 941 3614 Apost
970 3566 1009 3597 2,
1045 3553 1227 3600 Coloss.
1257 3566 1320 3597 2.·
1312 3556 1472 3611 ,Ωιιαε
1503 3563 1596 3601 sunt
1627 3559 1779 3602 umbra
1802 3558 2061 3615 futurorum,
2086 3561 2241 3618 corpus
2321 3564 2352 3609 gs

279 3628 414 3668 autem
444 3623 616 3668 Christi.
1995 3647 2015 3664 ,ι
2135 3664 2138 3665 ⁷
2151 3625 2226 3710 Q
