2352 3926
217 243 326 298 230
756 238 1035 285 QUAESTIO
1076 237 1226 276 XXVI.
1260 235 1566 276 ARTICULUS
1606 235 1643 274 1.

307 343 400 386 SED
425 353 619 387 CONTRA
648 349 727 393 est,
755 338 877 398 quod
904 338 1069 382 dicitur
1099 351 1135 382 1.
1164 337 1219 381 ad
1247 335 1455 382 Timoth.
1483 348 1547 380 2.:
1583 336 1698 380 Unus
1723 340 1777 380 est
1798 333 2002 379 mediator
2025 333 2126 387 Dei,
2144 337 2201 377 et.

218 410 433 454 hominum
459 409 579 452 homo
601 408 715 463 jesus
744 406 947 451 Christus.

308 476 595 520 RESPONDEO
624 473 882 526 dicendum,
911 471 1033 531 quod
1061 472 1116 516 ad
1143 471 1407 516 mediatoris
1428 469 1630 515 officium
1653 469 1833 529 proprie
1859 467 2053 527 pertinet
2078 479 2183 513 con-

218 545 421 602 jungere,
440 552 484 586 et
510 541 636 585 unire
665 554 758 594 eos,
785 539 900 583 inter
927 554 1041 599 quos
1069 549 1136 583 est
1161 539 1399 592 mediator,
1426 552 1534 582 narn
1562 547 1763 581 extrema
1789 535 2005 579 uniuntur
2029 534 2076 578 in
2093 546 2186 578 me-

221 612 320 655 dio:
345 611 472 653 unire
492 619 646 652 autem
663 608 877 652 homines
893 608 996 651 Deo
1020 606 1265 667 perfective
1289 607 1474 666 quidem
1493 604 1705 649 convenit
1724 603 1925 656 Christo,
1951 616 2030 661 per
2047 614 2186 660 quem

219 678 431 722 homines
469 686 572 720 sunt
603 675 887 719 reconciliati
912 675 1031 729 Deo,
1059 674 1310 719 secundum
1336 672 1447 717 illud
1471 685 1510 716 2.
1540 672 1594 715 ad
1629 670 1738 715 Cor.
1771 683 1832 728 5.:
1874 670 1989 714 Deus
2019 675 2111 714 erat
2139 668 2186 712 in

224 745 403 797 Christo,
431 743 632 788 mundum
659 743 935 787 reconcilians
957 743 1064 786 sibi:
1089 752 1132 785 et
1156 741 1260 785 ideo
1284 740 1408 784 solus
1437 739 1645 785 Christus
1669 748 1736 782 est
1761 735 1986 796 perfectus
2011 734 2114 789 Dei,
2143 743 2188 778 et

219 812 463 855 hominum
487 810 731 865 mediator;
759 809 1029 869 inquantum
1056 823 1135 868 per
1161 822 1291 852 suam
1316 819 1511 851 mortem
1537 806 1792 850 humanum
1819 802 2091 863 genuleeo
2117 815 2188 846 re-

221 878 504 923 conciliavit:
529 877 649 931 unde
676 891 780 921 cum
802 875 1051 935 Apostolus
1069 876 1273 920 dixisset:
1295 874 1504 919 Mediator
1522 875 1620 929 Dei,
1639 879 1675 918 et
1693 873 1908 916 hominum
1927 871 2046 916 homo
2068 869 2188 916 Chri-

219 953 303 991 stus
329 946 461 1002 Jesus,
498 945 747 1003 subjunxit:
788 945 878 1001 Qui
909 944 1019 988 dedit
1052 945 1310 1003 semetipsum
1347 941 1667 1002 redemptionem
1699 948 1781 1000 pro
1821 939 2042 983 omnibus.-
2075 934 2190 981 nihil

222 1024 376 1057 tamen
399 1013 623 1072 prohibet,
644 1011 820 1070 aliquos
840 1011 953 1055 alios
977 1011 1229 1055 secundum
1261 1009 1368 1068 quid
1395 1008 1484 1052 dici
1506 1008 1781 1051 mediatores
1806 1007 1923 1050 inter
1948 1006 2117 1058 Deum,
2135 1010 2191 1048 'et

221 1080 609 1138 homines,'prout
633 1078 806 1123 scilicet
839 1088 1142 1138 cooperantur
1175 1077 1230 1120 ad
1263 1076 1482 1120 unionem
1508 1075 1754 1119 hominum
1781 1087 1887 1118 cum
1914 1073 2016 1117 Deo
2045 1071 2192 1130 dispo·

223 1147 367 1202 sitive,
393 1146 469 1191 vel
493 1145 857 1190 ministerialiter.

313 1215 390 1259 AD
417 1227 604 1258 PRIMUM
630 1227 740 1272 ergo
768 1212 1027 1267 dicendum,
1055 1210 1177 1271 quod
1205 1210 1468 1270 prophetae,
1492 1219 1536 1253 et
1562 1209 1822 1254 sacerdotes
1843 1206 2008 1252 veteris
2035 1204 2193 1250 Testa·

227 1282 370 1327 menti
396 1281 504 1326 dicti
536 1291 641 1326 sunt
665 1280 941 1324 mediatores
968 1280 1084 1324 inter
1109 1279 1277 1332 Deum,
1305 1288 1350 1322 et
1374 1277 1587 1321 homines
1615 1276 1894 1335 dispositive,
1927 1284 1970 1319 et
1996 1273 2197 1318 ministe-

225 1349 419 1404 rialiter;
452 1349 721 1408 inquantum
755 1347 930 1391 scilicet
956 1345 1348 1406 praenuntiabant,
1375 1355 1419 1388 et
1445 1343 1810 1403 praefigurabant
1840 1356 2002 1386 verum
2029 1349 2075 1385 et
2100 1355 2196 1400 per-

226 1417 398 1462 fectum
435 1416 524 1460 Dei
571 1426 615 1459 et
647 1415 892 1458 hominum
934 1414 1263 1458 mediatorem:
1306 1412 1565 1456 sacerdotes
1602 1425 1710 1457 vero
1751 1409 1864 1454 novi
1909 1407 2197 1454 Testamenti

227 1493 417 1543 possunt
442 1483 531 1527 dici
557 1482 832 1527 mediatores
858 1482 961 1535 Dei,
990 1491 1033 1524 et
1057 1480 1316 1534 hominum,
1340 1479 1610 1537 inquantum
1637 1486 1741 1521 sunt
1766 1476 1961 1522 ministri
1984 1475 2080 1520 veri
2106 1489 2198 1519 me·

230 1551 431 1604 diatoris,
457 1550 558 1593 vice
584 1549 724 1608 ipsius
751 1548 965 1592 salutaria
992 1557 1276 1591 sacramenta
1302 1546 1566 1590 hominibus
1590 1544 1865 1589 exhibentes.

319 1619 394 1662 AD
422 1628 682 1661 SECUNDUM
710 1615 968 1669 dicendum,
988 1615 1109 1673 quod
1135 1613 1284 1672 angeli
1308 1613 1432 1667 boni,
1459 1623 1508 1656 ut
1533 1613 1726 1671 August.
1750 1611 1859 1655 dicit
1879 1611 1927 1656 in
1951 1625 1994 1671 9.
2017 1610 2072 1655 de
2095 1609 2198 1654 Civ.

231 1686 321 1730 Dei
349 1685 462 1744 (cap.
489 1699 543 1743 13.
579 1698 606 1727 a
636 1682 780 1741 med),
807 1697 903 1726 non
930 1692 1051 1726 recte
1078 1691 1271 1741 possunt
1296 1680 1385 1725 dici
1407 1680 1684 1724 mediatores
1716 1679 1832 1723 inter
1856 1679 2026 1732 Deum,
2051 1687 2098 1722 et
2119 1677 2201 1722 ho·

231 1754 407 1797 mines:
440 1767 463 1792 «
491 1764 596 1794 cum
624 1750 746 1794 enim
770 1760 1012 1808 utrumque
1029 1749 1227 1792 habeant
1245 1761 1493 1791 commune
1512 1762 1617 1790 cum
1643 1747 1762 1801 Deo,
1789 1756 1833 1790 et
1858 1745 2200 1799 beatitudinem,

233 1830 276 1865 et
302 1817 709 1871 immortalitatem,
744 1815 859 1860 nihil
896 1826 1049 1860 autem
1081 1816 1249 1859 horum
1284 1829 1388 1858 cum
1422 1814 1685 1865 hominibus
1719 1812 1911 1867 miseris,
1952 1821 1998 1873 et
2037 1819 2202 1856 morta-

234 1887 365 1940 libus,
404 1884 641 1944 quomodo
674 1898 769 1927 non
802 1883 952 1942 potius
986 1883 1153 1927 remoti
1190 1892 1294 1927 sunt
1326 1882 1378 1926 ab
1412 1881 1690 1935 hominibus,
1725 1881 1920 1940 Deoque
1954 1878 2201 1938 coniuncti,

234 1968 372 2013 quam
398 1953 515 1996 inter
546 1962 763 2010 utrosque
796 1951 937 1994 medii
964 1949 1228 1994 constituti?
1256 1966 1279 1991 »
1309 1949 1503 2008 Dionys.
1536 1958 1691 1992 tamen
1719 1948 1840 2002 dicit,
1874 1961 1952 1992 eos
1986 1960 2086 1992 esse
2111 1959 2204 1990 me-

234 2023 349 2075 dios,
369 2021 473 2079 quia
501 2019 754 2063 secundum
782 2019 975 2076 gradum
993 2028 1181 2061 naturae
1208 2027 1312 2060 sunt
1337 2015 1453 2060 infra
1469 2016 1638 2070 Deum,
1658 2025 1702 2060 et
1717 2028 1853 2074 supra
1868 2014 2083 2065 homines
2099 2026 2207 2058 con·

235 2088 389 2141 stituti,
409 2097 453 2131 et
470 2086 734 2130 mediatoris
758 2084 962 2129 officium
980 2094 1206 2137 exercent,
1224 2098 1318 2127 non
1343 2083 1525 2142 quidem
1543 2082 1864 2142 principaliter,
1883 2092 1927 2127 et
1943 2080 2204 2141 perfective,

236 2155 315 2200 sed
342 2153 710 2206 ministerialiter,
738 2162 780 2196 et
809 2152 1095 2211 dispositive;
1120 2151 1238 2195 unde
1256 2151 1416 2195 Matth.
1443 2163 1485 2205 4.
1514 2150 1691 2204 dicitur,
1718 2149 1841 2209 quod
1867 2154 2119 2194 accesserunt
2134 2162 2207 2193 an-

235 2223 328 2282 geli,
352 2228 390 2266 et
415 2221 710 2265 ministrabant
731 2221 782 2273 ei,
811 2218 986 2263 scilicet
1013 2219 1229 2273 Christo;
1257 2219 1505 2262 daemones
1532 2227 1686 2261 autem
1711 2217 1883 2260 habent
1907 2228 2206 2260 communem

239 2304 346 2334 cum
372 2290 474 2332 Deo
502 2286 913 2340 immortalitatem,
932 2301 1038 2330 cum
1064 2285 1328 2331 hominibus
1356 2295 1510 2329 autem
1536 2285 1792 2329 miseriam:
1820 2283 1875 2328 ad
1901 2283 1992 2328 hoc
2016 2282 2206 2328 enimse

237 2355 484 2415 interponit
511 2355 715 2399 medium
751 2353 950 2398 daemon
976 2352 1266 2407 immortalis,
1295 2363 1339 2397 et
1364 2352 1516 2406 miser,
1536 2362 1584 2396 ut
1606 2351 1661 2395 ad
1688 2349 2083 2396 immortalitatem
2105 2349 2209 2394 bea-

238 2434 333 2469 tam
359 2423 550 2467 transire
587 2436 681 2465 non
719 2421 852 2476 sinat,
888 2421 966 2465 sed
1004 2421 1223 2480 perducat
1257 2419 1313 2464 ad
1346 2419 1579 2463 miseriam
1619 2417 1957 2474 immortalem;
1988 2417 2108 2462 unde
2141 2425 2209 2461 est

242 2491 360 2536 sicut
386 2489 533 2534 malus
560 2489 753 2543 medius,
780 2489 857 2548 qui
884 2498 1063 2548 separat
1090 2488 1288 2542 amicos;
1316 2487 1525 2532 Christus
1548 2498 1702 2531 autem
1727 2487 1885 2531 habuit
1911 2499 2209 2530 communem

242 2573 349 2603 cum
366 2559 469 2601 Deo
491 2556 833 2610 beatitudinem,
862 2571 966 2599 cum
989 2556 1252 2600 hominibus
1279 2565 1433 2599 autem
1459 2554 1810 2599 mortalitatem:
1837 2564 1882 2598 et
1906 2553 2012 2598 ideo
2039 2552 2094 2597 ad
2117 2552 2208 2597 hoc

244 2641 291 2670 se
318 2624 589 2684 interposuit
614 2623 832 2677 medium,
866 2633 915 2667 ut
947 2622 1223 2667 mortalitate
1259 2632 1500 2676 transacta,
1543 2632 1587 2666 et
1628 2635 1682 2665 ex
1716 2621 1908 2665 mortuis
1934 2619 2106 2665 faceret
2128 2619 2212 2664 im·

245 2692 462 2737 mortales
495 2690 639 2750 (quod
666 2690 712 2733 in
739 2704 786 2734 se
814 2690 1092 2749 resurgendo
1120 2689 1426 2746 monstravit),
1454 2699 1498 2732 et
1514 2702 1568 2732 ex
1595 2687 1771 2732 miseris
1802 2685 2210 2742 beatos.efficeret;

245 2759 365 2804 unde
391 2773 625 2818 nunquam
651 2757 746 2816 ipse
780 2757 995 2802 decessit:
1025 2767 1069 2801 et
1098 2757 1203 2801 ideo
1235 2757 1331 2816 ipse
1360 2766 1427 2800 est
1458 2756 1605 2800 bonus
1638 2755 1878 2808 mediator,
1905 2755 1981 2814 qui
2006 2753 2211 2798 reconci-

247 2828 329 2872 liat
348 2827 573 2871 inimicos.

336 2895 414 2938 ‘An
448 2906 664 2938 TERTIUM
692 2892 950 2945 dicendum,
977 2891 1099 2951 quod
1128 2890 1319 2950 Spiritus
1354 2890 1561 2942 Sanctus,
1596 2903 1701 2933 cum
1734 2889 1790 2933 sit
1820 2902 1900 2948 per
1926 2887 2083 2932 onmia
2108 2887 2212 2932 Deo

251 2961 465 3021 aequaliS,
491 2975 584 3004 non
608 2969 757 3019 potest
784 2959 872 3003 dici
903 2959 1093 3012 medius,
1121 2957 1194 3001 vel
1220 2957 1445 3001 mediator
1469 2957 1586 3001 inter
1610 2957 1778 3010 Deum,
1806 2965 1849 3000 et
1874 2955 2107 3000 homines:
2134 2954 2213 2999 sed

250 3030 375 3074 solus
400 3029 621 3081 Christus,
655 3026 731 3086 qui
757 3026 863 3069 licet
896 3025 1146 3069 secundum
1173 3024 1454 3068 divinitatem
1488 3023 1688 3082 aequalis
1721 3023 1777 3067 sit
1803 3022 1940 3077 Patri,
1965 3032 2120 3067 tamen
2146 3035 2215 3066 se·

253 3099 454 3143 cundum
479 3097 811 3141 humanitatem
844 3095 995 3138 minor
1022 3103 1087 3137 est
1113 3094 1260 3148 Patre,
1287 3103 1335 3137 ut
1360 3107 1495 3152 supra
1522 3092 1694 3136 dictum
1727 3102 1794 3136 est
1825 3092 1884 3151 (q.
1918 3106 1988 3137 20.
2015 3097 2095 3137 art.
2128 3091 2214 3150 1.)‚·

254 3166 372 3210 unde
399 3178 534 3224 super
564 3163 675 3208 illud
703 3164 758 3206 ad
787 3162 889 3207 Gal.
928 3176 988 3220 3.:
1022 3161 1229 3205 Mediator·
1255 3162 1377 3204 unius
1403 3175 1485 3203 non
1511 3166 1580 3214 est,
1608 3159 1716 3203 dicit
1744 3158 1921 3204 Gloss.:
1952 3175 1975 3200 t<
2004 3157 2215 3203 Christus

255 3244 321 3277 est
340 3233 577 3285 mediator,
594 3245 686 3275 non
706 3230 854 3283 Pater,
872 3243 955 3273 nec
976 3228 1166 3287 Spiritus
1186 3227 1379 3271 Sanctus
1397 3242 1435 3270 »:
1458 3226 1620 3271 dicitur
1638 3237 1790 3271 autern
1810 3226 2003 3287 Spiritus
2020 3225 2217 3271 Sanctus

255 3299 540 3360 interpellare
573 3312 653 3358 pro
681 3297 826 3351 nobis,
855 3297 959 3356 quia
987 3296 1081 3355 ipse
1109 3294 1396 3354 interpellare
1420 3309 1503 3338 nos
1531 3293 1651 3339 facit.
