2352 3926
282 216 384 284 156
817 224 1095 270 QUAEST10
1138 225 1227 265 xv.
1269 222 1575 264 ARTIcutus
1613 221 1687 260 1x.

272 329 375 375 talis
402 329 624 389 appetitus
651 336 718 371 est
743 328 839 370 sine
866 335 1074 385 peccato,
1099 328 1245 371 immo
1273 334 1341 371 est
1365 323 1628 378 laudabilis;
1653 332 1762 383 puta
1783 335 1890 367 cum
1912 320 2074 381 aliquis
2098 333 2230 381 'appe-

272 397 326 441 tit
350 397 599 441 vindictam
626 393 877 439 secundum
911 393 1121 438 ordinem
1151 393 1370 452 justitiae:
1404 402 1447 436 et
1478 392 1569 436 hoc
1600 400 1791 436 vocatur
1829 389 1898 433 ira
1937 402 2017 448 per
2055 386 2228 438 zelum:

273 464 382 508 dicit
420 464 541 508 enim
579 462 700 520 Aug.
743 475 877 520 super
897 460 1029 518 Joan.
1057 464 1204 519 (tract.
1229 476 1294 507 ιο.
1321 460 1521 519 aliquant.
1548 473 1574 503 a
1594 457 1722 516 med.)
1750 456 1873 516 quod
1902 471 1927 497 «
1945 454 2044 500 zelo
2066 454 2230 500 domus

271 532 360 575 Dei
387 529 656 583 comeditur,
684 528 762 588 qui
788 528 946 572 omnia
971 542 1183 587 perversa
1210 542 1326 587 quae
1351 526 1488 580 videt,
1515 525 1680 583 satagit
1707 523 1980 577 emendare;
2011 521 2051 566 si
2081 535 2232 571 emen·

272 598 379 642 dare
405 611 499 641 non
526 605 689 656 potest,
716 594 896 649 tolerat,
924 605 968 638 et
995 595 1205 653 gemit»;
1232 604 1277 639 et
1298 594 1400 638 talis
1426 595 1491 637 ira
1515 592 1600 637 fuit
1624 593 1671 636 in
1698 591 1900 635 Christo.

361 665 437 708 AD
464 676 653 708 PRIMUM
679 676 789 721 ergo
817 662 1076 716 dicendum,
1102 662 1240 721 quod,
1266 663 1383 706 sicut
1409 660 1547 719 Greg.
1581 659 1691 703 dicit
1727 671 1762 715 5.
1794 655 1958 701 Moral.
1984 657 2098 715 (cap.
2125 653 2231 714 30.),

275 733 342 776 ira
370 731 592 791 dupliciter
632 744 681 774 se
721 730 859 774 habet
893 729 939 773 in
965 729 1184 773 homine:
1211 729 1452 788 quandoque
1484 727 1607 771 enim
1650 724 1882 785 praevenit
1918 723 2157 778 rationem,
2190 731 2236 766 et

280 799 418 843 trahit
450 813 552 843 eam
579 812 738 842 secum
757 797 812 841 ad
829 797 1135 856 operandum3
1154 806 1196 840 et
1212 806 1320 840 tunc
1338 794 1518 854 proprie
1533 794 1600 837 ira
1618 793 1780 837 dicitur
1796 791 1989 852 operari,
2005 803 2115 834 nam
2132 803 2235 848 ope-

272 866 389 910 ratio
420 866 674 910 attribuitur
700 865 940 924 principali
965 865 1140 922 agenti3
1164 873 1208 908 et
1233 862 1486 908 secundum
1507 862 1598 906 hoc
1620 859 1899 918 intelligitur,
1923 857 2044 917 quod
2060 858 2131 901 ira
2145 857 2238 905 viri,

267 935 482 994 justitiam
527 935 612 978 Dei
643 948 727 977 non
762 939 985 992 operatur.-
1024 931 1266 990 quandoque
1300 944 1410 974 vero
1452 930 1519 974 ira
1560 927 1761 987 sequitur
1795 925 2036 979 rationem,
2076 933 2121 969 et
2164 932 2237 968 est

277 1002 407 1061 quasi
432 1002 786 1046 instrumentum
810 1000 975 1059 ipsius;
1003 1010 1046 1043 et
1071 1009 1179 1043 tunc
1206 998 1427 1057 operatio,
1455 1010 1570 1056 quae
1597 1006 1664 1041 est
1687 994 1897 1054 justitiae,
1919 1007 2014 1038 non
2035 990 2235 1036 attribui-

275 1078 348 1113 tur
373 1069 482 1123 irae,
509 1068 588 1112 sed
613 1067 792 1112 rationi.

366 1136 443 1180 AD
470 1148 732 1181 SECUNDUM
759 1134 1018 1189 dicendum,
1046 1133 1168 1193 quod
1194 1133 1275 1187 ira,
1301 1146 1417 1192 quae
1442 1130 1768 1190 transgreditur
1800 1128 2009 1173 ordinem
2034 1125 2237 1180 rationis,

276 1203 523 1263 opponitur
555 1202 907 1256 mansuetudini,
933 1216 1029 1245 non
1056 1211 1206 1245 autem
1240 1200 1305 1244 ira
1343 1214 1458 1259 quae
1485 1209 1552 1243 est
1577 1197 1828 1251 moderata,
1865 1206 1910 1241 et
1945 1195 2001 1240 ad
2033 1193 2237 1239 medium

274 1271 461 1316 reducta
487 1284 567 1329 per
593 1270 842 1314 rationem:
869 1284 979 1313 nam
1005 1269 1308 1312 mansuetudo
1335 1267 1539 1311 medium
1564 1276 1688 1310 tenet
1712 1265 1759 1308 in
1783 1265 1865 1308 ira.

365 1338 441 1382 AD
465 1350 682 1382 TERTIUM
703 1336 962 1389 dicendum,
990 1336 1112 1395 quod
1138 1335 1185 1379 in
1210 1335 1342 1379 nobis
1368 1334 1621 1378 secundum
1646 1332 1903 1377 naturalem
1927 1330 2139 1376 ordinem
2162 1343 2240 1390 po-

275 1405 443 1450 tentiae
470 1405 651 1449 animae
677 1414 837 1449 mutuo
871 1418 918 1448 se
953 1402 1231 1462 impediunt;
1257 1402 1319 1446 ita
1346 1401 1521 1445 scilicet
1553 1400 1675 1460 quod
1713 1414 1819 1444 cum
1851 1398 1984 1450 unius
2009 1396 2239 1457 potentiae

277 1475 481 1533 operatio
507 1471 643 1517 fuerit
667 1474 858 1527 intensa,
885 1471 1067 1516 alterius
1095 1470 1300 1528 operatio
1327 1469 1608 1513 debilitetur:
1631 1478 1677 1512 et
1698 1482 1752 1512 ex
1767 1467 1859 1512 hoc
1879 1465 2101 1525 procedit,
2117 1464 2240 1525 quod

274 1550 429 1585 motus
440 1541 547 1594 irae,
575 1540 754 1584 etiamsi
775 1539 832 1583 sit
848 1538 1100 1583 secundum
1117 1537 1342 1581 rationem
1367 1537 1645 1590 moderatus,
1663 1545 1910 1594 utcumque
1925 1532 2121 1593 impedit·
2135 1544 2243 1578 ocu·

276 1608 374 1652 lum
401 1610 579 1652 animae
607 1607 958 1666 contemplantis
977 1621 987 1649 :
1015 1605 1094 1649 sed
1112 1605 1159 1649 in
1183 1605 1368 1648 Christo
1387 1619 1466 1664 per
1482 1603 1849 1648 moderationem
1865 1601 2046 1646 divinae
2065 1599 2241 1646 virtutis

277 1676 522 1734 unicuique
549 1675 778 1734 potentiae
806 1673 1149 1733 permittebatur
1177 1686 1325 1731 agere,
1348 1671 1471 1730 quod
1497 1681 1593 1715 erat
1609 1671 1651 1715 ei
1667 1669 1916 1730 propriu-m,
1932 1668 1998 1714 ita
2012 1667 2135 1728 quod
2152 1681 2242 1711 una

278 1743 482 1803 potentia
510 1757 563 1786 ex
590 1742 678 1785 alia
703 1756 798 1785 non
823 1740 1178 1800 impediebatur3
1211 1749 1256 1784 et
1286 1740 1390 1783 ideo
1423 1739 1538 1783 sicut
1564 1738 1806 1782 delectatio
1838 1737 2005 1782 mentis
2037 1747 2242 1784 contem-

279 1810 444 1869 plantis
469 1824 564 1853 non
589 1809 866 1867 impediebat
895 1807 1138 1861 tristitiam,
1170 1807 1245 1851 vel
1277 1806 1485 1851 dolorem
1516 1805 1738 1850 inferioris
1770 1804 1931 1864 partis:
1957 1804 2021 1848 ita
2045 1803 2185 1849 etiam
2216 1815 2242 1847 e

283 1891 506 1921 converso
533 1876 768 1936 passiones
793 1874 1020 1920 inferioris
1046 1874 1184 1934 partis
1210 1874 1257 1917 in
1282 1873 1410 1917 nullo
1436 1872 1745 1932 impediebant
1770 1881 1923 1916 actum
1949 1870 2152 1916 rationis.

992 2021 1426 2081 ARTICULUS
1459 2022 1529 2077 X.
2183 2046 2241 2095 99

349 2148 541 2186 UTRUM
583 2146 849 2186 CHRISTUS
891 2145 1055 2184 SIMUL
1094 2145 1291 2184 FUERIT
1331 2143 1560 2195 VIATOR,
1598 2144 1669 2182 ET
1711 2141 2167 2182 COMPREHENSOR.

514 2245 568 2304 (3.
595 2245 707 2288 Dist.
734 2257 799 2300 14.
827 2250 909 2288 art.
937 2257 976 2287 2.
1003 2249 1040 2287 et
1066 2243 1177 2286 Dist.
1204 2243 1267 2287 18.
1294 2248 1375 2286 art.
1402 2256 1442 2287 2.
1465 2248 1503 2286 et
1536 2241 1646 2285 Veri.
1669 2256 1706 2299 q.
1734 2241 1805 2286 26.
1832 2246 1913 2286 art.
1940 2255 2006 2286 10.

390 2318 430 2357 et
460 2326 497 2371 q.
530 2326 600 2371 29.
634 2317 714 2356 art.
748 2311 792 2356 6.
826 2316 862 2355 et
896 2310 1049 2367 Quodl.
1082 2326 1117 2354 Ι.
1150 2324 1188 2368 q.
1221 2324 1261 2354 2.
1295 2315 1376 2353 art.
1409 2324 1448 2354 2.
1482 2316 1595 2367 corp.
1622 2315 1661 2353 et
1691 2316 1828 2368 opusc.
1859 2322 1900 2353 2.
1933 2314 2024 2368 cap.
2055 2306 2154 2367 238..

1012 2383 1049 2421 et
1074 2385 1209 2436 opusc.
1235 2378 1300 2422 18.
1323 2384 1413 2436 cap.
1440 2376 1520 2434 4.).

371 2484 448 2529 AD
475 2496 697 2529 DECIMUM
724 2483 788 2527 sic
815 2481 1088 2542 proceditur.
1115 2481 1320 2535 Videtur,
1348 2481 1471 2540 quod
1498 2479 1709 2525 Christus
1729 2493 1825 2523 non
1846 2477 1981 2524 fuerit
2000 2475 2139 2523 simul
2157 2475 2249 2522 via·

281 2562 368 2606 tor,
396 2561 440 2595 et
467 2550 850 2609 comprehensor:
892 2550 1055 2593 viatori
1082 2549 1206 2593 enim
1239 2550 1458 2608 competit
1490 2547 1666 2592 moveri
1692 2547 1747 2591 ad
1773 2546 1913 2595 finem
1943 2544 2247 2599 beatitudinis,

284 2618 662 2679 comprehensori
688 2627 840 2661 autem
869 2616 1090 2675 competit
1115 2616 1160 2659 in
1186 2615 1276 2660 fine
1295 2615 1550 2675 quiescere:
1569 2614 1648 2659 sed
1666 2629 1760 2658 non
1776 2623 1927 2673 potest
1942 2612 2090 2658 eidem
2111 2610 2248 2657 simul

286 2686 546 2740 convenire,
573 2685 695 2744 quod
722 2694 963 2728 moveatur
989 2683 1045 2727 ad
1071 2683 1225 2737 finem,
1254 2693 1298 2728 et
1323 2683 1445 2742 quod
1473 2683 1676 2742 quiescat
1699 2682 1747 2725 in
1771 2681 1891 2735 fine3
1918 2694 2029 2739 ergo
2050 2693 2146 2726 non
2170 2691 2248 2739 po-

283 2755 370 2799 tuit
395 2753 532 2798 simul
559 2766 672 2806 esse,
700 2751 823 2811 quod
851 2751 1061 2795 Christus
1088 2764 1205 2795 esset
1229 2751 1389 2806 viator,
1417 2760 1461 2795 et
1486 2749 1860 2808 comprehensor.
1966 2752 1968 2756 ’

374 2834 415 2866 2.
442 2822 741 2866 PRAETEREA.
769 2819 949 2863 Moveri
975 2819 1030 2862 ad
1057 2819 1398 2873 beatitudinem,
1427 2828 1504 2862 aut
1530 2832 1634 2862 eam
1661 2817 1882 2871 obtinere,
1906 2829 2002 2861 non
2029 2813 2249 2874 competit

283 2889 464 2934 homini
490 2887 740 2932 secundum
775 2900 954 2945 corpus,
987 2886 1065 2930 sed
1098 2886 1350 2930 secundum
1384 2885 1585 2929 animam
1617 2883 1731 2942 (vide
1750 2890 1864 2943 supp.
1890 2897 1931 2942 q.
1957 2883 2029 2942 69.
2056 2888 2140 2928 art.
2165 2881 2248 2940 2.),

286 2957 406 3001 unde
433 2956 626 3015 August.
655 2954 763 2998 dicit
787 2954 834 2997 in
857 2952 1060 3012 Epistola
1087 2954 1143 2997 ad
1168 2954 1448 2997 Dioscorum
1477 2952 1582 3009 (118.
1609 2951 1664 2996 al.
1687 2950 1778 3010 56.)
1805 2950 1928 3009 quod
1957 2965 1981 2992 (ι
1999 2949 2054 2994 ad
2071 2948 2251 2995 inferio·

286 3038 385 3068 rem
406 3033 631 3077 naturam,
649 3036 764 3081 quae
788 3031 855 3066 est
878 3034 1056 3080 corpus,
1083 3021 1306 3065 redundat
1333 3021 1385 3064 ab
1415 3020 1580 3073 anima,
1606 3033 1701 3062 non
1733 3017 1964 3062 beatitudo
1998 3031 2115 3077 quae
2145 3030 2251 3076 pro·

286 3091 382 3151 pria
415 3100 482 3135 est
513 3090 714 3143 fruentis,
742 3099 786 3132 et
811 3088 1118 3148 intelligentis,
1146 3088 1223 3132 sed
1252 3087 1486 3146 plenitudo
1515 3086 1733 3139 sanitatis,
1755 3084 1871 3130 idest
1895 3083 2249 3144 incorruptionis

285 3159 417 3218 vigor
435 3176 457 3201 ›>
475 3174 484 3203 :
503 3158 582 3203 sed
606 3157 830 3210 Christus,
849 3155 954 3199 licet
975 3155 1163 3199 haberet
1180 3169 1344 3213 corpus
1362 3153 1585 3213 passibile,
1607 3163 1762 3197 tamen
1779 3153 2031 3196 secundum
2047 3161 2250 3197 mentem

286 3225 418 3286 plene
436 3226 540 3269 Deo
565 3224 817 3277 fruebatur3
840 3238 934 3267 non
960 3223 1095 3281 igitur
1114 3222 1322 3267 Christus
1340 3220 1423 3265 fuit
1438 3222 1598 3274 viator,
1616 3220 1694 3264 sed
1718 3233 1854 3279 purus
1878 3219 2251 3279 comprehensor.

382 3308 418 3352 3.
446 3293 744 3337 PRAETEREA.
774 3290 945 3344 Sancti,
973 3304 1168 3349 quorum
1195 3289 1375 3332 animae
1403 3298 1506 3332 sunt
1528 3288 1574 3331 in
1593 3286 1740 3340 coe10,
1764 3296 1808 3331 et
1831 3300 2024 3346 corpora
2040 3286 2086 3330 in
2104 3283 2252 3346 sepul-

289 3361 423 3414 chris,
450 3359 657 3404 fruuntur
684 3358 868 3417 quidem
894 3356 1171 3401 beatitudine
1199 3355 1451 3400 secundum
1474 3355 1692 3407 animam,
1720 3354 1928 3412 quamvis
1959 3367 2120 3399 eorum
2152 3365 2252 3398 cor·

290 3442 400 3487 pora
429 3427 566 3471 morti
593 3426 879 3484 subjaceant:
907 3435 1061 3468 tamen
1088 3437 1181 3467 non
1210 3422 1419 3466 dicuntur
1441 3422 1654 3475 viatores,
1676 3421 1753 3465 sed
1776 3419 1929 3464 solum
1951 3419 2252 3479 comprehen-

290 3508 441 3548 sores;
470 3509 579 3552 ergo
607 3493 702 3552 pari
729 3492 904 3536 ratione
931 3491 1038 3535 licet
1065 3503 1228 3549 corpus
1257 3489 1427 3533 Christi
1446 3488 1577 3532 fuerit
1594 3487 1811 3543 mortale3
1829 3489 1934 3547 quia
1950 3497 2105 3533 tamen
2122 3499 2252 3532 mens

291 3563 386 3620 ejus
413 3562 516 3606 Deo
542 3560 786 3613 fruebatur,
812 3558 989 3604 videtur
1015 3557 1136 3616 quod
1163 3556 1296 3602 fuerit
1321 3571 1458 3616 purus
1485 3555 1858 3615 comprehensor,
1890 3564 1935 3600 et
1955 3553 2083 3600 nullo
2109 3553 2252 3600 modo

291 3639 451 3673 viator.
