2352 3926
12 2897 28 2938 ἱ.

14 2940 33 2998 ᾗ,

17 3102 42 3132 {f

17 3132 31 3164 r,

30 3127 39 3137 L

17 3169 39 3199 ''3⁶ss

20 3263 38 3296 ’Ἲς

18 3300 40 3341 05

22 3345 41 3377 ἶ

21 3457 44 3489 ιζ(-

21 3488 41 3508 RQ:

693 202 972 250 QUAESTIO
1013 202 1165 243 Lxm.
1207 201 1517 243 ARTICULUS
1557 202 1630 242 vl.
2028 205 2130 260 531

173 308 288 353 haec
310 307 396 352 tria
421 315 708 352 sacramenta
731 305 968 351 character
992 305 1281 366 imprimitur,
1299 304 1475 351 scilicet
1491 319 1571 365 per
1586 305 1880 365 baptismum,
1898 305 2142 350 confirma-

173 376 365 430 tlonem,
391 385 435 420 et
461 375 684 419 ordinem.

262 443 338 488 An
376 455 565 488 PRIMUM
592 456 702 501 ergo
734 441 992 496 dicendum,
1020 441 1142 501 quod
1169 456 1250 501 per
1282 441 1438 486 omnia
1470 451 1757 486 sacramenta
1787 441 1838 486 fit
1867 441 2014 486 homo
2041 456 2141 501 par-

175 511 319 570 ticeps
346 509 587 555 sacerdotii
610 508 795 561 Christi,
823 518 979 567 utpote
1001 509 1254 568 percipiens
1280 508 1478 567 aliquem
1498 508 1711 552 effectum
1734 510 1854 567 ejus:
1873 523 1966 553 non
1985 519 2141 553 tamen

175 591 256 636 per
281 579 437 622 omnia
454 586 739 621 sacramenta
758 574 918 634 aliquis
937 575 1176 634 deputatur
1194 575 1248 618 ad
1268 575 1496 634 agendum
1516 574 1700 634 aliquid,
1723 574 1796 620 vel
1812 576 2141 635 recipiendum,

174 644 297 704 quod
330 644 551 702 pertineat
578 643 632 686 ad
660 642 834 686 cultum
860 642 1102 685 sacerdotii
1131 642 1326 696 Christi3
1353 642 1475 701 quod
1502 643 1686 701 quidem
1719 643 1915 702 exigitur
1946 643 2002 687 ad
2034 643 2141 699 hoc,

174 712 295 771 quod
320 721 658 755 sacramentum
687 710 1000 753 characterem
1027 709 1274 767 imprimat.
1329 700 1351 717 ³

265 779 341 824 An
361 790 622 823 SECUNDUM
649 776 907 828 dicendum,
935 775 1056 834 quod
1080 790 1158 834 per
1171 776 1328 819 omnia
1356 788 1641 820 sacramenta
1655 777 1964 821 sanctificatur
1979 777 2141 831 homo,

173 846 423 890 secundum
451 845 573 904 quod
596 843 810 888 sanctitas
833 843 1049 901 importat
1072 843 1344 886 munditiam
1363 857 1387 886 a
1405 854 1612 901 peccato,
1631 858 1746 903 quae
1763 844 1813 888 fit
1828 859 1905 903 per
1919 845 2112 903 gratiam
2130 861 2140 891 :

174 912 253 957 sed
275 911 532 971 specialiter
553 925 632 971 per
654 909 878 969 quaedam
905 919 1205 963 sacramenta,
1223 924 1338 968 quae
1361 910 1672 955 characterem
1695 912 1977 970 imprimunt,
1994 912 2140 957 homo

175 979 482 1024 sanctificatur
514 978 713 1037 quadam
748 977 1109 1031 consecratione,
1141 987 1299 1035 utpote
1331 977 1570 1036 deputatus
1609 979 1665 1021 ad
1702 979 1904 1022 divinum
1941 979 2139 1034 cultum:

174 1046 292 1090 sicut
323 1046 462 1091 etiam
492 1059 563 1090 res
595 1045 873 1089 inanimatae
915 1043 1188 1088 sanctificari
1229 1044 1453 1099 dicuntur,
1495 1046 1765 1104 inquantum
1803 1046 1957 1090 divino
1999 1046 2142 1092 cultui

176 1112 461 1173 deputantur.

265 1181 342 1226 An
360 1193 578 1226 TERTIUM
597 1179 858 1233 dicendum,
884 1178 1006 1238 quod
1024 1177 1131 1223 licet
1148 1178 1384 1223 character
1399 1179 1456 1224 sit
1480 1193 1567 1234 res,
1595 1189 1640 1224 et
1661 1190 2015 1235 sacramentum,
2046 1195 2142 1226 non

174 1257 330 1294 tamen
358 1257 552 1308 oportet,
579 1261 718 1292 omne
750 1247 795 1291 id
833 1247 955 1306 quod
998 1256 1066 1291 est
1103 1261 1189 1300 res,
1227 1257 1273 1292 et
1302 1257 1656 1302 sacramentum,
1684 1262 1784 1292 esse
1812 1248 2140 1293 characterem.

177 1315 303 1369 Quid
329 1325 483 1361 autem
509 1314 567 1360 sit
589 1329 676 1369 res,
704 1323 749 1359 et
773 1324 1127 1368 sacramentum,
1152 1314 1200 1358 in
1227 1313 1325 1358 aliis
1352 1316 1648 1360 sacramentis
1674 1314 1790 1360 infra
1816 1315 2004 1360 dicetur.

1030 1497 1275 1506 *β-

788 1659 1237 1738 QUAESTIO
1288 1659 1514 1720 LXIV.

226 1818 309 1859 DE
341 1817 536 1860 CAUSA
567 1814 1119 1865 SACRAMENTORUM‚
1155 1815 1221 1854 IN
1252 1814 1458 1855 DECEM
1491 1814 1822 1857 ARTICULOS
1853 1815 2076 1857 DIVISA.

263 1987 443 2033 Deinde
469 1985 854 2031 considerandum
880 1995 947 2031 est
973 1984 1029 2029 de
1061 1999 1197 2030 causa
1222 1995 1634 2040 sacramentorum,
1660 1985 1755 2030 sive
1783 1999 1861 2045 per
1895 1985 2142 2031 auctorita-

173 2065 286 2111 tem,
311 2056 408 2101 sive
433 2069 514 2115 per
539 2053 858 2098 ministerium.

780 2165 836 2210 Et
860 2166 976 2209 circa
1002 2164 1075 2209 hoc
1102 2170 1360 2224 quaeruntur
1385 2164 1532 2210 decem.

262 2254 435 2299 Primo.
462 2254 630 2299 Utrum
656 2253 781 2298 solus
807 2254 933 2298 Deus
960 2253 1146 2298 interius
1169 2265 1380 2314 operetur
1405 2255 1452 2298 in
1479 2255 1791 2299 sacramentis.

264 2322 493 2367 Secundo.
520 2321 688 2365 Utrum
713 2321 934 2365 institutio
961 2331 1353 2365 sacramentorum
1382 2323 1438 2366 sit
1463 2321 1614 2366 solum
1643 2336 1666 2365 a
1690 2323 1808 2366 Deo.

265 2388 440 2434 Tertio.
466 2388 537 2432 De
562 2397 800 2448 potestate,
829 2402 966 2447 quam
994 2387 1205 2432 Christus
1232 2388 1390 2432 habuit
1415 2389 1460 2432 in
1487 2390 1801 2435 sacramentis.

265 2455 459 2509 Quarto.
486 2455 647 2500 Utrum
674 2455 802 2499 illam
829 2465 1103 2514 potestatem
1129 2456 1326 2514 potuerit
1353 2455 1451 2500 aliis
1479 2458 1838 2502 communicare.

265 2522 455 2576 Quinto.
483 2522 650 2567 Utrum
676 2533 878 2583 potestas
905 2523 1144 2567 ministerii
1171 2524 1216 2566 in
1243 2524 1542 2568 sacramentis
1571 2525 1815 2569 conveniat
1841 2524 1988 2570 malis.

267 2590 419 2634 Sexto.
446 2590 612 2634 Utrum
639 2590 750 2635 mali
775 2600 968 2650 peccent
994 2590 1300 2648 dispensando
1327 2601 1627 2635 sacramenta.

268 2656 488 2715 Septimo.
514 2656 682 2702 Utrum
710 2657 861 2716 angeli
886 2658 1062 2717 possint
1088 2671 1186 2702 esse
1215 2658 1409 2702 ministri
1441 2669 1852 2704 sacramentorum.

269 2722 466 2770 Octavo.
492 2723 660 2768 Utrum
681 2725 872 2769 intentio
900 2725 1090 2769 ministri
1118 2725 1368 2784 requiratur
1395 2726 1442 2769 in
1469 2727 1781 2771 sacramentis.

266 2790 419 2835 Nono.
445 2789 613 2835 Utrum
634 2793 886 2851 requiratur
898 2792 959 2836 ibi
970 2802 1093 2837 recta
1105 2792 1231 2847 fides,
1249 2793 1310 2837 ita
1327 2792 1516 2848 scilicet,
1534 2795 1656 2854 quod
1678 2794 1873 2840 infidelis
1886 2808 1980 2839 non
1997 2795 2141 2854 possit

175 2857 351 2903 tradere
376 2867 675 2903 sacramenta.

265 2924 477 2969 Decimo.
504 2924 671 2970 Utrum
694 2926 947 2986 requiratur
971 2926 1034 2971 ibi
1063 2937 1188 2972 recta
1213 2927 1423 2973 intentio.

902 3102 1334 3161 ARTICULUS
1371 3104 1414 3160 I.
2053 3135 2138 3181 350

178 3238 373 3278 UTRUM
395 3236 568 3276 SOLUS
587 3236 729 3275 DEUS
755 3238 1042 3279 OPERETUR
1066 3241 1318 3280 INTERIUS
1354 3241 1427 3280 AD
1456 3242 1749 3281 EFFECTUM
1770 3241 2134 3285 SACRAMENTI·

611 3345 741 3405 (Insr.
767 3353 850 3393 art.
870 3362 908 3407 5.
935 3355 972 3394 et
995 3363 1038 3406 4.
1069 3350 1180 3395 Dist.
1202 3365 1241 3410 5.
1263 3366 1302 3410 q.
1335 3367 1374 3397 2.
1402 3358 1482 3396 art.
1511 3366 1548 3397 2.
1577 3367 1613 3410 q.
1641 3353 1717 3410 2.).

269 3461 346 3507 AD
371 3473 559 3507 PRIMUM
585 3459 650 3505 sic
676 3459 948 3520 proceditur.
974 3460 1179 3516 Videtur,
1202 3463 1324 3522 quod
1350 3477 1444 3507 non
1471 3462 1594 3508 solus
1621 3464 1759 3520 Deus,
1787 3464 1865 3508 sed
1893 3465 2032 3510 etiam
2058 3465 2140 3511 mi-

178 3528 319 3575 nister
349 3529 550 3574 interius·
576 3537 788 3586 operetur
820 3527 876 3572 ad
909 3526 1122 3573 effectum
1154 3530 1449 3575 sacramenti:
1485 3530 1671 3574 interior
1703 3531 1825 3575 enim
1863 3533 2137 3578 sacramenti

181 3596 370 3643 effectus
395 3606 477 3651 est,
503 3606 552 3640 ut
581 3595 728 3641 homo
749 3605 967 3655 purgetur
991 3611 1017 3642 a
1041 3598 1256 3656 peccatis,
1283 3607 1328 3643 et
1351 3597 1630 3642 illuminetur
1646 3611 1727 3658 per
1743 3598 1961 3657 gratiam:
1983 3599 2063 3645 sed
2081 3601 2136 3645 ad
