2352 3926
226 178 332 232 532
762 177 1042 223 QUAESTIO
1082 177 1228 215 LXIV.
1269 176 1579 215 ARTICULUS
1619 177 1654 215 1.

225 281 458 325 ministros
491 279 723 324 Ecclesiae
760 279 954 337 pertinet
984 293 1195 337 purgare,
1230 277 1502 332 illuminare,
1539 288 1583 322 et
1620 278 1853 336 perficere,
1885 290 1935 325 ut
1959 290 2083 340 patet
2103 295 2188 340 per

225 348 501 406 Dionysium
528 347 573 389 in
606 361 640 403 5.
665 361 763 403 cap.
782 345 1040 389 Ecclesiast.
1066 345 1301 389 Hierarch.
1330 346 1379 402 (a
1392 346 1554 404 princ.)
1568 361 1583 397 ;
1614 359 1723 403 ergo
1745 346 1936 403 videtur,
1953 349 2076 407 quod
2093 362 2191 395 non

226 414 350 458 solus
383 415 521 468 Deus,
555 413 633 456 sed
667 413 805 457 etiam
838 412 1034 456 ministri
1063 411 1297 456 Ecclesiae
1323 412 1512 456 interius
1545 422 1789 472 operentur
1814 415 1876 458 ad
1911 416 2189 462 sacramenti

229 481 458 526 effectum.

319 561 358 592 2.
376 549 674 592 PRAETEREA.
693 546 744 589 In
763 545 1011 590 collatione
1027 556 1420 591 sacramentorum
1445 546 1667 606 quaedam
1691 546 1954 593 orationum
1976 547 2194 609 suffragia

232 624 571 675 proponuntur:
599 614 676 657 sed
705 614 936 658 orationes
966 615 1193 672 justorum
1229 624 1334 658 sunt
1373 613 1521 672 magis
1554 613 1672 672 apud
1712 613 1867 658 Deum
1903 615 2195 671 exaudibiles,

227 697 365 741 quam
392 696 804 740 quorumcumque,
827 682 1079 725 secundum
1106 681 1217 725 illud
1237 683 1368 740 Joan.
1396 696 1462 741 9.;
1493 682 1539 726 Si
1565 683 1655 740 quis
1686 682 1771 726 Dei
1796 682 1930 727 cultor
1954 689 2025 738 est,
2052 690 2091 729 et
2115 699 2193 728 vo·

228 751 427 794 luntatem
453 751 540 807 ejus
556 750 683 807 facit,
712 749 818 793 hunc
851 750 966 793 Deus
990 749 1180 802 exaudit;
1210 763 1322 807 ergo
1348 749 1538 802 videtur,
1565 748 1688 807 quod
1716 749 1943 806 majorem
1975 749 2190 795 effectum

227 816 502 861 sacramenti
529 826 834 874 consequatur
858 815 950 870 ille,
978 816 1055 875 qui
1072 816 1285 875 recipitur
1300 816 1452 874 ipsum
1480 830 1505 859 a
1521 816 1646 859 bono
1666 815 1907 871 ministro;
1931 817 1995 860 sic
2018 831 2130 877 ergo
2148 827 2194 863 et

225 883 431 927 minister
464 882 632 942 aliquid
666 892 878 942 operatur
904 883 961 926 ad
982 883 1249 928 interiorem
1276 881 1504 937 effectum,
1532 893 1576 927 et
1600 897 1695 926 non
1722 882 1847 927 solus
1874 883 2016 929 Deus.

320 963 357 1006 3.
384 949 682 994 PRAETEREA.
709 949 908 1009 Dignior
934 960 1002 995 est
1017 950 1178 1005 horno,
1197 964 1335 1009 quarn
1354 964 1423 994 res
1437 950 1709 995 inanimata:
1737 949 1817 995 sed
1842 964 1914 996 res
1939 951 2194 998 inanimata

232 1017 400 1076 aliquid
428 1026 641 1076 operatur
674 1017 730 1060 ad
755 1017 1021 1062 interiorem
1054 1017 1294 1062 effectum:
1320 1032 1430 1062 nam
1465 1032 1623 1076 «aqua
1656 1032 1821 1077 corpus
1852 1019 2013 1078 tangit,
2039 1027 2084 1064 et
2115 1033 2197 1065 cot

230 1084 430 1138 abluit»,
457 1095 506 1128 ut
531 1084 726 1142 August.
760 1084 869 1128 dicit
901 1099 1034 1143 super
1054 1084 1184 1142 Joan.
1216 1086 1356 1140 (tract.
1384 1086 1454 1130 80.
1482 1099 1507 1129 a
1533 1084 1683 1141 med.),·
1713 1099 1823 1143 ergo
1849 1085 1994 1130 homo
2020 1085 2193 1147 aliquid

228 1162 440 1212 operatur
466 1151 523 1197 ad
550 1151 814 1196 interiorem
843 1151 1055 1195 effectum
1082 1152 1372 1205 sacramenti,
1399 1161 1442 1195 et
1466 1166 1561 1195 non
1588 1152 1712 1195 solus
1739 1153 1880 1197 Deus.

320 1219 415 1263 SED
443 1232 639 1264 CONTRA
666 1229 747 1273 est,
770 1219 892 1278 quod
927 1219 1090 1262 dicitur
1115 1218 1252 1262 Rom.
1276 1219 1341 1263 8.:
1369 1220 1484 1264 Deus
1509 1225 1577 1272 est,
1606 1221 1677 1277 qui
1695 1220 1926 1278 justificat;
1955 1234 2063 1266 cum
2085 1234 2196 1281 ergo

229 1286 421 1330 interior
447 1285 634 1330 effectus
662 1287 872 1331 omnium
906 1296 1300 1330 sacramentorum
1333 1285 1390 1330 sit
1420 1285 1697 1344 justificatio,
1723 1286 1900 1331 videtur
1911 1287 2046 1348 'quod
2071 1287 2197 1337 solus

232 1353 359 1397 Deus
387 1364 599 1412 operetur
624 1353 889 1397 interiorem
917 1351 1131 1396 effectum
1158 1352 1447 1397 sacramenti.
1653 1410 1656 1414 Ι

321 1420 611 1465 RESPONDEO
645 1421 904 1474 dicendum,
942 1421 1064 1479 quod
1097 1421 1275 1478 operari
1314 1420 1513 1479 aliquem
1550 1419 1766 1465 effectum
1801 1420 2026 1481 contingit
2062 1422 2199 1483 dupli-

234 1490 359 1534 citer:
387 1503 467 1532 uno
494 1489 614 1532 modo
638 1503 718 1547 per
745 1488 935 1531 modum
954 1487 1214 1546 principalis
1243 1489 1440 1546 agentis:
1466 1488 1548 1532 alio
1571 1488 1691 1532 modo
1718 1503 1798 1547 per
1822 1489 2016 1533 modum
2040 1489 2201 1535 instru-

238 1555 400 1599 menti:
416 1557 559 1614 primo
578 1556 714 1613 igitur
739 1555 859 1599 modo
878 1554 1003 1599 solus
1017 1555 1141 1598 Deus
1160 1565 1373 1614 operatur
1390 1555 1654 1599 interiorem
1672 1555 1885 1600 effectum
1903 1557 2197 1602 sacramenti:

231 1633 326 1666 tum
359 1614 463 1681 quia
489 1622 614 1666 solus
632 1623 758 1666 Deus
776 1621 974 1665 illabitur
997 1623 1192 1677 animae,
1210 1623 1256 1665 in
1290 1637 1377 1682 qua
1396 1622 1670 1666 sacramenti
1695 1622 1882 1668 effectus
1910 1624 2078 1680 existit;
2104 1639 2200 1670 non

233 1699 386 1733 autem
420 1699 569 1747 potest
597 1689 764 1747 aliquid
797 1689 1061 1733 immediate
1089 1689 1281 1748 operari,
1305 1690 1380 1733 ubi
1406 1704 1501 1734 non
1529 1700 1617 1735 est:
1644 1700 1743 1734 turn
1769 1691 1873 1750 quia
1899 1693 2057 1751 gratia,
2082 1706 2199 1752 quae

236 1765 303 1800 est
320 1756 365 1799 in
384 1756 569 1800 interior
586 1756 861 1800 sacramenti
884 1755 1071 1800 effectus
1095 1766 1162 1800 est
1182 1771 1206 1800 a
1223 1756 1324 1800 solo
1343 1757 1460 1811 Deo,
1477 1767 1526 1801 ut
1542 1760 1586 1801 in
1606 1771 1646 1802 2.
1666 1757 1836 1801 dictum
1855 1770 1922 1802 est
1939 1758 2038 1818 (1-2.
2056 1773 2094 1819 q.
2111 1773 2198 1815 1⁷12·

233 1830 315 1867 art.
349 1823 439 1881 2.):
466 1824 701 1867 character
727 1823 879 1876 etiarn,
909 1823 986 1882 qui
1012 1833 1079 1867 est
1110 1823 1298 1867 interior
1330 1825 1636 1883 quorumdam
1662 1838 1791 1868 sacra
1818 1835 2079 1870 mentorum
2092 1824 2199 1871 'effe-
2226 1852 2229 1857 >

235 1901 347 1945 ctus,
367 1901 434 1934 est
449 1891 592 1934 virtus
609 1891 981 1945 instrumentalis,
1000 1905 1115 1949 quae
1143 1901 1299 1935 manat
1316 1906 1341 1934 a
1360 1891 1597 1950 principali
1620 1902 1798 1950 agente,
1824 1892 2032 1952 quod-est
2047 1893 2198 1939 Deus:

235 1958 406 2002 secundo
436 1969 588 2002 autem
611 1958 732 2002 modo
750 1958 895 2002 homo
914 1968 1065 2017 potest
1091 1959 1271 2018 operari
1298 1959 1354 2003 ad
1380 1959 1644 2003 interiorem
1672 1958 1885 2004 effectum
1912 1960 2200 2015 sacramenti,

236 2026 506 2084 inquantum
539 2034 752 2085 operatur
783 2041 864 2085 per
897 2026 1089 2070 modum
1122 2026 1338 2070 ministri:
1372 2041 1480 2069 nam
1508 2027 1668 2071 eadem
1694 2027 1809 2071 ratio
1832 2036 1900 2088 est
1930 2027 2202 2084 ministri„et

230 2093 544 2147 instrumenti;
578 2094 809 2152 utriusque
844 2093 967 2136 enim
1001 2094 1119 2137 actio
1158 2094 1351 2137 exterius
1396 2093 1645 2149 adhibetur,
1671 2094 1750 2138 sed
1773 2094 1956 2139 sortitur
1983 2087 2198 2140 effectum

231 2160 497 2204 interiorem
516 2175 571 2204 ex
596 2161 761 2204 virtute
781 2159 1040 2219 principalis
1068 2161 1258 2218 agentis,
1286 2160 1409 2219 quod
1428 2170 1495 2204 est
1511 2161 1651 2205 Deus.

321 2228 397 2271 AD
425 2241 613 2272 PRIMUM
647 2242 756 2286 ergo
791 2228 1051 2283 dicendum,
1087 2228 1208 2287 quod
1242 2228 1467 2287 purgatio,
1499 2229 1752 2272 secundum
1785 2229 1910 2288 quod
1943 2228 2197 2288 attribuitur

234 2295 453 2339 ministris
480 2295 729 2350 Ecclesiae,
761 2310 856 2339 non
890 2306 958 2340 est
995 2310 1021 2338 a
1056 2306 1268 2355 peccato:
1306 2295 1384 2339 sed
1427 2295 1637 2340 dicuntur
1678 2296 1862 2343 diaconi
1895 2310 2105 2357 purgare,
2137 2297 2204 2342 in—

235 2372 456 2421 quantum
483 2362 557 2406 vel
582 2363 847 2406 immundos
875 2363 1060 2421 ejiciunt
1086 2378 1111 2407 a
1139 2373 1273 2407 coetu
1304 2362 1524 2417 fidelium,
1546 2363 1620 2407 vel
1646 2377 1726 2408 eos
1757 2363 1898 2408 sacris
1930 2364 2202 2410 admonitio-

230 2430 363 2474 nibus
391 2431 638 2488 disponunt
664 2431 719 2474 ad
746 2441 1141 2475 sacramentorum
1173 2432 1509 2490 receptionem:
1537 2430 1746 2475 similiter
1771 2431 1911 2475 etiam
1935 2431 2197 2477 sacerdotes

233 2497 493 2542 illuminare
521 2497 731 2541 dicuntur
757 2512 939 2540 sacrum
965 2497 1203 2556 populum,
1230 2511 1324 2540 non
1351 2497 1534 2556 quidem
1569 2498 1764 2556 gratiam
1788 2497 2087 2555 infundendo,
2119 2500 2198 2545 sed

232 2574 521 2610 sacramenta
548 2564 717 2622 gratiae
745 2565 981 2618 tradendo,
1008 2574 1056 2608 ut
1081 2574 1204 2623 patet
1231 2578 1310 2623 per
1335 2564 1530 2624 Dionys.
1557 2565 1662 2609 ibid.

325 2632 400 2675 AD
419 2644 681 2676 SECUNDUM
699 2631 958 2685 dicendum,
976 2631 1099 2691 quod
1114 2631 1359 2685 orationes,
1375 2645 1490 2690 quae
1510 2631 1719 2675 dicuntur
1739 2632 1787 2675 in
1805 2643 2200 2688 sacramentorum

237 2697 500 2751 collatione,
527 2707 843 2756 proponuntur
868 2698 985 2751 Deo,
1019 2713 1113 2742 non
1140 2713 1194 2742 ex
1219 2708 1344 2757 parte
1378 2697 1620 2758 singularis
1646 2714 1883 2758 personae,
1900 2701 1981 2746 sed
2000 2716 2055 2747 ex
2071 2711 2199 2764 parte

191 2760 194 2763 ’
233 2766 372 2811 totius
399 2765 646 2820 Ecclesiae,
674 2766 800 2824 cujus
827 2779 983 2824 preces
1010 2775 1114 2809 sunt
1140 2765 1258 2825 apud
1285 2766 1438 2809 Deum
1471 2766 1770 2820 exaudibiles,
1802 2768 2054 2813 secundum
2077 2768 2199 2827 „illud

234 2833 396 2878 Matth.
429 2832 519 2877 18.:
551 2833 598 2877 Si
617 2832 696 2876 duo
730 2847 779 2876 ex
803 2833 920 2876 vob-is
946 2835 1220 2878 consenserint
1243 2841 1363 2891 super
1386 2839 1562 2888 terram,
1591 2833 1637 2877 de
1664 2836 1779 2878 omni
1809 2850 1868 2888 re,
1896 2849 2202 2897 quamcumque

226 2902 438 2961 petierint,
456 2901 531 2959 fiet
563 2900 646 2944 illis
672 2914 698 2943 a
731 2901 855 2944 Patre
881 2914 968 2943 meo
986 2914 1003 2956 ;
1031 2899 1145 2943 nihil
1176 2909 1331 2943 tamen
1364 2900 1587 2959 prohibet,
1621 2901 1730 2960 quin
1762 2900 1947 2957 devotio
1973 2902 2062 2949 viri
2092 2902 2201 2962 justi

235 2967 291 3012 ad
317 2967 406 3011 hoc
438 2966 605 3026 aliquid
634 2976 870 3026 operetur:
897 2965 1008 3009 illud
1036 2975 1205 3019 tamen,
1234 2967 1354 3025 quod
1383 2977 1450 3011 est
1475 2970 1748 3012 sacramenti
1776 2967 1978 3024 effectus,
2004 2983 2098 3014 non
2121 2970 2220 3016 im-'

233 3044 434 3094 petratur
470 3033 675 3078 oratione
718 3032 967 3086 Ecclesiae,
1007 3032 1081 3075 vel
1121 3034 1328 3087 ministri,
1367 3034 1444 3077 sed
1473 3050 1526 3079 ex
1565 3035 1728 3080 merito
1761 3036 1984 3095 passionis
2011 3035 2200 3092 Christi,

233 3103 360 3161 cujus
386 3102 526 3145 virtus
559 3110 772 3160 operatur
798 3101 844 3143 in
871 3101 1181 3154 sacramentis,
1209 3110 1258 3144 ut
1283 3101 1455 3145 dictum
1484 3112 1551 3146 est
1571 3102 1628 3161 (q.
1653 3103 1722 3148 62.
1755 3108 1824 3148 art
1842 3103 1904 3163 5.)
1914 3119 1932 3157 ,¹
1953 3103 2072 3149 unde
2098 3103 2202 3150 effe-

236 3180 335 3214 ctus
367 3169 640 3213 sacramenti
673 3182 767 3212 non
795 3169 924 3211 datur
951 3167 1113 3211 melior
1146 3182 1226 3226 per
1259 3168 1500 3212 meliorem
1529 3169 1800 3214 ministrum.
1827 3170 2014 3231 Aliquid
2044 3181 2201 3218 tamen

233 3251 462 3281 annexum
488 3236 721 3295 impetrari
748 3243 898 3294 potest
929 3234 1164 3293 recipienti
1191 3245 1530 3279 sacramentum
1556 3251 1637 3295 per
1663 3237 1958 3283 devotionem
1980 3238 2198 3285 ministri}

233 3319 318 3348 nec
345 3315 499 3348 tamen
529 3304 733 3348 minister
759 3302 869 3347 illud
898 3312 1123 3361 operatur,
1151 3302 1228 3346 sed
1256 3302 1467 3360 impetrat
1494 3305 1777 3362 operandum
1805 3318 1830 3348 a
1855 3304 1972 3350 Deo.

323 3371 397 3415 Ao
427 3384 642 3415 TERTmM
670 3370 929 3423 dicendum,
963 3368 1084 3428 qnod
1117 3383 1187 3412 res
1222 3368 1499 3414 inanimatae
1531 3384 1624 3415 non
1658 3381 1903 3431 operantur
1935 3371 2104 3434 aliquid
2137 3373 2194 3419 ad

234 3438 498 3483 interiorem
528 3437 755 3492 effectum,
782 3437 870 3482 nisi
894 3435 1314 3490 instrumentaliter,
1342 3447 1389 3482 ut
1416 3437 1589 3482 dictum
1623 3447 1688 3484 est
1715 3439 1784 3497 (in
1809 3439 1977 3501 corp.).·
2010 3449 2056 3486 et
2076 3439 2200 3498 simi-

233 3505 333 3550 liter
354 3506 568 3551 homines
594 3519 687 3550 non
716 3514 960 3565 operantur
987 3502 1042 3548 ad
1061 3513 1453 3549 sacramentorum
1471 3504 1734 3551 interiorem
1752 3504 1991 3563 effectum„
2009 3505 2097 3556 nisi
2117 3520 2199 3569 neg

238 3573 429 3618 modum
456 3572 709 3628 ministerii,
736 3581 783 3618 ut
816 3570 989 3617 dictum
1015 3578 1083 3615 est
1115 3567 1275 3629 (ibid).

2339 1667 2352 1889 ·'-Qm.-..-ffl·..-s
2338 1518 2352 1657 Am.--
2348 1421 2352 1433 ..
2349 1364 2352 1366 ,
