<?xml version="1.0" encoding="UTF-8"?>
<!DOCTYPE html PUBLIC "-//W3C//DTD XHTML 1.0 Transitional//EN"
    "http://www.w3.org/TR/xhtml1/DTD/xhtml1-transitional.dtd">
<html xmlns="http://www.w3.org/1999/xhtml" xml:lang="en" lang="en">
 <head>
  <title>
</title>
<meta http-equiv="Content-Type" content="text/html;charset=utf-8" />
  <meta name='ocr-system' content='tesseract 3.04.00' />
  <meta name='ocr-capabilities' content='ocr_page ocr_carea ocr_par ocr_line ocrx_word'/>
</head>
<body>
  <div class='ocr_page' id='page_1' title='image "./divithomaeaquina04thom_0282.png"; bbox 0 0 2352 3926; ppageno 0'>
   <div class='ocr_carea' id='block_1_1' title="bbox 234 212 1685 300">
    <p class='ocr_par' dir='ltr' id='par_1_1' title="bbox 234 212 1685 300">
     <span class='ocr_line' id='line_1_1' title="bbox 234 212 1685 300; baseline -0.003 -16"><span class='ocrx_word' id='word_1_1' title='bbox 234 228 342 300; x_wconf 91' lang='lat'>278</span> <span class='ocrx_word' id='word_1_2' title='bbox 747 241 1026 288; x_wconf 82' lang='lat' dir='ltr'><strong>QUAESTIO</strong></span> <span class='ocrx_word' id='word_1_3' title='bbox 1068 240 1239 280; x_wconf 83' lang='lat' dir='ltr'>xxxn.</span> <span class='ocrx_word' id='word_1_4' title='bbox 1279 212 1588 281; x_wconf 60' lang='lat' dir='ltr'>ARTICULUS</span> <span class='ocrx_word' id='word_1_5' title='bbox 1629 241 1685 280; x_wconf 90' lang='lat'>11.</span> 
     </span>
    </p>
   </div>
   <div class='ocr_carea' id='block_1_2' title="bbox 230 341 2207 1138">
    <p class='ocr_par' dir='ltr' id='par_1_2' title="bbox 230 341 2207 873">
     <span class='ocr_line' id='line_1_2' title="bbox 230 341 2195 403; baseline -0.002 -13"><span class='ocrx_word' id='word_1_6' title='bbox 230 355 443 390; x_wconf 89' lang='lat' dir='ltr'>nascatur</span> <span class='ocrx_word' id='word_1_7' title='bbox 467 344 641 389; x_wconf 89' lang='lat' dir='ltr'>scilicet</span> <span class='ocrx_word' id='word_1_8' title='bbox 667 343 874 388; x_wconf 88' lang='lat' dir='ltr'>Christus</span> <span class='ocrx_word' id='word_1_9' title='bbox 911 344 1167 388; x_wconf 90' lang='lat' dir='ltr'>secundum</span> <span class='ocrx_word' id='word_1_10' title='bbox 1205 357 1385 403; x_wconf 88' lang='lat' dir='ltr'>corpus,</span> <span class='ocrx_word' id='word_1_11' title='bbox 1419 343 1653 388; x_wconf 87' lang='lat' dir='ltr'>divinitate</span> <span class='ocrx_word' id='word_1_12' title='bbox 1688 341 1971 401; x_wconf 79' lang='lat' dir='ltr'><strong>ingrediente</strong></span> <span class='ocrx_word' id='word_1_13' title='bbox 2006 356 2090 402; x_wconf 83' lang='lat' dir='ltr'>pro</span> <span class='ocrx_word' id='word_1_14' title='bbox 2122 355 2195 387; x_wconf 83' lang='lat' dir='ltr'>se·-</span> 
     </span>
     <span class='ocr_line' id='line_1_3' title="bbox 232 409 2201 470; baseline -0.002 -14"><span class='ocrx_word' id='word_1_15' title='bbox 232 415 355 457; x_wconf 89' lang='lat' dir='ltr'>mine</span> <span class='ocrx_word' id='word_1_16' title='bbox 382 428 422 455; x_wconf 82' lang='lat' dir='ltr'>»z</span> <span class='ocrx_word' id='word_1_17' title='bbox 453 423 497 456; x_wconf 92' lang='lat' dir='ltr'>et</span> <span class='ocrx_word' id='word_1_18' title='bbox 522 413 737 455; x_wconf 89' lang='lat' dir='ltr'>Damasc.</span> <span class='ocrx_word' id='word_1_19' title='bbox 766 411 875 454; x_wconf 92' lang='lat' dir='ltr'>dicit</span> <span class='ocrx_word' id='word_1_20' title='bbox 901 411 948 454; x_wconf 89' lang='lat' dir='ltr'>in</span> <span class='ocrx_word' id='word_1_21' title='bbox 975 425 1011 470; x_wconf 84' lang='lat'>3.</span> <span class='ocrx_word' id='word_1_22' title='bbox 1035 410 1111 454; x_wconf 89' lang='lat' dir='ltr'>lib.</span> <span class='ocrx_word' id='word_1_23' title='bbox 1137 411 1282 468; x_wconf 79' lang='lat' dir='ltr'>(Orth.</span> <span class='ocrx_word' id='word_1_24' title='bbox 1306 411 1400 456; x_wconf 87' lang='lat' dir='ltr'><strong><em>Fid.</em></strong></span> <span class='ocrx_word' id='word_1_25' title='bbox 1423 418 1512 470; x_wconf 83' lang='lat' dir='ltr'>cap.</span> <span class='ocrx_word' id='word_1_26' title='bbox 1535 426 1575 456; x_wconf 90' lang='lat'>2.</span> <span class='ocrx_word' id='word_1_27' title='bbox 1593 425 1619 455; x_wconf 90' lang='lat' dir='ltr'>a</span> <span class='ocrx_word' id='word_1_28' title='bbox 1634 410 1815 470; x_wconf 76' lang='lat' dir='ltr'>princ.):</span> <span class='ocrx_word' id='word_1_29' title='bbox 1845 427 1869 451; x_wconf 87' lang='lat'><strong><em>«</em></strong></span> <span class='ocrx_word' id='word_1_30' title='bbox 1894 409 2201 469; x_wconf 67' lang='lat' dir='ltr'>obumbravit</span> 
     </span>
     <span class='ocr_line' id='line_1_4' title="bbox 232 473 2202 539; baseline -0.001 -16"><span class='ocrx_word' id='word_1_31' title='bbox 232 495 366 539; x_wconf 89' lang='lat' dir='ltr'>super</span> <span class='ocrx_word' id='word_1_32' title='bbox 390 480 536 538; x_wconf 84' lang='lat' dir='ltr'>ipsam</span> <span class='ocrx_word' id='word_1_33' title='bbox 563 478 652 522; x_wconf 90' lang='lat' dir='ltr'>Dei</span> <span class='ocrx_word' id='word_1_34' title='bbox 677 478 912 537; x_wconf 83' lang='lat' dir='ltr'>sapientia,</span> <span class='ocrx_word' id='word_1_35' title='bbox 941 487 985 522; x_wconf 90' lang='lat' dir='ltr'>et</span> <span class='ocrx_word' id='word_1_36' title='bbox 1010 479 1164 532; x_wconf 90' lang='lat' dir='ltr'>virtus,</span> <span class='ocrx_word' id='word_1_37' title='bbox 1191 477 1317 522; x_wconf 87' lang='lat' dir='ltr'>velut</span> <span class='ocrx_word' id='word_1_38' title='bbox 1342 478 1546 522; x_wconf 91' lang='lat' dir='ltr'>divinum</span> <span class='ocrx_word' id='word_1_39' title='bbox 1584 491 1742 522; x_wconf 90' lang='lat' dir='ltr'>semen</span> <span class='ocrx_word' id='word_1_40' title='bbox 1769 491 1810 520; x_wconf 79' lang='lat' dir='ltr'>»z</span> <span class='ocrx_word' id='word_1_41' title='bbox 1838 475 1917 520; x_wconf 91' lang='lat' dir='ltr'>sed</span> <span class='ocrx_word' id='word_1_42' title='bbox 1941 475 2032 520; x_wconf 91' lang='lat' dir='ltr'>hoc</span> <span class='ocrx_word' id='word_1_43' title='bbox 2059 475 2116 520; x_wconf 86' lang='lat' dir='ltr'>de</span> <span class='ocrx_word' id='word_1_44' title='bbox 2139 473 2202 523; x_wconf 72' lang='lat' dir='ltr'>fa-</span> 
     </span>
     <span class='ocr_line' id='line_1_5' title="bbox 235 542 2203 605; baseline -0.002 -15"><span class='ocrx_word' id='word_1_45' title='bbox 235 547 310 590; x_wconf 91' lang='lat' dir='ltr'>cili</span> <span class='ocrx_word' id='word_1_46' title='bbox 336 546 546 590; x_wconf 84' lang='lat' dir='ltr'>solvitur:</span> <span class='ocrx_word' id='word_1_47' title='bbox 577 545 682 604; x_wconf 90' lang='lat' dir='ltr'>quia</span> <span class='ocrx_word' id='word_1_48' title='bbox 709 546 960 589; x_wconf 89' lang='lat' dir='ltr'>secundum</span> <span class='ocrx_word' id='word_1_49' title='bbox 997 546 1120 605; x_wconf 92' lang='lat' dir='ltr'>quod</span> <span class='ocrx_word' id='word_1_50' title='bbox 1161 546 1207 589; x_wconf 91' lang='lat' dir='ltr'>in</span> <span class='ocrx_word' id='word_1_51' title='bbox 1248 546 1421 590; x_wconf 89' lang='lat' dir='ltr'>semine</span> <span class='ocrx_word' id='word_1_52' title='bbox 1462 544 1728 603; x_wconf 82' lang='lat' dir='ltr'>intelligitur</span> <span class='ocrx_word' id='word_1_53' title='bbox 1766 544 1908 588; x_wconf 88' lang='lat' dir='ltr'>virtus</span> <span class='ocrx_word' id='word_1_54' title='bbox 1950 544 2112 598; x_wconf 88' lang='lat' dir='ltr'>activa,</span> <span class='ocrx_word' id='word_1_55' title='bbox 2138 542 2203 587; x_wconf 90' lang='lat' dir='ltr'>sic</span> 
     </span>
     <span class='ocr_line' id='line_1_6' title="bbox 236 608 2206 672; baseline -0.003 -13"><span class='ocrx_word' id='word_1_56' title='bbox 236 614 613 672; x_wconf 89' lang='lat' dir='ltr'>Chrysostomus,</span> <span class='ocrx_word' id='word_1_57' title='bbox 641 621 684 655; x_wconf 90' lang='lat' dir='ltr'>et</span> <span class='ocrx_word' id='word_1_58' title='bbox 723 613 1036 657; x_wconf 90' lang='lat' dir='ltr'>Damascenus</span> <span class='ocrx_word' id='word_1_59' title='bbox 1078 623 1349 672; x_wconf 87' lang='lat' dir='ltr'>comparant</span> <span class='ocrx_word' id='word_1_60' title='bbox 1387 613 1550 657; x_wconf 89' lang='lat' dir='ltr'>semini</span> <span class='ocrx_word' id='word_1_61' title='bbox 1592 612 1812 670; x_wconf 90' lang='lat' dir='ltr'>Spiritum</span> <span class='ocrx_word' id='word_1_62' title='bbox 1854 611 2091 664; x_wconf 88' lang='lat' dir='ltr'>Sanctum,</span> <span class='ocrx_word' id='word_1_63' title='bbox 2130 608 2206 654; x_wconf 88' lang='lat' dir='ltr'>vel</span> 
     </span>
     <span class='ocr_line' id='line_1_7' title="bbox 233 676 2205 737; baseline -0.002 -13"><span class='ocrx_word' id='word_1_64' title='bbox 233 681 371 724; x_wconf 90' lang='lat' dir='ltr'>etiam</span> <span class='ocrx_word' id='word_1_65' title='bbox 397 679 577 732; x_wconf 88' lang='lat' dir='ltr'>Filium,</span> <span class='ocrx_word' id='word_1_66' title='bbox 605 680 680 737; x_wconf 92' lang='lat' dir='ltr'>qui</span> <span class='ocrx_word' id='word_1_67' title='bbox 708 690 774 723; x_wconf 89' lang='lat' dir='ltr'>est</span> <span class='ocrx_word' id='word_1_68' title='bbox 799 681 940 723; x_wconf 86' lang='lat' dir='ltr'>virtus</span> <span class='ocrx_word' id='word_1_69' title='bbox 968 679 1218 725; x_wconf 84' lang='lat' dir='ltr'>Altissimi:</span> <span class='ocrx_word' id='word_1_70' title='bbox 1254 679 1509 725; x_wconf 85' lang='lat' dir='ltr'>secundum</span> <span class='ocrx_word' id='word_1_71' title='bbox 1538 688 1690 723; x_wconf 90' lang='lat' dir='ltr'>autem</span> <span class='ocrx_word' id='word_1_72' title='bbox 1717 677 1840 737; x_wconf 91' lang='lat' dir='ltr'>quod</span> <span class='ocrx_word' id='word_1_73' title='bbox 1866 677 1913 721; x_wconf 89' lang='lat' dir='ltr'>in</span> <span class='ocrx_word' id='word_1_74' title='bbox 1939 677 2115 722; x_wconf 88' lang='lat' dir='ltr'>semine</span> <span class='ocrx_word' id='word_1_75' title='bbox 2140 676 2205 720; x_wconf 87' lang='lat' dir='ltr'>in·</span> 
     </span>
     <span class='ocr_line' id='line_1_8' title="bbox 233 742 2207 806; baseline -0.002 -15"><span class='ocrx_word' id='word_1_76' title='bbox 233 747 449 806; x_wconf 86' lang='lat' dir='ltr'>telligitur</span> <span class='ocrx_word' id='word_1_77' title='bbox 474 747 722 790; x_wconf 88' lang='lat' dir='ltr'>substantia</span> <span class='ocrx_word' id='word_1_78' title='bbox 750 746 1015 805; x_wconf 90' lang='lat' dir='ltr'>corporalis,</span> <span class='ocrx_word' id='word_1_79' title='bbox 1043 761 1158 806; x_wconf 86' lang='lat' dir='ltr'>quae</span> <span class='ocrx_word' id='word_1_80' title='bbox 1186 747 1231 790; x_wconf 90' lang='lat' dir='ltr'>in</span> <span class='ocrx_word' id='word_1_81' title='bbox 1255 747 1557 806; x_wconf 86' lang='lat' dir='ltr'>conceptione</span> <span class='ocrx_word' id='word_1_82' title='bbox 1579 754 1920 799; x_wconf 85' lang='lat' dir='ltr'>transmutatur,</span> <span class='ocrx_word' id='word_1_83' title='bbox 1943 754 2081 804; x_wconf 86' lang='lat' dir='ltr'>negat</span> <span class='ocrx_word' id='word_1_84' title='bbox 2102 742 2207 788; x_wconf 75' lang='lat' dir='ltr'>Hie-</span> 
     </span>
     <span class='ocr_line' id='line_1_9' title="bbox 233 813 1456 873; baseline -0.001 -15"><span class='ocrx_word' id='word_1_85' title='bbox 233 829 468 873; x_wconf 90' lang='lat' dir='ltr'>ronymus,</span> <span class='ocrx_word' id='word_1_86' title='bbox 497 813 716 872; x_wconf 89' lang='lat' dir='ltr'>Spiritum</span> <span class='ocrx_word' id='word_1_87' title='bbox 745 813 967 857; x_wconf 89' lang='lat' dir='ltr'>Sanctum</span> <span class='ocrx_word' id='word_1_88' title='bbox 992 813 1130 858; x_wconf 89' lang='lat' dir='ltr'>fuisse</span> <span class='ocrx_word' id='word_1_89' title='bbox 1157 829 1239 873; x_wconf 92' lang='lat' dir='ltr'>pro</span> <span class='ocrx_word' id='word_1_90' title='bbox 1267 814 1456 858; x_wconf 89' lang='lat' dir='ltr'>semine.</span> 
     </span>
    </p>

    <p class='ocr_par' dir='ltr' id='par_1_3' title="bbox 232 877 2207 1138">
     <span class='ocr_line' id='line_1_10' title="bbox 324 877 2203 940; baseline -0.002 -15"><span class='ocrx_word' id='word_1_91' title='bbox 324 882 399 925; x_wconf 89' lang='lat' dir='ltr'>AD</span> <span class='ocrx_word' id='word_1_92' title='bbox 429 894 644 925; x_wconf 82' lang='lat' dir='ltr'>TERTIUM</span> <span class='ocrx_word' id='word_1_93' title='bbox 671 880 928 936; x_wconf 89' lang='lat' dir='ltr'>dicendum,</span> <span class='ocrx_word' id='word_1_94' title='bbox 956 881 1095 939; x_wconf 90' lang='lat' dir='ltr'>quod,</span> <span class='ocrx_word' id='word_1_95' title='bbox 1122 881 1238 925; x_wconf 90' lang='lat' dir='ltr'>sicut</span> <span class='ocrx_word' id='word_1_96' title='bbox 1262 881 1456 940; x_wconf 88' lang='lat' dir='ltr'>August.</span> <span class='ocrx_word' id='word_1_97' title='bbox 1485 881 1594 925; x_wconf 92' lang='lat' dir='ltr'>dicit</span> <span class='ocrx_word' id='word_1_98' title='bbox 1619 881 1665 924; x_wconf 91' lang='lat' dir='ltr'>in</span> <span class='ocrx_word' id='word_1_99' title='bbox 1692 878 1924 924; x_wconf 89' lang='lat' dir='ltr'>Enchirid.</span> <span class='ocrx_word' id='word_1_100' title='bbox 1955 878 2064 937; x_wconf 77' lang='lat' dir='ltr'>(cap.</span> <span class='ocrx_word' id='word_1_101' title='bbox 2090 877 2203 936; x_wconf 88' lang='lat'>40.),</span> 
     </span>
     <span class='ocr_line' id='line_1_11' title="bbox 232 945 2207 1007; baseline -0.002 -15"><span class='ocrx_word' id='word_1_102' title='bbox 232 963 327 992; x_wconf 93' lang='lat' dir='ltr'>non</span> <span class='ocrx_word' id='word_1_103' title='bbox 355 948 518 992; x_wconf 87' lang='lat' dir='ltr'>eodem</span> <span class='ocrx_word' id='word_1_104' title='bbox 546 948 688 991; x_wconf 90' lang='lat' dir='ltr'>modo</span> <span class='ocrx_word' id='word_1_105' title='bbox 715 947 879 992; x_wconf 91' lang='lat' dir='ltr'>dicitur</span> <span class='ocrx_word' id='word_1_106' title='bbox 902 948 1117 992; x_wconf 78' lang='lat' dir='ltr'>Christus</span> <span class='ocrx_word' id='word_1_107' title='bbox 1135 958 1400 1007; x_wconf 90' lang='lat' dir='ltr'>conceptus,</span> <span class='ocrx_word' id='word_1_108' title='bbox 1425 958 1502 992; x_wconf 91' lang='lat' dir='ltr'>aut</span> <span class='ocrx_word' id='word_1_109' title='bbox 1522 957 1654 992; x_wconf 90' lang='lat' dir='ltr'>natus</span> <span class='ocrx_word' id='word_1_110' title='bbox 1677 948 1733 991; x_wconf 90' lang='lat' dir='ltr'>de</span> <span class='ocrx_word' id='word_1_111' title='bbox 1757 946 1928 1006; x_wconf 85' lang='lat' dir='ltr'>Spiritu</span> <span class='ocrx_word' id='word_1_112' title='bbox 1951 945 2138 999; x_wconf 88' lang='lat' dir='ltr'>Sancto,</span> <span class='ocrx_word' id='word_1_113' title='bbox 2161 954 2207 989; x_wconf 91' lang='lat' dir='ltr'>et</span> 
     </span>
     <span class='ocr_line' id='line_1_12' title="bbox 234 1013 2206 1074; baseline -0.001 -15"><span class='ocrx_word' id='word_1_114' title='bbox 234 1016 290 1060; x_wconf 90' lang='lat' dir='ltr'>de</span> <span class='ocrx_word' id='word_1_115' title='bbox 316 1015 461 1059; x_wconf 90' lang='lat' dir='ltr'>Maria</span> <span class='ocrx_word' id='word_1_116' title='bbox 482 1014 687 1073; x_wconf 86' lang='lat' dir='ltr'>Virgine,</span> <span class='ocrx_word' id='word_1_117' title='bbox 708 1029 818 1059; x_wconf 89' lang='lat' dir='ltr'>nam</span> <span class='ocrx_word' id='word_1_118' title='bbox 840 1015 895 1059; x_wconf 92' lang='lat' dir='ltr'>de</span> <span class='ocrx_word' id='word_1_119' title='bbox 916 1015 1063 1059; x_wconf 88' lang='lat' dir='ltr'>Maria</span> <span class='ocrx_word' id='word_1_120' title='bbox 1083 1014 1273 1074; x_wconf 88' lang='lat' dir='ltr'>Virgine</span> <span class='ocrx_word' id='word_1_121' title='bbox 1297 1015 1605 1070; x_wconf 86' lang='lat' dir='ltr'>materialiter,</span> <span class='ocrx_word' id='word_1_122' title='bbox 1629 1015 1685 1059; x_wconf 88' lang='lat' dir='ltr'>de</span> <span class='ocrx_word' id='word_1_123' title='bbox 1709 1014 1877 1074; x_wconf 87' lang='lat' dir='ltr'>Spiritu</span> <span class='ocrx_word' id='word_1_124' title='bbox 1901 1013 2073 1058; x_wconf 87' lang='lat' dir='ltr'>Sancto</span> <span class='ocrx_word' id='word_1_125' title='bbox 2094 1025 2206 1058; x_wconf 80' lang='lat' dir='ltr'>vero</span> 
     </span>
     <span class='ocr_line' id='line_1_13' title="bbox 235 1081 1569 1138; baseline -0.001 -11"><span class='ocrx_word' id='word_1_126' title='bbox 235 1082 466 1138; x_wconf 82' lang='lat' dir='ltr'>effective3</span> <span class='ocrx_word' id='word_1_127' title='bbox 493 1092 538 1127; x_wconf 88' lang='lat' dir='ltr'>et</span> <span class='ocrx_word' id='word_1_128' title='bbox 561 1082 667 1127; x_wconf 88' lang='lat' dir='ltr'>ideo</span> <span class='ocrx_word' id='word_1_129' title='bbox 693 1096 788 1127; x_wconf 89' lang='lat' dir='ltr'>non</span> <span class='ocrx_word' id='word_1_130' title='bbox 813 1082 971 1126; x_wconf 88' lang='lat' dir='ltr'>habuit</span> <span class='ocrx_word' id='word_1_131' title='bbox 996 1082 1071 1126; x_wconf 92' lang='lat' dir='ltr'>hic</span> <span class='ocrx_word' id='word_1_132' title='bbox 1098 1081 1256 1127; x_wconf 91' lang='lat' dir='ltr'>locum</span> <span class='ocrx_word' id='word_1_133' title='bbox 1285 1082 1569 1127; x_wconf 81' lang='lat' dir='ltr'>commixtio.</span> 
     </span>
    </p>
   </div>
   <div class='ocr_carea' id='block_1_3' title="bbox 945 1244 2205 1330">
    <p class='ocr_par' dir='ltr' id='par_1_4' title="bbox 945 1244 2205 1330">
     <span class='ocr_line' id='line_1_14' title="bbox 945 1244 2205 1330; baseline 0.002 -29"><span class='ocrx_word' id='word_1_134' title='bbox 945 1244 1380 1303; x_wconf 92' lang='lat' dir='ltr'>ARTICULUS</span> <span class='ocrx_word' id='word_1_135' title='bbox 1411 1246 1512 1302; x_wconf 92' lang='lat' dir='ltr'>III.</span> <span class='ocrx_word' id='word_1_136' title='bbox 1931 1325 1935 1330; x_wconf 24' lang='grc'><em>.</em></span> <span class='ocrx_word' id='word_1_137' title='bbox 1987 1262 1991 1267; x_wconf 77' lang='grc'><strong><em>’</em></strong></span> <span class='ocrx_word' id='word_1_138' title='bbox 2123 1256 2205 1328; x_wconf 74' lang='lat'>178</span> 
     </span>
    </p>
   </div>
   <div class='ocr_carea' id='block_1_4' title="bbox 396 1378 2113 1504">
    <p class='ocr_par' dir='ltr' id='par_1_5' title="bbox 396 1378 2113 1504">
     <span class='ocr_line' id='line_1_15' title="bbox 396 1378 2060 1431; baseline -0.001 -9"><span class='ocrx_word' id='word_1_139' title='bbox 396 1382 590 1424; x_wconf 81' lang='lat' dir='ltr'>UTRUM</span> <span class='ocrx_word' id='word_1_140' title='bbox 629 1383 871 1422; x_wconf 75' lang='lat' dir='ltr'>spmrrus</span> <span class='ocrx_word' id='word_1_141' title='bbox 914 1383 1163 1422; x_wconf 79' lang='lat' dir='ltr'>SANCTUS</span> <span class='ocrx_word' id='word_1_142' title='bbox 1205 1383 1323 1421; x_wconf 82' lang='lat' dir='ltr'>mct</span> <span class='ocrx_word' id='word_1_143' title='bbox 1363 1383 1581 1420; x_wconf 85' lang='lat' dir='ltr'><strong>DEBEAT</strong></span> <span class='ocrx_word' id='word_1_144' title='bbox 1621 1378 2060 1431; x_wconf 71' lang='lat' dir='ltr'>PATERcmus‘m</span> 
     </span>
     <span class='ocr_line' id='line_1_16' title="bbox 936 1447 2113 1504; baseline 0.002 -2"><span class='ocrx_word' id='word_1_145' title='bbox 936 1465 1239 1503; x_wconf 78' lang='lat' dir='ltr'><strong>SECUNDUM</strong></span> <span class='ocrx_word' id='word_1_146' title='bbox 1278 1465 1514 1504; x_wconf 83' lang='lat' dir='ltr'>CARNEM.</span> <span class='ocrx_word' id='word_1_147' title='bbox 2111 1447 2113 1449; x_wconf 75' lang='grc'><strong>’</strong></span> 
     </span>
    </p>
   </div>
   <div class='ocr_carea' id='block_1_5' title="bbox 373 1574 2084 1703">
    <p class='ocr_par' dir='ltr' id='par_1_6' title="bbox 373 1574 2084 1703">
     <span class='ocr_line' id='line_1_17' title="bbox 373 1574 2084 1635; baseline 0.001 -16"><span class='ocrx_word' id='word_1_148' title='bbox 373 1576 427 1633; x_wconf 82' lang='lat'>(3.</span> <span class='ocrx_word' id='word_1_149' title='bbox 454 1577 568 1620; x_wconf 85' lang='lat' dir='ltr'>Dist.</span> <span class='ocrx_word' id='word_1_150' title='bbox 593 1589 636 1632; x_wconf 90' lang='lat'>4.</span> <span class='ocrx_word' id='word_1_151' title='bbox 663 1590 701 1634; x_wconf 83' lang='lat' dir='ltr'>q.</span> <span class='ocrx_word' id='word_1_152' title='bbox 728 1587 765 1618; x_wconf 85' lang='lat'>1.</span> <span class='ocrx_word' id='word_1_153' title='bbox 789 1580 869 1619; x_wconf 82' lang='lat' dir='ltr'>art.</span> <span class='ocrx_word' id='word_1_154' title='bbox 897 1589 937 1620; x_wconf 90' lang='lat'>2.</span> <span class='ocrx_word' id='word_1_155' title='bbox 963 1589 1002 1633; x_wconf 85' lang='lat' dir='ltr'>q.</span> <span class='ocrx_word' id='word_1_156' title='bbox 1029 1590 1065 1620; x_wconf 85' lang='lat'>1.</span> <span class='ocrx_word' id='word_1_157' title='bbox 1093 1581 1133 1620; x_wconf 85' lang='lat' dir='ltr'>et</span> <span class='ocrx_word' id='word_1_158' title='bbox 1156 1590 1194 1634; x_wconf 84' lang='lat' dir='ltr'>q.</span> <span class='ocrx_word' id='word_1_159' title='bbox 1213 1590 1253 1620; x_wconf 91' lang='lat'>2.</span> <span class='ocrx_word' id='word_1_160' title='bbox 1281 1575 1335 1619; x_wconf 86' lang='lat' dir='ltr'>ad</span> <span class='ocrx_word' id='word_1_161' title='bbox 1364 1591 1401 1620; x_wconf 88' lang='lat'>1.</span> <span class='ocrx_word' id='word_1_162' title='bbox 1428 1582 1465 1621; x_wconf 81' lang='lat' dir='ltr'>et</span> <span class='ocrx_word' id='word_1_163' title='bbox 1495 1589 1537 1633; x_wconf 86' lang='lat'>4.</span> <span class='ocrx_word' id='word_1_164' title='bbox 1564 1581 1602 1620; x_wconf 84' lang='lat' dir='ltr'>et</span> <span class='ocrx_word' id='word_1_165' title='bbox 1631 1577 1677 1619; x_wconf 85' lang='lat' dir='ltr'>in</span> <span class='ocrx_word' id='word_1_166' title='bbox 1702 1582 1838 1635; x_wconf 81' lang='lat' dir='ltr'>expos.</span> <span class='ocrx_word' id='word_1_167' title='bbox 1864 1574 1927 1620; x_wconf 79' lang='lat' dir='ltr'>lit.</span> <span class='ocrx_word' id='word_1_168' title='bbox 1953 1574 2008 1620; x_wconf 79' lang='lat' dir='ltr'>ad</span> <span class='ocrx_word' id='word_1_169' title='bbox 2031 1582 2084 1620; x_wconf 62' lang='lat'>2.</span> 
     </span>
     <span class='ocr_line' id='line_1_18' title="bbox 620 1642 1829 1703; baseline -0.001 -16"><span class='ocrx_word' id='word_1_170' title='bbox 620 1649 659 1687; x_wconf 81' lang='lat' dir='ltr'>et</span> <span class='ocrx_word' id='word_1_171' title='bbox 684 1643 755 1687; x_wconf 88' lang='lat' dir='ltr'>lib.</span> <span class='ocrx_word' id='word_1_172' title='bbox 781 1656 824 1700; x_wconf 88' lang='lat'>4.</span> <span class='ocrx_word' id='word_1_173' title='bbox 855 1643 1000 1687; x_wconf 86' lang='lat' dir='ltr'>Contr.</span> <span class='ocrx_word' id='word_1_174' title='bbox 1021 1656 1060 1701; x_wconf 82' lang='lat' dir='ltr'>g.</span> <span class='ocrx_word' id='word_1_175' title='bbox 1088 1650 1177 1702; x_wconf 86' lang='lat' dir='ltr'>cap.</span> <span class='ocrx_word' id='word_1_176' title='bbox 1199 1657 1270 1702; x_wconf 90' lang='lat'>47.</span> <span class='ocrx_word' id='word_1_177' title='bbox 1297 1650 1335 1688; x_wconf 86' lang='lat' dir='ltr'>et</span> <span class='ocrx_word' id='word_1_178' title='bbox 1361 1651 1496 1703; x_wconf 82' lang='lat' dir='ltr'>opusc.</span> <span class='ocrx_word' id='word_1_179' title='bbox 1518 1658 1554 1702; x_wconf 82' lang='lat'>3.</span> <span class='ocrx_word' id='word_1_180' title='bbox 1582 1650 1675 1703; x_wconf 86' lang='lat' dir='ltr'>cap.</span> <span class='ocrx_word' id='word_1_181' title='bbox 1701 1642 1829 1702; x_wconf 71' lang='lat'>223).</span> 
     </span>
    </p>
   </div>
   <div class='ocr_carea' id='block_1_6' title="bbox 240 1753 2219 3698">
    <p class='ocr_par' dir='ltr' id='par_1_7' title="bbox 240 1753 2216 2218">
     <span class='ocr_line' id='line_1_19' title="bbox 330 1753 2214 1814; baseline 0 -16"><span class='ocrx_word' id='word_1_182' title='bbox 330 1754 406 1799; x_wconf 86' lang='lat' dir='ltr'>AD</span> <span class='ocrx_word' id='word_1_183' title='bbox 435 1766 652 1799; x_wconf 79' lang='lat' dir='ltr'>TERTIUM</span> <span class='ocrx_word' id='word_1_184' title='bbox 678 1754 742 1798; x_wconf 88' lang='lat' dir='ltr'>sic</span> <span class='ocrx_word' id='word_1_185' title='bbox 769 1754 1045 1813; x_wconf 89' lang='lat' dir='ltr'>proceditur.</span> <span class='ocrx_word' id='word_1_186' title='bbox 1071 1754 1276 1809; x_wconf 89' lang='lat' dir='ltr'>Videtur,</span> <span class='ocrx_word' id='word_1_187' title='bbox 1304 1754 1427 1814; x_wconf 92' lang='lat' dir='ltr'>quod</span> <span class='ocrx_word' id='word_1_188' title='bbox 1470 1755 1662 1812; x_wconf 90' lang='lat' dir='ltr'>Spiritus</span> <span class='ocrx_word' id='word_1_189' title='bbox 1705 1755 1901 1800; x_wconf 87' lang='lat' dir='ltr'>Sanctus</span> <span class='ocrx_word' id='word_1_190' title='bbox 1928 1753 2092 1799; x_wconf 87' lang='lat' dir='ltr'>debeat</span> <span class='ocrx_word' id='word_1_191' title='bbox 2122 1753 2214 1799; x_wconf 79' lang='lat' dir='ltr'>dici</span> 
     </span>
     <span class='ocr_line' id='line_1_20' title="bbox 240 1821 2212 1880; baseline 0.001 -15"><span class='ocrx_word' id='word_1_192' title='bbox 240 1831 367 1880; x_wconf 88' lang='lat' dir='ltr'>pater</span> <span class='ocrx_word' id='word_1_193' title='bbox 395 1821 566 1866; x_wconf 89' lang='lat' dir='ltr'>Christi</span> <span class='ocrx_word' id='word_1_194' title='bbox 592 1822 846 1865; x_wconf 89' lang='lat' dir='ltr'>secundum</span> <span class='ocrx_word' id='word_1_195' title='bbox 870 1821 1227 1877; x_wconf 83' lang='lat' dir='ltr'>humanitatem3</span> <span class='ocrx_word' id='word_1_196' title='bbox 1256 1822 1360 1880; x_wconf 89' lang='lat' dir='ltr'>quia</span> <span class='ocrx_word' id='word_1_197' title='bbox 1386 1823 1639 1866; x_wconf 86' lang='lat' dir='ltr'>secundum</span> <span class='ocrx_word' id='word_1_198' title='bbox 1675 1821 1847 1866; x_wconf 88' lang='lat' dir='ltr'>Philos.</span> <span class='ocrx_word' id='word_1_199' title='bbox 1882 1821 1930 1866; x_wconf 92' lang='lat' dir='ltr'>in</span> <span class='ocrx_word' id='word_1_200' title='bbox 1963 1821 2040 1865; x_wconf 90' lang='lat' dir='ltr'>lib.</span> <span class='ocrx_word' id='word_1_201' title='bbox 2087 1834 2125 1865; x_wconf 86' lang='lat'>1.</span> <span class='ocrx_word' id='word_1_202' title='bbox 2156 1821 2212 1866; x_wconf 85' lang='lat' dir='ltr'>de</span> 
     </span>
     <span class='ocr_line' id='line_1_21' title="bbox 246 1881 2215 1948; baseline -0.001 -15"><span class='ocrx_word' id='word_1_203' title='bbox 246 1889 554 1933; x_wconf 90' lang='lat' dir='ltr'>Generatione</span> <span class='ocrx_word' id='word_1_204' title='bbox 581 1881 865 1932; x_wconf 87' lang='lat' dir='ltr'>Animalium</span> <span class='ocrx_word' id='word_1_205' title='bbox 895 1889 1006 1948; x_wconf 84' lang='lat' dir='ltr'>(cap.</span> <span class='ocrx_word' id='word_1_206' title='bbox 1033 1889 1096 1946; x_wconf 87' lang='lat'>2.)</span> <span class='ocrx_word' id='word_1_207' title='bbox 1124 1899 1252 1947; x_wconf 86' lang='lat' dir='ltr'>pater</span> <span class='ocrx_word' id='word_1_208' title='bbox 1283 1889 1360 1933; x_wconf 91' lang='lat' dir='ltr'>dat</span> <span class='ocrx_word' id='word_1_209' title='bbox 1391 1889 1666 1948; x_wconf 90' lang='lat' dir='ltr'>principium</span> <span class='ocrx_word' id='word_1_210' title='bbox 1703 1890 1903 1933; x_wconf 88' lang='lat' dir='ltr'>activum</span> <span class='ocrx_word' id='word_1_211' title='bbox 1942 1889 1989 1933; x_wconf 88' lang='lat' dir='ltr'>in</span> <span class='ocrx_word' id='word_1_212' title='bbox 2030 1901 2215 1947; x_wconf 88' lang='lat' dir='ltr'>genera·</span> 
     </span>
     <span class='ocr_line' id='line_1_22' title="bbox 242 1955 2213 2015; baseline 0 -15"><span class='ocrx_word' id='word_1_213' title='bbox 242 1958 381 2010; x_wconf 90' lang='lat' dir='ltr'>tione,</span> <span class='ocrx_word' id='word_1_214' title='bbox 409 1966 555 2000; x_wconf 84' lang='lat' dir='ltr'>mater</span> <span class='ocrx_word' id='word_1_215' title='bbox 580 1971 690 2000; x_wconf 90' lang='lat' dir='ltr'>vero</span> <span class='ocrx_word' id='word_1_216' title='bbox 726 1956 950 2000; x_wconf 87' lang='lat' dir='ltr'>ministrat</span> <span class='ocrx_word' id='word_1_217' title='bbox 981 1957 1241 2000; x_wconf 88' lang='lat' dir='ltr'>materiam:</span> <span class='ocrx_word' id='word_1_218' title='bbox 1275 1957 1354 2000; x_wconf 91' lang='lat' dir='ltr'>sed</span> <span class='ocrx_word' id='word_1_219' title='bbox 1395 1957 1445 1999; x_wconf 93' lang='lat' dir='ltr'>B.</span> <span class='ocrx_word' id='word_1_220' title='bbox 1487 1956 1632 2015; x_wconf 86' lang='lat' dir='ltr'>Virgo</span> <span class='ocrx_word' id='word_1_221' title='bbox 1665 1956 1827 2000; x_wconf 91' lang='lat' dir='ltr'>dicitur</span> <span class='ocrx_word' id='word_1_222' title='bbox 1852 1965 1999 2000; x_wconf 85' lang='lat' dir='ltr'>mater</span> <span class='ocrx_word' id='word_1_223' title='bbox 2025 1955 2213 2010; x_wconf 83' lang='lat' dir='ltr'>Christi,</span> 
     </span>
     <span class='ocr_line' id='line_1_23' title="bbox 242 2021 2214 2083; baseline -0.001 -16"><span class='ocrx_word' id='word_1_224' title='bbox 242 2034 427 2083; x_wconf 90' lang='lat' dir='ltr'>propter</span> <span class='ocrx_word' id='word_1_225' title='bbox 453 2024 693 2067; x_wconf 89' lang='lat' dir='ltr'>materiam</span> <span class='ocrx_word' id='word_1_226' title='bbox 721 2037 860 2082; x_wconf 89' lang='lat' dir='ltr'>quarn</span> <span class='ocrx_word' id='word_1_227' title='bbox 892 2023 939 2066; x_wconf 92' lang='lat' dir='ltr'>in</span> <span class='ocrx_word' id='word_1_228' title='bbox 966 2025 1269 2082; x_wconf 91' lang='lat' dir='ltr'>conceptione</span> <span class='ocrx_word' id='word_1_229' title='bbox 1296 2025 1392 2082; x_wconf 86' lang='lat' dir='ltr'>ejus</span> <span class='ocrx_word' id='word_1_230' title='bbox 1419 2023 1716 2077; x_wconf 81' lang='lat' dir='ltr'>ministravit3</span> <span class='ocrx_word' id='word_1_231' title='bbox 1744 2037 1854 2082; x_wconf 87' lang='lat' dir='ltr'>ergo</span> <span class='ocrx_word' id='word_1_232' title='bbox 1876 2023 2068 2077; x_wconf 87' lang='lat' dir='ltr'>videtur,</span> <span class='ocrx_word' id='word_1_233' title='bbox 2089 2021 2214 2082; x_wconf 91' lang='lat' dir='ltr'>quod</span> 
     </span>
     <span class='ocr_line' id='line_1_24' title="bbox 242 2089 2216 2150; baseline -0.001 -16"><span class='ocrx_word' id='word_1_234' title='bbox 242 2091 380 2135; x_wconf 88' lang='lat' dir='ltr'>etiam</span> <span class='ocrx_word' id='word_1_235' title='bbox 414 2090 606 2149; x_wconf 88' lang='lat' dir='ltr'>Spiritus</span> <span class='ocrx_word' id='word_1_236' title='bbox 634 2090 829 2134; x_wconf 90' lang='lat' dir='ltr'>Sanctus</span> <span class='ocrx_word' id='word_1_237' title='bbox 852 2090 996 2149; x_wconf 87' lang='lat' dir='ltr'>possit</span> <span class='ocrx_word' id='word_1_238' title='bbox 1021 2090 1110 2134; x_wconf 89' lang='lat' dir='ltr'>dici</span> <span class='ocrx_word' id='word_1_239' title='bbox 1135 2100 1264 2149; x_wconf 91' lang='lat' dir='ltr'>pater</span> <span class='ocrx_word' id='word_1_240' title='bbox 1291 2092 1401 2149; x_wconf 86' lang='lat' dir='ltr'>ejus,</span> <span class='ocrx_word' id='word_1_241' title='bbox 1427 2100 1613 2150; x_wconf 88' lang='lat' dir='ltr'>propter</span> <span class='ocrx_word' id='word_1_242' title='bbox 1637 2090 1728 2134; x_wconf 92' lang='lat' dir='ltr'>hoc</span> <span class='ocrx_word' id='word_1_243' title='bbox 1771 2090 1894 2149; x_wconf 91' lang='lat' dir='ltr'>quod</span> <span class='ocrx_word' id='word_1_244' title='bbox 1934 2089 2021 2135; x_wconf 87' lang='lat' dir='ltr'>fuit</span> <span class='ocrx_word' id='word_1_245' title='bbox 2054 2089 2216 2149; x_wconf 83' lang='lat' dir='ltr'>princi·</span> 
     </span>
     <span class='ocr_line' id='line_1_25' title="bbox 240 2158 1204 2218; baseline 0 -17"><span class='ocrx_word' id='word_1_246' title='bbox 240 2159 368 2218; x_wconf 90' lang='lat' dir='ltr'>pium</span> <span class='ocrx_word' id='word_1_247' title='bbox 402 2159 602 2201; x_wconf 88' lang='lat' dir='ltr'>activum</span> <span class='ocrx_word' id='word_1_248' title='bbox 634 2159 680 2201; x_wconf 91' lang='lat' dir='ltr'>in</span> <span class='ocrx_word' id='word_1_249' title='bbox 714 2158 1018 2216; x_wconf 85' lang='lat' dir='ltr'>conceptione</span> <span class='ocrx_word' id='word_1_250' title='bbox 1050 2158 1204 2216; x_wconf 88' lang='lat' dir='ltr'>ipsius.</span> 
     </span>
    </p>

    <p class='ocr_par' dir='ltr' id='par_1_8' title="bbox 244 2223 2217 2553">
     <span class='ocr_line' id='line_1_26' title="bbox 335 2223 2215 2284; baseline -0.001 -16"><span class='ocrx_word' id='word_1_251' title='bbox 335 2238 376 2268; x_wconf 88' lang='lat'>2.</span> <span class='ocrx_word' id='word_1_252' title='bbox 399 2225 697 2270; x_wconf 72' lang='lat' dir='ltr'>PRAETEREA.</span> <span class='ocrx_word' id='word_1_253' title='bbox 726 2224 855 2268; x_wconf 90' lang='lat' dir='ltr'>Sicut</span> <span class='ocrx_word' id='word_1_254' title='bbox 879 2234 1056 2269; x_wconf 90' lang='lat' dir='ltr'>mentes</span> <span class='ocrx_word' id='word_1_255' title='bbox 1083 2224 1278 2268; x_wconf 90' lang='lat' dir='ltr'>aliorum</span> <span class='ocrx_word' id='word_1_256' title='bbox 1306 2225 1582 2269; x_wconf 88' lang='lat' dir='ltr'>Sanctorum</span> <span class='ocrx_word' id='word_1_257' title='bbox 1607 2223 1863 2269; x_wconf 90' lang='lat' dir='ltr'>formantur</span> <span class='ocrx_word' id='word_1_258' title='bbox 1887 2239 1969 2284; x_wconf 90' lang='lat' dir='ltr'>per</span> <span class='ocrx_word' id='word_1_259' title='bbox 1995 2223 2215 2282; x_wconf 80' lang='lat' dir='ltr'>Spiritum</span> 
     </span>
     <span class='ocr_line' id='line_1_27' title="bbox 245 2290 2215 2351; baseline -0.001 -14"><span class='ocrx_word' id='word_1_260' title='bbox 245 2293 491 2345; x_wconf 91' lang='lat' dir='ltr'>Sanctum;</span> <span class='ocrx_word' id='word_1_261' title='bbox 517 2292 580 2335; x_wconf 91' lang='lat' dir='ltr'>ita</span> <span class='ocrx_word' id='word_1_262' title='bbox 607 2292 746 2336; x_wconf 90' lang='lat' dir='ltr'>etiam</span> <span class='ocrx_word' id='word_1_263' title='bbox 774 2306 938 2350; x_wconf 90' lang='lat' dir='ltr'>corpus</span> <span class='ocrx_word' id='word_1_264' title='bbox 967 2291 1139 2336; x_wconf 86' lang='lat' dir='ltr'>Christi</span> <span class='ocrx_word' id='word_1_265' title='bbox 1161 2302 1228 2336; x_wconf 90' lang='lat' dir='ltr'>est</span> <span class='ocrx_word' id='word_1_266' title='bbox 1249 2307 1329 2351; x_wconf 92' lang='lat' dir='ltr'>per</span> <span class='ocrx_word' id='word_1_267' title='bbox 1352 2292 1570 2351; x_wconf 91' lang='lat' dir='ltr'>Spiritum</span> <span class='ocrx_word' id='word_1_268' title='bbox 1595 2292 1817 2337; x_wconf 90' lang='lat' dir='ltr'>Sanctum</span> <span class='ocrx_word' id='word_1_269' title='bbox 1837 2291 2113 2337; x_wconf 85' lang='lat' dir='ltr'>formatum:</span> <span class='ocrx_word' id='word_1_270' title='bbox 2134 2290 2215 2336; x_wconf 83' lang='lat' dir='ltr'>sed</span> 
     </span>
     <span class='ocr_line' id='line_1_28' title="bbox 246 2357 2217 2418; baseline -0.001 -14"><span class='ocrx_word' id='word_1_271' title='bbox 246 2359 322 2404; x_wconf 88' lang='lat' dir='ltr'>alii</span> <span class='ocrx_word' id='word_1_272' title='bbox 349 2359 507 2403; x_wconf 88' lang='lat' dir='ltr'>Sancti</span> <span class='ocrx_word' id='word_1_273' title='bbox 531 2369 716 2417; x_wconf 89' lang='lat' dir='ltr'>propter</span> <span class='ocrx_word' id='word_1_274' title='bbox 741 2359 1020 2418; x_wconf 90' lang='lat' dir='ltr'>praedictam</span> <span class='ocrx_word' id='word_1_275' title='bbox 1045 2358 1372 2404; x_wconf 90' lang='lat' dir='ltr'>formationem</span> <span class='ocrx_word' id='word_1_276' title='bbox 1406 2360 1615 2404; x_wconf 89' lang='lat' dir='ltr'>dicuntur</span> <span class='ocrx_word' id='word_1_277' title='bbox 1640 2359 1721 2403; x_wconf 84' lang='lat' dir='ltr'>filii</span> <span class='ocrx_word' id='word_1_278' title='bbox 1736 2359 1876 2404; x_wconf 87' lang='lat' dir='ltr'>totius</span> <span class='ocrx_word' id='word_1_279' title='bbox 1895 2357 2145 2412; x_wconf 80' lang='lat' dir='ltr'>Trinitatis,</span> <span class='ocrx_word' id='word_1_280' title='bbox 2171 2366 2217 2402; x_wconf 88' lang='lat' dir='ltr'>et</span> 
     </span>
     <span class='ocr_line' id='line_1_29' title="bbox 244 2423 2217 2487; baseline -0.002 -15"><span class='ocrx_word' id='word_1_281' title='bbox 244 2443 326 2487; x_wconf 89' lang='lat' dir='ltr'>per</span> <span class='ocrx_word' id='word_1_282' title='bbox 359 2441 643 2486; x_wconf 90' lang='lat' dir='ltr'>consequens</span> <span class='ocrx_word' id='word_1_283' title='bbox 681 2426 873 2485; x_wconf 88' lang='lat' dir='ltr'>Spiritus</span> <span class='ocrx_word' id='word_1_284' title='bbox 912 2427 1090 2481; x_wconf 91' lang='lat' dir='ltr'>Sancti;</span> <span class='ocrx_word' id='word_1_285' title='bbox 1131 2427 1307 2471; x_wconf 89' lang='lat' dir='ltr'>videtur</span> <span class='ocrx_word' id='word_1_286' title='bbox 1348 2442 1475 2486; x_wconf 90' lang='lat' dir='ltr'>ergo,</span> <span class='ocrx_word' id='word_1_287' title='bbox 1517 2426 1639 2486; x_wconf 94' lang='lat' dir='ltr'>quod</span> <span class='ocrx_word' id='word_1_288' title='bbox 1683 2427 1892 2471; x_wconf 91' lang='lat' dir='ltr'>Christus</span> <span class='ocrx_word' id='word_1_289' title='bbox 1933 2425 2096 2471; x_wconf 84' lang='lat' dir='ltr'>debeat</span> <span class='ocrx_word' id='word_1_290' title='bbox 2126 2423 2217 2470; x_wconf 86' lang='lat' dir='ltr'>dici</span> 
     </span>
     <span class='ocr_line' id='line_1_30' title="bbox 244 2491 2216 2553; baseline -0.002 -14"><span class='ocrx_word' id='word_1_291' title='bbox 244 2495 363 2539; x_wconf 87' lang='lat' dir='ltr'>filius</span> <span class='ocrx_word' id='word_1_292' title='bbox 392 2494 583 2553; x_wconf 89' lang='lat' dir='ltr'>Spiritus</span> <span class='ocrx_word' id='word_1_293' title='bbox 611 2494 781 2548; x_wconf 86' lang='lat' dir='ltr'>Sancti,</span> <span class='ocrx_word' id='word_1_294' title='bbox 807 2494 1077 2552; x_wconf 90' lang='lat' dir='ltr'>inquantum</span> <span class='ocrx_word' id='word_1_295' title='bbox 1105 2508 1271 2553; x_wconf 91' lang='lat' dir='ltr'>corpus</span> <span class='ocrx_word' id='word_1_296' title='bbox 1299 2495 1394 2552; x_wconf 92' lang='lat' dir='ltr'>ejus</span> <span class='ocrx_word' id='word_1_297' title='bbox 1418 2504 1485 2538; x_wconf 92' lang='lat' dir='ltr'>est</span> <span class='ocrx_word' id='word_1_298' title='bbox 1511 2508 1536 2537; x_wconf 89' lang='lat' dir='ltr'>a</span> <span class='ocrx_word' id='word_1_299' title='bbox 1564 2494 1732 2553; x_wconf 87' lang='lat' dir='ltr'>Spiritu</span> <span class='ocrx_word' id='word_1_300' title='bbox 1757 2493 1929 2538; x_wconf 90' lang='lat' dir='ltr'>Sancto</span> <span class='ocrx_word' id='word_1_301' title='bbox 1950 2491 2216 2537; x_wconf 83' lang='lat' dir='ltr'>formatum.</span> 
     </span>
    </p>

    <p class='ocr_par' dir='ltr' id='par_1_9' title="bbox 243 2558 2218 2890">
     <span class='ocr_line' id='line_1_31' title="bbox 339 2558 2217 2620; baseline -0.001 -15"><span class='ocrx_word' id='word_1_302' title='bbox 339 2577 376 2620; x_wconf 82' lang='lat'>3.</span> <span class='ocrx_word' id='word_1_303' title='bbox 403 2562 701 2606; x_wconf 78' lang='lat' dir='ltr'>PRAETEREA.</span> <span class='ocrx_word' id='word_1_304' title='bbox 729 2561 855 2605; x_wconf 92' lang='lat' dir='ltr'>Deus</span> <span class='ocrx_word' id='word_1_305' title='bbox 882 2561 1045 2605; x_wconf 89' lang='lat' dir='ltr'>dicitur</span> <span class='ocrx_word' id='word_1_306' title='bbox 1070 2571 1197 2620; x_wconf 91' lang='lat' dir='ltr'>pater</span> <span class='ocrx_word' id='word_1_307' title='bbox 1222 2572 1378 2606; x_wconf 89' lang='lat' dir='ltr'>noster</span> <span class='ocrx_word' id='word_1_308' title='bbox 1410 2561 1664 2605; x_wconf 90' lang='lat' dir='ltr'>secundum</span> <span class='ocrx_word' id='word_1_309' title='bbox 1695 2561 1787 2605; x_wconf 93' lang='lat' dir='ltr'>hoc</span> <span class='ocrx_word' id='word_1_310' title='bbox 1820 2560 1944 2619; x_wconf 91' lang='lat' dir='ltr'>quod</span> <span class='ocrx_word' id='word_1_311' title='bbox 1974 2574 2062 2605; x_wconf 88' lang='lat' dir='ltr'>nos</span> <span class='ocrx_word' id='word_1_312' title='bbox 2092 2558 2217 2615; x_wconf 86' lang='lat' dir='ltr'>fecit,</span> 
     </span>
     <span class='ocr_line' id='line_1_32' title="bbox 244 2627 2218 2688; baseline -0.001 -14"><span class='ocrx_word' id='word_1_313' title='bbox 244 2629 498 2674; x_wconf 90' lang='lat' dir='ltr'>secundum</span> <span class='ocrx_word' id='word_1_314' title='bbox 524 2627 635 2671; x_wconf 90' lang='lat' dir='ltr'>illud</span> <span class='ocrx_word' id='word_1_315' title='bbox 661 2628 848 2671; x_wconf 89' lang='lat' dir='ltr'>Deuter.</span> <span class='ocrx_word' id='word_1_316' title='bbox 881 2641 969 2686; x_wconf 85' lang='lat'>32.:</span> <span class='ocrx_word' id='word_1_317' title='bbox 998 2629 1148 2673; x_wconf 81' lang='lat' dir='ltr'>Nonne</span> <span class='ocrx_word' id='word_1_318' title='bbox 1173 2630 1257 2688; x_wconf 73' lang='lat' dir='ltr'>ipse</span> <span class='ocrx_word' id='word_1_319' title='bbox 1284 2635 1341 2673; x_wconf 80' lang='lat' dir='ltr'>est</span> <span class='ocrx_word' id='word_1_320' title='bbox 1357 2635 1480 2688; x_wconf 83' lang='lat' dir='ltr'>pater</span> <span class='ocrx_word' id='word_1_321' title='bbox 1507 2634 1613 2683; x_wconf 80' lang='lat' dir='ltr'>tuus,</span> <span class='ocrx_word' id='word_1_322' title='bbox 1641 2629 1714 2686; x_wconf 87' lang='lat' dir='ltr'>qui</span> <span class='ocrx_word' id='word_1_323' title='bbox 1730 2627 1924 2687; x_wconf 79' lang='lat' dir='ltr'>possedit,</span> <span class='ocrx_word' id='word_1_324' title='bbox 1959 2633 2000 2672; x_wconf 83' lang='lat' dir='ltr'>et</span> <span class='ocrx_word' id='word_1_325' title='bbox 2027 2627 2150 2687; x_wconf 75' lang='lat' dir='ltr'>fecit,</span> <span class='ocrx_word' id='word_1_326' title='bbox 2176 2632 2218 2672; x_wconf 76' lang='lat' dir='ltr'>et</span> 
     </span>
     <span class='ocr_line' id='line_1_33' title="bbox 247 2694 2215 2754; baseline -0.002 -12"><span class='ocrx_word' id='word_1_327' title='bbox 247 2698 406 2742; x_wconf 78' lang='lat' dir='ltr'>creavit</span> <span class='ocrx_word' id='word_1_328' title='bbox 432 2697 495 2740; x_wconf 77' lang='lat' dir='ltr'>te?</span> <span class='ocrx_word' id='word_1_329' title='bbox 519 2695 608 2738; x_wconf 89' lang='lat' dir='ltr'>Sed</span> <span class='ocrx_word' id='word_1_330' title='bbox 637 2694 829 2753; x_wconf 85' lang='lat' dir='ltr'>Spiritus</span> <span class='ocrx_word' id='word_1_331' title='bbox 857 2695 1050 2739; x_wconf 90' lang='lat' dir='ltr'>Sanctus</span> <span class='ocrx_word' id='word_1_332' title='bbox 1076 2695 1183 2739; x_wconf 88' lang='lat' dir='ltr'>fecit</span> <span class='ocrx_word' id='word_1_333' title='bbox 1222 2709 1386 2754; x_wconf 90' lang='lat' dir='ltr'>corpus</span> <span class='ocrx_word' id='word_1_334' title='bbox 1415 2694 1600 2748; x_wconf 89' lang='lat' dir='ltr'>Christi,</span> <span class='ocrx_word' id='word_1_335' title='bbox 1638 2705 1686 2738; x_wconf 91' lang='lat' dir='ltr'>ut</span> <span class='ocrx_word' id='word_1_336' title='bbox 1726 2694 1901 2739; x_wconf 88' lang='lat' dir='ltr'>dictum</span> <span class='ocrx_word' id='word_1_337' title='bbox 1937 2703 2006 2739; x_wconf 83' lang='lat' dir='ltr'>est</span> <span class='ocrx_word' id='word_1_338' title='bbox 2039 2694 2142 2751; x_wconf 81' lang='lat' dir='ltr'>(art.</span> <span class='ocrx_word' id='word_1_339' title='bbox 2177 2708 2215 2740; x_wconf 79' lang='grc' dir='ltr'>ι.</span> 
     </span>
     <span class='ocr_line' id='line_1_34' title="bbox 246 2758 2214 2823; baseline -0.001 -15"><span class='ocrx_word' id='word_1_340' title='bbox 246 2765 333 2823; x_wconf 80' lang='lat' dir='ltr'>huj.</span> <span class='ocrx_word' id='word_1_341' title='bbox 361 2765 419 2822; x_wconf 89' lang='lat' dir='ltr'>q.)</span> <span class='ocrx_word' id='word_1_342' title='bbox 434 2778 450 2815; x_wconf 84' lang='lat'>,·</span> <span class='ocrx_word' id='word_1_343' title='bbox 485 2776 595 2820; x_wconf 91' lang='lat' dir='ltr'>ergo</span> <span class='ocrx_word' id='word_1_344' title='bbox 625 2762 815 2822; x_wconf 88' lang='lat' dir='ltr'>Spiritus</span> <span class='ocrx_word' id='word_1_345' title='bbox 843 2762 1037 2807; x_wconf 89' lang='lat' dir='ltr'>Sanctus</span> <span class='ocrx_word' id='word_1_346' title='bbox 1071 2762 1204 2807; x_wconf 90' lang='lat' dir='ltr'>debet</span> <span class='ocrx_word' id='word_1_347' title='bbox 1230 2763 1320 2807; x_wconf 92' lang='lat' dir='ltr'>dici</span> <span class='ocrx_word' id='word_1_348' title='bbox 1345 2772 1473 2822; x_wconf 88' lang='lat' dir='ltr'>pater</span> <span class='ocrx_word' id='word_1_349' title='bbox 1501 2758 1672 2807; x_wconf 87' lang='lat' dir='ltr'>Christi</span> <span class='ocrx_word' id='word_1_350' title='bbox 1694 2761 1948 2806; x_wconf 88' lang='lat' dir='ltr'>secundum</span> <span class='ocrx_word' id='word_1_351' title='bbox 1971 2774 2136 2821; x_wconf 90' lang='lat' dir='ltr'>corpus</span> <span class='ocrx_word' id='word_1_352' title='bbox 2159 2761 2214 2807; x_wconf 86' lang='lat' dir='ltr'>ab</span> 
     </span>
     <span class='ocr_line' id='line_1_35' title="bbox 243 2830 632 2890; baseline -0.005 -16"><span class='ocrx_word' id='word_1_353' title='bbox 243 2832 343 2890; x_wconf 89' lang='lat' dir='ltr'>ipso</span> <span class='ocrx_word' id='word_1_354' title='bbox 369 2830 632 2874; x_wconf 90' lang='lat' dir='ltr'>formatum.</span> 
     </span>
    </p>

    <p class='ocr_par' dir='ltr' id='par_1_10' title="bbox 247 2895 2218 3025">
     <span class='ocr_line' id='line_1_36' title="bbox 337 2895 2218 2956; baseline -0.001 -14"><span class='ocrx_word' id='word_1_355' title='bbox 337 2898 431 2942; x_wconf 78' lang='lat' dir='ltr'>SED</span> <span class='ocrx_word' id='word_1_356' title='bbox 460 2909 656 2942; x_wconf 82' lang='lat' dir='ltr'>CONTRA</span> <span class='ocrx_word' id='word_1_357' title='bbox 694 2906 775 2951; x_wconf 90' lang='lat' dir='ltr'>est,</span> <span class='ocrx_word' id='word_1_358' title='bbox 815 2896 936 2956; x_wconf 91' lang='lat' dir='ltr'>quod</span> <span class='ocrx_word' id='word_1_359' title='bbox 963 2897 1156 2955; x_wconf 87' lang='lat' dir='ltr'>August.</span> <span class='ocrx_word' id='word_1_360' title='bbox 1191 2896 1300 2941; x_wconf 84' lang='lat' dir='ltr'>dicit</span> <span class='ocrx_word' id='word_1_361' title='bbox 1324 2896 1370 2940; x_wconf 91' lang='lat' dir='ltr'>in</span> <span class='ocrx_word' id='word_1_362' title='bbox 1398 2896 1580 2940; x_wconf 92' lang='lat' dir='ltr'>Enchir.</span> <span class='ocrx_word' id='word_1_363' title='bbox 1621 2895 1733 2955; x_wconf 83' lang='lat' dir='ltr'>(cap.</span> <span class='ocrx_word' id='word_1_364' title='bbox 1770 2896 1890 2954; x_wconf 88' lang='lat'>40.):</span> <span class='ocrx_word' id='word_1_365' title='bbox 1922 2911 1946 2938; x_wconf 75' lang='grc' dir='ltr'>ι(</span> <span class='ocrx_word' id='word_1_366' title='bbox 1971 2895 2117 2941; x_wconf 80' lang='lat' dir='ltr'>Natus</span> <span class='ocrx_word' id='word_1_367' title='bbox 2148 2903 2218 2940; x_wconf 84' lang='lat' dir='ltr'>est</span> 
     </span>
     <span class='ocr_line' id='line_1_37' title="bbox 247 2961 2215 3025; baseline -0.002 -15"><span class='ocrx_word' id='word_1_368' title='bbox 247 2965 455 3011; x_wconf 88' lang='lat' dir='ltr'>Christus</span> <span class='ocrx_word' id='word_1_369' title='bbox 482 2964 537 3010; x_wconf 91' lang='lat' dir='ltr'>de</span> <span class='ocrx_word' id='word_1_370' title='bbox 566 2965 734 3025; x_wconf 89' lang='lat' dir='ltr'>Spiritu</span> <span class='ocrx_word' id='word_1_371' title='bbox 763 2964 934 3008; x_wconf 87' lang='lat' dir='ltr'>Sancto</span> <span class='ocrx_word' id='word_1_372' title='bbox 961 2978 1054 3008; x_wconf 92' lang='lat' dir='ltr'>non</span> <span class='ocrx_word' id='word_1_373' title='bbox 1078 2965 1195 3008; x_wconf 89' lang='lat' dir='ltr'>sicut</span> <span class='ocrx_word' id='word_1_374' title='bbox 1216 2963 1349 3019; x_wconf 90' lang='lat' dir='ltr'>filius,</span> <span class='ocrx_word' id='word_1_375' title='bbox 1373 2974 1416 3008; x_wconf 93' lang='lat' dir='ltr'>et</span> <span class='ocrx_word' id='word_1_376' title='bbox 1437 2964 1493 3008; x_wconf 91' lang='lat' dir='ltr'>de</span> <span class='ocrx_word' id='word_1_377' title='bbox 1515 2964 1661 3007; x_wconf 89' lang='lat' dir='ltr'>Maria</span> <span class='ocrx_word' id='word_1_378' title='bbox 1682 2963 1872 3023; x_wconf 88' lang='lat' dir='ltr'>Virgine</span> <span class='ocrx_word' id='word_1_379' title='bbox 1894 2963 2013 3008; x_wconf 87' lang='lat' dir='ltr'>sicut</span> <span class='ocrx_word' id='word_1_380' title='bbox 2033 2961 2152 3009; x_wconf 84' lang='lat' dir='ltr'>filius</span> <span class='ocrx_word' id='word_1_381' title='bbox 2173 2979 2215 3007; x_wconf 68' lang='lat' dir='ltr'>n.</span> 
     </span>
    </p>

    <p class='ocr_par' dir='ltr' id='par_1_11' title="bbox 242 3028 2219 3698">
     <span class='ocr_line' id='line_1_38' title="bbox 336 3028 2219 3090; baseline 0.001 -14"><span class='ocrx_word' id='word_1_382' title='bbox 336 3033 625 3078; x_wconf 64' lang='lat' dir='ltr'>REsponm-:o</span> <span class='ocrx_word' id='word_1_383' title='bbox 654 3031 912 3085; x_wconf 90' lang='lat' dir='ltr'>dicendum,</span> <span class='ocrx_word' id='word_1_384' title='bbox 939 3031 1062 3090; x_wconf 92' lang='lat' dir='ltr'>quod</span> <span class='ocrx_word' id='word_1_385' title='bbox 1084 3031 1274 3075; x_wconf 89' lang='lat' dir='ltr'>nomina</span> <span class='ocrx_word' id='word_1_386' title='bbox 1301 3031 1595 3090; x_wconf 88' lang='lat' dir='ltr'>paternitatis,</span> <span class='ocrx_word' id='word_1_387' title='bbox 1623 3041 1668 3075; x_wconf 86' lang='lat' dir='ltr'>et</span> <span class='ocrx_word' id='word_1_388' title='bbox 1699 3030 2013 3085; x_wconf 88' lang='lat' dir='ltr'>maternitatis,</span> <span class='ocrx_word' id='word_1_389' title='bbox 2040 3039 2086 3075; x_wconf 87' lang='lat' dir='ltr'>et</span> <span class='ocrx_word' id='word_1_390' title='bbox 2109 3028 2219 3079; x_wconf 68' lang='lat' dir='ltr'>filia-</span> 
     </span>
     <span class='ocr_line' id='line_1_39' title="bbox 243 3097 2218 3159; baseline -0.001 -15"><span class='ocrx_word' id='word_1_391' title='bbox 243 3100 379 3145; x_wconf 88' lang='lat' dir='ltr'>tionis</span> <span class='ocrx_word' id='word_1_392' title='bbox 407 3101 751 3159; x_wconf 87' lang='lat' dir='ltr'>generationem</span> <span class='ocrx_word' id='word_1_393' title='bbox 779 3108 1143 3157; x_wconf 82' lang='lat' dir='ltr'>consequuntur3</span> <span class='ocrx_word' id='word_1_394' title='bbox 1171 3113 1263 3142; x_wconf 91' lang='lat' dir='ltr'>non</span> <span class='ocrx_word' id='word_1_395' title='bbox 1291 3109 1445 3142; x_wconf 86' lang='lat' dir='ltr'>tamen</span> <span class='ocrx_word' id='word_1_396' title='bbox 1473 3098 1736 3157; x_wconf 89' lang='lat' dir='ltr'>quamlibet,</span> <span class='ocrx_word' id='word_1_397' title='bbox 1763 3099 1842 3143; x_wconf 89' lang='lat' dir='ltr'>sed</span> <span class='ocrx_word' id='word_1_398' title='bbox 1868 3097 2051 3158; x_wconf 86' lang='lat' dir='ltr'>proprie</span> <span class='ocrx_word' id='word_1_399' title='bbox 2082 3110 2218 3157; x_wconf 80' lang='lat' dir='ltr'>gene-</span> 
     </span>
     <span class='ocr_line' id='line_1_40' title="bbox 244 3163 2216 3226; baseline -0.002 -14"><span class='ocrx_word' id='word_1_400' title='bbox 244 3169 470 3213; x_wconf 89' lang='lat' dir='ltr'>rationem</span> <span class='ocrx_word' id='word_1_401' title='bbox 496 3167 764 3221; x_wconf 89' lang='lat' dir='ltr'>viventium,</span> <span class='ocrx_word' id='word_1_402' title='bbox 791 3175 835 3210; x_wconf 90' lang='lat' dir='ltr'>et</span> <span class='ocrx_word' id='word_1_403' title='bbox 860 3166 1102 3225; x_wconf 89' lang='lat' dir='ltr'>praecipue</span> <span class='ocrx_word' id='word_1_404' title='bbox 1130 3165 1423 3210; x_wconf 90' lang='lat' dir='ltr'>animalium:</span> <span class='ocrx_word' id='word_1_405' title='bbox 1451 3180 1545 3210; x_wconf 90' lang='lat' dir='ltr'>non</span> <span class='ocrx_word' id='word_1_406' title='bbox 1571 3166 1694 3210; x_wconf 88' lang='lat' dir='ltr'>enim</span> <span class='ocrx_word' id='word_1_407' title='bbox 1717 3166 1925 3220; x_wconf 88' lang='lat' dir='ltr'>dicimus,</span> <span class='ocrx_word' id='word_1_408' title='bbox 1950 3165 2074 3226; x_wconf 84' lang='lat' dir='ltr'>quod</span> <span class='ocrx_word' id='word_1_409' title='bbox 2095 3163 2216 3224; x_wconf 72' lang='lat' dir='ltr'>ignn</span> 
     </span>
     <span class='ocr_line' id='line_1_41' title="bbox 244 3230 2216 3293; baseline -0.002 -14"><span class='ocrx_word' id='word_1_410' title='bbox 244 3245 485 3293; x_wconf 89' lang='lat' dir='ltr'>generatus</span> <span class='ocrx_word' id='word_1_411' title='bbox 512 3235 569 3279; x_wconf 91' lang='lat' dir='ltr'>sit</span> <span class='ocrx_word' id='word_1_412' title='bbox 593 3233 711 3278; x_wconf 85' lang='lat' dir='ltr'>filius</span> <span class='ocrx_word' id='word_1_413' title='bbox 737 3233 854 3292; x_wconf 90' lang='lat' dir='ltr'>ignis</span> <span class='ocrx_word' id='word_1_414' title='bbox 888 3235 1159 3291; x_wconf 89' lang='lat' dir='ltr'>generantis,</span> <span class='ocrx_word' id='word_1_415' title='bbox 1196 3235 1282 3277; x_wconf 91' lang='lat' dir='ltr'>nisi</span> <span class='ocrx_word' id='word_1_416' title='bbox 1322 3232 1439 3277; x_wconf 84' lang='lat' dir='ltr'>forte</span> <span class='ocrx_word' id='word_1_417' title='bbox 1475 3234 1728 3278; x_wconf 89' lang='lat' dir='ltr'>secundum</span> <span class='ocrx_word' id='word_1_418' title='bbox 1764 3233 2109 3293; x_wconf 78' lang='lat' dir='ltr'>metaphoram:</span> <span class='ocrx_word' id='word_1_419' title='bbox 2136 3230 2216 3277; x_wconf 86' lang='lat' dir='ltr'>sed</span> 
     </span>
     <span class='ocr_line' id='line_1_42' title="bbox 242 3298 2214 3360; baseline -0.002 -13"><span class='ocrx_word' id='word_1_420' title='bbox 242 3303 332 3347; x_wconf 87' lang='lat' dir='ltr'>hoc</span> <span class='ocrx_word' id='word_1_421' title='bbox 360 3303 512 3347; x_wconf 91' lang='lat' dir='ltr'>solum</span> <span class='ocrx_word' id='word_1_422' title='bbox 539 3302 733 3347; x_wconf 89' lang='lat' dir='ltr'>dicimus</span> <span class='ocrx_word' id='word_1_423' title='bbox 759 3302 806 3345; x_wconf 90' lang='lat' dir='ltr'>in</span> <span class='ocrx_word' id='word_1_424' title='bbox 833 3300 1120 3354; x_wconf 88' lang='lat' dir='ltr'>animalibus,</span> <span class='ocrx_word' id='word_1_425' title='bbox 1144 3315 1340 3359; x_wconf 91' lang='lat' dir='ltr'>quorum</span> <span class='ocrx_word' id='word_1_426' title='bbox 1367 3303 1599 3359; x_wconf 87' lang='lat' dir='ltr'>generatio</span> <span class='ocrx_word' id='word_1_427' title='bbox 1623 3311 1691 3345; x_wconf 89' lang='lat' dir='ltr'>est</span> <span class='ocrx_word' id='word_1_428' title='bbox 1712 3300 1860 3360; x_wconf 90' lang='lat' dir='ltr'>magis</span> <span class='ocrx_word' id='word_1_429' title='bbox 1883 3298 2106 3360; x_wconf 82' lang='lat' dir='ltr'>perfecta:</span> <span class='ocrx_word' id='word_1_430' title='bbox 2126 3312 2214 3344; x_wconf 86' lang='lat' dir='ltr'>nec</span> 
     </span>
     <span class='ocr_line' id='line_1_43' title="bbox 243 3364 2214 3429; baseline -0.002 -15"><span class='ocrx_word' id='word_1_431' title='bbox 243 3381 398 3415; x_wconf 84' lang='lat' dir='ltr'>tamen</span> <span class='ocrx_word' id='word_1_432' title='bbox 442 3384 579 3414; x_wconf 91' lang='lat' dir='ltr'>omne</span> <span class='ocrx_word' id='word_1_433' title='bbox 608 3369 730 3429; x_wconf 90' lang='lat' dir='ltr'>quod</span> <span class='ocrx_word' id='word_1_434' title='bbox 757 3369 802 3412; x_wconf 92' lang='lat' dir='ltr'>in</span> <span class='ocrx_word' id='word_1_435' title='bbox 830 3368 1101 3412; x_wconf 87' lang='lat' dir='ltr'>animalibus</span> <span class='ocrx_word' id='word_1_436' title='bbox 1141 3378 1395 3426; x_wconf 85' lang='lat' dir='ltr'>generatur,</span> <span class='ocrx_word' id='word_1_437' title='bbox 1430 3367 1661 3412; x_wconf 88' lang='lat' dir='ltr'>filiationis</span> <span class='ocrx_word' id='word_1_438' title='bbox 1704 3367 1870 3427; x_wconf 88' lang='lat' dir='ltr'>accipit</span> <span class='ocrx_word' id='word_1_439' title='bbox 1909 3379 2103 3421; x_wconf 70' lang='lat' dir='ltr'>nomem</span> <span class='ocrx_word' id='word_1_440' title='bbox 2135 3364 2214 3411; x_wconf 85' lang='lat' dir='ltr'>sed</span> 
     </span>
     <span class='ocr_line' id='line_1_44' title="bbox 243 3433 2214 3496; baseline -0.002 -15"><span class='ocrx_word' id='word_1_441' title='bbox 243 3437 393 3481; x_wconf 90' lang='lat' dir='ltr'>solum</span> <span class='ocrx_word' id='word_1_442' title='bbox 420 3437 546 3492; x_wconf 88' lang='lat' dir='ltr'>illud,</span> <span class='ocrx_word' id='word_1_443' title='bbox 574 3436 695 3496; x_wconf 93' lang='lat' dir='ltr'>quod</span> <span class='ocrx_word' id='word_1_444' title='bbox 714 3445 955 3495; x_wconf 89' lang='lat' dir='ltr'>generatur</span> <span class='ocrx_word' id='word_1_445' title='bbox 971 3435 1018 3479; x_wconf 92' lang='lat' dir='ltr'>in</span> <span class='ocrx_word' id='word_1_446' title='bbox 1035 3434 1381 3479; x_wconf 86' lang='lat' dir='ltr'>similitudinem</span> <span class='ocrx_word' id='word_1_447' title='bbox 1407 3436 1694 3493; x_wconf 89' lang='lat' dir='ltr'>generantis;</span> <span class='ocrx_word' id='word_1_448' title='bbox 1720 3434 1853 3489; x_wconf 90' lang='lat' dir='ltr'>unde,</span> <span class='ocrx_word' id='word_1_449' title='bbox 1880 3434 1996 3479; x_wconf 90' lang='lat' dir='ltr'>sicut</span> <span class='ocrx_word' id='word_1_450' title='bbox 2018 3433 2214 3492; x_wconf 69' lang='lat' dir='ltr'>August.</span> 
     </span>
     <span class='ocr_line' id='line_1_45' title="bbox 245 3500 2214 3563; baseline 0 -16"><span class='ocrx_word' id='word_1_451' title='bbox 245 3505 353 3548; x_wconf 87' lang='lat' dir='ltr'>dicit</span> <span class='ocrx_word' id='word_1_452' title='bbox 379 3506 446 3562; x_wconf 83' lang='lat' dir='ltr'>(in</span> <span class='ocrx_word' id='word_1_453' title='bbox 472 3505 645 3549; x_wconf 81' lang='lat' dir='ltr'>Enchir.</span> <span class='ocrx_word' id='word_1_454' title='bbox 673 3512 763 3563; x_wconf 79' lang='lat' dir='ltr'>cap.</span> <span class='ocrx_word' id='word_1_455' title='bbox 786 3503 892 3563; x_wconf 85' lang='lat'>39.),</span> <span class='ocrx_word' id='word_1_456' title='bbox 930 3517 1024 3547; x_wconf 92' lang='lat' dir='ltr'>non</span> <span class='ocrx_word' id='word_1_457' title='bbox 1051 3502 1260 3555; x_wconf 87' lang='lat' dir='ltr'>dicimus,</span> <span class='ocrx_word' id='word_1_458' title='bbox 1293 3502 1414 3560; x_wconf 90' lang='lat' dir='ltr'>quod</span> <span class='ocrx_word' id='word_1_459' title='bbox 1449 3502 1640 3561; x_wconf 87' lang='lat' dir='ltr'>capillus</span> <span class='ocrx_word' id='word_1_460' title='bbox 1682 3502 1760 3561; x_wconf 90' lang='lat' dir='ltr'>qui</span> <span class='ocrx_word' id='word_1_461' title='bbox 1799 3502 1999 3546; x_wconf 89' lang='lat' dir='ltr'>nascitur</span> <span class='ocrx_word' id='word_1_462' title='bbox 2038 3513 2096 3545; x_wconf 82' lang='lat' dir='ltr'>ex</span> <span class='ocrx_word' id='word_1_463' title='bbox 2130 3500 2214 3547; x_wconf 85' lang='lat' dir='ltr'>ho·</span> 
     </span>
     <span class='ocr_line' id='line_1_46' title="bbox 247 3566 2214 3629; baseline -0.001 -15"><span class='ocrx_word' id='word_1_464' title='bbox 247 3572 384 3624; x_wconf 85' lang='lat' dir='ltr'>mine,</span> <span class='ocrx_word' id='word_1_465' title='bbox 427 3571 484 3615; x_wconf 92' lang='lat' dir='ltr'>sit</span> <span class='ocrx_word' id='word_1_466' title='bbox 523 3571 640 3616; x_wconf 87' lang='lat' dir='ltr'>filius</span> <span class='ocrx_word' id='word_1_467' title='bbox 666 3570 892 3625; x_wconf 88' lang='lat' dir='ltr'>hominis;</span> <span class='ocrx_word' id='word_1_468' title='bbox 920 3583 1004 3615; x_wconf 89' lang='lat' dir='ltr'>nec</span> <span class='ocrx_word' id='word_1_469' title='bbox 1046 3568 1184 3614; x_wconf 89' lang='lat' dir='ltr'>etiam</span> <span class='ocrx_word' id='word_1_470' title='bbox 1226 3569 1435 3622; x_wconf 90' lang='lat' dir='ltr'>dicimus,</span> <span class='ocrx_word' id='word_1_471' title='bbox 1468 3569 1590 3628; x_wconf 90' lang='lat' dir='ltr'>quod</span> <span class='ocrx_word' id='word_1_472' title='bbox 1633 3569 1778 3614; x_wconf 90' lang='lat' dir='ltr'>homo</span> <span class='ocrx_word' id='word_1_473' title='bbox 1821 3568 1898 3629; x_wconf 91' lang='lat' dir='ltr'>qui</span> <span class='ocrx_word' id='word_1_474' title='bbox 1927 3567 2127 3614; x_wconf 83' lang='lat' dir='ltr'>nascitur</span> <span class='ocrx_word' id='word_1_475' title='bbox 2157 3566 2214 3612; x_wconf 83' lang='lat' dir='ltr'>sit</span> 
     </span>
     <span class='ocr_line' id='line_1_47' title="bbox 245 3630 2215 3698; baseline -0.001 -17"><span class='ocrx_word' id='word_1_476' title='bbox 245 3638 361 3683; x_wconf 73' lang='lat' dir='ltr'>silius</span> <span class='ocrx_word' id='word_1_477' title='bbox 389 3639 599 3694; x_wconf 77' lang='lat' dir='ltr'>seminis;</span> <span class='ocrx_word' id='word_1_478' title='bbox 626 3638 731 3698; x_wconf 87' lang='lat' dir='ltr'>quia</span> <span class='ocrx_word' id='word_1_479' title='bbox 757 3652 841 3683; x_wconf 89' lang='lat' dir='ltr'>nec</span> <span class='ocrx_word' id='word_1_480' title='bbox 871 3635 1060 3697; x_wconf 88' lang='lat' dir='ltr'>capillus</span> <span class='ocrx_word' id='word_1_481' title='bbox 1086 3636 1225 3681; x_wconf 86' lang='lat' dir='ltr'>habet</span> <span class='ocrx_word' id='word_1_482' title='bbox 1250 3635 1595 3681; x_wconf 90' lang='lat' dir='ltr'>similitudinem</span> <span class='ocrx_word' id='word_1_483' title='bbox 1621 3636 1839 3691; x_wconf 89' lang='lat' dir='ltr'>hominis,</span> <span class='ocrx_word' id='word_1_484' title='bbox 1865 3649 1950 3682; x_wconf 85' lang='lat' dir='ltr'>nec</span> <span class='ocrx_word' id='word_1_485' title='bbox 1968 3634 2115 3680; x_wconf 84' lang='lat' dir='ltr'>homo</span> <span class='ocrx_word' id='word_1_486' title='bbox 2136 3630 2215 3694; x_wconf 83' lang='lat' dir='ltr'>qui</span> 
     </span>
    </p>
   </div>
   <div class='ocr_carea' id='block_1_7' title="bbox 2324 2830 2352 3926">
    <p class='ocr_par' dir='ltr' id='par_1_12' title="bbox 2324 2830 2352 3926">
     <span class='ocr_line' id='line_1_48' title="bbox 2340 2830 2352 2924; baseline 0 0"><span class='ocrx_word' id='word_1_487' title='bbox 2340 2830 2352 2924; x_wconf 68' lang='grc' dir='ltr'><strong>ς</strong></span> 
     </span>
     <span class='ocr_line' id='line_1_49' title="bbox 2338 2985 2352 3012; baseline 0 0"><span class='ocrx_word' id='word_1_488' title='bbox 2338 2985 2352 3012; x_wconf 69' lang='lat'>.</span> 
     </span>
     <span class='ocr_line' id='line_1_50' title="bbox 2332 3014 2352 3158; baseline 0 -3"><span class='ocrx_word' id='word_1_489' title='bbox 2332 3014 2352 3158; x_wconf 67' lang='grc' dir='ltr'>Ξ</span> 
     </span>
     <span class='ocr_line' id='line_1_51' title="bbox 2324 3202 2352 3243; baseline 0 0"><span class='ocrx_word' id='word_1_490' title='bbox 2324 3202 2352 3243; x_wconf 50' lang='lat'>⁴3</span> 
     </span>
     <span class='ocr_line' id='line_1_52' title="bbox 2326 3449 2352 3926; baseline 0 0"><span class='ocrx_word' id='word_1_491' title='bbox 2326 3449 2352 3926; x_wconf 81' lang='lat' dir='ltr'>i</span> 
     </span>
    </p>
   </div>
  </div>
 </body>
</html>
