2352 3926
254 217 363 285 650
764 222 1040 270 QuAsssrm
1079 222 1263 260 Lxxw.
1303 217 1613 260 ARTICULUS
1653 217 1727 259 w.

342 331 419 376 AD
452 340 690 381 QUARTUM
708 324 968 378 dicendum,
986 323 1110 383 quod
1127 322 1233 382 quia
1249 321 1526 366 fermentum
1542 320 1683 365 habet
1705 318 1875 380 aliquid
1897 318 2220 380 corruptionis,

256 408 300 444 et
326 413 379 443 ex
405 411 519 456 pane
549 403 760 453 corrupto
788 406 883 436 non
908 400 1061 450 potest
1086 389 1251 434 confici
1276 389 1369 432 hoo
1395 396 1750 445 sacramentum,
1766 397 1817 432 ut
1837 386 2012 432 dictum
2027 387 2218 446 esaan

251 475 391 525 praec.
419 464 472 508 ad
497 464 578 521 4.),
604 461 710 505 ideo
736 460 884 519 magis
911 458 1154 503 attenditur
1177 457 1300 501 circa
1319 469 1487 514 panem
1510 454 1764 500 differentia
1781 455 1945 515 azymi,
1960 464 2006 500 et
2022 453 2218 501 fernien-

252 533 348 586 tati,
375 544 512 590 quam
549 529 670 572 circa
707 541 874 586 aquam
905 524 1121 584 baptismi
1156 522 1409 568 differentia
1447 521 1597 576 calidi,
1623 532 1669 566 et
1701 521 1876 581 frigidi:
1907 531 2064 581 posset
2093 520 2222 566 enim

251 608 379 643 tanta
405 611 503 641 esse
530 594 763 654 corruptio
788 592 1016 647 fermenti,
1042 591 1165 651 quod
1191 605 1246 636 ex
1272 604 1328 635 eo
1354 603 1450 634 non
1482 598 1637 649 posset
1667 587 1834 634 confici
1863 596 2221 634 sacramentum.

1834 753 1848 787 7

956 791 1391 852 ARTICULUS
1431 791 1501 846 v.
2128 801 2217 864 436

291 948 485 988 UTRUM
525 948 702 988 VINUM
740 946 885 986 VITIS
927 946 1013 984 SIT
1052 944 1285 984 PROPRIA
1324 941 1569 982 MATERIA
1609 939 1776 995 HUJUS
1818 935 2188 980 SAQRAMENTR

520 1073 583 1131 (4.
609 1073 723 1117 Dist.
750 1086 810 1117 rr.
835 1085 874 1130 q.
901 1085 940 1116 2.
967 1076 1048 1115 art.
1069 1085 1107 1130 3.
1134 1084 1174 1129 q.
1199 1085 1235 1115 ι.
1261 1075 1299 1115 et
1321 1085 1358 1115 1.
1387 1068 1488 1113 Cor.
1514 1083 1573 1113 Π.
1601 1067 1688 1112 lect.
1716 1080 1755 1126 7.
1778 1065 1960 1126 princ).

342 1208 419 1252 AD
452 1216 681 1258 QUINTUM
707 1206 771 1250 sic
798 1205 1072 1265 proceditur.
1100 1204 1305 1257 Videtur,
1333 1203 1456 1262 quod
1480 1216 1576 1246 non
1598 1202 1656 1247 sit
1676 1201 1858 1262 propria
1879 1199 2072 1245 materia
2091 1199 2228 1260 huj-us

254 1275 531 1322 sacramenti
555 1275 715 1318 vinum
739 1273 866 1317 vitis:
894 1273 1011 1317 sicut
1038 1272 1161 1316 enim
1189 1285 1304 1329 aqua
1332 1281 1400 1314 est
1424 1270 1618 1314 materia
1649 1268 1876 1328 baptismi,
1897 1268 1961 1312 ita
1979 1267 2140 1311 vinum
2162 1276 2232 1312 est

255 1342 447 1387 materia
472 1342 606 1400 huJus
633 1340 930 1385 sacramenti:
958 1339 1037 1384 sed
1064 1340 1110 1382 in
1137 1338 1337 1398 qualibet
1362 1351 1479 1396 aqua
1505 1345 1657 1396 potest
1681 1336 1780 1380 fieri
1813 1334 2092 1394 baptismum
2118 1334 2230 1393 ergo

253 1411 301 1454 in
327 1409 532 1469 quolibet
557 1409 680 1462 vino,
707 1418 815 1467 puta
841 1405 1072 1451 malorum
1098 1415 1411 1464 granatorum,
1437 1403 1512 1448 vel
1538 1416 1793 1456 mororum,
1835 1410 1914 1446 aut
1950 1398 2232 1459 hujusmodi,

256 1487 406 1536 potest
431 1475 598 1520 confici
622 1476 714 1520 hoc
741 1483 1107 1528 sacramentum;
1132 1472 1400 1532 praesertim
1428 1485 1535 1516 cum
1560 1471 1607 1515 in
1635 1470 1907 1530 quibusdam
1945 1467 2079 1514 terris
2117 1467 2233 1513 vites

255 1556 350 1587 non
378 1552 596 1587 crescant.
1106 1587 1111 1589 a
2319 1571 2322 1573 Α

346 1620 387 1651 2.
415 1607 714 1652 PRAETEREA.
741 1607 941 1650 Acetum
967 1616 1036 1650 est
1061 1606 1287 1664 quaedam
1312 1605 1488 1664 species
1514 1604 1624 1658 vini,
1651 1603 1776 1663 quod
1817 1603 1873 1648 de
1897 1602 1991 1649 vite
2025 1601 2235 1656 sumitur,
2305 1603 2308 1608 ’

257 1684 307 1720 ut
331 1674 491 1719 Isidor.
519 1674 629 1718 dicit
654 1673 834 1733 (implic.
862 1673 934 1718 lib.
961 1688 1033 1719 20.
1059 1673 1241 1732 Etymol.
1270 1679 1362 1732 cap.
1385 1687 1422 1731 3.
1450 1673 1550 1716 circ.
1576 1669 1734 1729 med.)‘.·
1761 1670 1840 1715 sed
1873 1670 1930 1715 de
1966 1663 2100 1714 aceto
2138 1678 2235 1713 non

257 1751 408 1802 potest
433 1741 597 1786 confici
623 1741 715 1786 hoc
743 1750 1108 1796 sacramentum;
1136 1754 1247 1799 ergo
1273 1739 1465 1794 videtur,
1492 1739 1616 1798 quod
1641 1739 1801 1783 vinum
1821 1737 1927 1783 vitis
1945 1738 2238 1797 non-sitpro-
2314 1742 2329 1784 ἶ

257 1811 354 1869 pria
380 1809 574 1854 materia
597 1808 732 1867 hujus
759 1808 1048 1853 sacramenti.
1980 1832 1982 1835 f
2314 1803 2321 1810 ”

352 1891 389 1936 3.
416 1877 714 1922 PRAETEREA.
744 1875 872 1920 Sicut
897 1876 953 1919 de
978 1876 1069 1919 vite
1096 1874 1290 1919 sumitur
1315 1874 1476 1919 vinum
1503 1874 1788 1932 depuratum,
1804 1872 1868 1917 ita
1885 1871 2024 1917 etiam
2041 1875 2235 1930 agrena,

259 1955 303 1989 et
334 1953 562 1988 mustum:
591 1943 670 1988 sed
697 1943 752 1987 de
778 1943 850 1987 his
876 1956 971 1986 non
997 1942 1176 1986 videtur
1200 1956 1335 2000 posse
1364 1941 1529 1987 confici
1556 1941 1648 1985 hoc
1683 1947 2039 1993 sacramentum,
2074 1944 2238 1983 secun·

259 2012 368 2055 dum
393 2011 506 2055 illud
533 2010 656 2070 quod
682 2010 729 2054 in
758 2008 799 2054 6.
829 2009 1020 2069 Synodo
1047 2009 1213 2068 legitur
1249 2010 1446 2068 (habetur
1471 2011 1515 2052 in
1542 2007 1671 2053 Cone.
1701 2008 1919 2064 Quinisex.
1945 2012 2037 2065 cap.
2062 2005 2239 2068 ,ὠχροῦ
2308 2038 2311 2039 ⁷

261 2079 389 2124 Cone.
420 2079 634 2124 Constant.
653 2093 689 2136 3.
688 2078 743 2134 ).·
774 2093 798 2119 «
823 2077 1097 2129 Didicimus,
1125 2076 1248 2133 quod
1274 2077 1325 2122 in⁴
1349 2075 1622 2134 quibusdam
1643 2073 1862 2118 Ecclesiis
1885 2072 2147 2118 sacerdotes
2168 2085 2237 2116 sa·
2310 2086 2313 2088 ·

258 2146 430 2190 crificio
454 2145 700 2189 oblationis
727 2145 1013 2200 conjungunt
1038 2156 1173 2195 uvas3
1202 2151 1245 2186 et
1272 2141 1335 2185 sic
1363 2140 1502 2185 simul
1528 2150 1719 2199 utraque
1744 2139 1920 2200 populo
1946 2139 2232 2198 dispensant:

257 2211 563 2271 praecipimus
595 2210 747 2267 igitur,
775 2218 823 2252 ut
848 2208 999 2252 nullus
1026 2208 1240 2252 sacerdos
1266 2208 1357 2252 hoc
1386 2207 1573 2252 ulterius
1600 2206 1738 2251 faciat
1761 2223 1786 2249 »
1803 2222 1814 2262 ;
1834 2205 2084 2265 etJuliusI.
2116 2218 2236 2266 papa

257 2280 406 2335 (Decr.
435 2292 472 2336 7.
502 2276 687 2334 Concil.)
713 2276 1005 2335 reprehendit
1030 2276 1271 2335 quosdam,
1298 2277 1375 2335 qui
1402 2289 1666 2334 expressum
1692 2275 1851 2318 vinum
1872 2274 1920 2318 in
1946 2280 2238 2319 sacramento

256 2345 496 2390 Dominici
522 2343 678 2388 calicis
706 2343 926 2397 offerunt3
955 2357 1066 2402 ergo
1093 2343 1286 2397 videtur,
1313 2342 1437 2402 quod
1455 2343 1613 2386 vinum
1630 2342 1733 2386 vitis
1751 2355 1846 2386 non
1863 2341 1921 2386 sit
1940 2340 2126 2400 propria
2146 2347 2242 2385 ma·

257 2413 371 2458 teria
402 2412 536 2470 hujus
563 2411 852 2455 sacramenti.

350 2480 444 2524 SED
472 2491 665 2523 CONTRA
697 2487 778 2531 est,
805 2477 929 2536 quod
955 2477 1072 2521 sicut
1097 2477 1328 2521 Dominus
1355 2491 1402 2520 se
1432 2476 1718 2535 comparavit
1744 2488 1889 2535 grano
1914 2473 2145 2530 frameati,
2176 2469 2240 2520 ita

261 2548 402 2593 etiam
429 2561 478 2591 se
506 2545 791 2605 comparavit
816 2545 911 2599 viti,
938 2545 1094 2588 dicens
1115 2544 1246 2602 Joan.
1279 2557 1369 2602 15.:
1392 2545 1480 2602 Ego
1495 2559 1588 2588 sum
1603 2545 1705 2588 vitis
1720 2556 1823 2587 vera
1838 2558 1851 2588 .·
1868 2542 1949 2587 sed
1965 2541 2092 2587 solus
2107 2541 2239 2601 panis

261 2615 318 2659 de
342 2614 574 2658 frumento
602 2622 670 2657 est
695 2611 888 2656 materia
913 2612 1048 2669 hujus
1075 2611 1364 2664 sacramenti,
1391 2621 1440 2655 ut
1461 2611 1634 2655 dictum
1652 2619 1718 2655 est
1735 2610 1840 2668 (art.
1854 2624 1891 2670 3.
1910 2610 1997 2669 huj.
2015 2610 2103 2669 q.)5
2125 2617 2238 2669 ergo

261 2681 413 2727 solum
438 2681 598 2725 vinum
624 2680 681 2724 de
707 2679 798 2723 vite
826 2689 892 2723 est
916 2678 1098 2737 propria
1126 2678 1317 2721 materia
1342 2678 1476 2736 hujus
1503 2677 1793 2735 sacramenti.
2287 2711 2307 2730 „

352 2749 642 2794 RESPONDEO
670 2746 929 2799 dicendum,
963 2746 1083 2804 quod
1113 2745 1167 2789 de
1194 2744 1295 2789 solo
1321 2746 1430 2789 vino
1457 2746 1559 2789 vitis
1586 2755 1738 2804 potest
1763 2744 1937 2789 confici·
1962 2743 2054 2789 hoc
2090 2755 2239 2790 sacra-
2284 2776 2297 2784 ,

265 2821 495 2862 mentum:
516 2817 658 2875 primo
685 2813 871 2873 quidem
897 2822 1080 2871 propter
1106 2812 1438 2856 institutionem
1467 2813 1654 2868 Christi,
1682 2813 1759 2871 qui
1783 2812 1830 2856 in
1854 2811 1965 2856 vino
1999 2810 2115 2856 vitis
2140 2810 2232 2856 hoc
2279 2822 2295 2857 ὁ
2332 2856 2334 2858 .

262 2893 604 2930 sacramentum
629 2880 835 2933 instituit,
872 2889 919 2923 ut
945 2889 1069 2938 patet
1095 2893 1146 2923 ex
1174 2892 1230 2922 eo
1259 2880 1382 2938 quod
1408 2880 1505 2938 ipse
1532 2880 1641 2924 dicit
1682 2879 1843 2924 Matth.
1871 2877 1943 2924 26¹.
1969 2877 2093 2923 eirca
2117 2877 2239 2923 insti·
2284 2891 2289 2899 '⁴

262 2953 488 2997 tutionem
515 2950 649 3008 hujus
690 2947 987 2992 sacramenti:
1017 2947 1115 2991 Non
1142 2947 1282 2990 bibam
1309 2947 1457 2991 amodo
1492 2947 1538 2990 de
1565 2948 1638 2991 hoc
1662 2948 1869 3005 genimine
1886 2947 2016 2991 vitis:
2041 2944 2233 3000 seeum,

262 3020 383 3080 quia,
410 3019 527 3063 sicut
554 3017 727 3061 dictum
754 3025 821 3060 est
847 3015 950 3072 (art.
974 3028 1008 3073 3.
1037 3015 1126 3072 huj,
1153 3029 1189 3072 q.
1189 3013 1229 3070 )‚
1252 3015 1306 3058 ad
1326 3015 1565 3058 materiam
1584 3025 1978 3059 sacramentorum
1995 3012 2303 3063 assumitur*

261 3087 322 3142 id,
351 3086 473 3146 quod
500 3085 695 3145 proprie,
723 3093 768 3128 et
794 3081 1101 3126 communiter
1128 3081 1264 3125 habet
1290 3081 1429 3125 talem
1456 3082 1679 3140 speciem3
1703 3081 1885 3141 proprie
1902 3090 2057 3126 autem
2076 3071 2302 3130 vmffloeffſs

263 3155 440 3208 dicitur,
468 3154 591 3213 quod
618 3151 674 3196 de
701 3151 791 3195 vite
819 3149 1035 3203 sumitur;
1064 3148 1139 3192 alii
1166 3162 1275 3192 vero
1302 3148 1502 3207 liquores
1529 3149 1686 3192 vinum
1729 3148 1943 3194 dicuntur
1981 3130 2294 3207 secundm?

263 3222 492 3282 quandam
521 3218 866 3265 similitudinem
894 3217 949 3260 ad
976 3216 1133 3259 vinum
1160 3215 1288 3259 vitis:
1319 3218 1455 3271 tert1‘o,
1485 3216 1590 3275 quia
1616 3216 1775 3260 vinum
1795 3215 1901 3261 vitis
1933 3216 2081 3275 magis
2113 3206 2291 3273 com-j&

264 3289 375 3349 petit
402 3289 455 3332 ad
484 3286 696 3332 effectum
724 3286 858 3343 hujus
884 3283 1171 3336 sacramenti,
1200 3283 1276 3342 qui
1303 3293 1371 3327 est
1407 3283 1648 3341 spiritualis
1674 3283 1860 3338 laetitia,
1877 3283 1994 3344 quia
2019 3263 2298 3344 scriptmdff*
2345 3322 2349 3343 ;

265 3367 333 3401 est
358 3356 534 3414 (Psalm.
562 3354 687 3414 103),
716 3352 838 3412 quod
859 3353 1010 3396 vinum
1037 3351 1233 3408 laetificat
1260 3365 1331 3394 cor
1357 3351 1545 3396 homin-fs.
2193 3367 2198 3374 >
2339 3401 2343 3405 Δ

357 3424 432 3468 AD
459 3435 648 3468 PRIMUM
677 3434 787 3479 crgo
815 3418 1075 3471 dicendum,
1117 3417 1239 3476 quod
1283 3416 1346 3460 illi
1373 3417 1572 3477 liquores
1600 3432 1694 3462 non
1720 3418 1932 3463 dicuntur
1961 3417 2146 3479 proprie
2176 3412 2300 3483 vi}

265 3505 392 3545 num,
419 3491 495 3535 sed
524 3489 775 3534 secundum
802 3487 1031 3547 quandam
1058 3483 1418 3529 similitudinem.
1448 3485 1606 3530 Potest
1633 3494 1784 3529 autem
1811 3495 1972 3530 verum
1996 3483 2155 3531 vinum
2176 3478 2345 3552 ‘assi'

265 3568 408 3602 terras
433 3557 536 3602 illas
562 3556 739 3610 deferri,
767 3556 812 3599 in
839 3554 1001 3614 quibus
1027 3552 1142 3597 vites
1167 3565 1261 3595 non
1289 3562 1512 3607 crescunt,
1539 3562 1760 3612 quantum
1786 3550 1952 3598 sufficit
1974 3543 2339 3611 ad⁴‘hoe‘³³&·‡j·*j³s't5

269 3635 570 3670 eramentum.
2112 3635 2114 3637 '
2142 3615 2232 3649 ¹⁴³*
2262 3611 2337 3637 ““”’”
