2352 3926
268 242 375 298 732
736 239 1011 286 QUAESTIO
1049 239 1213 278 LXXX.
1254 239 1563 280 ARTICULUS
1601 239 1718 280 vm.

268 354 554 404 assumptum
572 342 822 396 dormierit,
840 352 918 386 aut
938 341 1076 386 etiam
1098 341 1300 401 digestus
1321 342 1392 396 sit,
1410 351 1632 401 quantum
1650 342 1706 386 ad
1726 342 1956 388 rationem
1974 343 2224 405 praecepti:

265 411 402 456 refert
428 421 581 454 autem
608 419 830 468 quantum
862 408 917 452 ad
951 409 1339 467 perturbationem
1370 409 1550 464 mentis,
1582 423 1722 469 quam
1753 407 1983 468 patiuntur
2011 410 2227 456 homines

266 490 450 538 propter
472 477 858 529 insomnietatem,
889 475 965 519 vel
996 475 1372 534 indigestionem:
1399 490 1453 519 ex
1485 477 1646 536 quibus
1673 477 1710 520 si
1741 490 1872 521 mens
1903 475 2228 541 multum‘per-

266 547 483 598 turbetur,
510 544 655 587 homo
678 542 879 587 redditur
904 543 1083 601 ineptus
1106 543 1162 587 ad
1187 543 1499 602 sumptionem
1523 543 1659 602 hujus
1681 543 1973 588 sacramenti.

354 613 429 657 AD
453 624 645 656 SEXTUM
665 610 923 663 dicendum,
942 609 1065 669 quod
1083 611 1285 655 maxima
1311 610 1496 654 devotio
1516 611 1757 669 requiritur
1781 610 1828 654 in
1845 611 1943 670 ipsa
1967 609 2227 670 sumptione

264 681 401 738 hujus
427 678 715 735 sacramenti,
739 677 844 736 quia
866 687 974 721 tunc
1000 677 1246 736 percipitur
1271 679 1546 722 sacramenti
1572 676 1784 732 effectus;
1806 691 1923 736 quae
1945 677 2132 737 quidem
2157 677 2230 722 de-

262 747 390 790 votio
417 746 565 804 magis
590 745 837 804 impeditur
858 759 939 803 per
960 745 1280 802 praecedentia
1306 759 1444 804 quarn
1477 758 1557 803 per
1582 744 1839 803 sequentia3
1874 754 1920 789 et
1948 744 2054 789 ideo
2079 744 2228 804 magis

264 823 332 857 est
366 813 638 866 institutum,
671 811 794 871 quod
825 811 1040 856 homines
1065 812 1284 870 jeJunent,
1311 821 1415 856 ante
1441 811 1753 870 sumptionem
1777 810 1912 870 hujus
1938 810 2227 866 sacramenti,

264 894 402 939 quam
428 889 551 939 post:
596 879 727 923 debet
758 889 916 923 tamen
949 893 1047 923 esse
1081 878 1232 939 aliqua
1264 893 1397 923 mora
1427 879 1545 923 inter
1576 878 1887 938 sumptionem
1916 878 2052 938 hujus
2083 890 2230 923 sacra·

264 947 421 1002 menti,
459 957 505 992 et
544 945 744 1006 reliquos
771 946 922 1001 cibos;
950 946 1069 990 unde
1096 955 1141 991 et
1176 947 1223 990 in
1259 947 1399 991 missa
1436 946 1583 991 oratio
1610 946 1860 1005 gratiarum
1899 945 2093 991 actionis
2123 954 2229 1005 post

263 1014 645 1060 communionem
671 1013 849 1069 dicitur,
877 1023 921 1058 et
947 1013 1341 1058 communicantes
1373 1013 1512 1058 etiam
1545 1027 1648 1058 suas
1674 1013 1872 1073 privatas
1903 1014 2142 1058 orationes
2166 1011 2229 1056 di-

265 1092 386 1126 cunt.
416 1082 681 1126 Secundum
705 1091 862 1126 tamen
885 1081 1096 1140 antiquos
1129 1095 1328 1126 canones
1360 1091 1580 1126 statutum
1605 1080 1690 1125 fuit
1722 1095 1748 1125 a
1773 1094 1891 1141 papa
1919 1079 2160 1126 Clemente
2190 1080 2226 1125 1.

265 1148 402 1209 (epist.
429 1163 469 1194 2.
497 1163 524 1193 a
543 1151 685 1209 princ.
715 1148 919 1208 Concil.),
953 1159 1003 1193 ut
1031 1149 1224 1193 habetur
1255 1149 1327 1193 De
1362 1149 1582 1194 Consecr.
1610 1150 1744 1207 (Dist.
1771 1164 1811 1195 2.
1844 1157 1938 1210 cap.
1970 1150 2082 1210 23.).·
2117 1165 2142 1192 c<
2175 1147 2227 1194 Si

263 1230 399 1260 mane
425 1216 676 1261 Dominica
707 1216 858 1275 portio
888 1216 1047 1270 editur,
1079 1230 1222 1275 usque
1258 1215 1314 1259 ad
1346 1225 1521 1260 sextam
1547 1218 1750 1275 jeiunent
1775 1217 1984 1271 ministri,
2010 1217 2089 1277 qui
2119 1230 2225 1262 eam

262 1293 575 1343 sumpserunt;
602 1293 646 1328 et
672 1283 712 1327 si
743 1283 887 1337 tertia,
920 1283 994 1327 vel
1019 1292 1180 1342 quarta
1211 1283 1327 1327 hora
1360 1284 1631 1342 acceperint,
1662 1285 1867 1342 jeiunent
1898 1297 2042 1343 usque
2068 1284 2126 1329 ad
2154 1298 2229 1329 ve-

261 1365 445 1410 sperum
471 1367 511 1396 ».
539 1351 802 1409 Antiquitus
829 1350 951 1394 enim
979 1351 1120 1394 rarius
1148 1350 1390 1394 missarum
1417 1350 1647 1398 solemnia,
1669 1350 2028 1406 celebrabantur,
2049 1361 2095 1396 et
2120 1365 2227 1396 cum

261 1418 427 1476 maiori
452 1420 820 1477 praeparatione:
847 1432 968 1461 nunc
997 1427 1164 1472 autem,
1193 1417 1298 1476 quia
1325 1428 1505 1477 oportet
1536 1417 1815 1477 frequentius
1847 1432 1977 1463 sacra
1995 1418 2226 1480 'mysteria

262 1484 505 1539 celebrare,
531 1499 626 1529 non
652 1495 807 1544 posset
832 1484 887 1529 de
913 1484 1038 1529 facili
1068 1484 1326 1540 observari3
1354 1495 1399 1530 et
1430 1485 1534 1530 ideo
1567 1499 1648 1544 per
1681 1485 1958 1546 contrariam
1989 1496 2228 1532 consuetu-

261 1552 416 1597 dinem
443 1562 511 1597 est
537 1553 825 1612 abrogatum.

875 1714 1418 1773 ARTICULUS
1484 1715 1606 1770 IX.
2135 1730 2226 1787 486

370 1849 564 1889 UTRUM
595 1849 713 1890 NON
746 1849 1031 1890 HABENTES
1065 1850 1216 1888 USUM
1248 1850 1508 1890 RATIONIS
1542 1849 1796 1891 DEBEANT
1830 1848 2122 1890 SUSCIPERE

953 1932 1072 1971 HOC
1105 1932 1532 1973 SACRAMENTUM.

502 2041 563 2099 (4.
590 2043 700 2088 Dist.
719 2058 757 2102 3.
785 2049 869 2088 art.
891 2057 928 2102 5.
955 2057 995 2102 q.
1017 2058 1053 2103 3.
1082 2049 1118 2088 et
1141 2057 1185 2101 4.
1208 2044 1320 2090 Dist.
1346 2057 1406 2103 23.
1434 2058 1473 2102 q.
1499 2058 1540 2088 2.
1563 2049 1646 2088 art.
1673 2057 1714 2088 2.
1739 2057 1778 2102 q.
1803 2056 1846 2100 4.
1869 2049 1986 2103 corp.

999 2117 1036 2156 et
1062 2111 1188 2168 Joan.
1216 2111 1258 2156 6.
1291 2111 1379 2156 lect.
1407 2111 1484 2170 7.).

349 2219 426 2263 An
451 2233 630 2266 NONUM
655 2221 719 2265 sic
746 2222 1020 2281 proceditur.
1048 2222 1255 2277 Videtur,
1272 2223 1395 2283 quod
1412 2236 1507 2266 non
1523 2222 1742 2267 habentes
1767 2236 1901 2267 usum
1927 2222 2115 2267 rationis
2130 2234 2225 2267 non

261 2286 456 2331 debeant
480 2287 571 2331 hoc
598 2299 937 2333 sacramentum
964 2290 1217 2348 suscipere:
1253 2290 1495 2349 requiritur
1526 2289 1663 2343 enim,
1699 2288 1821 2348 quod
1853 2287 2015 2348 aliquis
2046 2288 2103 2333 ad
2133 2289 2224 2333 hoc

261 2364 601 2398 sacramentum
629 2370 735 2399 cum
762 2356 1022 2412 devotione,
1050 2367 1095 2401 et
1125 2358 1426 2416 praecedente
1457 2356 1527 2401 sui
1559 2356 1895 2400 examinatione
1927 2355 2129 2410 accedat,
2161 2369 2225 2400 se-

260 2420 462 2463 cundum
488 2420 599 2465 illud
631 2436 666 2466 1.
697 2423 904 2468 Corinth.
937 2438 1027 2469 11.:
1055 2425 1207 2469 Probet
1229 2426 1405 2484 seipsum
1437 2424 1572 2477 homo,
1601 2430 1637 2468 et
1660 2425 1719 2468 sie
1745 2423 1791 2467 de
1809 2431 1922 2482 pane
1946 2423 2019 2468 illo
2050 2423 2157 2478 edat,
2189 2429 2226 2469 et

259 2486 306 2531 de
327 2487 454 2541 calice
481 2489 621 2534 bibat:
650 2489 729 2533 sed
754 2490 845 2534 hoc
872 2505 967 2535 non
993 2501 1144 2550 potest
1169 2505 1267 2535 esse
1293 2491 1340 2534 in
1365 2490 1452 2545 his,
1479 2490 1557 2549 qui
1583 2499 1738 2534 carent
1763 2504 1846 2535 usu
1871 2490 2086 2547 rationis3
2110 2504 2224 2551 ergo

259 2567 355 2598 non
381 2555 514 2600 debet
540 2556 604 2600 eis
629 2556 720 2600 hoc
747 2569 1086 2603 sacramentum
1113 2558 1223 2602 dari.

351 2634 392 2666 2.
425 2622 723 2668 PRAETEREA.
746 2624 869 2668 Inter
894 2625 1023 2679 alios,
1051 2626 1127 2684 qui
1154 2634 1311 2669 carent
1342 2639 1426 2669 usu
1459 2624 1662 2679 rationis,
1688 2635 1793 2669 sunt
1823 2624 1969 2670 etiam
1993 2625 2224 2691 arreptitii,

261 2688 340 2747 qui
363 2692 625 2748 energumeni
650 2691 885 2735 dicuntur·
913 2692 992 2736 sed
1018 2691 1132 2736 tales
1159 2692 1296 2735 etiam
1321 2692 1375 2735 ab
1398 2692 1683 2750 inspectione
1705 2692 1839 2751 huJus
1861 2692 2136 2738 sacramenti
2160 2706 2226 2738 ar·

263 2765 434 2811 centur,
460 2757 709 2801 secundum
738 2758 930 2835 Dionys.
957 2759 1003 2802 in
1029 2758 1104 2802 lib.
1131 2758 1303 2803 Eccles.
1340 2759 1577 2804 Hierarch.
1607 2759 1716 2819 (cap.
1739 2774 1775 2819 3.
1802 2765 1897 2805 ante.
1921 2760 2080 2820 med),
2113 2772 2224 2820 ergo

262 2823 519 2868 carentibus
544 2838 627 2868 usu
653 2825 841 2869 rationis
868 2826 959 2869 hoc
986 2835 1326 2869 sacramentum
1361 2826 1456 2870 dari
1480 2841 1575 2870 non
1602 2827 1748 2871 debet.

354 2905 391 2949 3.
424 2891 720 2936 PRAETEREA.
758 2893 881 2937 Inter
912 2892 1025 2936 alios
1060 2902 1264 2937 carentes
1296 2907 1380 2937 usu
1407 2894 1595 2938 rationis
1627 2894 1826 2938 maxime
1858 2893 1987 2954 pueri
2015 2893 2225 2940 videntur

262 2970 361 3002 esse
402 2958 691 3003 innocentes:
725 2959 803 3003 sed
836 2960 985 3018 pueris
1018 2959 1108 3004 hoc
1142 2970 1481 3005 sacramentum
1514 2975 1609 3005 non
1640 2960 1900 3017 exhibetur3
1933 2974 2045 3021 ergo
2077 2961 2223 3007 multo

261 3025 412 3069 minus
440 3025 537 3070 aliis
564 3026 821 3071 carentibus
846 3041 930 3071 usu
956 3027 1158 3071 rationis.

352 3093 447 3137 SED
476 3106 671 3139 CONTRA
696 3103 776 3148 est,
794 3094 914 3153 quod
942 3093 1105 3152 legitur
1131 3095 1177 3138 in
1205 3094 1420 3139 Concilio
1445 3095 1729 3141 Arausicano
1752 3095 1928 3155 (seilicet
1951 3112 1987 3143 1.
2013 3110 2106 3142 can.
2129 3096 2224 3157 13),

261 3170 306 3204 et
329 3160 520 3205 habetur
545 3162 592 3205 in
620 3162 756 3206 Decr.
783 3162 877 3220 (26.
904 3177 942 3221 q.
971 3162 1013 3207 6.
1036 3169 1149 3221 cap.:
1175 3162 1263 3219 Qui
1289 3163 1519 3221 rocaduno:
1550 3181 1573 3205 «
1596 3163 1884 3219 Amentibus,
1909 3175 2225 3224 quaecumque

259 3227 437 3286 pietatis
463 3238 581 3284 sunt,
609 3228 883 3273 conferenda
917 3239 1021 3273 sunt
1041 3244 1089 3283 »3
1123 3239 1167 3273 et
1199 3229 1261 3272 ita
1293 3239 1361 3273 est
1393 3230 1456 3274 eis
1490 3230 1820 3275 conferendum
1850 3230 1944 3276 hoc
1970 3242 2227 3276 sacramen-

259 3304 373 3348 tum,
401 3295 522 3354 quod
550 3306 616 3340 est
648 3306 990 3340 sacramentum
1022 3296 1214 3355 pietatis.

349 3362 638 3407 RESPONDEO
658 3363 915 3417 dicendum,
942 3362 1065 3422 quod
1093 3362 1231 3422 aliqui
1255 3362 1463 3407 dicuntur
1484 3378 1578 3408 non
1601 3365 1768 3410 habere
1790 3377 1925 3410 usum
1945 3363 2134 3410 rationis
2155 3363 2226 3409 du-

256 3428 454 3487 pliciter:
482 3444 564 3473 uno
591 3430 727 3483 modo,
757 3430 860 3489 quia
887 3430 1056 3475 habent
1081 3429 1278 3473 debilem
1305 3444 1438 3474 usum
1464 3432 1677 3486 rationis;
1710 3432 1827 3476 sicut
1857 3430 2020 3477 dicitnr
2043 3444 2139 3476 non
2163 3432 2226 3476 vi·

263 3495 388 3550 dens,
416 3497 493 3555 qui
518 3496 640 3542 male
665 3498 811 3542 videt:
840 3506 884 3542 et
909 3498 1016 3557 quia
1040 3496 1154 3542 tales
1176 3507 1366 3556 possunt
1388 3498 1588 3558 aliquam
1611 3499 1905 3544 devotionem
1925 3498 2060 3558 hujus
2081 3510 2226 3544 sacra—

263 3563 405 3607 menti
418 3564 675 3624 concipere,
685 3578 780 3610 non
798 3575 866 3610 est
877 3565 941 3610 eis
952 3565 1042 3610 hoc
1060 3574 1399 3610 sacramentum
1417 3566 1760 3625 denegandum:
1779 3566 1863 3611 alio
1876 3565 1999 3611 modo
2016 3565 2226 3610 dicuntur

264 3628 402 3688 aliqui
423 3644 515 3675 non
538 3631 708 3677 habere
724 3631 926 3678 totaliter
941 3645 1076 3678 usum
1093 3631 1303 3677 rationis:
1332 3638 1404 3677 aut
1419 3632 1554 3693 igitur
1569 3645 1803 3693 nunquam
1818 3632 2074 3679 habuerunt
2089 3644 2223 3678 usum
