2352 3926
1201 99 1229 116 ό

299 223 407 277 816
774 236 1052 283 Qum-:sno
1092 236 1357 280 Lxxxvm.
1397 236 1707 277 ARTICULus
1746 238 1783 277 1.

295 339 432 383 Rom.
460 352 526 384 2.:
551 338 784 384 Secundum
811 338 1014 382 duritiam
1042 344 1172 394 tuam,
1190 345 1229 384 et
1254 353 1326 384 cor
1342 339 1608 397 impoenitens
1626 339 1876 397 thesaurizas
1897 341 1976 386 tibi
1994 341 2109 386 iram
2127 342 2174 387 in
2198 341 2265 388 die
2292 348 2313 371 *³

295 409 400 460 irae,
429 421 482 451 ex
503 406 594 450 hoc
621 405 795 449 scilicet
816 404 933 459 solO,
960 405 1083 463 quod
1111 407 1421 451 contemnitur
1444 406 1535 450 Dei
1565 406 1760 460 bonitas,
1793 420 1910 465 quae
1943 407 2000 452 ad
2031 409 2267 467 poeniten·
2342 427 2352 461 ς

294 474 406 517 tiam
435 482 656 532 expectat.
683 471 831 515 Multo
859 482 1012 515 autem
1052 473 1200 531 magis
1237 473 1545 518 contemnitur
1570 473 1660 516 Dei
1685 473 1880 528 bonitas,
1906 473 1946 518 si
1976 484 2081 534 post
2103 474 2264 522 remis-

295 540 474 583 sionem
501 539 662 598 prioris
688 538 867 597 peccati
901 538 1104 582 secundo
1140 550 1387 598 peccatum
1422 540 1623 593 iteretur,
1649 550 1821 599 quanto
1853 542 2002 599 majus
2035 550 2104 586 est
2131 541 2264 587 bene-

295 606 449 650 ficium
476 616 716 665 peccatum
743 606 987 659 remittere,
1015 620 1154 664 quam
1179 617 1474 666 peccatorem
1501 607 1736 652 sustinere.
1766 607 1842 652 Sic
1877 607 2017 666 igitur
2050 621 2135 668 per
2162 623 2267 669 pec·

296 682 448 717 catum
474 687 667 731 sequens
694 672 1024 731 poenitentiam
1049 673 1166 717 redit
1189 674 1537 732 quodammodo
1564 684 1715 718 reatus
1741 684 2038 732 peccatorum
2058 675 2181 736 prius
2201 676 2264 720 di·

294 739 555 793 missorum,
582 754 676 783 non
702 740 973 798 inquantum
1000 740 1270 785 causabatur
1305 755 1359 785 ex
1394 739 1483 785 illis
1523 741 1723 800 peccatis
1762 741 1887 801 prius
1927 741 2141 798 dimissis,
2168 743 2262 789 'sed

293 806 561 865 inquantum
591 816 800 850 causatur
827 821 880 851 ex
905 816 1097 865 peccato
1125 806 1287 852 ultimo
1314 818 1589 868 perpetrato,
1618 808 1741 867 quod
1768 819 2043 868 aggravatur
2074 824 2129 855 ex
2162 824 2264 871 pec·

295 873 406 917 catis
432 873 678 932 prioribus:
707 883 751 917 et
775 873 866 917 hoc
891 887 987 917 non
1014 884 1082 918 est
1106 884 1296 934 peccata
1321 875 1509 919 dimissa
1534 875 1681 920 redire
1707 875 1987 935 simpliciter,
2012 876 2092 922 sed
2116 877 2266 923 redire

294 939 546 984 secundum
572 940 693 999 quid,
715 940 987 999 inquantum
1003 940 1179 986 scilicet
1193 941 1444 986 virtualiter
1459 942 1507 986 in
1524 952 1715 1000 peccato
1733 943 1944 1002 sequenti
1959 943 2262 990 continentur.

382 1007 458 1051 AD
485 1020 673 1052 PR1MUM
701 1021 811 1066 ergo
838 1007 1096 1065 dicendum,
1123 1008 1246 1067 quod
1267 1007 1378 1053 illud
1400 1009 1591 1054 verbum
1613 1010 1861 1068 Augustini
1881 1010 2059 1056 videtur
2080 1011 2265 1057 essein·

292 1073 592 1132 telligendum
619 1074 675 1118 de
700 1074 847 1119 reditu
872 1085 1170 1134 peccatorum
1193 1085 1414 1135 quantum
1438 1077 1493 1120 ad
1514 1086 1693 1121 reatum
1714 1091 1892 1137 poenae
1913 1087 2124 1124 aeternae
2145 1079 2193 1123 in·
2213 1088 2264 1125 se

294 1141 649 1196 consideratum,
676 1142 780 1201 quia
806 1141 983 1186 scilicet
1007 1153 1111 1201 post
1126 1142 1456 1202 poenitentiam
1473 1157 1670 1202 peccans
1687 1145 1877 1190 incurrit
1891 1154 2068 1190 reatum
2084 1158 2263 1206 poenae

293 1218 518 1262 aeternae,
545 1209 661 1253 sicut
687 1220 731 1254 et
755 1209 901 1268 prius;
922 1223 1017 1254 non
1038 1219 1194 1254 tamen
1216 1210 1408 1254 omnino
1431 1221 1615 1270 propter
1637 1211 1850 1256 eamdem
1865 1213 2106 1257 rationem.
2125 1212 2261 1259 Unde

291 1275 487 1334 August.
513 1276 561 1320 in
586 1275 662 1320 lib.
690 1277 745 1320 de
771 1277 1164 1335 Responsionibus
1188 1276 1415 1336 Prosperi,
1458 1292 1565 1322 cum
1591 1278 1790 1334 dixisset,
1816 1280 1941 1338 quod
1969 1295 1994 1322 «
2018 1292 2115 1324 non
2135 1280 2184 1325 in
2204 1279 2263 1326 ἑο

293 1343 416 1400 quod
442 1343 685 1387 remissurn
711 1354 793 1398 est,
819 1343 993 1398 recidit,
1019 1358 1103 1387 nec
1130 1358 1213 1403 pro
1255 1344 1471 1403 originali
1509 1355 1702 1422 peccato
1729 1345 2020 1392 damnabitur
2043 1364 2088 1402 n,
2111 1347 2265 1392 subdit

294 1410 392 1466 (loc.
420 1412 540 1469 cit.):
572 1427 596 1452 «
625 1410 719 1463 Qui
745 1421 900 1455 tamen
926 1421 1110 1470 propter
1134 1421 1367 1470 postrema
1394 1412 1586 1456 crimina
1613 1426 1667 1457 ea
1692 1424 1843 1458 morte
1884 1412 2120 1470 afficietur,
2144 1427 2263 1475 quae

293 1478 334 1521 ei
359 1487 543 1536 propter
558 1477 651 1532 illa,
669 1492 785 1538 quae
803 1478 845 1521 ei
860 1478 1050 1522 remissa
1066 1488 1184 1533 sunt,
1207 1479 1453 1523 debebatur
1474 1495 1523 1522 ›>·
1514 1480 1649 1539 ,quia
1667 1480 1868 1525 scilicet'
1857 1481 2046 1559 incurrit
2061 1490 2259 1527 mortem

293 1554 540 1599 aeternam,
566 1560 705 1604 quam
731 1555 961 1590 meruerat
985 1559 1065 1605 per
1089 1557 1280 1605 peccata
1306 1548 1562 1605 praeterita.

381 1612 457 1655 AD
485 1625 747 1657 SECUNDUM
779 1612 1039 1666 dicendum,
1067 1613 1190 1672 quod
1218 1615 1263 1658 in
1289 1613 1380 1658 illis
1405 1614 1555 1659 verbis
1581 1628 1677 1658 non
1702 1614 1899 1660 intendit
1932 1614 2085 1660 dicere
2119 1615 2262 1671 Beda,

293 1679 415 1737 quod
442 1678 576 1738 culpa
602 1680 725 1739 prius
752 1680 939 1724 dimissa
963 1680 1206 1724 hominem
1233 1681 1464 1740 opprimat
1488 1695 1569 1741 per
1593 1682 1792 1727 reditum
1826 1678 1989 1728 reatus
2018 1681 2264 1743 praeteriti,

291 1746 370 1789 sed
397 1760 478 1804 per
500 1747 790 1791 iterationem
817 1757 958 1791 actus.
2138 1778 2151 1785 ,-

381 1813 456 1857 AD
485 1826 701 1858 TERTIUM
729 1814 987 1868 dicendum,
1014 1814 1137 1874 quod
1159 1829 1239 1874 per
1260 1829 1455 1875 sequens
1477 1826 1721 1874 peccatum
1741 1816 1941 1876 justitiae
1955 1817 2132 1878 priores
2153 1817 2265 1863 obli-

291 1880 418 1924 vioni
442 1882 692 1935 traduntur,
719 1882 987 1940 inquantum
1015 1893 1144 1926 erant
1159 1882 1394 1927 meritoria
1411 1883 1531 1927 vitae
1548 1893 1773 1938 aeternae,
1790 1898 1885 1928 non
1900 1892 2058 1930 tamen
2072 1884 2264 1945 inquan-

291 1957 390 1991 tum
418 1958 546 1992 erant
570 1948 863 2007 impeditivae
889 1949 1089 2007 peccati3
1117 1949 1237 1993 unde
1263 1949 1301 1994 si
1327 1949 1490 2009 aliquis
1515 1960 1676 2009 peccet
1710 1950 1979 2005 mortaliter,
2015 1961 2260 2012 postquam

291 2014 483 2059 restituit
508 2015 724 2069 debiturn,
746 2030 841 2059 non
864 2014 1056 2060 efficitur
1076 2031 1194 2071 reus,
1218 2017 1347 2077 quasi
1372 2016 1576 2061 debitum
1596 2032 1692 2062 non
1712 2017 2002 2074 reddidisset;
2034 2028 2080 2064 et
2115 2017 2263 2064 multo

292 2081 442 2125 minus
467 2082 656 2126 traditur
681 2082 902 2127 oblivioni
940 2084 1220 2142 poenitentia
1255 2084 1379 2143 prius
1420 2094 1536 2138 acta,
1578 2095 1801 2144 quantum
1841 2085 1898 2130 ad
1937 2086 2258 2134 remissionem

293 2148 468 2207 culpae,
496 2163 602 2192 cum
628 2150 836 2194 remissio
863 2149 1037 2208 culpae
1051 2151 1200 2210 magis
1225 2153 1283 2195 sit
1309 2165 1424 2211 opus
1450 2152 1552 2206 Dei,
1579 2166 1720 2211 quam
1745 2152 1964 2198 hominis.
2160 2186 2163 2192 «

381 2215 458 2260 AD
485 2229 723 2266 QUARTUM
750 2217 1009 2272 dicendum,
1036 2219 1158 2277 quod
1177 2218 1322 2277 gratia
1339 2218 1606 2277 simpliciter
1621 2218 1743 2264 tollit
1759 2218 2006 2275 maculam,
2023 2230 2070 2266 et
2083 2229 2262 2267 reatum

292 2296 468 2341 poenae
496 2293 730 2327 aeternae:
757 2285 870 2343 tegit
895 2295 1049 2328 autem
1077 2295 1204 2329 actus
1222 2286 1399 2344 peccati
1415 2287 1697 2345 praeteritos,
1715 2301 1774 2331 ne
1791 2285 1966 2332 scilicet
1980 2297 2167 2348 propter
2181 2301 2262 2332 eos

291 2349 417 2393 Deus
443 2350 684 2394 hominem
710 2352 854 2408 gratia
880 2354 1039 2410 privet,
1066 2362 1111 2397 et
1135 2367 1266 2397 reum
1282 2353 1451 2397 habeat
1465 2367 1643 2413 poenae
1661 2365 1898 2400 aeternae.
1917 2365 1963 2400 et
1976 2355 2101 2416 quod
2117 2356 2263 2416 gratia

291 2415 438 2461 semel
461 2416 584 2472 fecit,
609 2426 828 2477 perpetuo
855 2429 1024 2463 manet.

1010 2634 1445 2691 ARTICULUS
1478 2636 1549 2691 11.
2011 2683 2013 2686 .
2180 2664 2261 2713 537

417 2766 610 2805 UTRUM
650 2767 904 2806 PECCATA
937 2769 1156 2807 DIMISSA
1196 2771 1452 2810 REDEANT
1493 2773 1591 2811 PER
1626 2773 2132 2828 INGRATITUDINEM,

496 2849 645 2895 QUAE
668 2850 1022 2890 SPECIALITER
1041 2852 1142 2890 EST
1164 2852 1465 2892 SECUNDUM
1487 2854 1672 2893 ODIUM
1694 2854 2046 2908 FRATERNUM,
2082 2905 2087 2907 μ

552 2931 897 2970 APOSTASIAM
929 2933 964 2970 A
997 2933 1142 2984 FIDE,
1175 2934 1560 2974 CONTEMPTUM
1594 2937 2009 2989 CONFESSIONIS,

691 3014 763 3053 ET
804 3014 1070 3054 DOLOREM
1110 3016 1182 3053 DE
1222 3016 1600 3058 POENITENTIA
1640 3019 1864 3058 HABITA.

786 3138 846 3196 (4.
875 3140 984 3184 Dist.
1010 3154 1079 3185 22.
1105 3155 1144 3199 q.
1171 3155 1206 3185 1.
1234 3147 1316 3186 art.
1343 3157 1378 3186 1.
1405 3150 1517 3202 corp.
1544 3149 1580 3188 et
1605 3149 1686 3188 art.
1708 3144 1785 3204 3.).

380 3262 456 3306 An
489 3275 750 3308 SECUNDUM
783 3263 846 3308 sic
873 3265 1146 3324 proceditur.
1173 3264 1379 3321 Videtur,
1402 3268 1524 3327 quod
1548 3280 1736 3329 peccata
1758 3269 1945 3317 dimissa
1959 3283 2055 3316 non
2072 3269 2262 3317 redeant

291 3343 368 3387 per
394 3329 781 3388 ingratitudinem,
800 3345 916 3389 quae
933 3331 1189 3391 specialiter
1206 3342 1274 3377 est
1290 3335 1541 3380 secundum
1558 3343 1740 3395 quatuor
1756 3350 1926 3396 genera
1941 3347 2259 3398 peccatorum,

290 3394 464 3440 scilicet
489 3397 742 3440 secundum
769 3397 910 3442 odium
925 3398 1187 3457 fraternum,
1217 3403 1465 3459 apostasiam
1487 3417 1513 3447 a
1539 3403 1629 3458 fide,
1657 3408 1937 3465 contemptum
1979 3402 2257 3465 confessionis,

290 3473 333 3507 et
359 3462 540 3508 dolorem
563 3463 609 3509 de
624 3466 786 3523 poenit
780 3466 881 3509 ntia
907 3466 1066 3520 habita,
1094 3466 1346 3511 secundum
1373 3470 1494 3527 quod
1522 3470 1709 3530 quidam
1736 3469 1925 3516 metrice
1952 3470 2181 3523 dixerunt:

764 3563 935 3608 Fratres
959 3564 1058 3618 odit,
1086 3571 1275 3625 apostata
1290 3567 1360 3625 fit,
1382 3570 1616 3627 spernitque
1640 3569 1781 3626 fateri,

767 3631 1015 3677 Poenituisse
1028 3632 1157 3691 piget,
1178 3634 1362 3691 pristina
1389 3634 1514 3694 culpa
1539 3635 1660 3682 redit.
