2352 3926
596 202 877 250 QUAESTIO
918 202 1104 244 Lxxxx.
1144 201 1454 244 ARTICULUS
1493 202 1550 244 11.
1958 204 2060 259 741

0 348 23 410 ἱ
105 303 313 352 Christus
333 305 497 364 Judam
522 319 618 351 non
643 305 806 365 repulit
827 319 853 350 a
876 306 1219 362 communione,
1244 316 1294 351 ut
1319 305 1447 351 daret
1471 305 1748 366 exemplum,
1773 301 1888 350 tales
1909 318 2068 363 pecca-

102 380 227 421 ἴσκε
251 372 459 419 occultos
483 386 579 419 non
605 387 703 419 esse
730 373 784 418 ab
812 372 911 419 aliis
936 374 1248 419 sacerdotibus
1274 372 1580 434 expellendos.

159 462 163 467 ·
191 440 269 485 An
297 452 514 486 TERTmM
539 441 798 495 dicendum,
825 441 947 500 quod
974 441 1070 486 sine
1097 441 1234 486 dubio
1256 441 1393 500 Judas
1419 441 1500 486 sub
1528 455 1645 501 pane
1676 440 1868 486 intincto
1901 454 2066 499 corpus

102 506 275 554 Christi
300 522 394 553 non
419 508 627 568 sumpsit,
654 508 731 553 sed
758 508 1017 568 simplicem
1048 523 1230 568 panem.
1261 524 1285 550 «
1309 507 1601 567 Significatur
1627 518 1779 553 autem
1804 507 2066 559 fortassis»,

46 586 53 591 ·
99 583 150 619 ut
172 574 366 635 August.
392 576 560 621 ibidem
587 575 710 630 dicit,
738 592 762 618 «
788 590 869 635 per
894 576 1022 634 panis
1047 576 1368 620 intinctionem
1409 574 1532 619 fictio
1554 575 1720 632 Judae:
1747 585 1797 620 ut
1822 575 1947 620 enim
1973 573 2069 619 infi-

98 641 275 688 ciantur
298 642 534 697 nonnulla,
560 643 867 702 intinguntur:
895 643 932 687 si
959 653 1112 687 autem
1137 643 1311 687 bonum
1339 642 1508 701 aliquid
1533 643 1608 687 hic
1644 642 1872 702 significat
1904 641 2065 687 tinctio

24 757 26 760 ,
98 708 296 766 (scilicet
318 709 608 754 dulcedinem
633 710 847 754 bonitatis
874 709 1069 764 divinae,
1102 710 1209 768 quia
1233 709 1362 769 panis
1385 724 1439 754 ex
1458 710 1729 755 intinctione
1749 709 1952 770 sapidior
1970 709 2068 754 red·

97 775 253 834 ditur),
278 777 428 822 eidem
453 777 577 822 bono
603 777 832 836 ingratum
857 790 952 821 non
976 777 1209 821 immerito
1233 787 1300 821 est
1321 787 1477 821 secuta
1493 777 1727 822 damnatio
1744 793 1792 822 »z
1816 787 1861 822 et
1881 786 2067 837 propter

96 843 216 889 hanc
243 845 613 904 ingratitudinem
638 844 685 889 id
710 844 833 904 quod
859 854 926 889 est
951 843 1125 887 bonum
1157 842 1331 887 factum
1357 854 1425 888 est
1451 846 1492 888 ei
1518 844 1716 900 malum;
1750 844 1868 890 sicut
1901 843 2067 890 accidit

97 910 219 958 circa
242 922 474 957 sumentes
501 912 676 971 corpus
694 911 865 956 Christi
889 910 1098 968 indigne:
1118 920 1175 964 et,
1194 910 1311 955 sicut
1326 910 1520 969 August.
1546 912 1716 956 ibidem
1743 912 1865 966 dicit,
1890 928 1914 954 <t
1939 911 2067 956 intel·

95 976 333 1039 ligendum
358 989 439 1034 est,
465 979 590 1038 quod
614 978 844 1023 Dominus
870 979 965 1037 jam
991 987 1096 1022 ante
1131 978 1418 1022 distribuerat
1455 979 1667 1023 omnibus
1701 979 1934 1038 discipulis
1971 979 2066 1024 suis

95 1056 437 1093 sacramentum
465 1046 684 1106 corporis,
711 1055 756 1090 et
780 1045 1014 1104 sanguinis
1040 1045 1123 1100 sui,
1149 1045 1228 1089 ubi
1252 1055 1298 1090 et
1320 1046 1417 1105 ipse
1437 1045 1575 1104 Judas
1609 1057 1718 1101 erat,
1758 1047 1875 1091 sicut
1915 1047 2065 1091 Lucas

22 1166 25 1170 ,
94 1122 269 1160 narrat:
297 1127 351 1158 ac
376 1113 540 1158 deinde
566 1114 622 1157 ad
647 1112 738 1157 hoc
765 1123 955 1157 ventum
997 1122 1077 1167 est,
1119 1113 1196 1156 ubi
1235 1113 1488 1158 secundum
1527 1114 1839 1158 narrationem
1875 1114 2065 1172 Joannis

0 2605 37 2998 .ᾝ-ἨὛΡΜὙΓἭ’ΔΡ””
0 2565 12 2592 ''5''
0 2547 10 2557 θ
0 2498 6 2537 '⁷⁴'
1 2475 13 2485 T

12 3580 23 3623 v«
8 3340 28 3568 anaema-mm>
7 3279 17 3319 θ’
10 3207 15 3248 ⁴
4 3124 18 3171 *T*
4 3076 15 3109 *⁴³
5 3041 11 3061 ’Ἴ
3 3016 13 3026 ⁷
10 2995 24 3003 3

94 1180 324 1228 Dominus
342 1195 421 1241 per
436 1180 695 1226 buccellam
710 1182 915 1235 tinctam,
929 1190 1063 1240 atque
1079 1190 1339 1240 porrectam
1355 1195 1490 1225 suum
1507 1181 1717 1239 exprimit
1727 1181 2009 1241 proditorem
2022 1198 2063 1226 22.

792 1344 1228 1402 ARTICULUS
1263 1345 1363 1401 III.
1974 1372 2062 1422 492

273 1479 468 1519 UTRUM
507 1479 775 1523 CHRISTUS
817 1480 1136 1533 SUMPSERIT‚
1174 1481 1246 1520 ET
1288 1481 1595 1521 DISCIPULIS
1637 1481 1882 1522 DEDERIT

683 1564 893 1603 CORPUS
935 1564 1084 1602 SUUM
1124 1563 1478 1603 IMPASSIBILE.

401 1672 465 1731 (4.
483 1672 595 1718 Dist.
612 1688 671 1719 Π.
690 1688 728 1732 q.
742 1688 779 1733 3.
798 1678 880 1718 art.
899 1687 938 1718 2.
957 1679 994 1718 et
1011 1673 1121 1718 Dist.
1143 1685 1208 1719 12.
1227 1688 1265 1732 q.
1282 1689 1318 1719 ι.
1338 1679 1421 1719 art.
1434 1687 1471 1733 3.
1490 1687 1529 1732 q.
1546 1689 1581 1718 I.
1601 1674 1751 1733 corp).

183 1786 260 1831 AD
287 1797 504 1832 TERTIUM
530 1786 595 1831 sic
621 1787 896 1846 proceditur.
931 1786 1137 1841 Videtur,
1174 1786 1298 1845 quod
1333 1786 1543 1831 Christus
1578 1786 1837 1845 sumpserit,
1864 1796 1910 1831 et
1933 1785 2063 1831 disci·

93 1852 212 1913 pulis
237 1853 412 1898 dederit
436 1867 602 1913 corpus
628 1868 763 1898 suum
789 1854 1083 1914 impassibile,
1121 1854 1227 1913 quia
1253 1868 1388 1913 super
1412 1853 1524 1898 illud
1550 1854 1712 1898 Matth.
1745 1867 1836 1912 17.:
1882 1854 2064 1913 Transfi-

88 1927 262 1980 guratus
286 1927 343 1966 est
367 1927 462 1967 ante
486 1935 565 1974 eos,
593 1921 702 1966 dicit
728 1922 954 1981 quaedam
975 1921 1127 1966 Gloss.
1150 1920 1344 1980 (ordin.).·
1371 1937 1395 1963 «
1416 1920 1537 1965 Illud
1559 1935 1736 1980 corpus,
1759 1921 1882 1981 quod
1903 1921 2062 1966 habuit

90 2002 170 2049 per
186 1998 412 2043 naturam,
428 1988 552 2034 dedit
572 1989 803 2048 discipulis
821 1990 866 2034 in
894 2003 1054 2043 coena,
1070 2003 1166 2033 non
1191 1988 1400 2043 mortale,
1423 1999 1469 2033 et
1488 1989 1701 2048 passibile
1719 2005 1771 2044 »;
1793 2000 1838 2033 et
1855 1989 2000 2033 Levit.
2019 2002 2060 2033 2.

93 2070 227 2116 super
265 2055 401 2100 illud:
441 2057 489 2101 Si
529 2057 680 2101 oblatio
724 2063 797 2102 tua
829 2057 968 2116 fuerit
998 2056 1044 2101 de
1075 2058 1299 2115 sartagine,
1335 2056 1443 2100 dicit
1480 2056 1634 2101 Gloss.
1672 2056 1830 2114 (ordin.
1857 2057 2058 2116 Esych.).·

95 2139 120 2165 c<
148 2122 272 2168 Crux
298 2137 435 2183 super
460 2123 617 2168 omnia
642 2123 772 2168 fortis
799 2138 985 2169 carnem
1014 2123 1200 2178 Christi,
1227 2138 1344 2183 quae
1372 2134 1476 2168 ante
1511 2126 1773 2182 passionem
1807 2138 1903 2168 non
1940 2123 2063 2168 vide-

88 2190 221 2235 batur
246 2190 344 2235 esui
367 2201 486 2250 apta,
513 2201 618 2250 post
643 2201 797 2250 aptam
822 2190 928 2236 fecit
955 2207 1006 2238 »z
1033 2191 1111 2237 sed
1131 2190 1343 2236 Christus
1362 2191 1485 2235 dedit
1502 2205 1666 2250 corpus
1685 2206 1819 2235 suum
1837 2201 1886 2235 ut
1903 2201 2059 2250 aptum

53 2267 62 2276 ⁶
90 2257 147 2316 ad
172 2257 569 2313 manducandum;
596 2273 707 2318 ergo
735 2259 857 2303 dedit
881 2258 987 2314 tale,
1013 2258 1147 2318 quale
1173 2259 1331 2303 habuit
1355 2269 1459 2318 post
1485 2259 1762 2318 passionem,
1784 2258 1957 2303 scilicet
1978 2257 2061 2302 im-

88 2324 316 2385 passibile,
342 2335 388 2370 et
410 2325 689 2370 immortale.

177 2405 218 2439 2.
243 2392 542 2441 PRAETEREA.
571 2393 726 2439 Omne
754 2407 917 2453 corpus
944 2393 1157 2454 passibile
1182 2407 1264 2453 per
1290 2403 1570 2447 contactum,
1588 2402 1633 2438 et
1652 2393 2058 2438 manducationem

87 2461 277 2521 patitur:
303 2460 342 2506 si
367 2475 477 2521 ergo
507 2475 671 2521 corpus
698 2461 872 2514 Christi
897 2472 994 2507 erat
1018 2461 1245 2522 passibile,
1267 2475 1347 2521 per
1364 2471 1641 2520 contactum,
1661 2470 1704 2506 et
1721 2460 2057 2506 comestionem

88 2527 415 2588 discipulorum
439 2543 623 2589 passum
648 2527 819 2574 fuisset.

182 2609 220 2655 3.
265 2595 565 2642 PRAETEREA.
606 2595 759 2641 Verba
799 2595 1149 2642 sacramentalia
1189 2610 1284 2641 non
1325 2606 1431 2641 sunt
1470 2595 1612 2640 modo
1654 2595 1844 2656 majoris
1879 2595 2055 2639 virtutis

89 2663 273 2723 quando
298 2661 588 2723 proferuntur
612 2678 640 2709 a
665 2664 902 2710 sacerdote
932 2664 981 2709 in
1006 2678 1203 2724 persona
1229 2664 1417 2719 Christi,
1443 2679 1582 2727 quam
1614 2674 1722 2708 tunc
1750 2663 1932 2723 quando
1966 2661 2058 2707 fue-

88 2740 192 2775 runt
217 2729 396 2790 prolata
421 2730 476 2774 ab
502 2732 602 2790 ipso
630 2731 838 2776 Christo:
867 2731 946 2776 sed
971 2746 1093 2776 nunc
1119 2732 1282 2776 virtute
1309 2732 1555 2776 verborum
1581 2730 1983 2775 sacramentalium
2008 2730 2055 2774 in

88 2797 220 2844 altari
245 2807 538 2843 consecratur
563 2811 728 2858 corpus
755 2798 930 2844 Christi
953 2798 1247 2858 impassibile,
1274 2809 1319 2844 et
1343 2798 1629 2854 immortale3
1656 2812 1767 2857 ergo
1791 2797 1936 2842 multo
1959 2812 2056 2842 ma-

90 2869 159 2927 gis
184 2877 309 2913 tunc.

178 2935 273 2980 SED
301 2947 498 2981 CONTRA
516 2945 597 2989 est,
613 2935 752 2995 quod,
769 2936 885 2981 sicut
900 2935 1195 2982 Innocentius
1214 2937 1292 2981 III.
1311 2937 1422 2981 dicit
1435 2937 1528 2994 (lib.
1547 2950 1589 2993 4.
1608 2937 1674 2980 De
1693 2935 1862 2993 Myster.
1886 2933 2055 2988 Missae,

87 3010 179 3062 cap.
195 3017 261 3050 12.
276 3004 348 3048 sub
373 3004 445 3059 fin.
444 3003 485 3060 ),
517 3020 540 3045 «
566 3002 657 3048 tale
684 3017 849 3062 corpus
870 3013 978 3048 tunc
997 3004 1121 3048 dedit
1137 3004 1381 3063 discipulis,
1401 3003 1532 3063 quale
1550 3002 1709 3046 habuit
1726 3016 1774 3044 »z
1802 3000 1962 3045 habuit
1982 3014 2057 3044 au·

86 3079 181 3114 tem
204 3078 313 3115 tunc
341 3084 506 3129 corpus
533 3069 760 3129 passibile,
786 3080 831 3114 et
855 3070 1071 3126 mortale3
1099 3086 1209 3130 ergo
1246 3086 1412 3131 corpus
1448 3069 1673 3130 passibile,
1701 3079 1746 3113 et
1772 3066 1967 3112 mortale
1993 3068 2056 3112 di·

86 3135 272 3195 scipulis
299 3137 433 3181 dedit.

175 3203 464 3249 Rsssponoeo
492 3203 750 3259 dicendum,
777 3204 900 3263 quod
918 3205 1056 3264 Hugo
1078 3205 1134 3250 de
1153 3206 1324 3250 Sancto
1342 3204 1530 3249 Victore
1547 3205 1697 3262 posuit
1716 3202 1828 3259 (vide
1843 3203 2053 3263 Supplem.

86 3285 124 3331 q.
156 3285 218 3330 45.
245 3278 326 3316 art.
349 3273 424 3327 2.)‚
450 3271 571 3330 quod
598 3271 804 3315 Christus
828 3281 930 3315 ante
948 3275 1208 3330 passionem
1227 3272 1414 3316 diversis
1430 3271 1711 3330 temporibus
1729 3277 1909 3329 quatuor
1925 3270 2054 3314 dotes

87 3339 293 3396 corporis
336 3338 580 3397 glorificati
621 3339 930 3398 assumpserit,
982 3339 1157 3384 scilicet
1196 3339 1460 3384 subtilitatem
1493 3338 1539 3381 in
1579 3337 1829 3392 nativitate,
1869 3337 2052 3396 quando

88 3405 224 3450 exivit
249 3405 306 3451 de
333 3405 489 3450 clauso
518 3415 647 3450 utero
674 3404 897 3464 Virginis;
924 3407 1166 3464 agilitatem,
1191 3406 1373 3465 quando
1403 3404 1652 3449 ambulavit
1692 3405 1825 3449 siccis
1866 3404 2053 3463 pedibus

87 3485 222 3531 super
246 3485 397 3527 mare3
425 3473 656 3522 claritatem
682 3472 728 3516 in
762 3471 1181 3531 transfiguratione3
1207 3473 1580 3531 impassibilitatem
1610 3472 1657 3515 in
1684 3486 1845 3527 coena,
1866 3471 2051 3531 quando

88 3552 255 3598 corpus
284 3553 419 3585 suum
445 3538 676 3598 discipulis
701 3539 885 3588 tradidit
909 3540 1295 3585 manducandum.
1318 3540 1374 3584 Et
1396 3540 1647 3584 secundum
1669 3540 1759 3584 hoc
1783 3540 1904 3584 dedit
1925 3539 2053 3584 disci-

11 3608 26 3658 ,ἢ
87 3604 205 3664 pulis
229 3606 322 3652 suis
348 3620 513 3666 corpus
539 3621 674 3652 suum
699 3605 993 3666 impassibile,
1019 3617 1065 3653 et
1089 3607 1365 3652 immortale.
1394 3607 1483 3651 Sed
1510 3607 1726 3666 quidquid
1753 3607 1812 3652 sit
1846 3607 1902 3652 de
1934 3606 2049 3661 aliis,
