2352 3926
272 223 379 293 478
813 238 1091 283 QUAESTIO
1133 239 1261 277 Lvn.
1303 207 1611 279 ARTICULus
1646 242 1708 285 '11-

988 433 1423 492 ARTICULUS
1461 437 1532 493 ΙΙ.
2108 426 2231 517 511

454 570 649 607 UTRUM
690 570 1041 609 CONVENERIT
1084 571 1324 609 CHRISTO
1365 573 1685 612 ASCENDERE
1725 574 1780 612 IN
1821 574 2051 614 COELUM

804 653 1104 691 SECUNDUM
1145 654 1379 692 DIVINAM
1418 656 1702 693 NATURAM.
1752 653 1755 656 ’

583 759 633 817 (3.
662 761 775 805 Dist.
810 776 876 806 22.
905 777 943 820 q.
971 778 1008 821 3.
1043 769 1122 806 art.
1156 780 1191 808 Ι.
1225 763 1279 807 ad
1304 778 1343 808 2.
1372 770 1410 808 et
1435 772 1569 824 opusc.
1597 779 1636 809 2.
1661 773 1753 824 cap.
1779 765 1917 823 240).
1977 750 1981 753 γ

357 873 433 917 AD
462 887 725 918 SECUNDUM
751 874 814 917 sic
847 875 1120 933 proceditur.
1148 875 1354 929 Videtur,
1388 875 1509 934 quod
1549 877 1794 920 ascendere
1832 879 1878 921 in
1913 877 2097 922 coelum
2130 894 2235 925 con·

267 941 441 984 venerit
469 941 656 984 Christo
676 942 928 985 secundum
952 942 1154 986 divinam
1171 953 1406 986 naturam:
1432 943 1595 986 dicitur
1623 945 1745 988 enirn
1787 944 1907 988 Psal.
1925 945 2019 1000 46.:
2042 947 2240 992 Ascendit

267 1009 382 1051 Deus
407 1010 451 1051 in
472 1009 737 1066 jubilatione,
768 1018 812 1052 et
836 1009 1021 1052 Deuter.
1055 1023 1145 1067 33.:
1174 1011 1380 1054 Ascensor
1406 1011 1523 1064 coeli,
1549 1012 1780 1055 auxiliator
1807 1018 1899 1056 tuus
1917 1028 1931 1056 .-
1958 1012 2036 1056 sed
2062 1014 2147 1058 ista
2174 1014 2239 1066 di÷

270 1085 432 1118 cuntur
459 1076 513 1118 de
542 1076 644 1118 Deo
683 1076 821 1119 etiam
850 1086 952 1119 ante
989 1075 1160 1120 Christi
1201 1077 1597 1131 incarnationem;
1639 1092 1750 1136 ergo
1794 1078 1980 1124 Christo
2005 1081 2235 1125 ‘convenit

268 1142 515 1185 ascendere
542 1142 588 1185 in
617 1142 817 1196 coelum,
844 1143 1096 1186 secundum
1125 1144 1246 1201 quod
1273 1144 1412 1187 Deus.

358 1222 398 1254 2.
426 1209 723 1254 PRAETEREA.
752 1209 967 1267 Ejusdem
996 1220 1063 1253 est
1090 1211 1334 1253 ascendere
1361 1211 1405 1254 in
1427 1210 1610 1254 coelum
1638 1213 1764 1269 cujus
1788 1222 1855 1256 est
1887 1213 2235 1258 descendere-de

272 1276 421 1330 coelo,
449 1277 701 1320 secundum
728 1277 839 1320 illud
859 1277 990 1334 Joan.
1022 1290 1082 1335 3.·.
1110 1278 1243 1321 Nemo
1267 1278 1447 1322 ascendit
1472 1280 1516 1321 in
1549 1279 1719 1330 coelum,
1751 1281 1834 1323 nisi
1858 1281 1932 1337 qui
1956 1280 2002 1324 de
2033 1281 2140 1325 coelo
2172 1281 2235 1326 de-

265 1344 435 1397 scendit,
470 1354 514 1388 et
539 1343 703 1402 Ephes.
731 1356 797 1397 4:
844 1345 934 1400 Qui
960 1344 1174 1397 descendit,
1211 1346 1292 1402 ipse
1324 1351 1379 1388 est
1410 1351 1448 1389 et
1479 1347 1551 1403 qui
1583 1346 1787 1390 ascendit:
1817 1346 1895 1388 sed
1922 1346 2135 1392 Christus
2165 1347 2239 1392 de-

269 1411 443 1454 scendit
469 1410 523 1454 de
551 1411 699 1464 coelo,
722 1425 815 1453 non
843 1411 1094 1454 secundum
1121 1411 1243 1468 quod
1270 1411 1431 1464 homo,
1459 1411 1536 1454 sed
1554 1410 1806 1455 secundum
1823 1413 1946 1471 quod
1969 1413 2123 1460 Deus}
2140 1420 2236 1459 τισι)

267 1479 388 1522 enim
426 1479 629 1522 humana
666 1480 761 1535 ejus
797 1488 957 1521 natura
990 1488 1092 1521 ante
1134 1478 1180 1520 in
1218 1478 1351 1521 coelo
1388 1477 1547 1532 fuerat,
1583 1479 1662 1522 sed
1700 1479 1876 1534 divina3
1903 1493 2014 1539 ergo
2043 1481 2235 1536 videtur,

266 1546 388 1604 quod
419 1546 626 1590 Christus
655 1545 910 1589 ascenderit
959 1546 1005 1588 in
1033 1545 1230 1598 coelum,
1258 1546 1512 1589 secundum
1541 1547 1662 1605 quod
1693 1547 1830 1591 Deus.

358 1627 395 1670 3.
430 1613 731 1657 PRAETEREA.
760 1612 971 1656 Christus
1004 1627 1086 1655 sua
1120 1612 1388 1656 ascensione
1422 1614 1625 1657 ascendit
1651 1614 1705 1657 ad
1732 1614 1940 1660 Patrem:
1966 1615 2044 1660 sed
2072 1616 2126 1660 ad
2153 1618 2236 1662 Pa·

265 1681 343 1724 tris
373 1679 693 1738 aequalitatem
721 1694 815 1722 non
843 1680 1061 1738 pervenit,
1089 1681 1338 1723 secundum
1369 1681 1491 1738 quod
1517 1681 1687 1726 homo:
1712 1681 1776 1725 sic
1803 1682 1926 1725 enirn
1949 1682 2058 1727 dicit
2069 1688 2083 1728 τ’
2108 1684 2235 1729 Pater

265 1750 406 1806 major
432 1763 495 1791 me
520 1754 588 1800 est,
618 1756 667 1790 ut
691 1747 883 1790 habetur
902 1747 1032 1804 Joan.
1057 1759 1148 1801 14.;
1172 1760 1282 1805 ergo
1304 1747 1495 1802 videtur,
1515 1748 1637 1807 quod
1657 1748 1864 1793 Christus
1882 1743 2150 1805 ascenderit,
2172 1765 2239 1796 se-

267 1816 465 1858 cundum
495 1815 616 1873 quod
643 1815 784 1858 Deus.

357 1882 452 1926 SED
480 1894 676 1926 CONTRA
715 1891 795 1935 est,
829 1882 951 1940 quod
984 1881 1150 1940 Ephes.
1182 1895 1224 1937 4.
1258 1897 1392 1941 super
1423 1881 1558 1926 illud:
1589 1883 1715 1939 Quod
1747 1889 1883 1928 autem·
1914 1883 2107 1939 ascendit,
2130 1886 2236 1945 quid

266 1955 334 2003 est,
367 1951 448 1993 nisi
479 1951 579 2007 quia
611 1955 647 1993 et
677 1949 913 1994 descendit?
940 1949 1048 1992 dicit
1076 1949 1227 1993 Gloss.
1257 1950 1412 2005 (ordin.
1446 1950 1560 1994 Petri
1592 1951 1724 1994 Lomb
1729 1950 1786 2007 ..·)
1824 1949 2075 2006 «Constat,
2107 1952 2229 2012 quod

267 2016 520 2060 secundum
548 2016 883 2060 humanitatem
911 2017 1122 2061 Christus
1150 2018 1396 2070 descendit,
1424 2026 1469 2061 et
1495 2018 1755 2061 ascendit».

333 2084 644 2160 ’RESPONDEO
671 2084 930 2138 dicendum,
949 2085 1070 2142 quod
1098 2083 1144 2143 ly
1170 2085 1390 2160 sencundum
1420 2085 1510 2128 duo
1544 2095 1693 2161 potest
1717 2095 1901 2130 notare:
1929 2085 2104 2131 scilicet
2129 2091 2236 2165 con-

2076 2153 2157 2163 00000

267 2218 566 2271 ascendentis,
593 2223 699 2261 tunc
729 2218 973 2262 ascendere
998 2232 1093 2261 non
1120 2227 1268 2276 potest
1303 2219 1549 2263 convenire
1584 2219 1770 2264 Christo
1803 2219 2063 2264 secundum
2082 2221 2236 2266 condi·
2252 2229 2254 2231 ’

267 2286 442 2329 tionem
471 2285 649 2328 divinae
676 2295 879 2338 naturae,
901 2295 999 2328 tum
1026 2285 1131 2343 quia
1157 2285 1272 2328 nihil
1299 2296 1366 2329 est
1383 2286 1614 2330 divinitate
1634 2285 1781 2340 altius,
1799 2300 1891 2345 quo
1918 2287 2061 2346 possit
2081 2288 2236 2333 aseenss

268 2352 390 2405 dere,
430 2361 527 2395 tum
558 2352 696 2395 etiam
729 2352 834 2410 quia
868 2354 1075 2395 ascensio
1109 2362 1176 2395 est
1207 2362 1360 2395 motus
1393 2352 1567 2406 localis,
1601 2353 1679 2412 qui
1704 2354 1891 2397 divinae
1916 2363 2105 2399 naturae
2139 2358 2233 2400 non

269 2419 502 2478 competit,
529 2429 739 2477 quaeest
764 2420 1028 2473 immobilis,
1063 2430 1106 2463 et
1137 2419 1366 2463 inlocalis:
1401 2421 1478 2463 sed
1513 2434 1592 2479 per
1632 2421 1752 2464 hunc
1790 2421 1982 2464 modum
2022 2416 2230 2485 ascensio

267 2487 487 2544 competit
521 2485 708 2530 Christo
745 2487 997 2530 secundum
1036 2486 1289 2529 humanam
1323 2497 1547 2539 naturam,
1582 2500 1698 2545 quae
1742 2490 1999 2531 continetur
2031 2487 2154 2544 loco,
2182 2498 2234 2534 v'et

267 2553 413 2597 motui
445 2553 605 2610 subjici
638 2562 810 2611 potest;
838 2553 957 2595 unde
991 2553 1071 2595 sub
1105 2553 1195 2596 hoc
1230 2567 1363 2597 sensu
1397 2555 1647 2612 poterimus
1680 2554 1843 2608 dicere,
1870 2556 1993 2614 quod
2021 2556 2229 2602 Christus

267 2620 470 2665 ascendit
499 2620 546 2662 in
579 2619 777 2672 coelum,
811 2620 1063 2663 secundum
1105 2621 1226 2678 quod
1260 2621 1419 2674 homo,
1445 2635 1538 2664 non
1566 2622 1814 2665 secundum
1850 2622 1972 2681 quod
2005 2623 2154 2678 Deus3
2187 2624 2225 2668 si

265 2700 376 2731 vero
403 2686 450 2746 ly
475 2686 698 2731 secundum
725 2687 932 2744 designet
970 2700 1155 2730 causam
1189 2688 1482 2741 ascensionis,
1511 2702 1614 2731 cum
1650 2688 1859 2732 Christus
1885 2704 1940 2733 ex
1974 2683 2141 2735 'virtute
2170 2691 2234 2735 di-

266 2754 466 2801 vinitatis
493 2755 537 2797 in
573 2747 755 2797 coelum
789 2755 1055 2807 ascenderit,
1089 2767 1181 2797 non
1217 2763 1367 2798 autem
1402 2769 1455 2797 ex
1486 2755 1650 2799 virtute
1676 2755 2137 2811 humanaenaturae,
2170 2757 2235 2802 ‹li-²

268 2821 464 2866 cendum
492 2830 572 2874 est,
601 2821 721 2879 quod
757 2820 965 2864 Christus
999 2821 1201 2864 ascendit
1232 2821 1278 2864 in
1313 2821 1509 2875 coelum,
1543 2837 1636 2865 non
1670 2823 1888 2868 secudum
1920 2824 2042 2883 quod
2068 2824 2247 2880 homos

267 2888 346 2933 sed
382 2887 638 2932 secundum
674 2887 796 2946 quod
829 2887 979 2940 Deus;
1022 2887 1140 2931 unde
1179 2888 1372 2945 August
1407 2889 1515 2932 dicit
1556 2889 1600 2932 in
1635 2903 1769 2935 serm.
1814 2890 1870 2934 de
1907 2892 2097 2936 Ascens.
2118 2893 2230 2952 (qui

266 2963 323 3000 est
340 2955 433 3014 176.
461 2955 507 2999 de
533 2955 673 3014 Temp.
702 2969 727 2998 a
746 2954 835 2998 med
838 2954 900 3011 .,·)
926 2971 949 2995 «
968 2954 1038 2998 De
1061 2964 1219 2998 nostro
1241 2954 1338 3008 fuit,
1365 2957 1487 3014 quod
1507 2955 1644 3000 Filius
1662 2957 1751 3000 Dei
1767 2958 2013 3017 pependit
2001 2968 2059 3002 ιιι
2070 2964 2226 3014 cruce3

265 3022 344 3067 sed
372 3023 427 3066 de
453 3036 552 3076 suo,
579 3022 700 3080 quod
728 3022 986 3066 ascendit».
2166 3046 2173 3052 ·

357 3089 433 3134 An
466 3102 653 3134 PRIMUM
681 3103 791 3147 ergo
819 3089 1078 3142 dicendum,
1111 3089 1233 3148 quod
1267 3091 1559 3135 auctoritates
1591 3090 1696 3135 illae
1729 3091 1993 3152 prophetice
2019 3092 2230 3139 dicuntur

266 3157 322 3202 de
349 3158 469 3210 Deo,
497 3156 750 3201 secundum
783 3156 905 3215 quod
939 3166 1035 3199 erat
1061 3157 1386 3211 incarnandus3
1417 3168 1565 3216 potest
1596 3169 1751 3203 tamen
1784 3159 1889 3214 dici,
1915 3160 2043 3219 quod
2076 3162 2235 3206 asech:

267 3225 371 3268 dere
392 3224 475 3268 etsi
501 3237 595 3267 non
617 3226 797 3283 proprie
816 3224 1058 3268 conveniat
1080 3223 1259 3267 divinae
1282 3234 1485 3278 naturae,
1505 3235 1654 3284 potest
1675 3231 1828 3271 tamen
1842 3227 2233 3287 'eimetaphoriee'

268 3292 540 3345 convenire3
568 3302 702 3350 prout
728 3290 904 3335 scilicet
930 3290 1091 3334 dicitur
1118 3291 1162 3334 in
1191 3305 1270 3334 cor
1296 3291 1498 3336 hominis
1532 3293 1791 3347 ascendere,
1818 3293 2002 3353 quando
2031 3289 2236 3340 corbo-³

267 3359 402 3402 minis
419 3374 466 3403 se
486 3359 679 3416 subjicit,
698 3369 740 3402 et
763 3358 974 3402 humiliat
990 3358 1117 3411 Deo;
1145 3367 1189 3401 et
1211 3359 1374 3402 eodem
1404 3359 1544 3403 modo
1563 3359 1875 3419 metaphorice
1891 3360 2055 3406 dicitur
2076 3363 2233 3407 ascen}

269 3427 374 3470 dere
404 3437 610 3485 respectu
640 3426 879 3484 cujuslibet
906 3436 1152 3478 creaturae,
1181 3440 1231 3468 ex
1261 3439 1314 3468 eo
1343 3427 1464 3484 quod
1494 3441 1595 3470 eam
1627 3427 1808 3485 suincit
1833 3428 1929 3471 sibi.

357 3495 432 3538 AD
451 3507 710 3538 SECUNDUM
730 3493 990 3545 dicendum,
1008 3493 1129 3551 quod
1149 3493 1241 3551 ipse
1260 3493 1379 3535 idem
1399 3504 1465 3536 est
1483 3496 1555 3553 qui
1576 3495 1792 3548 ascendit,
1810 3505 1854 3539 et
1869 3494 1947 3554 qui
1969 3494 2225 3541 descendit:

268 3561 375 3604 dicit
405 3562 525 3605 enim
556 3561 674 3619 Aug.
703 3561 748 3604 in
776 3560 850 3605 lib.
877 3573 919 3615 4.
948 3561 1002 3604 de
1031 3559 1255 3619 Symbolo
1291 3559 1400 3619 (cap.
1430 3562 1491 3619 7.)
1506 3577 1518 3605 .·
1550 3561 1710 3613 «Quis
1742 3570 1822 3615 est,
1856 3561 1934 3621 qui
1963 3561 2224 3607 descendit?

266 3628 394 3671 Deus
420 3628 579 3671 homo.
616 3627 733 3680 Quis
761 3638 841 3682 est,
869 3626 944 3686 qui
977 3627 1205 3671 ascendit?
1234 3627 1360 3670 Idem
1387 3628 1480 3686 ipse
1507 3628 1632 3671 Deus
1658 3628 1804 3672 homo
1821 3645 1861 3672 >›.
1885 3628 2144 3674 Descensus
2164 3636 2227 3674 ta-

2343 3669 2352 3726 i
