<?xml version="1.0" encoding="UTF-8"?>
<!DOCTYPE html PUBLIC "-//W3C//DTD XHTML 1.0 Transitional//EN"
    "http://www.w3.org/TR/xhtml1/DTD/xhtml1-transitional.dtd">
<html xmlns="http://www.w3.org/1999/xhtml" xml:lang="en" lang="en">
 <head>
  <title>
</title>
<meta http-equiv="Content-Type" content="text/html;charset=utf-8" />
  <meta name='ocr-system' content='tesseract 3.04.00' />
  <meta name='ocr-capabilities' content='ocr_page ocr_carea ocr_par ocr_line ocrx_word'/>
</head>
<body>
  <div class='ocr_page' id='page_1' title='image "./divithomaeaquina04thom_0760.png"; bbox 0 0 2352 3926; ppageno 0'>
   <div class='ocr_carea' id='block_1_1' title="bbox 228 185 1703 256">
    <p class='ocr_par' dir='ltr' id='par_1_1' title="bbox 228 185 1703 256">
     <span class='ocr_line' id='line_1_1' title="bbox 228 185 1703 256; baseline -0.001 -19"><span class='ocrx_word' id='word_1_1' title='bbox 228 200 259 253; x_wconf 92' lang='lat'><strong>7</strong></span> <span class='ocrx_word' id='word_1_2' title='bbox 266 185 337 254; x_wconf 80' lang='lat'>56</span> <span class='ocrx_word' id='word_1_3' title='bbox 733 196 1012 246; x_wconf 80' lang='lat' dir='ltr'>QUAESTIQ</span> <span class='ocrx_word' id='word_1_4' title='bbox 1051 195 1258 236; x_wconf 79' lang='lat' dir='ltr'>Lxxxn.</span> <span class='ocrx_word' id='word_1_5' title='bbox 1299 191 1609 237; x_wconf 71' lang='lat' dir='ltr'>Anncums</span> <span class='ocrx_word' id='word_1_6' title='bbox 1649 197 1703 256; x_wconf 78' lang='lat' dir='ltr'>x.</span> 
     </span>
    </p>
   </div>
   <div class='ocr_carea' id='block_1_2' title="bbox 228 298 2202 1303">
    <p class='ocr_par' dir='ltr' id='par_1_2' title="bbox 228 298 2197 695">
     <span class='ocr_line' id='line_1_2' title="bbox 316 298 2191 358; baseline 0.001 -13"><span class='ocrx_word' id='word_1_7' title='bbox 316 300 393 344; x_wconf 82' lang='lat' dir='ltr'>An</span> <span class='ocrx_word' id='word_1_8' title='bbox 423 311 683 345; x_wconf 78' lang='lat' dir='ltr'>SECUNDUM</span> <span class='ocrx_word' id='word_1_9' title='bbox 707 298 970 353; x_wconf 86' lang='lat' dir='ltr'>dicendum,</span> <span class='ocrx_word' id='word_1_10' title='bbox 998 298 1122 358; x_wconf 93' lang='lat' dir='ltr'>quod</span> <span class='ocrx_word' id='word_1_11' title='bbox 1147 298 1363 343; x_wconf 85' lang='lat' dir='ltr'>sacerdos</span> <span class='ocrx_word' id='word_1_12' title='bbox 1385 309 1614 357; x_wconf 91' lang='lat' dir='ltr'>peccator,</span> <span class='ocrx_word' id='word_1_13' title='bbox 1642 299 1680 343; x_wconf 91' lang='lat' dir='ltr'>si</span> <span class='ocrx_word' id='word_1_14' title='bbox 1706 313 1786 358; x_wconf 89' lang='lat' dir='ltr'>per</span> <span class='ocrx_word' id='word_1_15' title='bbox 1810 300 2083 347; x_wconf 87' lang='lat' dir='ltr'>sententiam</span> <span class='ocrx_word' id='word_1_16' title='bbox 2107 300 2191 346; x_wconf 88' lang='lat' dir='ltr'>Ec-</span> 
     </span>
     <span class='ocr_line' id='line_1_3' title="bbox 229 365 2191 428; baseline 0 -16"><span class='ocrx_word' id='word_1_17' title='bbox 229 366 394 412; x_wconf 88' lang='lat' dir='ltr'>clesiae</span> <span class='ocrx_word' id='word_1_18' title='bbox 419 367 476 411; x_wconf 88' lang='lat' dir='ltr'>sit</span> <span class='ocrx_word' id='word_1_19' title='bbox 503 365 770 410; x_wconf 85' lang='lat' dir='ltr'>executione</span> <span class='ocrx_word' id='word_1_20' title='bbox 805 366 976 410; x_wconf 86' lang='lat' dir='ltr'><strong>ordinis</strong></span> <span class='ocrx_word' id='word_1_21' title='bbox 1001 366 1228 425; x_wconf 72' lang='lat' dir='ltr'>privatus,</span> <span class='ocrx_word' id='word_1_22' title='bbox 1255 365 1330 410; x_wconf 87' lang='lat' dir='ltr'>vel</span> <span class='ocrx_word' id='word_1_23' title='bbox 1356 365 1638 428; x_wconf 85' lang='lat' dir='ltr'>simpliciter,</span> <span class='ocrx_word' id='word_1_24' title='bbox 1673 365 1750 411; x_wconf 88' lang='lat' dir='ltr'>vel</span> <span class='ocrx_word' id='word_1_25' title='bbox 1780 366 1837 411; x_wconf 89' lang='lat' dir='ltr'>ad</span> <span class='ocrx_word' id='word_1_26' title='bbox 1867 376 2064 428; x_wconf 88' lang='lat' dir='ltr'>tempus,</span> <span class='ocrx_word' id='word_1_27' title='bbox 2093 367 2191 417; x_wconf 84' lang='lat' dir='ltr'>red-</span> 
     </span>
     <span class='ocr_line' id='line_1_4' title="bbox 228 430 2190 493; baseline 0 -13"><span class='ocrx_word' id='word_1_28' title='bbox 228 436 346 480; x_wconf 89' lang='lat' dir='ltr'>ditus</span> <span class='ocrx_word' id='word_1_29' title='bbox 364 444 431 478; x_wconf 90' lang='lat' dir='ltr'>est</span> <span class='ocrx_word' id='word_1_30' title='bbox 455 435 684 492; x_wconf 81' lang='lat' dir='ltr'>impotens</span> <span class='ocrx_word' id='word_1_31' title='bbox 712 432 767 476; x_wconf 90' lang='lat' dir='ltr'>ad</span> <span class='ocrx_word' id='word_1_32' title='bbox 794 432 1069 477; x_wconf 87' lang='lat' dir='ltr'>sacrificium</span> <span class='ocrx_word' id='word_1_33' title='bbox 1092 430 1394 487; x_wconf 89' lang='lat' dir='ltr'>offerendum,</span> <span class='ocrx_word' id='word_1_34' title='bbox 1420 443 1467 477; x_wconf 86' lang='lat' dir='ltr'>et</span> <span class='ocrx_word' id='word_1_35' title='bbox 1495 433 1600 478; x_wconf 91' lang='lat' dir='ltr'>ideo</span> <span class='ocrx_word' id='word_1_36' title='bbox 1634 433 1854 493; x_wconf 84' lang='lat' dir='ltr'>obligatio</span> <span class='ocrx_word' id='word_1_37' title='bbox 1878 433 2076 479; x_wconf 84' lang='lat' dir='ltr'>tollitur:</span> <span class='ocrx_word' id='word_1_38' title='bbox 2097 435 2190 480; x_wconf 85' lang='lat' dir='ltr'>hoc</span> 
     </span>
     <span class='ocr_line' id='line_1_5' title="bbox 230 499 2195 561; baseline 0.001 -15"><span class='ocrx_word' id='word_1_39' title='bbox 230 512 381 546; x_wconf 88' lang='lat' dir='ltr'>autem</span> <span class='ocrx_word' id='word_1_40' title='bbox 409 501 527 545; x_wconf 85' lang='lat' dir='ltr'>cedit</span> <span class='ocrx_word' id='word_1_41' title='bbox 553 500 636 544; x_wconf 90' lang='lat' dir='ltr'>sibi</span> <span class='ocrx_word' id='word_1_42' title='bbox 662 500 708 543; x_wconf 91' lang='lat' dir='ltr'>in</span> <span class='ocrx_word' id='word_1_43' title='bbox 742 499 1065 555; x_wconf 88' lang='lat' dir='ltr'>detrimentum</span> <span class='ocrx_word' id='word_1_44' title='bbox 1100 499 1342 559; x_wconf 89' lang='lat' dir='ltr'>spiritualis</span> <span class='ocrx_word' id='word_1_45' title='bbox 1378 500 1550 554; x_wconf 87' lang='lat' dir='ltr'>fructus</span> <span class='ocrx_word' id='word_1_46' title='bbox 1582 501 1745 560; x_wconf 84' lang='lat' dir='ltr'>magis,</span> <span class='ocrx_word' id='word_1_47' title='bbox 1777 515 1917 561; x_wconf 82' lang='lat' dir='ltr'>quarn</span> <span class='ocrx_word' id='word_1_48' title='bbox 1940 502 1990 546; x_wconf 80' lang='lat' dir='ltr'>in</span> <span class='ocrx_word' id='word_1_49' title='bbox 2021 501 2195 548; x_wconf 88' lang='lat' dir='ltr'>emolu-</span> 
     </span>
     <span class='ocr_line' id='line_1_6' title="bbox 229 565 2197 627; baseline 0.001 -14"><span class='ocrx_word' id='word_1_50' title='bbox 229 579 459 613; x_wconf 89' lang='lat' dir='ltr'>mentum:</span> <span class='ocrx_word' id='word_1_51' title='bbox 499 565 688 611; x_wconf 71' lang='lat' dir='ltr'>si&#39;vero</span> <span class='ocrx_word' id='word_1_52' title='bbox 721 580 816 610; x_wconf 91' lang='lat' dir='ltr'>non</span> <span class='ocrx_word' id='word_1_53' title='bbox 850 567 907 611; x_wconf 88' lang='lat' dir='ltr'>sit</span> <span class='ocrx_word' id='word_1_54' title='bbox 938 567 1140 626; x_wconf 90' lang='lat' dir='ltr'>privatus</span> <span class='ocrx_word' id='word_1_55' title='bbox 1172 577 1398 627; x_wconf 89' lang='lat' dir='ltr'>potestate</span> <span class='ocrx_word' id='word_1_56' title='bbox 1432 567 1706 623; x_wconf 88' lang='lat' dir='ltr'>celebrandi,</span> <span class='ocrx_word' id='word_1_57' title='bbox 1737 579 1833 613; x_wconf 85' lang='lat' dir='ltr'>non</span> <span class='ocrx_word' id='word_1_58' title='bbox 1864 568 2056 614; x_wconf 86' lang='lat' dir='ltr'>solvitur</span> <span class='ocrx_word' id='word_1_59' title='bbox 2085 568 2197 614; x_wconf 89' lang='lat' dir='ltr'>obli·</span> 
     </span>
     <span class='ocr_line' id='line_1_7' title="bbox 229 633 2194 695; baseline 0.001 -16"><span class='ocrx_word' id='word_1_60' title='bbox 229 636 375 695; x_wconf 86' lang='lat' dir='ltr'>gatio:</span> <span class='ocrx_word' id='word_1_61' title='bbox 402 648 487 678; x_wconf 90' lang='lat' dir='ltr'>nec</span> <span class='ocrx_word' id='word_1_62' title='bbox 506 644 660 678; x_wconf 89' lang='lat' dir='ltr'>tamen</span> <span class='ocrx_word' id='word_1_63' title='bbox 678 633 921 693; x_wconf 83' lang='lat' dir='ltr'>perplexus</span> <span class='ocrx_word' id='word_1_64' title='bbox 941 644 1022 688; x_wconf 90' lang='lat' dir='ltr'>est,</span> <span class='ocrx_word' id='word_1_65' title='bbox 1053 634 1159 694; x_wconf 89' lang='lat' dir='ltr'>quia</span> <span class='ocrx_word' id='word_1_66' title='bbox 1175 643 1326 694; x_wconf 87' lang='lat' dir='ltr'>potest</span> <span class='ocrx_word' id='word_1_67' title='bbox 1341 635 1396 679; x_wconf 92' lang='lat' dir='ltr'>de</span> <span class='ocrx_word' id='word_1_68' title='bbox 1415 644 1606 694; x_wconf 88' lang='lat' dir='ltr'>peccato</span> <span class='ocrx_word' id='word_1_69' title='bbox 1622 636 1870 695; x_wconf 89' lang='lat' dir='ltr'>poenitere,</span> <span class='ocrx_word' id='word_1_70' title='bbox 1889 646 1934 681; x_wconf 92' lang='lat' dir='ltr'>et</span> <span class='ocrx_word' id='word_1_71' title='bbox 1950 636 2194 686; x_wconf 87' lang='lat' dir='ltr'>celebrare.</span> 
     </span>
    </p>

    <p class='ocr_par' dir='ltr' id='par_1_3' title="bbox 228 701 2202 1303">
     <span class='ocr_line' id='line_1_8' title="bbox 317 701 2196 763; baseline 0.001 -17"><span class='ocrx_word' id='word_1_72' title='bbox 317 702 393 746; x_wconf 84' lang='lat' dir='ltr'>AD</span> <span class='ocrx_word' id='word_1_73' title='bbox 417 714 630 746; x_wconf 77' lang='lat' dir='ltr'>TERTIUM</span> <span class='ocrx_word' id='word_1_74' title='bbox 657 701 916 755; x_wconf 89' lang='lat' dir='ltr'>dicendum,</span> <span class='ocrx_word' id='word_1_75' title='bbox 949 702 1071 761; x_wconf 89' lang='lat' dir='ltr'>quod</span> <span class='ocrx_word' id='word_1_76' title='bbox 1098 702 1319 757; x_wconf 87' lang='lat' dir='ltr'>debilitas,</span> <span class='ocrx_word' id='word_1_77' title='bbox 1343 702 1417 746; x_wconf 87' lang='lat' dir='ltr'>vel</span> <span class='ocrx_word' id='word_1_78' title='bbox 1441 703 1676 762; x_wconf 81' lang='lat' dir='ltr'>aegritudo</span> <span class='ocrx_word' id='word_1_79' title='bbox 1703 703 2027 763; x_wconf 86' lang='lat' dir='ltr'>superveniens</span> <span class='ocrx_word' id='word_1_80' title='bbox 2045 705 2196 749; x_wconf 89' lang='lat' dir='ltr'>ordini</span> 
     </span>
     <span class='ocr_line' id='line_1_9' title="bbox 229 767 2194 831; baseline 0 -17"><span class='ocrx_word' id='word_1_81' title='bbox 229 767 497 814; x_wconf 87' lang='lat' dir='ltr'>sacerdotali</span> <span class='ocrx_word' id='word_1_82' title='bbox 524 769 731 812; x_wconf 89' lang='lat' dir='ltr'>ordinem</span> <span class='ocrx_word' id='word_1_83' title='bbox 749 782 843 813; x_wconf 93' lang='lat' dir='ltr'>non</span> <span class='ocrx_word' id='word_1_84' title='bbox 860 768 1004 824; x_wconf 84' lang='lat' dir='ltr'>tollit3</span> <span class='ocrx_word' id='word_1_85' title='bbox 1032 769 1349 814; x_wconf 83' lang='lat' dir='ltr'>executionem</span> <span class='ocrx_word' id='word_1_86' title='bbox 1374 779 1529 814; x_wconf 91' lang='lat' dir='ltr'>tamen</span> <span class='ocrx_word' id='word_1_87' title='bbox 1557 770 1728 814; x_wconf 87' lang='lat' dir='ltr'>ordinis</span> <span class='ocrx_word' id='word_1_88' title='bbox 1751 769 1871 815; x_wconf 87' lang='lat' dir='ltr'>tollit</span> <span class='ocrx_word' id='word_1_89' title='bbox 1889 770 1964 829; x_wconf 86' lang='lat' dir='ltr'>[al.</span> <span class='ocrx_word' id='word_1_90' title='bbox 1983 771 2194 831; x_wconf 83' lang='lat' dir='ltr'>impedit]</span> 
     </span>
     <span class='ocr_line' id='line_1_10' title="bbox 229 835 2198 899; baseline 0.002 -18"><span class='ocrx_word' id='word_1_91' title='bbox 229 846 449 898; x_wconf 89' lang='lat' dir='ltr'>quantum</span> <span class='ocrx_word' id='word_1_92' title='bbox 463 835 517 879; x_wconf 88' lang='lat' dir='ltr'>ad</span> <span class='ocrx_word' id='word_1_93' title='bbox 541 836 936 880; x_wconf 89' lang='lat' dir='ltr'>consecrationem</span> <span class='ocrx_word' id='word_1_94' title='bbox 949 836 1284 881; x_wconf 85' lang='lat' dir='ltr'>Eucharistiae:</span> <span class='ocrx_word' id='word_1_95' title='bbox 1305 837 1579 897; x_wconf 84' lang='lat' dir='ltr'>quandoque</span> <span class='ocrx_word' id='word_1_96' title='bbox 1595 838 1782 897; x_wconf 89' lang='lat' dir='ltr'>quidem</span> <span class='ocrx_word' id='word_1_97' title='bbox 1794 848 1978 899; x_wconf 79' lang='lat' dir='ltr'>propter</span> <span class='ocrx_word' id='word_1_98' title='bbox 1987 839 2198 899; x_wconf 84' lang='lat' dir='ltr'>impossi-</span> 
     </span>
     <span class='ocr_line' id='line_1_11' title="bbox 228 903 2199 968; baseline 0.002 -20"><span class='ocrx_word' id='word_1_99' title='bbox 228 904 451 948; x_wconf 90' lang='lat' dir='ltr'>bilitatem</span> <span class='ocrx_word' id='word_1_100' title='bbox 468 903 748 948; x_wconf 85' lang='lat' dir='ltr'>executionis</span> <span class='ocrx_word' id='word_1_101' title='bbox 761 919 773 958; x_wconf 94' lang='lat'>;</span> <span class='ocrx_word' id='word_1_102' title='bbox 790 904 909 948; x_wconf 91' lang='lat' dir='ltr'>sicut</span> <span class='ocrx_word' id='word_1_103' title='bbox 923 904 961 948; x_wconf 90' lang='lat' dir='ltr'>si</span> <span class='ocrx_word' id='word_1_104' title='bbox 976 904 1176 963; x_wconf 90' lang='lat' dir='ltr'>privetur</span> <span class='ocrx_word' id='word_1_105' title='bbox 1193 904 1352 960; x_wconf 89' lang='lat' dir='ltr'>oculis,</span> <span class='ocrx_word' id='word_1_106' title='bbox 1370 915 1448 968; x_wconf 85' lang='lat' dir='ltr'>aut</span> <span class='ocrx_word' id='word_1_107' title='bbox 1463 905 1629 964; x_wconf 89' lang='lat' dir='ltr'>digitis,</span> <span class='ocrx_word' id='word_1_108' title='bbox 1642 915 1719 950; x_wconf 91' lang='lat' dir='ltr'>aut</span> <span class='ocrx_word' id='word_1_109' title='bbox 1734 920 1819 951; x_wconf 90' lang='lat' dir='ltr'>usu</span> <span class='ocrx_word' id='word_1_110' title='bbox 1834 905 2199 966; x_wconf 62' lang='lat' dir='ltr'>linguaegquam</span> 
     </span>
     <span class='ocr_line' id='line_1_12' title="bbox 230 970 2200 1032; baseline 0.002 -16"><span class='ocrx_word' id='word_1_111' title='bbox 230 973 380 1030; x_wconf 89' lang='lat' dir='ltr'>doque</span> <span class='ocrx_word' id='word_1_112' title='bbox 402 980 555 1015; x_wconf 89' lang='lat' dir='ltr'>autem</span> <span class='ocrx_word' id='word_1_113' title='bbox 580 981 765 1030; x_wconf 87' lang='lat' dir='ltr'>propter</span> <span class='ocrx_word' id='word_1_114' title='bbox 790 970 1060 1031; x_wconf 90' lang='lat' dir='ltr'>periculum,</span> <span class='ocrx_word' id='word_1_115' title='bbox 1086 972 1202 1016; x_wconf 90' lang='lat' dir='ltr'>sicut</span> <span class='ocrx_word' id='word_1_116' title='bbox 1226 982 1350 1031; x_wconf 86' lang='lat' dir='ltr'>patet</span> <span class='ocrx_word' id='word_1_117' title='bbox 1375 972 1430 1017; x_wconf 93' lang='lat' dir='ltr'>de</span> <span class='ocrx_word' id='word_1_118' title='bbox 1457 986 1513 1017; x_wconf 93' lang='lat' dir='ltr'>eo</span> <span class='ocrx_word' id='word_1_119' title='bbox 1540 973 1617 1032; x_wconf 92' lang='lat' dir='ltr'>qui</span> <span class='ocrx_word' id='word_1_120' title='bbox 1636 975 1804 1031; x_wconf 86' lang='lat' dir='ltr'>patitur</span> <span class='ocrx_word' id='word_1_121' title='bbox 1829 973 2045 1028; x_wconf 77' lang='lat' dir='ltr'>morbum</span> <span class='ocrx_word' id='word_1_122' title='bbox 2066 973 2200 1031; x_wconf 65' lang='lat' dir='ltr'>cadu-</span> 
     </span>
     <span class='ocr_line' id='line_1_13' title="bbox 231 1037 2201 1101; baseline 0.003 -17"><span class='ocrx_word' id='word_1_123' title='bbox 231 1053 351 1092; x_wconf 90' lang='lat' dir='ltr'>cum,</span> <span class='ocrx_word' id='word_1_124' title='bbox 369 1037 444 1082; x_wconf 90' lang='lat' dir='ltr'>vel</span> <span class='ocrx_word' id='word_1_125' title='bbox 469 1039 607 1082; x_wconf 87' lang='lat' dir='ltr'>etiam</span> <span class='ocrx_word' id='word_1_126' title='bbox 625 1053 964 1099; x_wconf 88' lang='lat' dir='ltr'>quamcumque</span> <span class='ocrx_word' id='word_1_127' title='bbox 983 1038 1312 1084; x_wconf 88' lang='lat' dir='ltr'>alienationem</span> <span class='ocrx_word' id='word_1_128' title='bbox 1329 1040 1518 1086; x_wconf 83' lang='lat' dir='ltr'>mentis:</span> <span class='ocrx_word' id='word_1_129' title='bbox 1536 1041 1811 1101; x_wconf 88' lang='lat' dir='ltr'>quandoque</span> <span class='ocrx_word' id='word_1_130' title='bbox 1827 1051 2013 1101; x_wconf 74' lang='lat' dir='ltr'>propter</span> <span class='ocrx_word' id='word_1_131' title='bbox 2028 1041 2201 1098; x_wconf 70' lang='lat' dir='ltr'>abomi-</span> 
     </span>
     <span class='ocr_line' id='line_1_14' title="bbox 230 1106 2200 1170; baseline 0.003 -20"><span class='ocrx_word' id='word_1_132' title='bbox 230 1106 482 1161; x_wconf 90' lang='lat' dir='ltr'>nationem,</span> <span class='ocrx_word' id='word_1_133' title='bbox 523 1106 640 1151; x_wconf 90' lang='lat' dir='ltr'>sicut</span> <span class='ocrx_word' id='word_1_134' title='bbox 678 1116 804 1167; x_wconf 90' lang='lat' dir='ltr'>patet</span> <span class='ocrx_word' id='word_1_135' title='bbox 835 1106 891 1152; x_wconf 90' lang='lat' dir='ltr'>de</span> <span class='ocrx_word' id='word_1_136' title='bbox 922 1106 1123 1166; x_wconf 87' lang='lat' dir='ltr'>leproso,</span> <span class='ocrx_word' id='word_1_137' title='bbox 1150 1107 1227 1166; x_wconf 92' lang='lat' dir='ltr'>qui</span> <span class='ocrx_word' id='word_1_138' title='bbox 1258 1121 1353 1152; x_wconf 91' lang='lat' dir='ltr'>non</span> <span class='ocrx_word' id='word_1_139' title='bbox 1385 1107 1519 1152; x_wconf 90' lang='lat' dir='ltr'>debet</span> <span class='ocrx_word' id='word_1_140' title='bbox 1549 1108 1730 1167; x_wconf 90' lang='lat' dir='ltr'>publice</span> <span class='ocrx_word' id='word_1_141' title='bbox 1762 1109 2016 1166; x_wconf 81' lang='lat' dir='ltr'>celebrare3</span> <span class='ocrx_word' id='word_1_142' title='bbox 2048 1118 2200 1170; x_wconf 79' lang='lat' dir='ltr'>potest</span> 
     </span>
     <span class='ocr_line' id='line_1_15' title="bbox 230 1173 2202 1237; baseline 0.003 -20"><span class='ocrx_word' id='word_1_143' title='bbox 230 1184 389 1218; x_wconf 90' lang='lat' dir='ltr'>tamen</span> <span class='ocrx_word' id='word_1_144' title='bbox 415 1173 603 1218; x_wconf 88' lang='lat' dir='ltr'>missam</span> <span class='ocrx_word' id='word_1_145' title='bbox 637 1173 789 1219; x_wconf 89' lang='lat' dir='ltr'>dicere</span> <span class='ocrx_word' id='word_1_146' title='bbox 822 1173 1018 1229; x_wconf 88' lang='lat' dir='ltr'>occulte,</span> <span class='ocrx_word' id='word_1_147' title='bbox 1050 1174 1139 1218; x_wconf 90' lang='lat' dir='ltr'>nisi</span> <span class='ocrx_word' id='word_1_148' title='bbox 1169 1174 1295 1234; x_wconf 91' lang='lat' dir='ltr'>lepra</span> <span class='ocrx_word' id='word_1_149' title='bbox 1334 1174 1450 1219; x_wconf 91' lang='lat' dir='ltr'>adeo</span> <span class='ocrx_word' id='word_1_150' title='bbox 1486 1175 1742 1232; x_wconf 88' lang='lat' dir='ltr'>invaluerit,</span> <span class='ocrx_word' id='word_1_151' title='bbox 1769 1177 1892 1237; x_wconf 88' lang='lat' dir='ltr'>quod</span> <span class='ocrx_word' id='word_1_152' title='bbox 1929 1183 2014 1237; x_wconf 85' lang='lat' dir='ltr'>per&#39;</span> <span class='ocrx_word' id='word_1_153' title='bbox 2050 1190 2202 1235; x_wconf 77' lang='lat' dir='ltr'>corro-</span> 
     </span>
     <span class='ocr_line' id='line_1_16' title="bbox 232 1241 1696 1303; baseline 0.001 -16"><span class='ocrx_word' id='word_1_154' title='bbox 232 1241 413 1289; x_wconf 86' lang='lat' dir='ltr'>sionem</span> <span class='ocrx_word' id='word_1_155' title='bbox 439 1242 756 1287; x_wconf 89' lang='lat' dir='ltr'>membrorum</span> <span class='ocrx_word' id='word_1_156' title='bbox 783 1256 890 1287; x_wconf 91' lang='lat' dir='ltr'>eum</span> <span class='ocrx_word' id='word_1_157' title='bbox 913 1241 969 1287; x_wconf 90' lang='lat' dir='ltr'>ad</span> <span class='ocrx_word' id='word_1_158' title='bbox 995 1242 1086 1287; x_wconf 93' lang='lat' dir='ltr'>hoc</span> <span class='ocrx_word' id='word_1_159' title='bbox 1112 1241 1358 1287; x_wconf 87' lang='lat' dir='ltr'>reddiderit</span> <span class='ocrx_word' id='word_1_160' title='bbox 1378 1244 1696 1303; x_wconf 89' lang='lat' dir='ltr'>impotentem.</span> 
     </span>
    </p>
   </div>
   <div class='ocr_carea' id='block_1_3' title="bbox 1094 1439 1338 1446">
    <p class='ocr_par' dir='ltr' id='par_1_4' title="bbox 1094 1439 1338 1446">
     <span class='ocr_line' id='line_1_17' title="bbox 1094 1439 1338 1446; baseline 0 0"><span class='ocrx_word' id='word_1_161' title='bbox 1094 1439 1338 1446; x_wconf 43' lang='grc' dir='ltr'>-α-ὴ--ἡ-α-ι</span> 
     </span>
    </p>
   </div>
   <div class='ocr_carea' id='block_1_4' title="bbox 804 1625 1655 1704">
    <p class='ocr_par' dir='ltr' id='par_1_5' title="bbox 804 1625 1655 1704">
     <span class='ocr_line' id='line_1_18' title="bbox 804 1625 1655 1704; baseline 0.001 -17"><span class='ocrx_word' id='word_1_162' title='bbox 804 1625 1254 1704; x_wconf 75' lang='lat' dir='ltr'>QUAESTIO</span> <span class='ocrx_word' id='word_1_163' title='bbox 1300 1626 1655 1689; x_wconf 91' lang='lat' dir='ltr'>LXXXIII.</span> 
     </span>
    </p>
   </div>
   <div class='ocr_carea' id='block_1_5' title="bbox 607 1781 1837 1916">
    <p class='ocr_par' dir='ltr' id='par_1_6' title="bbox 607 1781 1837 1916">
     <span class='ocr_line' id='line_1_19' title="bbox 607 1781 1837 1836; baseline 0.002 -14"><span class='ocrx_word' id='word_1_164' title='bbox 607 1781 701 1823; x_wconf 90' lang='lat' dir='ltr'>DE</span> <span class='ocrx_word' id='word_1_165' title='bbox 765 1781 942 1823; x_wconf 92' lang='lat' dir='ltr'>RITU</span> <span class='ocrx_word' id='word_1_166' title='bbox 1008 1782 1248 1835; x_wconf 87' lang='lat' dir='ltr'>HUJUS</span> <span class='ocrx_word' id='word_1_167' title='bbox 1312 1783 1837 1836; x_wconf 87' lang='lat' dir='ltr'>SACRAMENTI,</span> 
     </span>
     <span class='ocr_line' id='line_1_20' title="bbox 824 1872 1650 1916; baseline 0.004 -4"><span class='ocrx_word' id='word_1_168' title='bbox 824 1872 890 1912; x_wconf 93' lang='lat' dir='ltr'>IN</span> <span class='ocrx_word' id='word_1_169' title='bbox 921 1872 1032 1913; x_wconf 91' lang='lat' dir='ltr'>SEX</span> <span class='ocrx_word' id='word_1_170' title='bbox 1063 1873 1396 1915; x_wconf 90' lang='lat' dir='ltr'>ARTICULOS</span> <span class='ocrx_word' id='word_1_171' title='bbox 1426 1875 1650 1916; x_wconf 88' lang='lat' dir='ltr'>DIVISA.</span> 
     </span>
    </p>
   </div>
   <div class='ocr_carea' id='block_1_6' title="bbox 329 2050 1687 2112">
    <p class='ocr_par' dir='ltr' id='par_1_7' title="bbox 329 2050 1687 2112">
     <span class='ocr_line' id='line_1_21' title="bbox 329 2050 1687 2112; baseline 0.001 -16"><span class='ocrx_word' id='word_1_172' title='bbox 329 2050 509 2096; x_wconf 90' lang='lat' dir='ltr'>Deinde</span> <span class='ocrx_word' id='word_1_173' title='bbox 537 2050 920 2097; x_wconf 90' lang='lat' dir='ltr'>considerandum</span> <span class='ocrx_word' id='word_1_174' title='bbox 948 2061 1017 2096; x_wconf 92' lang='lat' dir='ltr'>est</span> <span class='ocrx_word' id='word_1_175' title='bbox 1041 2051 1098 2097; x_wconf 88' lang='lat' dir='ltr'>de</span> <span class='ocrx_word' id='word_1_176' title='bbox 1123 2051 1211 2096; x_wconf 91' lang='lat' dir='ltr'>ritu</span> <span class='ocrx_word' id='word_1_177' title='bbox 1236 2051 1372 2112; x_wconf 83' lang='lat' dir='ltr'>hujus</span> <span class='ocrx_word' id='word_1_178' title='bbox 1398 2051 1687 2099; x_wconf 89' lang='lat' dir='ltr'>sacramenti.</span> 
     </span>
    </p>
   </div>
   <div class='ocr_carea' id='block_1_7' title="bbox 886 2164 1570 2224">
    <p class='ocr_par' dir='ltr' id='par_1_8' title="bbox 886 2164 1570 2224">
     <span class='ocr_line' id='line_1_22' title="bbox 886 2164 1570 2224; baseline 0.001 -15"><span class='ocrx_word' id='word_1_179' title='bbox 886 2165 945 2210; x_wconf 84' lang='lat' dir='ltr'>Et</span> <span class='ocrx_word' id='word_1_180' title='bbox 969 2166 1084 2210; x_wconf 83' lang='lat' dir='ltr'>circa</span> <span class='ocrx_word' id='word_1_181' title='bbox 1109 2164 1183 2210; x_wconf 83' lang='lat' dir='ltr'>hoc</span> <span class='ocrx_word' id='word_1_182' title='bbox 1209 2171 1468 2224; x_wconf 79' lang='lat' dir='ltr'>quaeruntur</span> <span class='ocrx_word' id='word_1_183' title='bbox 1486 2179 1570 2210; x_wconf 81' lang='lat' dir='ltr'>sex.</span> 
     </span>
    </p>
   </div>
   <div class='ocr_carea' id='block_1_8' title="bbox 250 2227 2081 2389">
    <p class='ocr_par' dir='ltr' id='par_1_9' title="bbox 250 2227 2118 2389">
     <span class='ocr_line' id='line_1_23' title="bbox 330 2227 2081 2317; baseline 0.004 -18"><span class='ocrx_word' id='word_1_184' title='bbox 330 2254 502 2300; x_wconf 88' lang='lat' dir='ltr'>Primo.</span> <span class='ocrx_word' id='word_1_185' title='bbox 527 2254 733 2300; x_wconf 85' lang='lat' dir='ltr'>Utrum‘</span> <span class='ocrx_word' id='word_1_186' title='bbox 721 2269 769 2299; x_wconf 82' lang='lat' dir='ltr'>in</span> <span class='ocrx_word' id='word_1_187' title='bbox 796 2254 1101 2300; x_wconf 90' lang='lat' dir='ltr'>celebrati0ne</span> <span class='ocrx_word' id='word_1_188' title='bbox 1126 2255 1260 2314; x_wconf 87' lang='lat' dir='ltr'>hujus</span> <span class='ocrx_word' id='word_1_189' title='bbox 1287 2255 1494 2315; x_wconf 88' lang='lat' dir='ltr'>mysterii</span> <span class='ocrx_word' id='word_1_190' title='bbox 1515 2255 1725 2302; x_wconf 90' lang='lat' dir='ltr'>Christus</span> <span class='ocrx_word' id='word_1_191' title='bbox 1749 2238 2062 2317; x_wconf 14' lang='lat' dir='ltr'>immoletur-&#39;¹‘</span> <span class='ocrx_word' id='word_1_192' title='bbox 2066 2227 2118 2251; x_wconf 25' lang='grc' dir='ltr'>’ξ</span> 
     </span>
     <span class='ocr_line' id='line_1_24' title="bbox 250 2322 1255 2389; baseline 0.002 -23"><span class='ocrx_word' id='word_1_193' title='bbox 250 2384 255 2389; x_wconf 32' lang='lat'><em>.</em></span> <span class='ocrx_word' id='word_1_194' title='bbox 333 2322 562 2367; x_wconf 90' lang='lat' dir='ltr'>Secundo.</span> <span class='ocrx_word' id='word_1_195' title='bbox 588 2323 661 2367; x_wconf 94' lang='lat' dir='ltr'>De</span> <span class='ocrx_word' id='word_1_196' title='bbox 687 2332 895 2381; x_wconf 92' lang='lat' dir='ltr'>tempore</span> <span class='ocrx_word' id='word_1_197' title='bbox 923 2322 1255 2368; x_wconf 88' lang='lat' dir='ltr'>celebrationis.</span> 
     </span>
    </p>
   </div>
   <div class='ocr_carea' id='block_1_9' title="bbox 334 2363 2266 2455">
    <p class='ocr_par' dir='ltr' id='par_1_10' title="bbox 334 2363 2266 2455">
     <span class='ocr_line' id='line_1_25' title="bbox 334 2363 2266 2455; baseline 0.001 -22"><span class='ocrx_word' id='word_1_198' title='bbox 334 2389 509 2434; x_wconf 88' lang='lat' dir='ltr'>Tertio.</span> <span class='ocrx_word' id='word_1_199' title='bbox 535 2391 608 2434; x_wconf 93' lang='lat' dir='ltr'>De</span> <span class='ocrx_word' id='word_1_200' title='bbox 634 2389 756 2444; x_wconf 92' lang='lat' dir='ltr'>loco,</span> <span class='ocrx_word' id='word_1_201' title='bbox 784 2400 827 2434; x_wconf 91' lang='lat' dir='ltr'>et</span> <span class='ocrx_word' id='word_1_202' title='bbox 853 2389 952 2434; x_wconf 89' lang='lat' dir='ltr'>aliis</span> <span class='ocrx_word' id='word_1_203' title='bbox 980 2405 1095 2450; x_wconf 83' lang='lat' dir='ltr'>quae</span> <span class='ocrx_word' id='word_1_204' title='bbox 1118 2391 1344 2450; x_wconf 88' lang='lat' dir='ltr'>pertinent</span> <span class='ocrx_word' id='word_1_205' title='bbox 1361 2390 1417 2434; x_wconf 90' lang='lat' dir='ltr'>ad</span> <span class='ocrx_word' id='word_1_206' title='bbox 1435 2363 1700 2450; x_wconf 84' lang='lat' dir='ltr'>apparatum</span> <span class='ocrx_word' id='word_1_207' title='bbox 1720 2391 1855 2451; x_wconf 88' lang='lat' dir='ltr'>hujus</span> <span class='ocrx_word' id='word_1_208' title='bbox 1877 2364 2210 2455; x_wconf 62' lang='lat' dir='ltr'>celebrationis.</span> <span class='ocrx_word' id='word_1_209' title='bbox 2258 2427 2266 2435; x_wconf 90' lang='lat'>.</span> 
     </span>
    </p>
   </div>
   <div class='ocr_carea' id='block_1_10' title="bbox 336 2457 2210 2667">
    <p class='ocr_par' dir='ltr' id='par_1_11' title="bbox 336 2457 2210 2654">
     <span class='ocr_line' id='line_1_26' title="bbox 336 2457 2203 2520; baseline 0.002 -19"><span class='ocrx_word' id='word_1_210' title='bbox 336 2457 531 2510; x_wconf 79' lang='lat' dir='ltr'>Quarto.</span> <span class='ocrx_word' id='word_1_211' title='bbox 558 2457 629 2502; x_wconf 92' lang='lat' dir='ltr'>De</span> <span class='ocrx_word' id='word_1_212' title='bbox 655 2458 726 2502; x_wconf 91' lang='lat' dir='ltr'>his</span> <span class='ocrx_word' id='word_1_213' title='bbox 753 2472 869 2517; x_wconf 89' lang='lat' dir='ltr'>quae</span> <span class='ocrx_word' id='word_1_214' title='bbox 896 2458 943 2502; x_wconf 90' lang='lat' dir='ltr'>in</span> <span class='ocrx_word' id='word_1_215' title='bbox 965 2457 1272 2503; x_wconf 87' lang='lat' dir='ltr'>celebratione</span> <span class='ocrx_word' id='word_1_216' title='bbox 1298 2459 1433 2518; x_wconf 88' lang='lat' dir='ltr'>hujus</span> <span class='ocrx_word' id='word_1_217' title='bbox 1460 2459 1664 2518; x_wconf 89' lang='lat' dir='ltr'>mysterii</span> <span class='ocrx_word' id='word_1_218' title='bbox 1690 2459 1914 2504; x_wconf 89' lang='lat' dir='ltr'>dicuntur.</span> <span class='ocrx_word' id='word_1_219' title='bbox 2198 2510 2203 2520; x_wconf 42' lang='grc' dir='ltr'><strong><em>Ι</em></strong></span> 
     </span>
     <span class='ocr_line' id='line_1_27' title="bbox 336 2526 2017 2587; baseline 0.002 -17"><span class='ocrx_word' id='word_1_220' title='bbox 336 2527 529 2580; x_wconf 85' lang='lat' dir='ltr'>Quinto.</span> <span class='ocrx_word' id='word_1_221' title='bbox 556 2527 628 2570; x_wconf 92' lang='lat' dir='ltr'>De</span> <span class='ocrx_word' id='word_1_222' title='bbox 653 2526 725 2571; x_wconf 92' lang='lat' dir='ltr'>his</span> <span class='ocrx_word' id='word_1_223' title='bbox 752 2541 878 2587; x_wconf 90' lang='lat' dir='ltr'>quae</span> <span class='ocrx_word' id='word_1_224' title='bbox 895 2527 1016 2571; x_wconf 91' lang='lat' dir='ltr'>circa</span> <span class='ocrx_word' id='word_1_225' title='bbox 1043 2526 1402 2571; x_wconf 89' lang='lat' dir='ltr'>celebrationem</span> <span class='ocrx_word' id='word_1_226' title='bbox 1427 2526 1562 2585; x_wconf 90' lang='lat' dir='ltr'>hujus</span> <span class='ocrx_word' id='word_1_227' title='bbox 1588 2527 1866 2572; x_wconf 86' lang='lat' dir='ltr'>sacramenti</span> <span class='ocrx_word' id='word_1_228' title='bbox 1889 2526 2017 2573; x_wconf 87' lang='lat' dir='ltr'>fiunt.</span> 
     </span>
     <span class='ocr_line' id='line_1_28' title="bbox 336 2579 2210 2667; baseline 0.002 -28"><span class='ocrx_word' id='word_1_229' title='bbox 336 2594 491 2639; x_wconf 83' lang='lat' dir='ltr'>Sexto.</span> <span class='ocrx_word' id='word_1_230' title='bbox 518 2595 590 2639; x_wconf 91' lang='lat' dir='ltr'>De</span> <span class='ocrx_word' id='word_1_231' title='bbox 613 2593 877 2649; x_wconf 85' lang='lat' dir='ltr'>defectibus,</span> <span class='ocrx_word' id='word_1_232' title='bbox 896 2594 974 2654; x_wconf 93' lang='lat' dir='ltr'>qui</span> <span class='ocrx_word' id='word_1_233' title='bbox 991 2594 1112 2639; x_wconf 90' lang='lat' dir='ltr'>circa</span> <span class='ocrx_word' id='word_1_234' title='bbox 1130 2594 1485 2639; x_wconf 89' lang='lat' dir='ltr'>celebrationem</span> <span class='ocrx_word' id='word_1_235' title='bbox 1507 2594 1642 2654; x_wconf 90' lang='lat' dir='ltr'>hujus</span> <span class='ocrx_word' id='word_1_236' title='bbox 1659 2595 1935 2641; x_wconf 86' lang='lat' dir='ltr'>sacramenti</span> <span class='ocrx_word' id='word_1_237' title='bbox 1951 2579 2210 2667; x_wconf 60' lang='lat' dir='ltr'>occurrunt.</span> 
     </span>
    </p>
   </div>
   <div class='ocr_carea' id='block_1_11' title="bbox 454 2767 2214 2975">
    <p class='ocr_par' dir='ltr' id='par_1_12' title="bbox 454 2767 2214 2979">
     <span class='ocr_line' id='line_1_29' title="bbox 964 2767 2214 2846; baseline -0.009 -18"><span class='ocrx_word' id='word_1_238' title='bbox 964 2771 1399 2831; x_wconf 90' lang='lat' dir='ltr'>ARTICULUS</span> <span class='ocrx_word' id='word_1_239' title='bbox 1442 2772 1486 2829; x_wconf 92' lang='grc' dir='ltr'>Ι.</span> <span class='ocrx_word' id='word_1_240' title='bbox 1894 2789 1897 2794; x_wconf 48' lang='lat'><em>2</em></span> <span class='ocrx_word' id='word_1_241' title='bbox 2040 2767 2214 2846; x_wconf 61' lang='lat'>‘&#39;504“</span> 
     </span>
     <span class='ocr_line' id='line_1_30' title="bbox 454 2905 2211 2975; baseline -0.002 -26"><span class='ocrx_word' id='word_1_242' title='bbox 454 2909 648 2949; x_wconf 85' lang='lat' dir='ltr'>UTRUM</span> <span class='ocrx_word' id='word_1_243' title='bbox 686 2910 744 2950; x_wconf 82' lang='lat' dir='ltr'>IN</span> <span class='ocrx_word' id='word_1_244' title='bbox 783 2908 902 2948; x_wconf 82' lang='lat' dir='ltr'>Hoc</span> <span class='ocrx_word' id='word_1_245' title='bbox 942 2908 1307 2950; x_wconf 81' lang='lat' dir='ltr'><strong>SACRAMENTO</strong></span> <span class='ocrx_word' id='word_1_246' title='bbox 1349 2909 1616 2948; x_wconf 77' lang='lat' dir='ltr'>CHRISTUS</span> <span class='ocrx_word' id='word_1_247' title='bbox 1657 2905 2053 2975; x_wconf 24' lang='lat' dir='ltr'>1MM0LETUR⁴;*,</span> <span class='ocrx_word' id='word_1_248' title='bbox 2144 2918 2148 2921; x_wconf 30' lang='lat'>⁸</span> <span class='ocrx_word' id='word_1_249' title='bbox 2188 2905 2211 2916; x_wconf 58' lang='lat'><em>⁰</em></span> 
     </span>
    </p>
   </div>
   <div class='ocr_carea' id='block_1_12' title="bbox 829 3020 1632 3081">
    <p class='ocr_par' dir='ltr' id='par_1_13' title="bbox 829 3020 1632 3081">
     <span class='ocr_line' id='line_1_31' title="bbox 829 3020 1632 3081; baseline -0.001 -15"><span class='ocrx_word' id='word_1_250' title='bbox 829 3020 958 3081; x_wconf 86' lang='lat' dir='ltr'>(Infr.</span> <span class='ocrx_word' id='word_1_251' title='bbox 985 3027 1068 3066; x_wconf 86' lang='lat' dir='ltr'>art.</span> <span class='ocrx_word' id='word_1_252' title='bbox 1093 3035 1132 3066; x_wconf 85' lang='lat'>2.</span> <span class='ocrx_word' id='word_1_253' title='bbox 1161 3028 1272 3080; x_wconf 81' lang='lat' dir='ltr'>corp.</span> <span class='ocrx_word' id='word_1_254' title='bbox 1299 3027 1335 3065; x_wconf 81' lang='lat' dir='ltr'>et</span> <span class='ocrx_word' id='word_1_255' title='bbox 1360 3021 1471 3067; x_wconf 84' lang='lat' dir='ltr'>adr.</span> <span class='ocrx_word' id='word_1_256' title='bbox 1496 3022 1632 3079; x_wconf 65' lang='lat' dir='ltr'>etz).</span> 
     </span>
    </p>
   </div>
   <div class='ocr_carea' id='block_1_13' title="bbox 253 3126 2219 3653">
    <p class='ocr_par' dir='ltr' id='par_1_14' title="bbox 253 3126 2218 3398">
     <span class='ocr_line' id='line_1_32' title="bbox 340 3126 2218 3196; baseline 0 -16"><span class='ocrx_word' id='word_1_257' title='bbox 340 3135 416 3180; x_wconf 75' lang='grc' dir='ltr'>ΑΒ</span> <span class='ocrx_word' id='word_1_258' title='bbox 443 3148 633 3182; x_wconf 72' lang='lat' dir='ltr'>PR1MUM</span> <span class='ocrx_word' id='word_1_259' title='bbox 655 3135 719 3182; x_wconf 89' lang='lat' dir='ltr'>sic</span> <span class='ocrx_word' id='word_1_260' title='bbox 736 3133 1008 3196; x_wconf 88' lang='lat' dir='ltr'>proceditur.</span> <span class='ocrx_word' id='word_1_261' title='bbox 1029 3133 1235 3188; x_wconf 87' lang='lat' dir='ltr'>Videtur,</span> <span class='ocrx_word' id='word_1_262' title='bbox 1252 3134 1399 3192; x_wconf 89' lang='lat' dir='ltr'>quod</span> <span class='ocrx_word' id='word_1_263' title='bbox 1388 3149 1434 3178; x_wconf 89' lang='lat' dir='ltr'>m</span> <span class='ocrx_word' id='word_1_264' title='bbox 1452 3133 1759 3179; x_wconf 88' lang='lat' dir='ltr'>celebratione</span> <span class='ocrx_word' id='word_1_265' title='bbox 1780 3132 1930 3194; x_wconf 81' lang='lat' dir='ltr'>huius</span> <span class='ocrx_word' id='word_1_266' title='bbox 1939 3126 2218 3189; x_wconf 64' lang='lat' dir='ltr'>sacramenta</span> 
     </span>
     <span class='ocr_line' id='line_1_33' title="bbox 255 3201 2217 3266; baseline 0.001 -17"><span class='ocrx_word' id='word_1_267' title='bbox 255 3202 462 3249; x_wconf 89' lang='lat' dir='ltr'>Christus</span> <span class='ocrx_word' id='word_1_268' title='bbox 489 3218 582 3249; x_wconf 90' lang='lat' dir='ltr'>non</span> <span class='ocrx_word' id='word_1_269' title='bbox 608 3203 894 3248; x_wconf 83' lang='lat' dir='ltr'>immoletur:</span> <span class='ocrx_word' id='word_1_270' title='bbox 921 3202 1085 3248; x_wconf 88' lang='lat' dir='ltr'>dicitur</span> <span class='ocrx_word' id='word_1_271' title='bbox 1110 3202 1234 3247; x_wconf 88' lang='lat' dir='ltr'>enim</span> <span class='ocrx_word' id='word_1_272' title='bbox 1261 3202 1398 3247; x_wconf 88' lang='lat' dir='ltr'>Hebr.</span> <span class='ocrx_word' id='word_1_273' title='bbox 1431 3217 1496 3247; x_wconf 90' lang='lat'>10.</span> <span class='ocrx_word' id='word_1_274' title='bbox 1524 3203 1646 3262; x_wconf 89' lang='lat' dir='ltr'>quod</span> <span class='ocrx_word' id='word_1_275' title='bbox 1677 3202 1866 3248; x_wconf 78' lang='lat' dir='ltr'>Christus</span> <span class='ocrx_word' id='word_1_276' title='bbox 1894 3215 1982 3250; x_wconf 80' lang='lat' dir='ltr'>una</span> <span class='ocrx_word' id='word_1_277' title='bbox 2009 3201 2217 3266; x_wconf 59' lang='grc' dir='ltr'>μὺῑαὶίοηι</span> 
     </span>
     <span class='ocr_line' id='line_1_34' title="bbox 253 3260 2216 3331; baseline -0.001 -15"><span class='ocrx_word' id='word_1_278' title='bbox 253 3286 525 3316; x_wconf 71' lang='lat' dir='ltr'>consummat</span> <span class='ocrx_word' id='word_1_279' title='bbox 528 3274 560 3316; x_wconf 71' lang='grc' dir='ltr'>ιι</span> <span class='ocrx_word' id='word_1_280' title='bbox 585 3273 630 3316; x_wconf 88' lang='lat' dir='ltr'>in</span> <span class='ocrx_word' id='word_1_281' title='bbox 649 3273 941 3331; x_wconf 81' lang='lat' dir='ltr'>sempiternum</span> <span class='ocrx_word' id='word_1_282' title='bbox 962 3271 1262 3329; x_wconf 82' lang='lat' dir='ltr'>sanctificatos:</span> <span class='ocrx_word' id='word_1_283' title='bbox 1291 3269 1370 3313; x_wconf 91' lang='lat' dir='ltr'>sed</span> <span class='ocrx_word' id='word_1_284' title='bbox 1398 3270 1474 3314; x_wconf 88' lang='lat' dir='ltr'>illa</span> <span class='ocrx_word' id='word_1_285' title='bbox 1502 3269 1674 3315; x_wconf 90' lang='lat' dir='ltr'>oblatio</span> <span class='ocrx_word' id='word_1_286' title='bbox 1700 3269 1785 3315; x_wconf 87' lang='lat' dir='ltr'>fuit</span> <span class='ocrx_word' id='word_1_287' title='bbox 1809 3269 1905 3329; x_wconf 83' lang='lat' dir='ltr'>ejus</span> <span class='ocrx_word' id='word_1_288' title='bbox 1919 3260 2216 3327; x_wconf 53' lang='lat' dir='ltr'>immolatum</span> 
     </span>
     <span class='ocr_line' id='line_1_35' title="bbox 255 3336 2004 3398; baseline 0.001 -15"><span class='ocrx_word' id='word_1_289' title='bbox 255 3339 466 3384; x_wconf 89' lang='lat' dir='ltr'>Christus</span> <span class='ocrx_word' id='word_1_290' title='bbox 494 3354 605 3398; x_wconf 89' lang='lat' dir='ltr'>ergo</span> <span class='ocrx_word' id='word_1_291' title='bbox 631 3354 725 3384; x_wconf 91' lang='lat' dir='ltr'>non</span> <span class='ocrx_word' id='word_1_292' title='bbox 751 3337 1054 3384; x_wconf 88' lang='lat' dir='ltr'>immolatur</span> <span class='ocrx_word' id='word_1_293' title='bbox 1043 3353 1090 3382; x_wconf 88' lang='lat' dir='ltr'>m</span> <span class='ocrx_word' id='word_1_294' title='bbox 1117 3337 1422 3382; x_wconf 84' lang='lat' dir='ltr'>celebratione</span> <span class='ocrx_word' id='word_1_295' title='bbox 1450 3338 1584 3397; x_wconf 88' lang='lat' dir='ltr'>hujus</span> <span class='ocrx_word' id='word_1_296' title='bbox 1610 3336 1922 3386; x_wconf 81' lang='lat' dir='ltr'>sacramenti</span> <span class='ocrx_word' id='word_1_297' title='bbox 2000 3381 2004 3387; x_wconf 89' lang='grc'><strong>,</strong></span> 
     </span>
    </p>

    <p class='ocr_par' dir='ltr' id='par_1_15' title="bbox 256 3390 2219 3653">
     <span class='ocr_line' id='line_1_36' title="bbox 344 3390 2219 3464; baseline -0.002 -12"><span class='ocrx_word' id='word_1_298' title='bbox 344 3421 384 3452; x_wconf 88' lang='lat'>2.</span> <span class='ocrx_word' id='word_1_299' title='bbox 411 3408 708 3452; x_wconf 76' lang='lat' dir='ltr'>PRAETEREA.</span> <span class='ocrx_word' id='word_1_300' title='bbox 735 3405 1001 3451; x_wconf 88' lang='lat' dir='ltr'>Immolatio</span> <span class='ocrx_word' id='word_1_301' title='bbox 1030 3404 1203 3451; x_wconf 88' lang='lat' dir='ltr'>Christi</span> <span class='ocrx_word' id='word_1_302' title='bbox 1228 3403 1348 3449; x_wconf 85' lang='lat' dir='ltr'>facta</span> <span class='ocrx_word' id='word_1_303' title='bbox 1375 3415 1443 3450; x_wconf 93' lang='lat' dir='ltr'>est</span> <span class='ocrx_word' id='word_1_304' title='bbox 1467 3405 1513 3449; x_wconf 91' lang='lat' dir='ltr'>in</span> <span class='ocrx_word' id='word_1_305' title='bbox 1547 3419 1696 3462; x_wconf 91' lang='lat' dir='ltr'>cruce,</span> <span class='ocrx_word' id='word_1_306' title='bbox 1718 3405 1765 3448; x_wconf 87' lang='lat' dir='ltr'>in</span> <span class='ocrx_word' id='word_1_307' title='bbox 1792 3418 1882 3464; x_wconf 84' lang='lat' dir='ltr'>qua</span> <span class='ocrx_word' id='word_1_308' title='bbox 1903 3390 2100 3452; x_wconf 63' lang='lat' dir='ltr'>tradidit</span> <span class='ocrx_word' id='word_1_309' title='bbox 2097 3417 2219 3457; x_wconf 74' lang='lat' dir='ltr'>semo-</span> 
     </span>
     <span class='ocr_line' id='line_1_37' title="bbox 256 3463 2215 3534; baseline -0.002 -16"><span class='ocrx_word' id='word_1_310' title='bbox 256 3475 405 3534; x_wconf 82' lang='lat' dir='ltr'>tipsum</span> <span class='ocrx_word' id='word_1_311' title='bbox 431 3474 698 3530; x_wconf 74' lang='lat' dir='ltr'>oblationem,</span> <span class='ocrx_word' id='word_1_312' title='bbox 725 3482 761 3519; x_wconf 82' lang='lat' dir='ltr'>et</span> <span class='ocrx_word' id='word_1_313' title='bbox 786 3475 963 3519; x_wconf 84' lang='lat' dir='ltr'>hostiam</span> <span class='ocrx_word' id='word_1_314' title='bbox 989 3473 1081 3518; x_wconf 82' lang='lat' dir='ltr'>Deo</span> <span class='ocrx_word' id='word_1_315' title='bbox 1114 3474 1158 3517; x_wconf 86' lang='lat' dir='ltr'>in</span> <span class='ocrx_word' id='word_1_316' title='bbox 1194 3471 1360 3517; x_wconf 81' lang='lat' dir='ltr'>odorem</span> <span class='ocrx_word' id='word_1_317' title='bbox 1398 3474 1637 3527; x_wconf 81' lang='lat' dir='ltr'>suavitatis,</span> <span class='ocrx_word' id='word_1_318' title='bbox 1671 3482 1720 3517; x_wconf 89' lang='lat' dir='ltr'>ut</span> <span class='ocrx_word' id='word_1_319' title='bbox 1760 3471 1922 3516; x_wconf 88' lang='lat' dir='ltr'>dicitur</span> <span class='ocrx_word' id='word_1_320' title='bbox 1956 3463 2130 3534; x_wconf 75' lang='lat' dir='ltr'>Ephes.</span> <span class='ocrx_word' id='word_1_321' title='bbox 2153 3482 2215 3533; x_wconf 60' lang='lat'>53:</span> 
     </span>
     <span class='ocr_line' id='line_1_38' title="bbox 257 3537 2217 3603; baseline -0.001 -16"><span class='ocrx_word' id='word_1_322' title='bbox 257 3542 407 3587; x_wconf 88' lang='lat' dir='ltr'>sedin</span> <span class='ocrx_word' id='word_1_323' title='bbox 434 3541 742 3588; x_wconf 89' lang='lat' dir='ltr'>celebratione</span> <span class='ocrx_word' id='word_1_324' title='bbox 768 3542 903 3601; x_wconf 86' lang='lat' dir='ltr'>hujus</span> <span class='ocrx_word' id='word_1_325' title='bbox 936 3539 1139 3601; x_wconf 84' lang='lat' dir='ltr'>mysterii</span> <span class='ocrx_word' id='word_1_326' title='bbox 1170 3538 1381 3585; x_wconf 87' lang='lat' dir='ltr'>Christus</span> <span class='ocrx_word' id='word_1_327' title='bbox 1417 3554 1511 3585; x_wconf 91' lang='lat' dir='ltr'>non</span> <span class='ocrx_word' id='word_1_328' title='bbox 1547 3539 1847 3600; x_wconf 81' lang='lat' dir='ltr'>crucifigitur3</span> <span class='ocrx_word' id='word_1_329' title='bbox 1874 3551 1984 3599; x_wconf 84' lang='lat' dir='ltr'>ergo</span> <span class='ocrx_word' id='word_1_330' title='bbox 2009 3548 2095 3603; x_wconf 80' lang='lat' dir='ltr'>nec</span> <span class='ocrx_word' id='word_1_331' title='bbox 2131 3537 2217 3586; x_wconf 81' lang='lat' dir='ltr'>im·</span> 
     </span>
     <span class='ocr_line' id='line_1_39' title="bbox 256 3607 2141 3653; baseline -0.001 0"><span class='ocrx_word' id='word_1_332' title='bbox 256 3607 469 3653; x_wconf 83' lang='lat' dir='ltr'>molatur.</span> <span class='ocrx_word' id='word_1_333' title='bbox 2026 3633 2028 3635; x_wconf 60' lang='lat'>&gt;</span> <span class='ocrx_word' id='word_1_334' title='bbox 2139 3630 2141 3632; x_wconf 93' lang='lat'>·</span> 
     </span>
    </p>
   </div>
   <div class='ocr_carea' id='block_1_14' title="bbox 2305 948 2352 3450">
    <p class='ocr_par' dir='ltr' id='par_1_16' title="bbox 2305 948 2352 3450">
     <span class='ocr_line' id='line_1_40' title="bbox 2305 948 2352 3450; baseline 0 0"><span class='ocrx_word' id='word_1_335' title='bbox 2305 948 2352 3450; x_wconf 95' lang='lat' dir='ltr'> </span> 
     </span>
    </p>
   </div>
  </div>
 </body>
</html>
