2352 3926
292 152 362 223 48
833 158 1110 207 QUAEsno
1151 157 1208 197 11.
1248 155 1556 196 ART1cuLus
1595 153 1689 193 ΧΠ.

291 269 370 314 sed
402 269 448 313 in
481 280 688 327 persona,
730 274 778 308 ut
819 263 991 307 dictum
1034 270 1103 305 est
1145 260 1248 317 (art.
1281 273 1320 304 2.
1354 259 1440 316 huj.
1474 258 1562 316 q.):
1608 255 1689 301 sed
1721 255 2078 316 unumquodque
2109 255 2252 301 deter-

293 337 490 380 minatur
516 349 541 378 a
565 332 783 384 termin03
815 343 924 388 ergo
951 328 1096 387 gratia
1129 327 1207 371 illa
1239 326 1387 384 magis
1419 324 1551 368 debet
1583 322 1674 367 dici
1703 322 1969 382 personalis,
2004 336 2144 382 quam
2174 336 2253 368 na-

291 403 461 448 turalis.
1514 398 1518 402 '

381 483 421 513 2.
439 469 733 513 PRAETEREA.
754 463 912 508 Gratia
939 461 1150 506 dividitur
1177 470 1335 505 contra
1360 468 1597 512 naturam3
1624 457 1740 501 sicut
1765 456 1974 515 gratuita,
2001 465 2249 516 quaesunt

293 551 318 580 a
343 537 461 588 Deo,
488 534 821 591 distinguuntur
848 539 1007 574 contra
1033 527 1270 581 naturalia,
1298 540 1414 585 quae
1442 535 1546 569 sunt
1572 539 1598 568 a
1622 523 1847 582 principio
1869 522 2153 570 intrinseco&
2169 522 2250 567 sed

292 616 466 655 eorum,
494 614 608 659 quae
636 613 689 642 ex
723 597 934 656 opposito
963 596 1235 648 dividuntur,
1269 607 1413 637 unum
1445 605 1539 635 non
1567 590 1887 636 denominatur
1912 590 1967 635 ab
1995 589 2112 644 alio;
2137 603 2250 649 ergo

293 669 436 729 gratia
465 666 634 712 Christi
664 679 758 708 non
787 674 854 709 est
880 664 922 707 ei
946 661 1177 706 naturalis.

385 750 420 793 3.
449 735 744 778 PRAETEREA.
770 729 989 775 Naturale
1017 730 1193 782 dicitur,
1221 727 1343 786 quod
1370 735 1437 770 est
1463 725 1718 770 secundum
1742 733 1974 770 naturam:
2000 722 2082 768 sed
2103 722 2250 782 gratia

294 801 473 845 unionis
499 814 592 844 non
620 808 688 843 est
712 797 928 842 naturalis
957 796 1142 841 Christo
1167 794 1420 840 secundum
1445 803 1656 836 naturam
1683 791 1909 846 divinam3
1925 791 2032 851 quia
2056 790 2121 836 sic
2144 804 2257 838 [COU-

294 869 467 913 veniret
493 867 590 910 aliis
617 866 845 924 personis:
879 878 962 908 nec
998 864 1136 907 etiam
1167 860 1385 906 naturalis
1413 870 1481 905 est
1507 860 1549 904 ei
1575 859 1828 904 secundum
1858 868 2071 905 naturam
2094 858 2256 903 huma-

294 950 424 989 nam3
452 934 555 994 quia
569 934 631 978 sic
651 932 916 976 conveniret
933 930 1144 975 omnibus
1170 928 1449 983 hominibus,
1477 927 1554 986 qui
1579 937 1684 971 sunt
1706 926 1911 986 ejusdem
1931 935 2121 973 naturae
2147 939 2255 969 cum

296 1003 422 1062 ipso;
447 1002 582 1061 igitur
607 997 797 1054 videtur,
825 999 945 1058 quod
971 997 1100 1041 nullo
1128 997 1269 1040 modo
1298 995 1443 1054 gratia
1469 994 1651 1038 unionis
1678 994 1735 1038 sit
1761 993 1948 1039 Christo
1973 991 2206 1038 naturalis.

386 1069 479 1114 SED
498 1081 692 1113 CONTRA
711 1077 791 1122 est,
811 1065 933 1125 quod
951 1064 1233 1123 Augustinus
1260 1063 1369 1106 dicit
1386 1062 1431 1106 in
1454 1061 1638 1105 Enchir.
1659 1060 1768 1121 (cap.
1785 1061 1899 1119 4⁰·)·‘
1915 1076 1940 1103 «
1955 1061 2009 1104 In
2024 1059 2256 1104 humanae

297 1146 485 1181 naturae
511 1134 798 1194 susceptione
824 1133 874 1176 fit
899 1130 1245 1191 quodammodo
1271 1130 1370 1189 ipsa
1402 1129 1546 1188 gratia
1578 1128 1645 1172 illi
1675 1128 1854 1172 homini
1879 1126 2114 1182 naturalis,
2139 1139 2257 1187 quae

297 1204 474 1248 nullum
500 1203 642 1263 possit
669 1201 903 1246 admittere
925 1208 1178 1259 peccatum.

383 1271 671 1316 RESPONDEO
699 1268 958 1321 dicendum,
985 1266 1107 1325 quod
1134 1265 1387 1310 secundum
1413 1263 1585 1308 Philos.
1613 1264 1659 1307 in
1690 1277 1726 1321 5.
1755 1262 2012 1326 Metaphys.
2047 1262 2149 1320 (tax.
2176 1262 2253 1321 5.),

296 1349 457 1383 natura
482 1352 563 1381 uno
595 1336 715 1380 modo
743 1335 905 1379 dicitur
929 1335 1026 1392 ipsa
1051 1333 1277 1386 nativitas,
1304 1332 1387 1376 alio
1414 1331 1535 1375 modo
1569 1330 1765 1375 essentia
1789 1327 2026 1385 reiihnde
2049 1327 2257 1375 naturale

295 1415 446 1465 potest
472 1404 639 1463 aliquid
666 1403 755 1446 dici
781 1402 1013 1461 dupliciter:
1041 1416 1123 1444 uno
1140 1399 1274 1454 modo,
1294 1398 1416 1458 quod
1435 1409 1501 1442 est
1521 1408 1699 1443 tantum
1722 1412 1777 1442 ex
1798 1391 2263 1458 principiilsseasentia-

295 1473 412 1517 libus
429 1472 507 1525 rei,
520 1472 636 1515 sicut
650 1470 746 1529 igni
762 1468 966 1513 naturale
984 1478 1052 1512 est
1068 1482 1246 1511 sursum
1264 1466 1390 1511 ferri:
1411 1467 1494 1510 alio
1511 1466 1631 1510 modo
1650 1465 1814 1510 dicitur
1825 1477 1924 1510 esse
1940 1463 2263 1511 homintnatu-
2333 1496 2336 1498 »

296 1539 404 1594 rale,
423 1539 545 1598 quod
563 1538 616 1581 ab
633 1538 730 1596 ipsa
745 1537 978 1580 nativitate
994 1535 1145 1588 habet,
1157 1534 1409 1578 secundum
1425 1533 1539 1577 illud
1556 1533 1720 1591 Ephes.
1733 1545 1796 1577 2.:
1813 1533 1999 1578 Eramus
2011 1531 2262 1591 natumfilii

296 1609 400 1660 irae,
425 1616 469 1650 et
495 1605 695 1664 Sapient.
717 1618 806 1662 13.:
825 1604 1016 1661 Nequam
1037 1609 1094 1646 est
1117 1603 1233 1646 natio
1255 1616 1412 1655 eorum,
1431 1607 1470 1646 et
1485 1601 1692 1645 naturalis
1708 1600 1876 1646 malitia
1890 1601 2096 1660 ipsorum:
2112 1597 2262 1657 gratia

298 1674 434 1733 igitur
462 1672 645 1724 Christi,
671 1671 766 1715 sive
793 1670 988 1723 unionis,
1015 1669 1110 1713 sive
1141 1668 1399 1722 habitualis,
1431 1682 1525 1712 non
1556 1677 1707 1727 potest
1741 1667 1833 1711 dici
1865 1665 2098 1720 naturalis,
2130 1666 2262 1725 quasi

301 1750 483 1786 causata
507 1754 560 1783 ex
586 1738 815 1797 principiis
841 1738 1071 1780 humanae
1096 1746 1284 1780 naturae
1309 1736 1357 1779 in
1380 1735 1592 1779 Christo:
1620 1734 1830 1794 quamvis
1854 1734 1997 1793 possit
2021 1733 2113 1781 dici
2133 1742 2262 1777 natu-

297 1808 417 1862 ralis,
444 1806 573 1866 quasi
597 1806 868 1865 proveniens
894 1805 941 1848 in
957 1814 1167 1848 naturam
1193 1803 1445 1846 humanam
1472 1802 1658 1856 Christi,
1681 1811 1896 1847 causante
1922 1800 2075 1846 divina
2098 1809 2262 1846 natura

232 1895 235 1898 ’
298 1876 460 1935 ipsius:
493 1873 654 1918 dicitur
686 1882 839 1916 autem
864 1870 1080 1916 naturalis
1104 1880 1292 1929 utraque
1320 1870 1464 1928 gratia
1490 1870 1536 1913 in
1571 1869 1774 1923 Christo,
1800 1869 2073 1928 inquantum
2098 1880 2203 1915 eam
2235 1880 2263 1911 a

300 1941 532 1986 nativitate
556 1940 734 1984 habuit:
754 1939 859 1998 quia
881 1933 935 1982 ab
961 1938 1090 1982 initio
1115 1937 1430 1996 conceptionis
1447 1936 1531 1980 fuit
1555 1947 1717 1980 natura
1733 1937 1935 1981 humana
1961 1935 2142 1981 divinae
2166 1949 2264 1996 per·
2338 1967 2340 1970 v

299 2022 442 2053 sonae
467 2009 604 2061 unita,
632 2017 675 2051 et
701 2007 853 2050 anima
879 2007 975 2064 ejus
1001 2005 1085 2049 fuit
1110 2018 1298 2048 munere
1326 2005 1495 2063 gratiae
1522 2003 1706 2063 repleta.

388 2076 463 2120 AD
489 2088 676 2120 PRIMUM
703 2089 811 2133 ergo
839 2074 1098 2127 dicendum,
1125 2073 1248 2131 quod
1281 2072 1389 2116 licet
1415 2072 1523 2115 unio
1550 2085 1646 2115 non
1678 2071 1734 2115 sit
1764 2070 1885 2114 facta
1910 2069 1958 2115 in
1983 2079 2160 2124 natura,
2193 2078 2264 2118 est

297 2154 452 2187 tamen
478 2152 659 2186 causata
686 2157 739 2186 ex
764 2142 927 2185 virtute
970 2140 1148 2184 divinae
1181 2149 1384 2192 naturae,
1410 2153 1527 2198 quae
1555 2148 1623 2183 est
1653 2152 1760 2183 vere
1786 2147 1947 2182 natura
1982 2137 2185 2183 Christi:
2217 2146 2265 2183 et

301 2213 437 2255 etiam
465 2210 677 2254 convenit
705 2210 888 2253 Christo
917 2224 941 2253 a
973 2207 1196 2267 principio
1230 2221 1338 2251 suae
1364 2206 1627 2250 nativitatis.
2239 2243 2241 2245 ,

391 2278 466 2322 An
494 2290 752 2321 SECUNDUM
780 2276 1037 2329 dicendum,
1061 2275 1182 2334 quod
1208 2288 1303 2318 non
1321 2274 1576 2319 secundum
1596 2273 1720 2318 idem
1746 2273 1910 2318 dicitur
1935 2272 2095 2332 gratia,
2120 2281 2166 2318 et
2189 2286 2265 2317 na-

300 2345 478 2390 turalis:
507 2344 584 2388 sed
612 2346 753 2403 gratia
786 2345 968 2403 quidem
1011 2343 1187 2397 dicitur,
1214 2343 1485 2401 inquantum
1517 2356 1611 2386 non
1639 2351 1706 2386 est
1731 2355 1786 2385 ex
1820 2341 2014 2386 merito:
2045 2340 2263 2385 naturalis

303 2422 455 2456 autem
479 2412 652 2464 dicitur,
669 2412 937 2470 inquantum
957 2420 1022 2455 est
1041 2426 1094 2455 ex
1120 2412 1283 2454 virtute
1303 2409 1481 2453 divinae
1507 2419 1697 2453 naturae
1714 2409 1761 2452 in
1786 2408 2071 2453 humanitate
2090 2406 2267 2454 Christi

304 2480 357 2524 ab
386 2481 482 2537 ejus
507 2478 752 2521 nativitate.
2254 2508 2255 2511 ,

393 2546 468 2590 AD
493 2558 707 2590 TERTmM
749 2545 1006 2599 dicendum,
1047 2545 1168 2604 quod
1197 2545 1340 2603 gratia
1372 2545 1554 2588 unionis
1596 2558 1691 2588 non
1725 2553 1792 2589 est
1822 2542 2043 2589 naturalis
2073 2542 2265 2591 Christo

304 2612 555 2658 secundum
581 2612 831 2655 humanam
857 2622 1080 2665 naturam,
1108 2613 1234 2671 quasi
1262 2627 1316 2656 ex
1334 2612 1565 2671 principiis
1591 2612 1824 2656 humanae
1850 2619 2039 2656 naturae
2065 2620 2266 2666 causata,

305 2690 350 2725 et
373 2680 478 2723 ideo
505 2693 598 2722 non
621 2688 812 2737 oportet,
839 2680 959 2738 quod
984 2680 1228 2723 conveniat
1250 2679 1461 2723 omnibus
1478 2679 1762 2723 hominibus:
1785 2688 1854 2723 est
1867 2678 2267 2725 tamennaturalis

305 2748 348 2792 ei
372 2747 622 2792 secundum
648 2747 898 2790 humanam
915 2757 1122 2791 naturam
1139 2756 1321 2807 propter
1339 2747 1664 2806 proprietatem
1683 2746 1932 2792 nativitatis
1951 2746 2106 2805 ipsius,
2131 2756 2267 2806 prout

304 2814 370 2878 sic
389 2823 636 2872 conceptus
663 2822 729 2857 est
761 2827 813 2857 ex
841 2814 1007 2872 Spiritu
1036 2814 1221 2869 Sancto,
1249 2825 1296 2859 ut
1323 2825 1440 2859 esset
1461 2815 1584 2859 idem
1605 2814 1823 2859 naturalis
1848 2812 1968 2859 filius
1990 2813 2095 2868 Dei,
2121 2823 2168 2859 et
2185 2813 2274 2859 ho,-

306 2881 465 2926 minis:
506 2880 757 2925 secundum
783 2895 890 2924 vero
919 2881 1117 2924 divinam
1145 2892 1352 2925 naturam
1381 2892 1448 2926 est
1474 2882 1516 2926 ei
1540 2881 1773 2936 naturalis,
1806 2881 2078 2941 inquantum
2112 2880 2268 2927 divina

304 2959 464 2993 natura
491 2958 556 2993 est
582 2947 852 3007 principium
880 2948 1077 2991 activum
1103 2949 1236 3006 hujus
1264 2951 1460 3008 gratiae3
1489 2960 1533 2994 et
1558 2950 1648 2994 hoc
1677 2949 1893 2994 convenit
1915 2948 2001 2994 toti
2026 2946 2267 3003 Trinitati3

306 3015 479 3061 scilicet
503 3015 637 3073 hujus
665 3014 834 3073 gratiae
863 3029 959 3059 esse
989 3015 1186 3059 activum
1213 3016 1498 3075 principium.
