2352 3926
581 209 860 256 Quasi-10
900 210 1107 251 xxxvn.
1148 210 1456 250 ARTICULUS
1497 210 1554 250 II.
1938 211 2045 267 317

0 311 10 328 ³
81 315 247 377 primus
270 328 445 374 egressus
468 320 524 360 est
553 313 600 359 de
629 320 745 360 utero
777 316 940 370 matris,
974 316 1095 373 rufus
1119 321 1224 371 erat,
1256 321 1294 360 et
1325 320 1428 360 totus
1453 315 1497 359 in
1524 328 1682 360 morem
1702 314 1825 375 pellis
1849 313 2044 373 hispidus,

84 387 279 426 vocatum
300 387 355 426 est
378 396 527 426 nomen
547 384 635 440 esus
658 381 788 436 Esau,
815 381 938 440 quod
964 382 1282 441 interpretatur
1307 382 1494 427 rubeus:
1521 382 1711 426 nomina
1737 391 1906 435 autem,
1929 394 2046 440 quae

84 447 382 507 imponuntur
409 447 632 507 aliquibus
659 448 885 502 divinitus,
913 461 1093 508 semper
1119 449 1379 506 significant
1396 449 1580 508 aliquod
1603 449 1850 508 gratuitum
1871 449 2044 493 donum

85 514 149 559 eis
167 514 378 559 divinitus
397 515 577 560 datum:
596 516 711 560 sicut
731 515 848 561 Gen.
871 528 935 573 17.
951 515 1124 558 dictum
1143 526 1211 559 est
1227 516 1463 559 Abrahae:
1490 517 1778 575 Appellaberis
1803 515 2043 567 Abraham,

10 633 17 640 ,
85 583 187 642 quia
206 589 376 642 patrem
401 583 634 628 multarum
657 584 843 641 gentium
875 584 1070 627 constitui
1103 589 1165 627 te:
1200 592 1245 626 et
1275 582 1436 626 Matth.
1475 580 1541 627 16.
1576 583 1747 627 dictum
1787 593 1855 627 est
1880 582 2045 628 Petro:

0 2996 5 3003 -
0 2954 6 2969 v
0 2579 25 2937 sffwftfflhfflfl'WYWffl-ssffl*
0 2416 18 2557 »nfra-,1⁷
0 2385 2 2388 v
0 2072 9 2123 ψ

91 648 156 694 Tu
177 663 214 694 es
230 649 390 703 Petrus,
409 655 446 695 et
460 657 580 709 super
596 650 702 694 hanc
720 650 886 694 Petram
904 649 1128 708 aedificabo
1147 649 1376 693 Ecclesiam
1393 663 1529 693 meam
1540 665 1556 702 ;
1586 650 1690 708 quia
1703 650 1839 709 igitur
1857 649 2045 695 Christo

84 715 175 760 hoc
202 730 367 760 munus
394 718 565 774 gratiae
593 715 814 761 collatum
840 725 949 770 erat,
975 726 1025 760 ut
1051 730 1130 775 per
1155 716 1304 775 ipsum
1333 730 1495 760 omnes
1512 716 1807 771 salvarentur,
1826 717 1931 761 ideo
1950 731 2044 761 eon-

82 784 292 828 venienter
314 790 509 828 vocatum
534 789 588 828 est
612 798 762 828 nomen
787 786 873 842 ejus
892 784 1018 840 Jesus,
1046 784 1163 827 idest
1183 783 1396 838 Salvator,
1420 782 1585 842 angelo
1613 783 1704 827 hoc
1731 798 1903 828 nomen
1920 798 2049 843 prae-

83 851 332 904 nuntiante,
350 865 444 895 non
470 849 622 894 solum
648 850 795 904 matri,
818 851 896 894 sed
924 850 1061 908 etiam
1083 850 1269 909 Joseph,
1288 849 1366 909 qui
1389 860 1484 894 erat
1507 849 1682 894 futurus
1705 852 1801 908 ejus
1822 851 2045 895 nutritius.

174 917 251 962 AD
281 930 469 963 PRIMUM
501 931 611 976 ergo
649 917 908 970 dicendum,
935 917 1058 976 quod
1094 918 1141 960 in
1178 917 1390 961 omnibus
1421 916 1509 961 illis
1535 917 1797 962 nominibus
1824 918 2044 977 quodam-

84 984 226 1029 modo
252 984 530 1044 significatur
556 985 644 1028 hoc
671 999 847 1028 nomen
868 986 996 1041 Jesus,
1026 984 1147 1043 quod
1175 994 1243 1028 est
1268 984 1621 1042 significativum
1649 984 1828 1039 salutis;
1861 999 1968 1029 narn
1995 985 2044 1028 in

83 1052 174 1096 hoc
200 1052 322 1111 quod
355 1052 518 1096 dicitur
557 1053 822 1106 Emmanuel,
852 1053 974 1111 quod
1010 1052 1341 1110 interpretatur,
1375 1053 1588 1096 nobiscum
1621 1053 1748 1105 Deus,
1779 1052 2044 1110 designatur

84 1133 222 1164 causa
246 1119 419 1173 salutis,
449 1133 565 1179 quae
593 1129 660 1163 est
696 1119 804 1163 unio
842 1119 1035 1172 divinae,
1060 1129 1104 1163 et
1134 1119 1365 1163 humanae
1401 1130 1590 1163 naturae
1628 1119 1674 1162 in
1715 1133 1910 1178 persona
1941 1118 2043 1163 Filii

82 1186 186 1241 Dei,
211 1200 291 1246 per
316 1200 453 1246 quam
480 1185 651 1231 factum
677 1196 757 1240 est,
784 1196 832 1230 ut
857 1187 983 1230 Deus
1017 1196 1136 1230 esset
1167 1186 1423 1241 nobiscum,
1456 1187 1584 1245 quasi
1611 1187 1834 1245 particeps
1860 1196 2044 1230 nostrae

81 1264 292 1299 naturae:
325 1268 404 1314 per
428 1254 518 1298 hoc
553 1263 705 1298 autem
739 1254 862 1313 quod
894 1254 1078 1299 dicitur:
1121 1254 1231 1298 Voca
1262 1268 1412 1298 nomen
1444 1257 1543 1312 ejus,
1578 1254 1777 1307 accelera,
1811 1254 1944 1313 spolia
1971 1253 2039 1297 de-

84 1322 217 1376 trahe,
241 1331 341 1375 etc„
368 1321 645 1380 designatur,
673 1335 698 1365 a
715 1335 806 1380 quo
822 1335 908 1365 nos
925 1320 1130 1374 salvavit,
1150 1321 1255 1380 quia
1274 1335 1300 1364 a
1317 1320 1518 1375 diabolo,
1537 1322 1664 1379 cujus
1681 1320 1829 1379 spolia
1847 1320 2043 1374 abstulit,

82 1388 334 1438 secundum
358 1387 470 1432 illud
505 1387 663 1433 Colos.
698 1401 761 1433 2.:
796 1389 1025 1448 Expolians
1049 1390 1327 1448 principatus,
1368 1394 1405 1433 et
1428 1394 1657 1448 potestates,
1695 1387 1886 1432 traduxit
1917 1389 2042 1446 confi-

82 1457 247 1502 denter:
273 1456 320 1500 in
336 1456 427 1500 hoc
451 1465 603 1500 autem
622 1455 743 1514 quod
762 1455 948 1500 dicitur:
985 1456 1212 1500 Vocabitur
1232 1470 1381 1500 nomen
1398 1458 1485 1514 ejus
1505 1454 1786 1509 admirabilis,
1808 1464 1909 1508 etc.,
1933 1454 2045 1498 desi-

83 1533 247 1582 gnatur
256 1523 344 1577 via,
357 1533 402 1568 et
418 1523 639 1567 terminus
654 1533 837 1567 nostrae
856 1522 1027 1577 salutis;
1045 1523 1313 1582 inquantum
1335 1522 1510 1567 scilicet
1524 1521 1779 1566 admirabili
1792 1521 2039 1566 divinitatis

84 1589 293 1643 consilio,
319 1600 362 1634 et
386 1589 550 1633 virtute
578 1590 633 1634 ad
654 1589 983 1633 haereditatem
1000 1588 1137 1633 futuri
1155 1589 1326 1633 saeculi
1343 1589 1648 1649 perducimur,
1676 1590 1720 1633 in
1740 1603 1831 1648 quo
1850 1589 1933 1633 erit
1955 1603 2041 1648 pax

83 1657 282 1718 perfecta
308 1657 507 1702 filiorum
533 1657 622 1701 Dei
653 1657 734 1701 sub
767 1657 867 1715 ipso
900 1657 1103 1716 principe
1136 1657 1263 1700 Deo:
1297 1657 1419 1716 quod
1451 1670 1562 1701 vero
1595 1656 1782 1701 dicitur:
1814 1657 1920 1701 Ecce
1950 1657 2039 1711 vir,

87 1726 239 1772 Oriens
269 1741 420 1770 nomen
451 1728 550 1782 ejus,
580 1725 635 1769 ad
662 1725 785 1769 idem
811 1723 1015 1778 refertur,
1049 1724 1104 1768 ad
1138 1724 1261 1783 quod
1293 1724 1506 1784 primum,
1539 1723 1714 1768 scilicet
1747 1723 1803 1767 ad
1834 1723 2044 1767 Incarna-

95 1793 233 1838 tionis
273 1792 556 1852 mysterium,
588 1792 838 1836 secundum
871 1792 993 1851 quod
1026 1798 1214 1837 exortum
1244 1799 1301 1837 est
1339 1794 1385 1836 in
1411 1792 1585 1837 tenebris
1621 1791 1757 1836 lumen
1781 1793 1901 1836 rectis
1925 1790 2046 1836 corde

85 1859 225 1919 (Psal.
258 1860 390 1917 111.).

171 1928 247 1973 AD
279 1939 539 1973 SECUNDUM
572 1926 831 1981 dicendum,
864 1925 986 1986 quod
1022 1926 1108 1980 his,
1145 1926 1222 1985 qui
1252 1925 1435 1970 fuerunt
1467 1935 1570 1970 ante
1609 1925 1862 1980 Christum,
1895 1925 2044 1985 potuit

84 1994 330 2040 convenire
365 1994 456 2038 hoc
491 2007 664 2038 nomen
683 1995 798 2050 Jesus
834 1993 1086 2037 secundum
1113 1993 1315 2052 aliquam
1352 1993 1490 2036 aliam
1516 1993 1768 2047 rationem3
1804 2002 1911 2051 puta
1938 1993 2043 2051 quia

84 2060 284 2121 aliquam
309 2061 645 2121 particularem,
669 2070 714 2105 et
738 2060 1042 2120 temporalem
1069 2060 1264 2104 salutem
1291 2059 1559 2105 attulerunt:
1588 2061 1666 2104 sed
1694 2061 1947 2104 secundum
1981 2074 2046 2104 ra-

82 2129 259 2174 tionem
279 2122 536 2188 spiritualis,
560 2138 605 2172 et
638 2127 904 2172 universalis
936 2127 1107 2182 salutis,
1139 2129 1230 2172 hoc
1263 2142 1435 2172 nomen
1460 2127 1697 2232 proprium
1730 2137 1798 2171 est
1836 2126 2043 2171 Christo:

83 2206 129 2242 et
152 2197 401 2241 secundum
428 2196 519 2240 hoc
547 2195 709 2240 dicitur
734 2209 832 2240 esse
853 2209 1025 2239 nornen
1051 2210 1238 2240 novum.

170 2263 248 2308 AD
266 2274 483 2308 TERTIUM
501 2263 759 2316 dicendum,
787 2262 925 2321 quod,
952 2264 1067 2307 sicut
1094 2263 1211 2307 Gen.
1246 2276 1309 2320 17.
1333 2263 1513 2322 legitur,
1541 2262 1677 2306 simul
1705 2262 1940 2306 Abraham
1975 2277 2044 2307 su-

80 2331 224 2390 scepit
256 2330 458 2374 nominis
497 2330 842 2389 impositionem
874 2343 899 2373 a
929 2330 1049 2384 De0,
1077 2340 1121 2374 et
1147 2331 1508 2374 circumcisionis
1546 2329 1836 2374 mandatum:
1866 2339 1909 2373 et
1940 2330 2044 2374 ideo

82 2397 199 2456 apud
211 2397 408 2456 Judaeos
434 2407 706 2441 consuetum
733 2407 841 2450 erat,
868 2406 917 2441 ut
941 2397 1042 2455 ipso
1068 2397 1140 2441 die
1169 2397 1530 2442 circumcisionis
1561 2398 1751 2441 nomina
1783 2398 1933 2455 pueris
1964 2397 2046 2441 im-

81 2474 371 2525 ponerentur,
398 2465 527 2524 quasi
553 2474 656 2508 ante
679 2464 1078 2508 circumcisionem
1105 2463 1357 2523 perfectum
1384 2478 1483 2508 esse
1514 2479 1608 2509 non
1641 2464 1896 2518 habuerint,
1929 2465 2046 2509 sicut

81 2531 220 2577 etiam
244 2545 366 2575 nunc
393 2531 543 2591 pueris
559 2531 604 2575 in
622 2531 850 2590 baptismo
882 2531 1072 2575 nomina
1102 2531 1419 2590 imponuntur:
1447 2531 1566 2575 unde
1599 2545 1733 2591 super
1763 2531 1876 2575 illud
1907 2531 2044 2576 Prov.

81 2597 157 2644 lib.
173 2611 240 2654 4.:
268 2599 356 2657 Ego
378 2599 497 2658 filius
517 2599 592 2658 fui
612 2600 747 2658 patris
773 2600 870 2653 mei,
899 2599 1081 2652 tenellus,
1109 2605 1145 2643 et
1179 2600 1415 2658 unigenitus
1451 2613 1595 2643 coram
1621 2605 1756 2644 matre
1791 2613 1900 2655 mea,
1936 2598 2046 2643 dicit

72 2664 236 2712 Closs.
261 2665 440 2724 (ordin.)
455 2681 470 2711 .·
489 2683 513 2708 c<
534 2665 690 2718 Quare
710 2665 934 2709 Salomon
951 2679 1000 2710 se
1017 2666 1303 2725 unigenitum
1322 2680 1480 2710 coram
1498 2677 1643 2710 matre
1662 2667 1886 2720 nominat,
1905 2680 2043 2725 quem

81 2730 266 2778 fratrem
291 2733 521 2777 uterinum
546 2732 846 2792 praecessisse
872 2728 1103 2791 Scriptura
1120 2742 1323 2787 testatur,
1340 2733 1427 2777 nisi
1444 2733 1549 2792 quia
1568 2733 1642 2777 ille
1666 2747 1775 2778 mox
1793 2743 1925 2778 natus
1946 2733 2043 2777 sine

83 2799 284 2855 nornine,
300 2800 430 2860 quasi
445 2814 680 2859 nunquam
707 2809 839 2853 esset,
866 2800 922 2844 de
946 2800 1039 2844 vita
1055 2800 1279 2844 decessit?
1297 2817 1320 2842 >›
1347 2810 1392 2845 et
1407 2800 1511 2844 ideo
1537 2800 1748 2845 Christus
1770 2800 1908 2845 simul
1935 2814 2041 2844 curn

83 2865 167 2912 fuit
190 2867 500 2921 circumcisus,
525 2867 726 2911 nominis
752 2866 1095 2925 impositionem
1123 2867 1312 2926 accepit.

763 3015 1197 3073 ARTICULUS
1238 3016 1338 3071 III.
1957 3028 2042 3075 206

121 3134 312 3174 UTRUM
352 3135 618 3175 CHRISTUS
661 3137 1087 3176 CONVENIENTER
1128 3138 1324 3175 FUERIT
1366 3138 1422 3177 IN
1463 3137 1687 3175 TEMPLO
1732 3136 2001 3174 oBLATUs.

812 3232 984 3292 (opusc.
1014 3233 1085 3279 60.
1114 3242 1206 3293 cap.
1234 3233 1310 3290 6.).

172 3333 248 3378 AD
274 3347 489 3380 TERTIUM
516 3336 579 3380 sic
606 3336 877 3395 proceditur.
904 3337 1111 3391 Videtur,
1138 3337 1260 3396 quod
1286 3336 1661 3381 inconvenienter
1678 3334 1811 3379 fuerit
1830 3335 2040 3380 Christus

82 3398 130 3443 in
152 3400 327 3459 templo
353 3402 554 3447 oblatus:
583 3404 747 3447 dicitur
764 3405 886 3448 enim
904 3405 1045 3449 Exod.
1071 3419 1160 3463 13.:
1186 3406 1409 3457 Sanctifiea
1436 3405 1540 3447 mihi
1567 3419 1683 3446 omne
1695 3405 2039 3461 primogenitum,

22 3464 24 3466 ’
83 3466 191 3525 quod
210 3471 345 3527 aperit
367 3470 542 3514 vulvam
569 3472 613 3514 in
628 3470 733 3528 filiis
754 3472 909 3515 Israel:
937 3472 1015 3515 sed
1044 3471 1254 3516 Christus
1282 3472 1417 3515 exivit
1442 3472 1497 3514 de
1517 3470 1672 3513 clauso
1686 3469 1872 3528 virginis
1889 3479 2039 3526 uter03

4 3543 10 3550 ·’
73 3541 131 3576 Γ»εει
154 3532 216 3577 ita
240 3535 397 3579 matris
421 3535 606 3580 vulvam
633 3550 727 3580 non
754 3538 951 3596 aperuit;
983 3552 1095 3597 ergo
1124 3538 1333 3583 Christus
1360 3552 1415 3581 ex
1439 3537 1526 3581 hac
1559 3536 1662 3595 lege
1690 3551 1783 3580 non
1809 3537 1962 3582 debuit
1993 3538 2040 3582 in

30 3666 33 3668 4
76 3598 257 3659 ¹templo
283 3600 449 3646 offerri.
