<?xml version="1.0" encoding="UTF-8"?>
<!DOCTYPE html PUBLIC "-//W3C//DTD XHTML 1.0 Transitional//EN"
    "http://www.w3.org/TR/xhtml1/DTD/xhtml1-transitional.dtd">
<html xmlns="http://www.w3.org/1999/xhtml" xml:lang="en" lang="en">
 <head>
  <title>
</title>
<meta http-equiv="Content-Type" content="text/html;charset=utf-8" />
  <meta name='ocr-system' content='tesseract 3.04.00' />
  <meta name='ocr-capabilities' content='ocr_page ocr_carea ocr_par ocr_line ocrx_word'/>
</head>
<body>
  <div class='ocr_page' id='page_1' title='image "./divithomaeaquina04thom_0404.png"; bbox 0 0 2352 3926; ppageno 0'>
   <div class='ocr_carea' id='block_1_1' title="bbox 300 196 1763 272">
    <p class='ocr_par' dir='ltr' id='par_1_1' title="bbox 300 196 1763 272">
     <span class='ocr_line' id='line_1_1' title="bbox 300 196 1763 272; baseline -0.002 -16"><span class='ocrx_word' id='word_1_1' title='bbox 300 216 410 272; x_wconf 88' lang='lat'>400</span> <span class='ocrx_word' id='word_1_2' title='bbox 810 213 1088 259; x_wconf 61' lang='lat' dir='ltr'>ouans-1⁴10</span> <span class='ocrx_word' id='word_1_3' title='bbox 1131 212 1277 251; x_wconf 84' lang='lat' dir='ltr'>XLVI.</span> <span class='ocrx_word' id='word_1_4' title='bbox 1318 196 1628 252; x_wconf 75' lang='lat' dir='ltr'>ARthuLus</span> <span class='ocrx_word' id='word_1_5' title='bbox 1666 212 1763 253; x_wconf 86' lang='lat' dir='ltr'>x11.</span> 
     </span>
    </p>
   </div>
   <div class='ocr_carea' id='block_1_2' title="bbox 978 383 2286 501">
    <p class='ocr_par' dir='ltr' id='par_1_2' title="bbox 978 383 2286 501">
     <span class='ocr_line' id='line_1_2' title="bbox 978 383 2286 501; baseline -0.004 -21"><span class='ocrx_word' id='word_1_6' title='bbox 978 425 1412 482; x_wconf 85' lang='lat' dir='ltr'><strong>ARTICULUS</strong></span> <span class='ocrx_word' id='word_1_7' title='bbox 1453 425 1584 481; x_wconf 86' lang='lat' dir='ltr'><strong>XII.</strong></span> <span class='ocrx_word' id='word_1_8' title='bbox 2155 383 2286 501; x_wconf 9' lang='lat'>‘257⁵</span> 
     </span>
    </p>
   </div>
   <div class='ocr_carea' id='block_1_3' title="bbox 400 560 2161 730">
    <p class='ocr_par' dir='ltr' id='par_1_3' title="bbox 400 560 2161 730">
     <span class='ocr_line' id='line_1_3' title="bbox 400 560 2161 615; baseline -0.001 -14"><span class='ocrx_word' id='word_1_9' title='bbox 400 563 589 601; x_wconf 89' lang='lat' dir='ltr'>UTRUM</span> <span class='ocrx_word' id='word_1_10' title='bbox 630 563 816 600; x_wconf 86' lang='lat' dir='ltr'><strong>PASSIO</strong></span> <span class='ocrx_word' id='word_1_11' title='bbox 859 562 1077 600; x_wconf 87' lang='lat' dir='ltr'>CHRISTI</span> <span class='ocrx_word' id='word_1_12' title='bbox 1118 562 1203 600; x_wconf 87' lang='lat' dir='ltr'>SIT</span> <span class='ocrx_word' id='word_1_13' title='bbox 1243 561 1362 615; x_wconf 90' lang='lat' dir='ltr'>EJUS</span> <span class='ocrx_word' id='word_1_14' title='bbox 1404 560 1716 599; x_wconf 88' lang='lat' dir='ltr'>DIVINITATI</span> <span class='ocrx_word' id='word_1_15' title='bbox 1754 560 2161 600; x_wconf 79' lang='lat' dir='ltr'>ATTRIBUENDA.</span> 
     </span>
     <span class='ocr_line' id='line_1_4' title="bbox 873 669 1710 730; baseline 0 -16"><span class='ocrx_word' id='word_1_16' title='bbox 873 671 992 729; x_wconf 85' lang='lat' dir='ltr'><em>(Lib.</em></span> <span class='ocrx_word' id='word_1_17' title='bbox 1017 684 1060 728; x_wconf 91' lang='lat'>4.</span> <span class='ocrx_word' id='word_1_18' title='bbox 1088 670 1236 715; x_wconf 82' lang='lat' dir='ltr'>Contr.</span> <span class='ocrx_word' id='word_1_19' title='bbox 1263 686 1301 729; x_wconf 81' lang='lat' dir='ltr'>g.</span> <span class='ocrx_word' id='word_1_20' title='bbox 1329 678 1422 730; x_wconf 82' lang='lat' dir='ltr'>cap.</span> <span class='ocrx_word' id='word_1_21' title='bbox 1444 684 1502 729; x_wconf 81' lang='lat'>55.</span> <span class='ocrx_word' id='word_1_22' title='bbox 1530 669 1582 713; x_wconf 82' lang='lat' dir='ltr'>ad</span> <span class='ocrx_word' id='word_1_23' title='bbox 1606 669 1710 727; x_wconf 85' lang='lat'><em>14.).</em></span> 
     </span>
    </p>
   </div>
   <div class='ocr_carea' id='block_1_4' title="bbox 243 780 2345 1714">
    <p class='ocr_par' dir='ltr' id='par_1_4' title="bbox 303 780 2272 1043">
     <span class='ocr_line' id='line_1_5' title="bbox 394 780 2272 842; baseline -0.002 -14"><span class='ocrx_word' id='word_1_24' title='bbox 394 784 470 828; x_wconf 85' lang='lat' dir='ltr'>AD</span> <span class='ocrx_word' id='word_1_25' title='bbox 497 795 826 828; x_wconf 74' lang='lat' dir='ltr'>DUODECIMUM</span> <span class='ocrx_word' id='word_1_26' title='bbox 853 783 919 826; x_wconf 91' lang='lat' dir='ltr'>sic</span> <span class='ocrx_word' id='word_1_27' title='bbox 946 783 1219 842; x_wconf 86' lang='lat' dir='ltr'><strong>proceditur.</strong></span> <span class='ocrx_word' id='word_1_28' title='bbox 1247 782 1452 835; x_wconf 88' lang='lat' dir='ltr'>Videtur,</span> <span class='ocrx_word' id='word_1_29' title='bbox 1480 780 1601 839; x_wconf 92' lang='lat' dir='ltr'>quod</span> <span class='ocrx_word' id='word_1_30' title='bbox 1628 781 1780 839; x_wconf 84' lang='lat' dir='ltr'>passio</span> <span class='ocrx_word' id='word_1_31' title='bbox 1808 780 1982 825; x_wconf 86' lang='lat' dir='ltr'>Christi</span> <span class='ocrx_word' id='word_1_32' title='bbox 2006 781 2063 826; x_wconf 89' lang='lat' dir='ltr'>sit</span> <span class='ocrx_word' id='word_1_33' title='bbox 2088 782 2184 840; x_wconf 82' lang='lat' dir='ltr'>ejus</span> <span class='ocrx_word' id='word_1_34' title='bbox 2211 781 2272 825; x_wconf 89' lang='lat' dir='ltr'>di-</span> 
     </span>
     <span class='ocr_line' id='line_1_6' title="bbox 303 849 2271 907; baseline -0.002 -12"><span class='ocrx_word' id='word_1_35' title='bbox 303 852 480 896; x_wconf 89' lang='lat' dir='ltr'>vinitati</span> <span class='ocrx_word' id='word_1_36' title='bbox 506 851 812 895; x_wconf 89' lang='lat' dir='ltr'>attribuenda:</span> <span class='ocrx_word' id='word_1_37' title='bbox 842 851 1004 894; x_wconf 90' lang='lat' dir='ltr'>dicitur</span> <span class='ocrx_word' id='word_1_38' title='bbox 1030 851 1155 894; x_wconf 91' lang='lat' dir='ltr'>enim</span> <span class='ocrx_word' id='word_1_39' title='bbox 1193 864 1227 893; x_wconf 87' lang='lat'>1.</span> <span class='ocrx_word' id='word_1_40' title='bbox 1256 850 1311 892; x_wconf 91' lang='lat' dir='ltr'>ad</span> <span class='ocrx_word' id='word_1_41' title='bbox 1339 849 1549 893; x_wconf 89' lang='lat' dir='ltr'><strong>Corinth.</strong></span> <span class='ocrx_word' id='word_1_42' title='bbox 1579 862 1641 892; x_wconf 88' lang='lat'>2.:</span> <span class='ocrx_word' id='word_1_43' title='bbox 1670 849 1715 892; x_wconf 86' lang='lat' dir='ltr'>Si</span> <span class='ocrx_word' id='word_1_44' title='bbox 1732 850 2024 907; x_wconf 80' lang='lat' dir='ltr'><em>cognovissent,</em></span> <span class='ocrx_word' id='word_1_45' title='bbox 2054 862 2271 907; x_wconf 84' lang='lat' dir='ltr'>nunquam</span> 
     </span>
     <span class='ocr_line' id='line_1_7' title="bbox 305 915 2271 977; baseline -0.002 -14"><span class='ocrx_word' id='word_1_46' title='bbox 305 921 542 964; x_wconf 86' lang='lat' dir='ltr'>Dominum</span> <span class='ocrx_word' id='word_1_47' title='bbox 566 919 724 977; x_wconf 81' lang='lat' dir='ltr'>gloriae</span> <span class='ocrx_word' id='word_1_48' title='bbox 751 919 1073 976; x_wconf 82' lang='lat' dir='ltr'>crucifixissent:</span> <span class='ocrx_word' id='word_1_49' title='bbox 1102 917 1180 961; x_wconf 92' lang='lat' dir='ltr'>sed</span> <span class='ocrx_word' id='word_1_50' title='bbox 1206 917 1436 960; x_wconf 88' lang='lat' dir='ltr'>Dominus</span> <span class='ocrx_word' id='word_1_51' title='bbox 1474 915 1647 974; x_wconf 86' lang='lat' dir='ltr'>gloriae</span> <span class='ocrx_word' id='word_1_52' title='bbox 1675 925 1743 959; x_wconf 92' lang='lat' dir='ltr'>est</span> <span class='ocrx_word' id='word_1_53' title='bbox 1769 915 1977 959; x_wconf 91' lang='lat' dir='ltr'>Christus</span> <span class='ocrx_word' id='word_1_54' title='bbox 2018 915 2271 960; x_wconf 90' lang='lat' dir='ltr'>secundum</span> 
     </span>
     <span class='ocr_line' id='line_1_8' title="bbox 306 982 2043 1043; baseline -0.002 -14"><span class='ocrx_word' id='word_1_55' title='bbox 306 987 615 1040; x_wconf 82' lang='lat' dir='ltr'>divinitatem3</span> <span class='ocrx_word' id='word_1_56' title='bbox 642 999 753 1043; x_wconf 86' lang='lat' dir='ltr'>ergo</span> <span class='ocrx_word' id='word_1_57' title='bbox 780 985 931 1043; x_wconf 89' lang='lat' dir='ltr'>passio</span> <span class='ocrx_word' id='word_1_58' title='bbox 960 984 1132 1028; x_wconf 84' lang='lat' dir='ltr'><strong>Christi</strong></span> <span class='ocrx_word' id='word_1_59' title='bbox 1159 984 1378 1042; x_wconf 89' lang='lat' dir='ltr'>competit</span> <span class='ocrx_word' id='word_1_60' title='bbox 1404 983 1444 1026; x_wconf 90' lang='lat' dir='ltr'>ei</span> <span class='ocrx_word' id='word_1_61' title='bbox 1471 983 1721 1026; x_wconf 90' lang='lat' dir='ltr'>secundum</span> <span class='ocrx_word' id='word_1_62' title='bbox 1749 982 2043 1026; x_wconf 89' lang='lat' dir='ltr'>divinitatem.</span> 
     </span>
    </p>

    <p class='ocr_par' dir='ltr' id='par_1_5' title="bbox 243 1048 2272 1244">
     <span class='ocr_line' id='line_1_9' title="bbox 397 1048 2271 1110; baseline -0.003 -13"><span class='ocrx_word' id='word_1_63' title='bbox 397 1066 436 1097; x_wconf 87' lang='lat'>2.</span> <span class='ocrx_word' id='word_1_64' title='bbox 465 1053 763 1097; x_wconf 78' lang='lat' dir='ltr'>PRAETEREA.</span> <span class='ocrx_word' id='word_1_65' title='bbox 790 1052 1071 1110; x_wconf 90' lang='lat' dir='ltr'>Principium</span> <span class='ocrx_word' id='word_1_66' title='bbox 1098 1051 1254 1094; x_wconf 88' lang='lat' dir='ltr'>salutis</span> <span class='ocrx_word' id='word_1_67' title='bbox 1280 1051 1511 1093; x_wconf 88' lang='lat' dir='ltr'>humanae</span> <span class='ocrx_word' id='word_1_68' title='bbox 1538 1059 1603 1092; x_wconf 90' lang='lat' dir='ltr'>est</span> <span class='ocrx_word' id='word_1_69' title='bbox 1637 1051 1733 1107; x_wconf 89' lang='lat' dir='ltr'>ipsa</span> <span class='ocrx_word' id='word_1_70' title='bbox 1769 1049 1993 1102; x_wconf 89' lang='lat' dir='ltr'>divinitas,</span> <span class='ocrx_word' id='word_1_71' title='bbox 2020 1048 2271 1093; x_wconf 89' lang='lat' dir='ltr'>secundum</span> 
     </span>
     <span class='ocr_line' id='line_1_10' title="bbox 243 1116 2272 1176; baseline -0.004 -9"><span class='ocrx_word' id='word_1_72' title='bbox 243 1165 244 1168; x_wconf 75' lang='grc'>,</span> <span class='ocrx_word' id='word_1_73' title='bbox 305 1120 417 1164; x_wconf 89' lang='lat' dir='ltr'>illud</span> <span class='ocrx_word' id='word_1_74' title='bbox 445 1120 563 1164; x_wconf 93' lang='lat' dir='ltr'>Psal.</span> <span class='ocrx_word' id='word_1_75' title='bbox 597 1117 686 1176; x_wconf 70' lang='lat'>36:</span> <span class='ocrx_word' id='word_1_76' title='bbox 718 1119 838 1163; x_wconf 82' lang='lat' dir='ltr'>Salus</span> <span class='ocrx_word' id='word_1_77' title='bbox 864 1125 1001 1163; x_wconf 76' lang='lat' dir='ltr'>autem</span> <span class='ocrx_word' id='word_1_78' title='bbox 1021 1122 1230 1176; x_wconf 81' lang='lat' dir='ltr'>justorum</span> <span class='ocrx_word' id='word_1_79' title='bbox 1253 1132 1278 1160; x_wconf 84' lang='lat' dir='ltr'>a</span> <span class='ocrx_word' id='word_1_80' title='bbox 1301 1119 1487 1160; x_wconf 83' lang='lat' dir='ltr'>Domino</span> <span class='ocrx_word' id='word_1_81' title='bbox 1500 1131 1517 1173; x_wconf 89' lang='lat'>,·</span> <span class='ocrx_word' id='word_1_82' title='bbox 1559 1116 1596 1159; x_wconf 91' lang='lat' dir='ltr'>si</span> <span class='ocrx_word' id='word_1_83' title='bbox 1614 1130 1723 1173; x_wconf 83' lang='lat' dir='ltr'>ergo</span> <span class='ocrx_word' id='word_1_84' title='bbox 1741 1116 1891 1174; x_wconf 86' lang='lat' dir='ltr'>passio</span> <span class='ocrx_word' id='word_1_85' title='bbox 1910 1116 2082 1160; x_wconf 87' lang='lat' dir='ltr'>Christi</span> <span class='ocrx_word' id='word_1_86' title='bbox 2098 1116 2153 1159; x_wconf 91' lang='lat' dir='ltr'>ad</span> <span class='ocrx_word' id='word_1_87' title='bbox 2177 1117 2272 1174; x_wconf 84' lang='lat' dir='ltr'>ejus</span> 
     </span>
     <span class='ocr_line' id='line_1_11' title="bbox 308 1182 2250 1244; baseline -0.002 -13"><span class='ocrx_word' id='word_1_88' title='bbox 308 1188 593 1231; x_wconf 90' lang='lat' dir='ltr'>divinitatem</span> <span class='ocrx_word' id='word_1_89' title='bbox 619 1201 712 1230; x_wconf 89' lang='lat' dir='ltr'>nou</span> <span class='ocrx_word' id='word_1_90' title='bbox 740 1186 997 1244; x_wconf 85' lang='lat' dir='ltr'>pertineret,</span> <span class='ocrx_word' id='word_1_91' title='bbox 1024 1186 1252 1228; x_wconf 90' lang='lat' dir='ltr'>videretur</span> <span class='ocrx_word' id='word_1_92' title='bbox 1279 1185 1400 1242; x_wconf 91' lang='lat' dir='ltr'>quod</span> <span class='ocrx_word' id='word_1_93' title='bbox 1426 1198 1519 1226; x_wconf 90' lang='lat' dir='ltr'>non</span> <span class='ocrx_word' id='word_1_94' title='bbox 1547 1194 1700 1242; x_wconf 91' lang='lat' dir='ltr'>posset</span> <span class='ocrx_word' id='word_1_95' title='bbox 1724 1183 1856 1227; x_wconf 89' lang='lat' dir='ltr'>nobis</span> <span class='ocrx_word' id='word_1_96' title='bbox 1883 1197 1980 1227; x_wconf 90' lang='lat' dir='ltr'>esse</span> <span class='ocrx_word' id='word_1_97' title='bbox 2006 1182 2250 1228; x_wconf 88' lang='lat' dir='ltr'>fructifera.</span> 
     </span>
    </p>

    <p class='ocr_par' dir='ltr' id='par_1_6' title="bbox 306 1249 2345 1512">
     <span class='ocr_line' id='line_1_12' title="bbox 401 1249 2273 1312; baseline -0.003 -14"><span class='ocrx_word' id='word_1_98' title='bbox 401 1268 438 1312; x_wconf 89' lang='lat'>3.</span> <span class='ocrx_word' id='word_1_99' title='bbox 466 1255 763 1298; x_wconf 79' lang='lat' dir='ltr'>PRAETEREA.</span> <span class='ocrx_word' id='word_1_100' title='bbox 786 1253 945 1309; x_wconf 89' lang='lat' dir='ltr'>Judaei</span> <span class='ocrx_word' id='word_1_101' title='bbox 971 1252 1115 1310; x_wconf 91' lang='lat' dir='ltr'>puniti</span> <span class='ocrx_word' id='word_1_102' title='bbox 1142 1261 1246 1295; x_wconf 89' lang='lat' dir='ltr'>sunt</span> <span class='ocrx_word' id='word_1_103' title='bbox 1262 1266 1344 1310; x_wconf 93' lang='lat' dir='ltr'>pro</span> <span class='ocrx_word' id='word_1_104' title='bbox 1367 1261 1557 1309; x_wconf 91' lang='lat' dir='ltr'>peccato</span> <span class='ocrx_word' id='word_1_105' title='bbox 1580 1250 1824 1293; x_wconf 84' lang='lat' dir='ltr'>occisionis</span> <span class='ocrx_word' id='word_1_106' title='bbox 1848 1249 2033 1304; x_wconf 89' lang='lat' dir='ltr'>Christi,</span> <span class='ocrx_word' id='word_1_107' title='bbox 2055 1259 2273 1309; x_wconf 89' lang='lat' dir='ltr'>tanquam</span> 
     </span>
     <span class='ocr_line' id='line_1_13' title="bbox 308 1317 2275 1379; baseline -0.003 -14"><span class='ocrx_word' id='word_1_108' title='bbox 308 1321 607 1365; x_wconf 88' lang='lat' dir='ltr'>homicidae</span> <span class='ocrx_word' id='word_1_109' title='bbox 598 1321 737 1379; x_wconf 89' lang='lat' dir='ltr'>1psius</span> <span class='ocrx_word' id='word_1_110' title='bbox 764 1320 876 1373; x_wconf 89' lang='lat' dir='ltr'>Dei;</span> <span class='ocrx_word' id='word_1_111' title='bbox 904 1319 1025 1377; x_wconf 90' lang='lat' dir='ltr'>quod</span> <span class='ocrx_word' id='word_1_112' title='bbox 1053 1318 1321 1376; x_wconf 86' lang='lat' dir='ltr'>magnitudo</span> <span class='ocrx_word' id='word_1_113' title='bbox 1349 1331 1524 1376; x_wconf 92' lang='lat' dir='ltr'>poenae</span> <span class='ocrx_word' id='word_1_114' title='bbox 1557 1317 1857 1360; x_wconf 89' lang='lat' dir='ltr'>demonstrat:</span> <span class='ocrx_word' id='word_1_115' title='bbox 1884 1317 1975 1359; x_wconf 91' lang='lat' dir='ltr'>hoc</span> <span class='ocrx_word' id='word_1_116' title='bbox 2003 1326 2156 1360; x_wconf 89' lang='lat' dir='ltr'>autem</span> <span class='ocrx_word' id='word_1_117' title='bbox 2180 1330 2275 1360; x_wconf 90' lang='lat' dir='ltr'>non</span> 
     </span>
     <span class='ocr_line' id='line_1_14' title="bbox 309 1382 2345 1445; baseline -0.003 -13"><span class='ocrx_word' id='word_1_118' title='bbox 309 1398 441 1441; x_wconf 87' lang='lat' dir='ltr'>esset,</span> <span class='ocrx_word' id='word_1_119' title='bbox 469 1389 506 1431; x_wconf 91' lang='lat' dir='ltr'>si</span> <span class='ocrx_word' id='word_1_120' title='bbox 531 1388 683 1445; x_wconf 87' lang='lat' dir='ltr'>passio</span> <span class='ocrx_word' id='word_1_121' title='bbox 713 1387 766 1430; x_wconf 91' lang='lat' dir='ltr'>ad</span> <span class='ocrx_word' id='word_1_122' title='bbox 795 1387 1078 1429; x_wconf 90' lang='lat' dir='ltr'>divinitatem</span> <span class='ocrx_word' id='word_1_123' title='bbox 1105 1399 1198 1428; x_wconf 91' lang='lat' dir='ltr'>non</span> <span class='ocrx_word' id='word_1_124' title='bbox 1226 1385 1493 1443; x_wconf 89' lang='lat' dir='ltr'>pertineret;</span> <span class='ocrx_word' id='word_1_125' title='bbox 1521 1397 1631 1441; x_wconf 85' lang='lat' dir='ltr'>ergo</span> <span class='ocrx_word' id='word_1_126' title='bbox 1657 1383 1808 1442; x_wconf 83' lang='lat' dir='ltr'>passio</span> <span class='ocrx_word' id='word_1_127' title='bbox 1837 1382 2010 1427; x_wconf 88' lang='lat' dir='ltr'>Christi</span> <span class='ocrx_word' id='word_1_128' title='bbox 2035 1383 2091 1427; x_wconf 91' lang='lat' dir='ltr'>ad</span> <span class='ocrx_word' id='word_1_129' title='bbox 2117 1382 2278 1426; x_wconf 88' lang='lat' dir='ltr'>divini·</span> <span class='ocrx_word' id='word_1_130' title='bbox 2342 1423 2345 1426; x_wconf 25' lang='lat'><strong>⁴</strong></span> 
     </span>
     <span class='ocr_line' id='line_1_15' title="bbox 306 1454 824 1512; baseline -0.006 -13"><span class='ocrx_word' id='word_1_131' title='bbox 306 1464 449 1500; x_wconf 87' lang='lat' dir='ltr'>tatem</span> <span class='ocrx_word' id='word_1_132' title='bbox 477 1457 570 1512; x_wconf 83' lang='lat' dir='ltr'>ejus</span> <span class='ocrx_word' id='word_1_133' title='bbox 598 1454 824 1512; x_wconf 86' lang='lat' dir='ltr'>pertinuit.</span> 
     </span>
    </p>

    <p class='ocr_par' dir='ltr' id='par_1_7' title="bbox 310 1504 2280 1714">
     <span class='ocr_line' id='line_1_16' title="bbox 399 1504 2280 1578; baseline -0.003 -12"><span class='ocrx_word' id='word_1_134' title='bbox 399 1522 494 1566; x_wconf 83' lang='lat' dir='ltr'>SED</span> <span class='ocrx_word' id='word_1_135' title='bbox 522 1534 718 1566; x_wconf 77' lang='lat' dir='ltr'>CONTRA</span> <span class='ocrx_word' id='word_1_136' title='bbox 746 1530 825 1574; x_wconf 88' lang='lat' dir='ltr'>est,</span> <span class='ocrx_word' id='word_1_137' title='bbox 853 1519 975 1578; x_wconf 93' lang='lat' dir='ltr'>quod</span> <span class='ocrx_word' id='word_1_138' title='bbox 1002 1518 1282 1562; x_wconf 85' lang='lat' dir='ltr'>Athanasius</span> <span class='ocrx_word' id='word_1_139' title='bbox 1309 1518 1445 1562; x_wconf 90' lang='lat' dir='ltr'>dicit</span> <span class='ocrx_word' id='word_1_140' title='bbox 1435 1533 1480 1561; x_wconf 89' lang='lat' dir='ltr'>m</span> <span class='ocrx_word' id='word_1_141' title='bbox 1504 1518 1631 1577; x_wconf 91' lang='lat' dir='ltr'>epist.</span> <span class='ocrx_word' id='word_1_142' title='bbox 1671 1517 1726 1561; x_wconf 91' lang='lat' dir='ltr'>ad</span> <span class='ocrx_word' id='word_1_143' title='bbox 1758 1504 2016 1576; x_wconf 88' lang='lat' dir='ltr'>Epictetum</span> <span class='ocrx_word' id='word_1_144' title='bbox 2041 1517 2218 1576; x_wconf 80' lang='lat' dir='ltr'>(cujus</span> <span class='ocrx_word' id='word_1_145' title='bbox 2199 1519 2280 1561; x_wconf 86' lang='lat' dir='ltr'>mi-</span> 
     </span>
     <span class='ocr_line' id='line_1_17' title="bbox 310 1585 2277 1647; baseline -0.003 -13"><span class='ocrx_word' id='word_1_146' title='bbox 310 1592 442 1635; x_wconf 82' lang='lat' dir='ltr'>tium:</span> <span class='ocrx_word' id='word_1_147' title='bbox 463 1591 550 1647; x_wconf 80' lang='lat' dir='ltr'>Ego</span> <span class='ocrx_word' id='word_1_148' title='bbox 570 1589 829 1642; x_wconf 81' lang='lat' dir='ltr'>arbitrabar,</span> <span class='ocrx_word' id='word_1_149' title='bbox 849 1601 874 1630; x_wconf 88' lang='lat' dir='ltr'>a</span> <span class='ocrx_word' id='word_1_150' title='bbox 896 1586 986 1630; x_wconf 87' lang='lat' dir='ltr'>med</span> <span class='ocrx_word' id='word_1_151' title='bbox 990 1587 1046 1644; x_wconf 88' lang='grc'><em>..·)</em></span> <span class='ocrx_word' id='word_1_152' title='bbox 1064 1602 1086 1626; x_wconf 88' lang='lat'>«</span> <span class='ocrx_word' id='word_1_153' title='bbox 1104 1587 1278 1630; x_wconf 91' lang='lat' dir='ltr'>Natura</span> <span class='ocrx_word' id='word_1_154' title='bbox 1294 1587 1420 1630; x_wconf 92' lang='lat' dir='ltr'>Deus</span> <span class='ocrx_word' id='word_1_155' title='bbox 1437 1600 1627 1629; x_wconf 89' lang='lat' dir='ltr'>manens</span> <span class='ocrx_word' id='word_1_156' title='bbox 1643 1586 1846 1629; x_wconf 85' lang='lat' dir='ltr'>Verbum</span> <span class='ocrx_word' id='word_1_157' title='bbox 1864 1595 1932 1629; x_wconf 88' lang='lat' dir='ltr'>est</span> <span class='ocrx_word' id='word_1_158' title='bbox 1947 1585 2277 1644; x_wconf 64' lang='lat' dir='ltr'>impassibilem</span> 
     </span>
     <span class='ocr_line' id='line_1_18' title="bbox 310 1652 2277 1714; baseline -0.003 -13"><span class='ocrx_word' id='word_1_159' title='bbox 310 1658 390 1702; x_wconf 92' lang='lat' dir='ltr'>sed</span> <span class='ocrx_word' id='word_1_160' title='bbox 422 1655 702 1714; x_wconf 90' lang='lat' dir='ltr'>impassibile</span> <span class='ocrx_word' id='word_1_161' title='bbox 727 1669 822 1698; x_wconf 84' lang='lat' dir='ltr'>non</span> <span class='ocrx_word' id='word_1_162' title='bbox 849 1664 1001 1713; x_wconf 89' lang='lat' dir='ltr'>potest</span> <span class='ocrx_word' id='word_1_163' title='bbox 1025 1654 1140 1712; x_wconf 89' lang='lat' dir='ltr'>pati:</span> <span class='ocrx_word' id='word_1_164' title='bbox 1183 1654 1335 1713; x_wconf 92' lang='lat' dir='ltr'>passio</span> <span class='ocrx_word' id='word_1_165' title='bbox 1364 1668 1474 1712; x_wconf 85' lang='lat' dir='ltr'>ergo</span> <span class='ocrx_word' id='word_1_166' title='bbox 1503 1653 1675 1697; x_wconf 89' lang='lat' dir='ltr'>Christi</span> <span class='ocrx_word' id='word_1_167' title='bbox 1701 1666 1796 1696; x_wconf 88' lang='lat' dir='ltr'>non</span> <span class='ocrx_word' id='word_1_168' title='bbox 1821 1652 2075 1711; x_wconf 87' lang='lat' dir='ltr'>pertinebat</span> <span class='ocrx_word' id='word_1_169' title='bbox 2099 1652 2155 1696; x_wconf 90' lang='lat' dir='ltr'>ad</span> <span class='ocrx_word' id='word_1_170' title='bbox 2182 1653 2277 1711; x_wconf 86' lang='lat' dir='ltr'>ejus</span> 
     </span>
    </p>
   </div>
   <div class='ocr_carea' id='block_1_5' title="bbox 250 1724 613 1767">
    <p class='ocr_par' dir='ltr' id='par_1_8' title="bbox 250 1724 613 1767">
     <span class='ocr_line' id='line_1_19' title="bbox 250 1724 613 1767; baseline -0.009 1"><span class='ocrx_word' id='word_1_171' title='bbox 250 1747 253 1749; x_wconf 97' lang='lat'>·</span> <span class='ocrx_word' id='word_1_172' title='bbox 313 1724 613 1767; x_wconf 88' lang='lat' dir='ltr'>divinitatem.</span> 
     </span>
    </p>
   </div>
   <div class='ocr_carea' id='block_1_6' title="bbox 312 1786 2343 3591">
    <p class='ocr_par' dir='ltr' id='par_1_9' title="bbox 312 1786 2287 2521">
     <span class='ocr_line' id='line_1_20' title="bbox 402 1786 2278 1846; baseline -0.003 -11"><span class='ocrx_word' id='word_1_173' title='bbox 402 1791 692 1834; x_wconf 78' lang='lat' dir='ltr'>RESPONDEO</span> <span class='ocrx_word' id='word_1_174' title='bbox 721 1789 980 1841; x_wconf 89' lang='lat' dir='ltr'>dicendum,</span> <span class='ocrx_word' id='word_1_175' title='bbox 1008 1788 1146 1846; x_wconf 89' lang='lat' dir='ltr'>quod,</span> <span class='ocrx_word' id='word_1_176' title='bbox 1190 1788 1306 1831; x_wconf 92' lang='lat' dir='ltr'>sicut</span> <span class='ocrx_word' id='word_1_177' title='bbox 1347 1801 1480 1846; x_wconf 89' lang='lat' dir='ltr'>supra</span> <span class='ocrx_word' id='word_1_178' title='bbox 1522 1787 1694 1830; x_wconf 90' lang='lat' dir='ltr'>dictum</span> <span class='ocrx_word' id='word_1_179' title='bbox 1723 1797 1789 1831; x_wconf 89' lang='lat' dir='ltr'>est</span> <span class='ocrx_word' id='word_1_180' title='bbox 1814 1787 1878 1846; x_wconf 87' lang='lat' dir='ltr'>(q.</span> <span class='ocrx_word' id='word_1_181' title='bbox 1904 1801 1943 1831; x_wconf 88' lang='lat'>2.</span> <span class='ocrx_word' id='word_1_182' title='bbox 1971 1792 2053 1831; x_wconf 78' lang='lat' dir='ltr'>art.</span> <span class='ocrx_word' id='word_1_183' title='bbox 2080 1801 2120 1832; x_wconf 83' lang='lat'>2.</span> <span class='ocrx_word' id='word_1_184' title='bbox 2148 1791 2186 1831; x_wconf 75' lang='lat' dir='ltr'>et</span> <span class='ocrx_word' id='word_1_185' title='bbox 2204 1786 2278 1846; x_wconf 79' lang='grc'><em>3.),</em></span> 
     </span>
     <span class='ocr_line' id='line_1_21' title="bbox 312 1852 2283 1913; baseline -0.003 -11"><span class='ocrx_word' id='word_1_186' title='bbox 312 1859 422 1902; x_wconf 92' lang='lat' dir='ltr'>unio</span> <span class='ocrx_word' id='word_1_187' title='bbox 448 1858 680 1901; x_wconf 90' lang='lat' dir='ltr'>humanae</span> <span class='ocrx_word' id='word_1_188' title='bbox 717 1866 920 1908; x_wconf 89' lang='lat' dir='ltr'>naturae,</span> <span class='ocrx_word' id='word_1_189' title='bbox 949 1865 993 1898; x_wconf 91' lang='lat' dir='ltr'>et</span> <span class='ocrx_word' id='word_1_190' title='bbox 1020 1856 1196 1899; x_wconf 85' lang='lat' dir='ltr'>divinae</span> <span class='ocrx_word' id='word_1_191' title='bbox 1223 1854 1341 1898; x_wconf 89' lang='lat' dir='ltr'>facta</span> <span class='ocrx_word' id='word_1_192' title='bbox 1368 1864 1434 1898; x_wconf 88' lang='lat' dir='ltr'>est</span> <span class='ocrx_word' id='word_1_193' title='bbox 1460 1855 1504 1897; x_wconf 93' lang='lat' dir='ltr'>in</span> <span class='ocrx_word' id='word_1_194' title='bbox 1531 1868 1740 1912; x_wconf 90' lang='lat' dir='ltr'>persona,</span> <span class='ocrx_word' id='word_1_195' title='bbox 1768 1863 1812 1897; x_wconf 89' lang='lat' dir='ltr'>et</span> <span class='ocrx_word' id='word_1_196' title='bbox 1836 1853 2087 1912; x_wconf 82' lang='lat' dir='ltr'>hypostasi,</span> <span class='ocrx_word' id='word_1_197' title='bbox 2113 1852 2158 1898; x_wconf 84' lang='lat' dir='ltr'>et</span> <span class='ocrx_word' id='word_1_198' title='bbox 2182 1867 2283 1913; x_wconf 91' lang='lat' dir='ltr'>sup-</span> 
     </span>
     <span class='ocr_line' id='line_1_22' title="bbox 312 1920 2282 1985; baseline -0.003 -16"><span class='ocrx_word' id='word_1_199' title='bbox 312 1926 479 1985; x_wconf 91' lang='lat' dir='ltr'>posito,</span> <span class='ocrx_word' id='word_1_200' title='bbox 508 1934 721 1967; x_wconf 89' lang='lat' dir='ltr'>manente</span> <span class='ocrx_word' id='word_1_201' title='bbox 746 1933 902 1966; x_wconf 88' lang='lat' dir='ltr'>tamen</span> <span class='ocrx_word' id='word_1_202' title='bbox 931 1923 1219 1966; x_wconf 90' lang='lat' dir='ltr'>distinctione</span> <span class='ocrx_word' id='word_1_203' title='bbox 1242 1924 1520 1974; x_wconf 87' lang='lat' dir='ltr'>naturarum,</span> <span class='ocrx_word' id='word_1_204' title='bbox 1544 1931 1592 1964; x_wconf 92' lang='lat' dir='ltr'>ut</span> <span class='ocrx_word' id='word_1_205' title='bbox 1614 1920 1788 1964; x_wconf 86' lang='lat' dir='ltr'>scilicet</span> <span class='ocrx_word' id='word_1_206' title='bbox 1809 1921 1865 1964; x_wconf 88' lang='lat' dir='ltr'>sit</span> <span class='ocrx_word' id='word_1_207' title='bbox 1888 1920 2050 1964; x_wconf 89' lang='lat' dir='ltr'>eadem</span> <span class='ocrx_word' id='word_1_208' title='bbox 2072 1934 2282 1979; x_wconf 87' lang='lat' dir='ltr'>persona,</span> 
     </span>
     <span class='ocr_line' id='line_1_23' title="bbox 314 1988 2283 2051; baseline -0.003 -15"><span class='ocrx_word' id='word_1_209' title='bbox 314 2003 359 2037; x_wconf 93' lang='lat' dir='ltr'>et</span> <span class='ocrx_word' id='word_1_210' title='bbox 383 1991 642 2051; x_wconf 89' lang='lat' dir='ltr'>hypostasis</span> <span class='ocrx_word' id='word_1_211' title='bbox 670 1991 864 2043; x_wconf 91' lang='lat' dir='ltr'>divinae,</span> <span class='ocrx_word' id='word_1_212' title='bbox 892 1999 936 2033; x_wconf 90' lang='lat' dir='ltr'>et</span> <span class='ocrx_word' id='word_1_213' title='bbox 962 1989 1194 2033; x_wconf 86' lang='lat' dir='ltr'>humanae</span> <span class='ocrx_word' id='word_1_214' title='bbox 1220 1999 1421 2041; x_wconf 88' lang='lat' dir='ltr'>naturae,</span> <span class='ocrx_word' id='word_1_215' title='bbox 1459 1988 1585 2032; x_wconf 90' lang='lat' dir='ltr'>salva</span> <span class='ocrx_word' id='word_1_216' title='bbox 1626 1999 1781 2031; x_wconf 90' lang='lat' dir='ltr'>tamen</span> <span class='ocrx_word' id='word_1_217' title='bbox 1822 1988 2054 2046; x_wconf 89' lang='lat' dir='ltr'>utriusque</span> <span class='ocrx_word' id='word_1_218' title='bbox 2093 1997 2283 2031; x_wconf 88' lang='lat' dir='ltr'>naturae</span> 
     </span>
     <span class='ocr_line' id='line_1_24' title="bbox 313 2054 2283 2120; baseline -0.002 -18"><span class='ocrx_word' id='word_1_219' title='bbox 313 2060 611 2120; x_wconf 88' lang='lat' dir='ltr'>proprietate:</span> <span class='ocrx_word' id='word_1_220' title='bbox 640 2067 684 2101; x_wconf 93' lang='lat' dir='ltr'>et</span> <span class='ocrx_word' id='word_1_221' title='bbox 709 2056 830 2111; x_wconf 90' lang='lat' dir='ltr'>ideo,</span> <span class='ocrx_word' id='word_1_222' title='bbox 855 2058 974 2100; x_wconf 88' lang='lat' dir='ltr'>sicut</span> <span class='ocrx_word' id='word_1_223' title='bbox 1000 2070 1135 2113; x_wconf 89' lang='lat' dir='ltr'>supra</span> <span class='ocrx_word' id='word_1_224' title='bbox 1163 2056 1334 2099; x_wconf 91' lang='lat' dir='ltr'>dictum</span> <span class='ocrx_word' id='word_1_225' title='bbox 1364 2065 1430 2099; x_wconf 89' lang='lat' dir='ltr'>est</span> <span class='ocrx_word' id='word_1_226' title='bbox 1456 2056 1516 2113; x_wconf 88' lang='lat' dir='ltr'>(q.</span> <span class='ocrx_word' id='word_1_227' title='bbox 1546 2056 1609 2100; x_wconf 83' lang='lat'>16.</span> <span class='ocrx_word' id='word_1_228' title='bbox 1637 2061 1717 2098; x_wconf 81' lang='lat' dir='ltr'>art.</span> <span class='ocrx_word' id='word_1_229' title='bbox 1736 2055 1812 2113; x_wconf 84' lang='lat'><em>5.)‚</em></span> <span class='ocrx_word' id='word_1_230' title='bbox 1829 2055 2077 2113; x_wconf 82' lang='lat' dir='ltr'>supposito</span> <span class='ocrx_word' id='word_1_231' title='bbox 2104 2054 2283 2099; x_wconf 87' lang='lat' dir='ltr'>divinae</span> 
     </span>
     <span class='ocr_line' id='line_1_25' title="bbox 313 2120 2287 2181; baseline -0.002 -11"><span class='ocrx_word' id='word_1_232' title='bbox 313 2137 501 2170; x_wconf 90' lang='lat' dir='ltr'>naturae</span> <span class='ocrx_word' id='word_1_233' title='bbox 529 2124 813 2168; x_wconf 89' lang='lat' dir='ltr'>attribuenda</span> <span class='ocrx_word' id='word_1_234' title='bbox 841 2133 908 2166; x_wconf 89' lang='lat' dir='ltr'>est</span> <span class='ocrx_word' id='word_1_235' title='bbox 933 2123 1101 2181; x_wconf 84' lang='lat' dir='ltr'>passio,</span> <span class='ocrx_word' id='word_1_236' title='bbox 1128 2137 1222 2166; x_wconf 92' lang='lat' dir='ltr'>non</span> <span class='ocrx_word' id='word_1_237' title='bbox 1249 2120 1425 2166; x_wconf 84' lang='lat' dir='ltr'>ratione</span> <span class='ocrx_word' id='word_1_238' title='bbox 1459 2121 1636 2166; x_wconf 83' lang='lat' dir='ltr'>divinae</span> <span class='ocrx_word' id='word_1_239' title='bbox 1663 2132 1865 2175; x_wconf 89' lang='lat' dir='ltr'>naturae,</span> <span class='ocrx_word' id='word_1_240' title='bbox 1892 2135 2008 2180; x_wconf 90' lang='lat' dir='ltr'>quae</span> <span class='ocrx_word' id='word_1_241' title='bbox 2034 2131 2102 2165; x_wconf 87' lang='lat' dir='ltr'>est</span> <span class='ocrx_word' id='word_1_242' title='bbox 2121 2121 2287 2180; x_wconf 85' lang='lat' dir='ltr'>impas-</span> 
     </span>
     <span class='ocr_line' id='line_1_26' title="bbox 314 2187 2286 2248; baseline -0.002 -11"><span class='ocrx_word' id='word_1_243' title='bbox 314 2193 458 2246; x_wconf 90' lang='lat' dir='ltr'>sibile,</span> <span class='ocrx_word' id='word_1_244' title='bbox 485 2192 563 2236; x_wconf 92' lang='lat' dir='ltr'>sed</span> <span class='ocrx_word' id='word_1_245' title='bbox 590 2191 765 2235; x_wconf 89' lang='lat' dir='ltr'>ratione</span> <span class='ocrx_word' id='word_1_246' title='bbox 793 2191 1022 2233; x_wconf 86' lang='lat' dir='ltr'>humanae</span> <span class='ocrx_word' id='word_1_247' title='bbox 1049 2200 1251 2233; x_wconf 88' lang='lat' dir='ltr'>naturae.</span> <span class='ocrx_word' id='word_1_248' title='bbox 1280 2190 1414 2233; x_wconf 93' lang='lat' dir='ltr'>Unde</span> <span class='ocrx_word' id='word_1_249' title='bbox 1440 2190 1487 2232; x_wconf 92' lang='lat' dir='ltr'>in</span> <span class='ocrx_word' id='word_1_250' title='bbox 1521 2188 1711 2248; x_wconf 85' lang='lat' dir='ltr'>epistola</span> <span class='ocrx_word' id='word_1_251' title='bbox 1732 2187 1954 2247; x_wconf 88' lang='lat' dir='ltr'>Synodali</span> <span class='ocrx_word' id='word_1_252' title='bbox 1977 2188 2098 2247; x_wconf 79' lang='lat' dir='ltr'>(quae</span> <span class='ocrx_word' id='word_1_253' title='bbox 2113 2189 2286 2234; x_wconf 79' lang='lat' dir='ltr'>habetur</span> 
     </span>
     <span class='ocr_line' id='line_1_27' title="bbox 313 2255 2285 2317; baseline -0.003 -12"><span class='ocrx_word' id='word_1_254' title='bbox 313 2263 359 2305; x_wconf 85' lang='lat' dir='ltr'>in</span> <span class='ocrx_word' id='word_1_255' title='bbox 388 2261 514 2305; x_wconf 86' lang='lat' dir='ltr'>Conc.</span> <span class='ocrx_word' id='word_1_256' title='bbox 544 2259 692 2317; x_wconf 77' lang='lat' dir='ltr'>Ephes.</span> <span class='ocrx_word' id='word_1_257' title='bbox 718 2273 854 2316; x_wconf 79' lang='lat' dir='ltr'>gener.</span> <span class='ocrx_word' id='word_1_258' title='bbox 878 2272 913 2316; x_wconf 84' lang='lat'>3.</span> <span class='ocrx_word' id='word_1_259' title='bbox 937 2263 1065 2316; x_wconf 68' lang='lat' dir='ltr'>part..</span> <span class='ocrx_word' id='word_1_260' title='bbox 1081 2273 1115 2301; x_wconf 86' lang='lat'>1.</span> <span class='ocrx_word' id='word_1_261' title='bbox 1144 2265 1233 2315; x_wconf 81' lang='lat' dir='ltr'>cap.</span> <span class='ocrx_word' id='word_1_262' title='bbox 1262 2257 1332 2301; x_wconf 84' lang='lat'>26.</span> <span class='ocrx_word' id='word_1_263' title='bbox 1361 2257 1414 2300; x_wconf 88' lang='lat' dir='ltr'>ad</span> <span class='ocrx_word' id='word_1_264' title='bbox 1426 2257 1530 2315; x_wconf 86' lang='lat' dir='ltr'>fin.)</span> <span class='ocrx_word' id='word_1_265' title='bbox 1559 2256 1760 2315; x_wconf 90' lang='lat' dir='ltr'>Cyrillus</span> <span class='ocrx_word' id='word_1_266' title='bbox 1787 2256 1918 2299; x_wconf 88' lang='lat' dir='ltr'>dicit:</span> <span class='ocrx_word' id='word_1_267' title='bbox 1950 2271 1974 2296; x_wconf 71' lang='lat' dir='ltr'>c(</span> <span class='ocrx_word' id='word_1_268' title='bbox 1998 2255 2048 2299; x_wconf 91' lang='lat' dir='ltr'>Si</span> <span class='ocrx_word' id='word_1_269' title='bbox 2069 2255 2168 2315; x_wconf 89' lang='lat' dir='ltr'>quis</span> <span class='ocrx_word' id='word_1_270' title='bbox 2189 2268 2285 2300; x_wconf 88' lang='lat' dir='ltr'>non</span> 
     </span>
     <span class='ocr_line' id='line_1_28' title="bbox 316 2323 2285 2382; baseline -0.003 -11"><span class='ocrx_word' id='word_1_271' title='bbox 316 2327 557 2371; x_wconf 86' lang='lat' dir='ltr'>confitetur</span> <span class='ocrx_word' id='word_1_272' title='bbox 582 2325 671 2368; x_wconf 90' lang='lat' dir='ltr'>Dei</span> <span class='ocrx_word' id='word_1_273' title='bbox 698 2324 901 2368; x_wconf 87' lang='lat' dir='ltr'>Verbum</span> <span class='ocrx_word' id='word_1_274' title='bbox 929 2338 1114 2382; x_wconf 88' lang='lat' dir='ltr'>passum</span> <span class='ocrx_word' id='word_1_275' title='bbox 1143 2338 1293 2377; x_wconf 91' lang='lat' dir='ltr'>carne,</span> <span class='ocrx_word' id='word_1_276' title='bbox 1322 2335 1364 2367; x_wconf 88' lang='lat' dir='ltr'>et</span> <span class='ocrx_word' id='word_1_277' title='bbox 1393 2323 1660 2371; x_wconf 82' lang='lat' dir='ltr'>crucifixum</span> <span class='ocrx_word' id='word_1_278' title='bbox 1688 2337 1838 2376; x_wconf 90' lang='lat' dir='ltr'>carne,</span> <span class='ocrx_word' id='word_1_279' title='bbox 1880 2323 2125 2368; x_wconf 87' lang='lat' dir='ltr'>anathema</span> <span class='ocrx_word' id='word_1_280' title='bbox 2150 2323 2207 2367; x_wconf 89' lang='lat' dir='ltr'>sit</span> <span class='ocrx_word' id='word_1_281' title='bbox 2231 2337 2285 2367; x_wconf 75' lang='grc' dir='ltr'>»τ</span> 
     </span>
     <span class='ocr_line' id='line_1_29' title="bbox 315 2391 2287 2453; baseline -0.002 -15"><span class='ocrx_word' id='word_1_282' title='bbox 315 2395 509 2453; x_wconf 88' lang='lat' dir='ltr'>pertinet</span> <span class='ocrx_word' id='word_1_283' title='bbox 537 2406 646 2450; x_wconf 89' lang='lat' dir='ltr'>ergo</span> <span class='ocrx_word' id='word_1_284' title='bbox 674 2393 826 2450; x_wconf 86' lang='lat' dir='ltr'>passio</span> <span class='ocrx_word' id='word_1_285' title='bbox 862 2391 1033 2434; x_wconf 86' lang='lat' dir='ltr'>Christi</span> <span class='ocrx_word' id='word_1_286' title='bbox 1062 2391 1116 2434; x_wconf 88' lang='lat' dir='ltr'>ad</span> <span class='ocrx_word' id='word_1_287' title='bbox 1144 2392 1430 2450; x_wconf 87' lang='lat' dir='ltr'>suppositum</span> <span class='ocrx_word' id='word_1_288' title='bbox 1458 2391 1638 2435; x_wconf 90' lang='lat' dir='ltr'>divinae</span> <span class='ocrx_word' id='word_1_289' title='bbox 1664 2400 1852 2435; x_wconf 84' lang='lat' dir='ltr'>naturae</span> <span class='ocrx_word' id='word_1_290' title='bbox 1887 2391 2064 2435; x_wconf 86' lang='lat' dir='ltr'>ratione</span> <span class='ocrx_word' id='word_1_291' title='bbox 2098 2398 2287 2435; x_wconf 82' lang='lat' dir='ltr'>naturae</span> 
     </span>
     <span class='ocr_line' id='line_1_30' title="bbox 316 2457 2127 2521; baseline -0.002 -17"><span class='ocrx_word' id='word_1_292' title='bbox 316 2460 540 2521; x_wconf 89' lang='lat' dir='ltr'>passibilis</span> <span class='ocrx_word' id='word_1_293' title='bbox 568 2468 842 2516; x_wconf 88' lang='lat' dir='ltr'>assumptae,</span> <span class='ocrx_word' id='word_1_294' title='bbox 869 2471 963 2500; x_wconf 91' lang='lat' dir='ltr'>non</span> <span class='ocrx_word' id='word_1_295' title='bbox 998 2468 1149 2501; x_wconf 87' lang='lat' dir='ltr'>autern</span> <span class='ocrx_word' id='word_1_296' title='bbox 1183 2458 1357 2501; x_wconf 83' lang='lat' dir='ltr'>ratione</span> <span class='ocrx_word' id='word_1_297' title='bbox 1391 2458 1569 2501; x_wconf 89' lang='lat' dir='ltr'>divinae</span> <span class='ocrx_word' id='word_1_298' title='bbox 1602 2468 1789 2501; x_wconf 89' lang='lat' dir='ltr'>naturae</span> <span class='ocrx_word' id='word_1_299' title='bbox 1821 2457 2127 2515; x_wconf 53' lang='lat' dir='ltr'>impassibilis</span> 
     </span>
    </p>

    <p class='ocr_par' dir='ltr' id='par_1_10' title="bbox 318 2523 2287 2722">
     <span class='ocr_line' id='line_1_31' title="bbox 408 2523 2287 2583; baseline -0.002 -12"><span class='ocrx_word' id='word_1_300' title='bbox 408 2528 483 2571; x_wconf 86' lang='lat' dir='ltr'>AD</span> <span class='ocrx_word' id='word_1_301' title='bbox 525 2538 714 2570; x_wconf 81' lang='lat' dir='ltr'>PRIMUM</span> <span class='ocrx_word' id='word_1_302' title='bbox 759 2539 869 2582; x_wconf 84' lang='lat' dir='ltr'>ergo</span> <span class='ocrx_word' id='word_1_303' title='bbox 911 2525 1170 2579; x_wconf 90' lang='lat' dir='ltr'>dicendum,</span> <span class='ocrx_word' id='word_1_304' title='bbox 1213 2525 1334 2583; x_wconf 93' lang='lat' dir='ltr'>quod</span> <span class='ocrx_word' id='word_1_305' title='bbox 1369 2525 1599 2568; x_wconf 91' lang='lat' dir='ltr'>Dominus</span> <span class='ocrx_word' id='word_1_306' title='bbox 1633 2523 1807 2583; x_wconf 90' lang='lat' dir='ltr'>gloriae</span> <span class='ocrx_word' id='word_1_307' title='bbox 1840 2524 2004 2568; x_wconf 90' lang='lat' dir='ltr'>dicitur</span> <span class='ocrx_word' id='word_1_308' title='bbox 2035 2523 2287 2578; x_wconf 84' lang='lat' dir='ltr'>crucifixus,</span> 
     </span>
     <span class='ocr_line' id='line_1_32' title="bbox 318 2590 2287 2651; baseline -0.002 -13"><span class='ocrx_word' id='word_1_309' title='bbox 318 2609 412 2639; x_wconf 91' lang='lat' dir='ltr'>non</span> <span class='ocrx_word' id='word_1_310' title='bbox 445 2593 697 2637; x_wconf 90' lang='lat' dir='ltr'>secundum</span> <span class='ocrx_word' id='word_1_311' title='bbox 730 2593 851 2651; x_wconf 92' lang='lat' dir='ltr'>quod</span> <span class='ocrx_word' id='word_1_312' title='bbox 885 2601 952 2635; x_wconf 88' lang='lat' dir='ltr'>est</span> <span class='ocrx_word' id='word_1_313' title='bbox 973 2592 1201 2635; x_wconf 89' lang='lat' dir='ltr'>Dominus</span> <span class='ocrx_word' id='word_1_314' title='bbox 1236 2591 1423 2650; x_wconf 88' lang='lat' dir='ltr'>gloriae,</span> <span class='ocrx_word' id='word_1_315' title='bbox 1457 2592 1535 2635; x_wconf 91' lang='lat' dir='ltr'>sed</span> <span class='ocrx_word' id='word_1_316' title='bbox 1569 2591 1821 2635; x_wconf 89' lang='lat' dir='ltr'>secundum</span> <span class='ocrx_word' id='word_1_317' title='bbox 1859 2591 1982 2650; x_wconf 90' lang='lat' dir='ltr'>quod</span> <span class='ocrx_word' id='word_1_318' title='bbox 2015 2599 2112 2635; x_wconf 83' lang='lat' dir='ltr'>erat</span> <span class='ocrx_word' id='word_1_319' title='bbox 2142 2590 2287 2635; x_wconf 89' lang='lat' dir='ltr'>homo</span> 
     </span>
     <span class='ocr_line' id='line_1_33' title="bbox 318 2660 1979 2722; baseline -0.004 -17"><span class='ocrx_word' id='word_1_320' title='bbox 318 2660 556 2722; x_wconf 90' lang='lat' dir='ltr'>passibilis.</span> <span class='ocrx_word' id='word_1_321' title='bbox 1977 2673 1979 2676; x_wconf 95' lang='lat'>·</span> 
     </span>
    </p>

    <p class='ocr_par' dir='ltr' id='par_1_11' title="bbox 322 2725 2293 3056">
     <span class='ocr_line' id='line_1_34' title="bbox 409 2725 2290 2786; baseline -0.001 -15"><span class='ocrx_word' id='word_1_322' title='bbox 409 2727 485 2771; x_wconf 80' lang='lat' dir='ltr'>An</span> <span class='ocrx_word' id='word_1_323' title='bbox 509 2738 770 2771; x_wconf 78' lang='lat' dir='ltr'>SECUNDUM</span> <span class='ocrx_word' id='word_1_324' title='bbox 794 2725 1051 2778; x_wconf 90' lang='lat' dir='ltr'>dicendum,</span> <span class='ocrx_word' id='word_1_325' title='bbox 1076 2726 1213 2784; x_wconf 87' lang='lat' dir='ltr'>quod,</span> <span class='ocrx_word' id='word_1_326' title='bbox 1236 2726 1352 2770; x_wconf 91' lang='lat' dir='ltr'>sicut</span> <span class='ocrx_word' id='word_1_327' title='bbox 1374 2726 1536 2770; x_wconf 90' lang='lat' dir='ltr'>dicitur</span> <span class='ocrx_word' id='word_1_328' title='bbox 1557 2726 1602 2769; x_wconf 91' lang='lat' dir='ltr'>in</span> <span class='ocrx_word' id='word_1_329' title='bbox 1627 2726 1828 2784; x_wconf 89' lang='lat' dir='ltr'>quodam</span> <span class='ocrx_word' id='word_1_330' title='bbox 1846 2740 2057 2771; x_wconf 87' lang='lat' dir='ltr'>sermone</span> <span class='ocrx_word' id='word_1_331' title='bbox 2073 2725 2290 2786; x_wconf 88' lang='lat' dir='ltr'>Ephesini</span> 
     </span>
     <span class='ocr_line' id='line_1_35' title="bbox 322 2792 2291 2855; baseline -0.001 -15"><span class='ocrx_word' id='word_1_332' title='bbox 322 2794 523 2841; x_wconf 90' lang='lat' dir='ltr'>Concilii</span> <span class='ocrx_word' id='word_1_333' title='bbox 551 2795 641 2852; x_wconf 84' lang='lat' dir='ltr'>(qui</span> <span class='ocrx_word' id='word_1_334' title='bbox 666 2799 724 2837; x_wconf 78' lang='lat' dir='ltr'>est</span> <span class='ocrx_word' id='word_1_335' title='bbox 757 2792 953 2836; x_wconf 79' lang='lat' dir='ltr'>Theodoti</span> <span class='ocrx_word' id='word_1_336' title='bbox 986 2794 1144 2851; x_wconf 79' lang='lat' dir='ltr'>Ancyr.</span> <span class='ocrx_word' id='word_1_337' title='bbox 1173 2800 1210 2837; x_wconf 82' lang='lat' dir='ltr'>et</span> <span class='ocrx_word' id='word_1_338' title='bbox 1236 2795 1330 2837; x_wconf 84' lang='lat' dir='ltr'>hab.</span> <span class='ocrx_word' id='word_1_339' title='bbox 1357 2796 1402 2837; x_wconf 83' lang='lat' dir='ltr'>in</span> <span class='ocrx_word' id='word_1_340' title='bbox 1434 2809 1478 2838; x_wconf 81' lang='lat' dir='ltr'>eo</span> <span class='ocrx_word' id='word_1_341' title='bbox 1508 2793 1668 2838; x_wconf 86' lang='lat' dir='ltr'>Concil.</span> <span class='ocrx_word' id='word_1_342' title='bbox 1685 2802 1781 2853; x_wconf 81' lang='lat' dir='ltr'>pag.</span> <span class='ocrx_word' id='word_1_343' title='bbox 1801 2810 1836 2854; x_wconf 83' lang='lat'>3.</span> <span class='ocrx_word' id='word_1_344' title='bbox 1869 2801 1959 2855; x_wconf 84' lang='lat' dir='ltr'>cap.</span> <span class='ocrx_word' id='word_1_345' title='bbox 1981 2796 2086 2852; x_wconf 69' lang='grc' dir='ltr'>ια),</span> <span class='ocrx_word' id='word_1_346' title='bbox 2115 2807 2140 2836; x_wconf 88' lang='lat'>«</span> <span class='ocrx_word' id='word_1_347' title='bbox 2165 2806 2291 2838; x_wconf 87' lang='lat' dir='ltr'>mors</span> 
     </span>
     <span class='ocr_line' id='line_1_36' title="bbox 325 2858 2293 2921; baseline 0.001 -17"><span class='ocrx_word' id='word_1_348' title='bbox 325 2879 348 2904; x_wconf 76' lang='lat' dir='ltr'>&lt;c</span> <span class='ocrx_word' id='word_1_349' title='bbox 375 2862 561 2914; x_wconf 89' lang='lat' dir='ltr'>Christi,</span> <span class='ocrx_word' id='word_1_350' title='bbox 587 2870 806 2919; x_wconf 89' lang='lat' dir='ltr'>tanquam</span> <span class='ocrx_word' id='word_1_351' title='bbox 832 2858 951 2902; x_wconf 88' lang='lat' dir='ltr'>facta</span> <span class='ocrx_word' id='word_1_352' title='bbox 970 2873 1094 2903; x_wconf 91' lang='lat' dir='ltr'>mors</span> <span class='ocrx_word' id='word_1_353' title='bbox 1121 2860 1209 2903; x_wconf 91' lang='lat' dir='ltr'>Dei</span> <span class='ocrx_word' id='word_1_354' title='bbox 1235 2877 1276 2913; x_wconf 84' lang='lat'>&gt;›,</span> <span class='ocrx_word' id='word_1_355' title='bbox 1311 2860 1484 2904; x_wconf 91' lang='lat' dir='ltr'>scilicet</span> <span class='ocrx_word' id='word_1_356' title='bbox 1509 2876 1590 2920; x_wconf 92' lang='lat' dir='ltr'>per</span> <span class='ocrx_word' id='word_1_357' title='bbox 1612 2861 1832 2906; x_wconf 89' lang='lat' dir='ltr'>unionem</span> <span class='ocrx_word' id='word_1_358' title='bbox 1864 2861 1910 2906; x_wconf 91' lang='lat' dir='ltr'>in</span> <span class='ocrx_word' id='word_1_359' title='bbox 1935 2872 2147 2921; x_wconf 85' lang='lat' dir='ltr'>persona,</span> <span class='ocrx_word' id='word_1_360' title='bbox 2177 2875 2200 2903; x_wconf 86' lang='lat'>«</span> <span class='ocrx_word' id='word_1_361' title='bbox 2219 2861 2293 2905; x_wconf 87' lang='lat' dir='ltr'>de-</span> 
     </span>
     <span class='ocr_line' id='line_1_37' title="bbox 322 2927 2293 2987; baseline -0.001 -13"><span class='ocrx_word' id='word_1_362' title='bbox 322 2929 481 2974; x_wconf 86' lang='lat' dir='ltr'>struxit</span> <span class='ocrx_word' id='word_1_363' title='bbox 506 2937 725 2971; x_wconf 88' lang='lat' dir='ltr'>mortem:</span> <span class='ocrx_word' id='word_1_364' title='bbox 755 2927 974 2984; x_wconf 90' lang='lat' dir='ltr'>quoniam</span> <span class='ocrx_word' id='word_1_365' title='bbox 1001 2927 1141 2980; x_wconf 90' lang='lat' dir='ltr'>Deus,</span> <span class='ocrx_word' id='word_1_366' title='bbox 1169 2937 1213 2971; x_wconf 88' lang='lat' dir='ltr'>et</span> <span class='ocrx_word' id='word_1_367' title='bbox 1237 2928 1382 2971; x_wconf 88' lang='lat' dir='ltr'>homo</span> <span class='ocrx_word' id='word_1_368' title='bbox 1410 2938 1518 2982; x_wconf 89' lang='lat' dir='ltr'>erat,</span> <span class='ocrx_word' id='word_1_369' title='bbox 1546 2929 1622 2987; x_wconf 90' lang='lat' dir='ltr'>qui</span> <span class='ocrx_word' id='word_1_370' title='bbox 1648 2929 1914 2987; x_wconf 88' lang='lat' dir='ltr'>patiebatur,</span> <span class='ocrx_word' id='word_1_371' title='bbox 1934 2942 2029 2973; x_wconf 89' lang='lat' dir='ltr'>non</span> <span class='ocrx_word' id='word_1_372' title='bbox 2061 2929 2186 2974; x_wconf 85' lang='lat' dir='ltr'>enirn</span> <span class='ocrx_word' id='word_1_373' title='bbox 2215 2942 2293 2972; x_wconf 84' lang='lat' dir='ltr'>na-</span> 
     </span>
     <span class='ocr_line' id='line_1_38' title="bbox 322 2993 2232 3056; baseline 0 -16"><span class='ocrx_word' id='word_1_374' title='bbox 322 3006 422 3041; x_wconf 91' lang='lat' dir='ltr'>tura</span> <span class='ocrx_word' id='word_1_375' title='bbox 448 2995 537 3040; x_wconf 89' lang='lat' dir='ltr'>Dei</span> <span class='ocrx_word' id='word_1_376' title='bbox 562 2994 686 3038; x_wconf 86' lang='lat' dir='ltr'>laesa</span> <span class='ocrx_word' id='word_1_377' title='bbox 713 3003 794 3046; x_wconf 89' lang='lat' dir='ltr'>est,</span> <span class='ocrx_word' id='word_1_378' title='bbox 820 2993 900 3037; x_wconf 85' lang='lat' dir='ltr'>sed</span> <span class='ocrx_word' id='word_1_379' title='bbox 924 2994 1140 3046; x_wconf 87' lang='lat' dir='ltr'>humana,</span> <span class='ocrx_word' id='word_1_380' title='bbox 1163 3009 1312 3052; x_wconf 92' lang='lat' dir='ltr'>neque</span> <span class='ocrx_word' id='word_1_381' title='bbox 1336 2997 1590 3039; x_wconf 84' lang='lat' dir='ltr'>mutatione</span> <span class='ocrx_word' id='word_1_382' title='bbox 1612 3010 1692 3039; x_wconf 90' lang='lat' dir='ltr'>sua</span> <span class='ocrx_word' id='word_1_383' title='bbox 1716 2995 1915 3055; x_wconf 89' lang='lat' dir='ltr'>suscepit</span> <span class='ocrx_word' id='word_1_384' title='bbox 1934 2995 2168 3056; x_wconf 84' lang='lat' dir='ltr'>passiones</span> <span class='ocrx_word' id='word_1_385' title='bbox 2190 3011 2232 3040; x_wconf 69' lang='lat' dir='ltr'>n.</span> 
     </span>
    </p>

    <p class='ocr_par' dir='ltr' id='par_1_12' title="bbox 322 3060 2343 3591">
     <span class='ocr_line' id='line_1_39' title="bbox 413 3060 2292 3123; baseline -0.001 -16"><span class='ocrx_word' id='word_1_386' title='bbox 413 3064 489 3107; x_wconf 82' lang='lat' dir='ltr'>An</span> <span class='ocrx_word' id='word_1_387' title='bbox 517 3074 732 3107; x_wconf 80' lang='lat' dir='ltr'>TERTmM</span> <span class='ocrx_word' id='word_1_388' title='bbox 760 3060 1018 3112; x_wconf 90' lang='lat' dir='ltr'>dicendum,</span> <span class='ocrx_word' id='word_1_389' title='bbox 1046 3062 1183 3119; x_wconf 89' lang='lat' dir='ltr'>quod,</span> <span class='ocrx_word' id='word_1_390' title='bbox 1211 3063 1327 3105; x_wconf 89' lang='lat' dir='ltr'>sicut</span> <span class='ocrx_word' id='word_1_391' title='bbox 1354 3063 1556 3105; x_wconf 88' lang='lat' dir='ltr'>subditur</span> <span class='ocrx_word' id='word_1_392' title='bbox 1581 3063 1765 3116; x_wconf 90' lang='lat' dir='ltr'>ibidem,</span> <span class='ocrx_word' id='word_1_393' title='bbox 1795 3078 1820 3104; x_wconf 85' lang='lat'>«</span> <span class='ocrx_word' id='word_1_394' title='bbox 1843 3077 1939 3108; x_wconf 90' lang='lat' dir='ltr'>non</span> <span class='ocrx_word' id='word_1_395' title='bbox 1959 3076 2125 3123; x_wconf 87' lang='lat' dir='ltr'>purum</span> <span class='ocrx_word' id='word_1_396' title='bbox 2142 3062 2292 3108; x_wconf 87' lang='lat' dir='ltr'>homi-</span> 
     </span>
     <span class='ocr_line' id='line_1_40' title="bbox 322 3127 2292 3189; baseline -0.001 -13"><span class='ocrx_word' id='word_1_397' title='bbox 322 3146 431 3176; x_wconf 91' lang='lat' dir='ltr'>nem</span> <span class='ocrx_word' id='word_1_398' title='bbox 458 3129 775 3175; x_wconf 86' lang='lat' dir='ltr'>crucifixerunt</span> <span class='ocrx_word' id='word_1_399' title='bbox 795 3127 968 3185; x_wconf 90' lang='lat' dir='ltr'>Judaei,</span> <span class='ocrx_word' id='word_1_400' title='bbox 996 3128 1074 3171; x_wconf 90' lang='lat' dir='ltr'>sed</span> <span class='ocrx_word' id='word_1_401' title='bbox 1117 3129 1219 3171; x_wconf 93' lang='lat' dir='ltr'>Deo</span> <span class='ocrx_word' id='word_1_402' title='bbox 1263 3129 1511 3173; x_wconf 87' lang='lat' dir='ltr'>intulerunt</span> <span class='ocrx_word' id='word_1_403' title='bbox 1551 3130 1958 3189; x_wconf 85' lang='lat' dir='ltr'>praesumptiones.</span> <span class='ocrx_word' id='word_1_404' title='bbox 1999 3129 2127 3175; x_wconf 90' lang='lat' dir='ltr'>Pone</span> <span class='ocrx_word' id='word_1_405' title='bbox 2168 3129 2292 3174; x_wconf 86' lang='lat' dir='ltr'>enim</span> 
     </span>
     <span class='ocr_line' id='line_1_41' title="bbox 323 3194 2295 3258; baseline -0.001 -16"><span class='ocrx_word' id='word_1_406' title='bbox 323 3199 576 3258; x_wconf 86' lang='lat' dir='ltr'>principem</span> <span class='ocrx_word' id='word_1_407' title='bbox 614 3195 741 3255; x_wconf 91' lang='lat' dir='ltr'>loqui</span> <span class='ocrx_word' id='word_1_408' title='bbox 767 3209 847 3254; x_wconf 91' lang='lat' dir='ltr'>per</span> <span class='ocrx_word' id='word_1_409' title='bbox 872 3194 1078 3246; x_wconf 88' lang='lat' dir='ltr'>verbum,</span> <span class='ocrx_word' id='word_1_410' title='bbox 1106 3204 1150 3237; x_wconf 90' lang='lat' dir='ltr'>et</span> <span class='ocrx_word' id='word_1_411' title='bbox 1176 3195 1264 3238; x_wconf 90' lang='lat' dir='ltr'>hoc</span> <span class='ocrx_word' id='word_1_412' title='bbox 1292 3195 1479 3239; x_wconf 88' lang='lat' dir='ltr'>formari</span> <span class='ocrx_word' id='word_1_413' title='bbox 1506 3211 1583 3255; x_wconf 92' lang='lat' dir='ltr'>per</span> <span class='ocrx_word' id='word_1_414' title='bbox 1609 3196 1761 3240; x_wconf 91' lang='lat' dir='ltr'>literas</span> <span class='ocrx_word' id='word_1_415' title='bbox 1787 3197 1833 3241; x_wconf 91' lang='lat' dir='ltr'>in</span> <span class='ocrx_word' id='word_1_416' title='bbox 1860 3197 2018 3242; x_wconf 81' lang='lat' dir='ltr'>charta</span> <span class='ocrx_word' id='word_1_417' title='bbox 2057 3196 2222 3256; x_wconf 81' lang='lat' dir='ltr'>aliqua,</span> <span class='ocrx_word' id='word_1_418' title='bbox 2248 3205 2295 3242; x_wconf 89' lang='lat' dir='ltr'>et</span> 
     </span>
     <span class='ocr_line' id='line_1_42' title="bbox 325 3260 2343 3324; baseline -0.001 -14"><span class='ocrx_word' id='word_1_419' title='bbox 325 3266 458 3324; x_wconf 87' lang='lat' dir='ltr'>dirigi</span> <span class='ocrx_word' id='word_1_420' title='bbox 485 3264 754 3316; x_wconf 87' lang='lat' dir='ltr'>civitatibus,</span> <span class='ocrx_word' id='word_1_421' title='bbox 782 3272 826 3305; x_wconf 88' lang='lat' dir='ltr'>et</span> <span class='ocrx_word' id='word_1_422' title='bbox 852 3260 1013 3319; x_wconf 87' lang='lat' dir='ltr'>aliquis</span> <span class='ocrx_word' id='word_1_423' title='bbox 1040 3261 1307 3304; x_wconf 88' lang='lat' dir='ltr'>inobediens</span> <span class='ocrx_word' id='word_1_424' title='bbox 1336 3263 1540 3306; x_wconf 88' lang='lat' dir='ltr'>chartam</span> <span class='ocrx_word' id='word_1_425' title='bbox 1564 3264 1836 3322; x_wconf 86' lang='lat' dir='ltr'>disrumpat;</span> <span class='ocrx_word' id='word_1_426' title='bbox 1859 3263 1915 3308; x_wconf 87' lang='lat' dir='ltr'>ad</span> <span class='ocrx_word' id='word_1_427' title='bbox 1937 3263 2098 3309; x_wconf 86' lang='lat' dir='ltr'>mortis</span> <span class='ocrx_word' id='word_1_428' title='bbox 2119 3272 2297 3308; x_wconf 80' lang='lat' dir='ltr'>senten-</span> <span class='ocrx_word' id='word_1_429' title='bbox 2330 3270 2343 3280; x_wconf 87' lang='grc'>’·</span> 
     </span>
     <span class='ocr_line' id='line_1_43' title="bbox 326 3328 2292 3390; baseline -0.001 -14"><span class='ocrx_word' id='word_1_430' title='bbox 326 3333 436 3377; x_wconf 85' lang='lat' dir='ltr'>tiam</span> <span class='ocrx_word' id='word_1_431' title='bbox 465 3332 726 3383; x_wconf 89' lang='lat' dir='ltr'>deducetur,</span> <span class='ocrx_word' id='word_1_432' title='bbox 753 3342 846 3372; x_wconf 92' lang='lat' dir='ltr'>non</span> <span class='ocrx_word' id='word_1_433' title='bbox 881 3338 1099 3386; x_wconf 88' lang='lat' dir='ltr'>tanquam</span> <span class='ocrx_word' id='word_1_434' title='bbox 1142 3328 1346 3371; x_wconf 88' lang='lat' dir='ltr'>chartam</span> <span class='ocrx_word' id='word_1_435' title='bbox 1390 3330 1689 3389; x_wconf 87' lang='lat' dir='ltr'>disrumpens,</span> <span class='ocrx_word' id='word_1_436' title='bbox 1726 3331 1804 3375; x_wconf 88' lang='lat' dir='ltr'>sed</span> <span class='ocrx_word' id='word_1_437' title='bbox 1843 3340 2060 3390; x_wconf 84' lang='lat' dir='ltr'>tanquam</span> <span class='ocrx_word' id='word_1_438' title='bbox 2102 3330 2292 3376; x_wconf 84' lang='lat' dir='ltr'>verbum</span> 
     </span>
     <span class='ocr_line' id='line_1_44' title="bbox 328 3391 2318 3458; baseline -0.001 -15"><span class='ocrx_word' id='word_1_439' title='bbox 328 3398 564 3458; x_wconf 89' lang='lat' dir='ltr'>imperiale</span> <span class='ocrx_word' id='word_1_440' title='bbox 592 3398 892 3454; x_wconf 86' lang='lat' dir='ltr'>disrumpens.</span> <span class='ocrx_word' id='word_1_441' title='bbox 920 3394 1026 3438; x_wconf 91' lang='lat' dir='ltr'>Non</span> <span class='ocrx_word' id='word_1_442' title='bbox 1053 3409 1164 3452; x_wconf 87' lang='lat' dir='ltr'>ergo</span> <span class='ocrx_word' id='word_1_443' title='bbox 1191 3409 1377 3439; x_wconf 87' lang='lat' dir='ltr'>securus</span> <span class='ocrx_word' id='word_1_444' title='bbox 1404 3397 1460 3439; x_wconf 88' lang='lat' dir='ltr'>sit</span> <span class='ocrx_word' id='word_1_445' title='bbox 1479 3397 1690 3453; x_wconf 90' lang='lat' dir='ltr'>Judaeus‚</span> <span class='ocrx_word' id='word_1_446' title='bbox 1716 3406 1934 3456; x_wconf 89' lang='lat' dir='ltr'>tanquam</span> <span class='ocrx_word' id='word_1_447' title='bbox 1959 3410 2123 3457; x_wconf 86' lang='lat' dir='ltr'>purum</span> <span class='ocrx_word' id='word_1_448' title='bbox 2148 3391 2318 3442; x_wconf 58' lang='lat' dir='ltr'>homi-2³</span> 
     </span>
     <span class='ocr_line' id='line_1_45' title="bbox 329 3461 2295 3523; baseline -0.001 -13"><span class='ocrx_word' id='word_1_449' title='bbox 329 3481 436 3510; x_wconf 90' lang='lat' dir='ltr'>nem</span> <span class='ocrx_word' id='word_1_450' title='bbox 455 3465 745 3523; x_wconf 85' lang='lat' dir='ltr'>crucifigens:</span> <span class='ocrx_word' id='word_1_451' title='bbox 773 3462 896 3522; x_wconf 91' lang='lat' dir='ltr'>quod</span> <span class='ocrx_word' id='word_1_452' title='bbox 909 3462 1030 3506; x_wconf 88' lang='lat' dir='ltr'>enim</span> <span class='ocrx_word' id='word_1_453' title='bbox 1058 3461 1253 3514; x_wconf 87' lang='lat' dir='ltr'>videbat,</span> <span class='ocrx_word' id='word_1_454' title='bbox 1271 3463 1398 3520; x_wconf 90' lang='lat' dir='ltr'>quasi</span> <span class='ocrx_word' id='word_1_455' title='bbox 1417 3464 1573 3508; x_wconf 87' lang='lat' dir='ltr'>charta</span> <span class='ocrx_word' id='word_1_456' title='bbox 1591 3474 1705 3508; x_wconf 88' lang='lat' dir='ltr'>erat:</span> <span class='ocrx_word' id='word_1_457' title='bbox 1735 3464 1856 3523; x_wconf 90' lang='lat' dir='ltr'>quod</span> <span class='ocrx_word' id='word_1_458' title='bbox 1875 3473 2027 3509; x_wconf 85' lang='lat' dir='ltr'>autem</span> <span class='ocrx_word' id='word_1_459' title='bbox 2045 3463 2091 3508; x_wconf 87' lang='lat' dir='ltr'>in</span> <span class='ocrx_word' id='word_1_460' title='bbox 2109 3477 2161 3510; x_wconf 83' lang='lat' dir='ltr'>ea</span> <span class='ocrx_word' id='word_1_461' title='bbox 2179 3462 2295 3508; x_wconf 74' lang='lat' dir='ltr'>cela-</span> 
     </span>
     <span class='ocr_line' id='line_1_46' title="bbox 329 3529 2292 3591; baseline -0.001 -14"><span class='ocrx_word' id='word_1_462' title='bbox 329 3535 474 3586; x_wconf 88' lang='lat' dir='ltr'>batur,</span> <span class='ocrx_word' id='word_1_463' title='bbox 501 3532 736 3591; x_wconf 81' lang='lat' dir='ltr'>imperiale</span> <span class='ocrx_word' id='word_1_464' title='bbox 764 3529 953 3574; x_wconf 87' lang='lat' dir='ltr'>verbum</span> <span class='ocrx_word' id='word_1_465' title='bbox 972 3537 1080 3581; x_wconf 85' lang='lat' dir='ltr'>erat,</span> <span class='ocrx_word' id='word_1_466' title='bbox 1098 3538 1254 3572; x_wconf 90' lang='lat' dir='ltr'>natum</span> <span class='ocrx_word' id='word_1_467' title='bbox 1283 3544 1336 3573; x_wconf 86' lang='lat' dir='ltr'>ex</span> <span class='ocrx_word' id='word_1_468' title='bbox 1362 3540 1535 3584; x_wconf 89' lang='lat' dir='ltr'>natura,</span> <span class='ocrx_word' id='word_1_469' title='bbox 1560 3545 1651 3575; x_wconf 90' lang='lat' dir='ltr'>non</span> <span class='ocrx_word' id='word_1_470' title='bbox 1670 3531 1899 3590; x_wconf 89' lang='lat' dir='ltr'>prolatum</span> <span class='ocrx_word' id='word_1_471' title='bbox 1924 3545 2009 3591; x_wconf 85' lang='lat' dir='ltr'>per·</span> <span class='ocrx_word' id='word_1_472' title='bbox 2027 3530 2292 3591; x_wconf 76' lang='lat' dir='ltr'>linguam».</span> 
     </span>
    </p>
   </div>
  </div>
 </body>
</html>
