2352 3926
259 245 369 300 294
782 217 1061 288 QuAEsTIO
1102 243 1270 281 xxxv.
1313 227 1623 282 ARTICULUS
1664 242 1720 281 11.

257 346 304 389 in
335 359 370 402 5.
397 346 635 404 Physicor.
663 346 763 399 (tex.
790 358 855 402 41.
882 352 920 390 et
944 346 1043 404 seq.)
1054 360 1071 398 ;
1090 347 1136 390 in
1160 345 1346 390 Christo
1374 355 1527 390 autem
1553 355 1657 388 sunt
1684 345 1800 388 duae
1833 354 2034 399 naturae,
2068 342 2222 388 divina

259 413 445 465 scilicet,
475 423 518 455 et
543 412 763 455 humana:
793 426 986 470 quarum
1018 426 1157 456 unam
1190 413 1364 472 accepit
1389 412 1443 456 ab
1479 422 1663 456 aeterno
1699 425 1723 454 a
1756 411 1906 464 Patre,
1933 410 2124 456 alteram
2150 424 2225 456 aec-

260 480 378 536 cepit
402 478 713 537 temporaliter
741 493 765 522 a
793 488 961 533 matre;
985 489 1029 523 et
1054 479 1158 523 ideo
1181 493 1368 524 necesse
1396 489 1463 523 est
1489 478 1729 523 attribuere
1760 478 1944 522 Christo
1971 477 2083 525 duas
2103 477 2219 525 neti-

258 546 433 599 vitates,
461 560 598 589 unam
622 560 711 604 qua
738 545 1025 590 aeternaliter
1036 556 1168 591 natus
1187 556 1253 591 est
1270 561 1297 590 a
1317 546 1466 600 Patre,
1483 545 1622 589 aliam
1649 559 1738 603 qua
1755 543 2068 602 temporaliter
2091 551 2224 589 natus

260 623 329 656 est
354 627 378 655 a
401 623 558 656 matre.
1812 668 1819 672 ἱ

349 679 424 723 AD
455 693 644 724 PRIMUM
681 693 792 737 ergo
820 679 1080 733 dicendum,
1106 680 1228 739 quod
1254 680 1369 724 haec
1395 679 1478 723 fuit
1505 679 1702 736 objectio
1737 677 1976 736 cujusdam
2002 676 2223 722 Feliciani

259 747 491 800 haeretici,
519 761 658 805 quam
684 746 877 805 August.
900 747 946 790 in
972 747 1047 790 lib.
1073 758 1231 791 contra
1257 747 1538 791 Felicianum
1556 747 1669 805 (cap.
1690 746 1774 802 12.)
1801 746 1865 789 sic
1892 744 2048 789 solvit:
2079 760 2103 786 ι(
2127 743 2229 790 Fin-

261 828 422 872 gamus
449 831 472 855 »
502 814 648 872 inquit
672 829 695 854 <c
722 814 838 857 sicut
863 813 1065 873 plerique
1097 814 1271 868 volunt,
1300 828 1398 858 esse
1432 815 1478 856 in
1511 813 1684 856 mundo
1719 812 1920 856 animam
1948 811 2226 871 generalem,

261 895 376 939 quae
410 882 472 924 sic
506 879 724 924 ineffabili
757 891 885 924 motu
927 883 1102 925 semina
1137 891 1300 924 cuncta
1330 880 1544 934 vivificet,
1578 890 1626 923 ut
1657 894 1751 923 non
1778 879 1838 923 sit
1872 888 2089 923 concreta
2119 891 2226 922 cum

261 947 438 1006 genitis,
465 948 543 991 sed
569 948 709 991 vitam
738 959 934 1007 praestet
959 949 1056 1006 ipsa
1083 949 1342 1007 gignendis:
1371 962 1537 1007 nempe
1571 962 1676 1011 curn
1702 948 1816 991 haec
1843 947 1890 990 in
1916 956 2110 1004 uterum,
2131 959 2230 1006 pas-

260 1014 435 1058 sibilem
463 1015 703 1058 materiam
730 1016 786 1059 ad
811 1029 918 1060 usus
944 1030 1052 1059 suos
1077 1015 1342 1069 formatura,
1370 1014 1798 1074 pervenerit,'unam
1814 1012 1924 1058 facit
1947 1027 2105 1058 secum
2127 1023 2226 1058 esse

259 1096 504 1140 personam
532 1083 627 1140 ejus
653 1082 732 1135 rei,
752 1096 890 1140 quam
914 1097 1007 1125 non
1027 1083 1238 1126 eamdem
1258 1092 1438 1126 constat
1454 1082 1621 1126 habere
1645 1081 1967 1135 substantiam3
1987 1090 2032 1125 et
2055 1079 2106 1124 fit
2126 1093 2230 1138 opt-

260 1159 388 1193 rante
417 1150 585 1202 anima,
613 1158 658 1193 et
697 1149 898 1208 patiente
925 1150 1132 1204 materia,
1159 1164 1213 1193 ex
1241 1149 1413 1192 duabus
1439 1149 1699 1193 substantiis
1726 1163 1842 1192 unus
1875 1148 2045 1192 homo:
2069 1148 2226 1207 sicque

261 1217 464 1260 animam
489 1217 618 1260 nasci
641 1215 837 1260 fatemur
863 1231 916 1260 ex
943 1226 1209 1271 uter03non
1237 1217 1342 1275 quia
1361 1227 1605 1274 antequam
1631 1225 1906 1269 nasceretur,
1933 1225 2155 1277 quantum
2171 1213 2230 1258 ani

261 1298 309 1328 se
336 1284 508 1337 attinet,
550 1284 648 1342 ipsa
673 1285 850 1343 penitus
877 1298 970 1327 non
997 1283 1182 1327 fuisset:
1216 1285 1280 1327 sic
1319 1297 1445 1341 ergo,
1472 1283 1618 1326 immo
1651 1282 1889 1326 sublimius
1914 1292 2048 1326 natus
2073 1288 2142 1326 est
2172 1281 2228 1326 de

262 1360 408 1395 matre
433 1350 572 1394 Filius
597 1351 687 1394 Dei
714 1351 965 1394 secundum
991 1351 1248 1405 hominem,
1276 1364 1331 1394 eo
1358 1360 1494 1407 pacto
1524 1364 1614 1408 quo
1643 1364 1750 1392 cum
1777 1363 1970 1408 corpore
1995 1349 2123 1396 nasci
2143 1347 2231 1392 40⁴

263 1429 389 1462 cetur
414 1428 459 1462 et
485 1418 694 1471 animus;
720 1432 814 1461 non
842 1418 947 1476 quia
970 1418 1203 1476 utriusque
1232 1417 1288 1461 sit
1313 1431 1402 1460 una
1429 1416 1695 1470 substantia,
1722 1416 1801 1461 sed
1827 1417 1933 1475 quia
1960 1428 2014 1460 ex
2039 1425 2229 1476 utraque

262 1485 311 1529 fit
337 1500 426 1529 una
453 1499 677 1543 persona:
712 1499 805 1528 non
832 1495 988 1528 tamen
1022 1485 1075 1527 ab
1103 1485 1232 1528 initio
1267 1485 1414 1528 carnis
1447 1484 1671 1543 incepisse
1704 1483 1898 1527 dicimus
1929 1483 2019 1528 Dei
2048 1482 2230 1539 Filium,

266 1568 324 1597 ne
356 1553 659 1612 temporalem
690 1552 844 1596 credat
877 1552 1038 1611 aliquis
1074 1553 1314 1596 deitatem:
1348 1566 1442 1596 non
1481 1551 1534 1595 ab
1564 1562 1749 1595 aeterno
1776 1549 1878 1594 Filii
1903 1550 1993 1595 Dei
2016 1550 2230 1595 novimus

263 1635 462 1674 carnem,
489 1635 546 1663 ne
578 1634 673 1663 non
699 1621 940 1664 veritatem
977 1620 1168 1663 humani
1195 1620 1414 1678 corporis,
1451 1619 1529 1663 sed
1552 1619 1799 1678 quamdam
1835 1632 1942 1662 eum
1977 1618 2229 1677 suscepisse

263 1698 475 1748 putemus
502 1687 753 1745 imaginem
780 1704 820 1730 n.
1314 1692 1316 1694 ’

351 1755 427 1798 AD
455 1767 718 1798 SECUNDUM
745 1753 1005 1808 dicendum,
1022 1753 1145 1813 quod
1173 1754 1288 1798 haec
1315 1753 1398 1797 fuit
1424 1754 1539 1797 ratio
1566 1753 1784 1807 Nestorii,
1811 1765 1951 1812 quam
1976 1751 2114 1803 solvit
2140 1752 2229 1812 Cy·-

266 1821 392 1866 rillus
418 1821 463 1864 in
492 1821 688 1879 quadam
717 1821 909 1880 epistola
935 1823 1059 1879 (quae
1086 1822 1179 1865 hab.
1212 1823 1257 1864 in
1289 1822 1415 1866 Cone.
1443 1822 1589 1880 Ephes.
1619 1827 1733 1879 part.
1767 1836 1801 1866 r.
1836 1828 1927 1879 cap.
1959 1820 2020 1879 8.)
2049 1819 2228 1865 dicens:

268 1907 291 1930 «
315 1889 424 1932 Non
457 1888 666 1942 dicimus,
709 1888 831 1947 quod
871 1888 1010 1932 Filius
1044 1889 1132 1932 Dei
1163 1889 1408 1947 indiguerit
1440 1888 1701 1932 necessario
1735 1897 1918 1947 propter
1949 1901 1997 1932 se
2029 1887 2229 1932 secunda

264 1957 513 2009 nativitate,
540 1966 644 2014 post
671 1970 773 2000 eam
802 1971 917 2015 quae
945 1971 999 2000 ex
1031 1956 1164 2000 Patre
1198 1966 1283 2000 est:
1318 1966 1386 2000 est
1418 1956 1539 2000 enim
1566 1955 1756 2010 fatuum,
1789 1965 1833 1999 et
1862 1955 2116 2009 indoctum,
2143 1955 2231 2000 exi·

265 2033 459 2067 stentem
488 2034 591 2067 ante
619 2023 776 2067 omnia
798 2023 996 2077 saecula,
1025 2033 1068 2067 et
1091 2023 1511 2082 consempiternum
1533 2023 1657 2067 Patri
1681 2022 1886 2082 indigere
1908 2021 2059 2071 dicere
2083 2021 2229 2077 initio,

261 2103 310 2134 ut
342 2091 398 2134 sit
430 2089 657 2144 secundo;
691 2090 910 2148 quoniam
953 2100 1106 2133 autem
1144 2101 1329 2149 propter
1365 2105 1463 2144 nos,
1502 2100 1545 2134 et
1571 2099 1754 2149 propter
1787 2098 1994 2134 nostram
2034 2088 2229 2134 salutem

263 2160 423 2202 uniens
450 2157 534 2201 sibi
561 2158 811 2201 secundum
830 2157 1169 2201 subsistentiam
1187 2158 1310 2217 quod
1329 2168 1396 2202 est
1413 2158 1683 2213 humanum,
1706 2157 1927 2216 processit
1944 2171 1999 2201 ex
2020 2156 2228 2212 muliere,

264 2227 320 2270 ob
348 2226 438 2269 hoc
466 2225 629 2268 dicitur
650 2226 778 2268 nasci
805 2225 1044 2269 carnaliter
1069 2242 1109 2268 n.

354 2293 429 2336 AD
463 2304 679 2336 TERTIUM
711 2292 971 2346 dicendum,
1000 2292 1121 2350 quod
1147 2293 1358 2336 nativitas
1386 2301 1454 2336 est
1479 2306 1701 2351 personae
1727 2301 1777 2336 ut
1808 2291 2012 2350 subjecti,
2037 2300 2228 2336 naturae

264 2370 415 2404 autem
446 2369 494 2403 ut
517 2359 722 2403 termini:
750 2359 965 2418 possibile
992 2369 1059 2403 est
1092 2370 1261 2413 autern,
1293 2359 1374 2403 uni
1405 2359 1609 2417 subjecto
1642 2359 1794 2417 plures
1818 2358 2223 2404 transmutationes

269 2429 441 2481 inesse;
470 2441 582 2486 quas
607 2436 763 2471 tamen
779 2441 967 2471 necesse
990 2437 1058 2471 est
1084 2427 1336 2471 secundum
1358 2427 1579 2470 terminos
1603 2426 1782 2480 variari3
1809 2427 1932 2486 quod
1956 2435 2112 2470 tamen
2133 2439 2230 2471 non

263 2495 472 2549 dicimus,
501 2495 629 2553 quasi
657 2504 839 2538 aeterna
871 2494 1082 2538 nativitas
1110 2494 1165 2538 sit
1191 2494 1528 2548 transmutatio,
1555 2503 1632 2537 aut
1664 2503 1832 2548 motus,
1859 2493 1939 2538 sed
1965 2493 2071 2553 quia
2095 2492 2232 2552 signi·

262 2562 423 2606 ficatur
448 2575 528 2620 per
553 2561 745 2605 modum
772 2562 1052 2615 mutationis,
1081 2572 1158 2605 aut
1184 2570 1351 2605 motus.

353 2630 430 2673 AD
458 2642 695 2679 QUARTUM
729 2629 989 2682 dicendum,
1026 2628 1149 2687 quod
1184 2628 1394 2672 Christus
1425 2636 1575 2686 potest
1610 2627 1700 2672 dici
1726 2627 1795 2671 bis
1820 2635 1952 2671 natus
1977 2626 2230 2672 secundum

266 2697 377 2740 duas
394 2696 663 2739 nativitates.
687 2696 814 2739 Sicut
841 2695 963 2739 enim
981 2695 1144 2738 dicitur
1168 2695 1236 2739 bis
1255 2709 1449 2748 currere,
1476 2696 1551 2753 qui
1571 2694 1708 2738 currit
1730 2692 1906 2738 duobus
1922 2693 2229 2753 temporibus;

262 2764 324 2807 ita
350 2773 500 2822 potest
527 2763 616 2806 dici
640 2763 707 2806 bis
734 2763 873 2816 nasci,
902 2763 978 2820 qui
1011 2761 1155 2805 semel
1187 2762 1385 2806 nascitur
1418 2762 1463 2804 in
1492 2762 1771 2815 aeternitate,
1799 2770 1843 2805 et
1868 2760 2014 2805 semel
2045 2761 2092 2805 in
2116 2770 2231 2806 tem-

263 2845 398 2890 pore:
432 2832 536 2889 quia
570 2829 826 2883 aeternitas,
854 2839 897 2872 et
922 2838 1101 2888 tempus
1124 2828 1270 2872 multo
1290 2828 1436 2887 magis
1463 2827 1689 2883 differunt,
1717 2843 1855 2888 quam
1882 2826 1974 2872 duo
1994 2837 2228 2889 tempora3

265 2913 370 2943 cum
392 2908 548 2942 tamen
570 2908 812 2956 utrumque
840 2896 1045 2955 designet
1070 2909 1332 2940 mensuram
1360 2895 1624 2939 durationis.

957 3059 1392 3117 ARTICULUS
1430 3060 1530 3114 III.
1748 3128 1750 3130 ,
2146 3085 2229 3134 19⁰

431 3197 623 3237 UTRUM
664 3196 964 3236 SECUNDUM
1004 3195 1378 3234 TEMPORALEM
1417 3195 1637 3234 CHRISTI
1676 3191 2061 3235 NATIVITATEM

724 3281 771 3317 B.
806 3278 975 3317 VIRGO
1017 3278 1202 3316 POSSIT
1244 3278 1360 3316 DICI
1400 3278 1586 3316 MATER
1627 3278 1766 3332 EJUS.

265 3391 315 3450 (3.
335 3392 444 3436 Dist.
458 3405 494 3450 3.
512 3405 550 3449 q.
568 3404 607 3435 2.
630 3396 712 3434 art.
730 3406 764 3434 r.
778 3395 813 3433 et
830 3403 868 3434 2.
887 3394 924 3432 et
946 3389 1056 3432 Dist.
1076 3402 1116 3445 4.
1137 3402 1174 3446 q.
1189 3402 1227 3432 2.
1242 3394 1322 3432 art.
1342 3402 1380 3433 2.
1400 3395 1436 3432 et
1452 3388 1522 3432 lib.
1541 3402 1582 3445 4.
1601 3388 1748 3433 Contr.
1765 3402 1807 3447 g.
1823 3395 1981 3448 cap.35.
1999 3402 2043 3433 n.
2057 3399 2100 3445 4.
2113 3374 2224 3447 ⁶¹45·

634 3463 669 3502 et
695 3465 829 3516 opusc.
857 3471 895 3501 2.
924 3463 1013 3515 cap.
1041 3469 1132 3500 221.
1156 3461 1193 3499 et
1218 3469 1313 3500 222.
1341 3461 1377 3499 et
1403 3463 1537 3515 opusc.
1569 3456 1639 3501 60.
1669 3463 1758 3516 cap.
1777 3454 1851 3515 3.).

352 3570 426 3613 An
456 3582 671 3614 TERTmM
693 3569 757 3613 sic
786 3567 1057 3627 proceditur.
1080 3565 1284 3620 Videtur,
1312 3566 1433 3625 quod
1461 3566 1709 3610 secundum
1738 3563 2042 3625 temporalem
2067 3564 2226 3609 nativi-

260 3647 401 3681 tatem
429 3636 600 3681 Christi
627 3636 767 3681 Beata
794 3636 938 3695 Virgo
965 3648 1058 3678 non
1085 3634 1227 3693 possit
1253 3634 1341 3678 dici
1364 3643 1508 3678 mater
1535 3635 1654 3692 ejus:
1679 3642 1727 3678 ut
1749 3633 1871 3677 enim
1898 3644 2034 3692 supra
2050 3631 2223 3678 dictum
