2352 3926
679 245 958 294 QUAESTIO
999 246 1092 286 xn.
1134 244 1441 286 ARTICULUS
1481 244 1517 285 1.
1975 245 2073 300 129

54 337 81 372 ³
124 355 133 384 “-
195 351 494 397 RESPONDEO
519 349 778 403 dicendum,
806 349 928 408 quod
955 348 1143 393 scientia
1176 348 1394 407 acquisita
1427 347 1611 407 ponitur
1634 347 1681 391 in
1709 345 1862 391 anima
1889 344 2074 400 Christi,

43 410 74 505 {ss
117 425 324 478 msupra
346 419 516 462 dictum
541 426 609 461 est
635 416 692 474 (q.
720 430 761 475 9.
788 421 868 460 art.
895 428 922 471 4
927 416 975 471 .),
1003 425 1188 474 propter
1210 415 1577 459 convenientiam
1602 413 1858 459 intellectus
1886 414 2075 471 agentis,

115 491 181 532 fle
188 486 296 544 ejus
323 485 442 529 actio
469 484 526 528 sit
552 484 714 536 otiosa,
741 496 858 541 quae
885 481 991 526 facit
1023 481 1322 540 intelligibilia
1354 482 1400 524 in
1434 491 1554 525 actu:
1584 484 1700 525 sicut
1730 490 1776 525 et
1800 480 1988 525 scientia
2013 480 2077 523 in-

38 551 79 614 ζ]
117 551 225 606 dita,
250 551 325 596 vel
355 550 502 596 infusa
532 550 716 610 ponitur
740 549 787 592 in
814 549 967 593 anima
1001 548 1173 592 Christi
1206 548 1261 591 ad
1294 547 1620 607 perfectionem
1651 546 1906 593 intellectus
1938 547 2078 606 possi-

115 618 242 664 bilis:
275 619 392 663 sicut
423 627 575 662 autem
605 633 628 658 «
655 616 910 660 intellectus
935 615 1162 675 possibilis
1196 625 1276 668 est,
1307 629 1398 674 quo
1426 628 1492 658 est
1518 615 1673 658 omnia
1706 614 1826 669 fieri;
1857 614 1921 659 ita
1952 613 2078 658 intel-

114 685 258 732 lec-tus
292 699 432 744 agens
464 693 543 742 est,
575 698 666 743 quo
700 693 767 727 est
798 683 954 726 omnia
986 681 1136 726 facere
1162 698 1204 735 n,
1231 692 1279 725 ut
1305 682 1467 725 dicitur
1491 682 1538 724 in
1569 696 1605 738 3.
1633 682 1687 726 de
1720 683 1808 725 An.
1835 682 1938 740 (tex.
1969 682 2073 740 18),-

39 761 55 797 j
114 758 160 798 et
183 752 289 797 ideo
315 752 431 797 sicut
447 766 526 811 per
551 751 789 795 scientiam
820 750 1012 793 inditam
1043 749 1175 793 scivit
1207 749 1358 792 anima
1384 748 1554 792 Christi
1575 749 1732 792 omnia
1757 749 1849 803 illa,
1876 748 1933 793 ad
1959 762 2075 808 quae

43 816 51 851 3
114 819 370 865 intellectus
386 817 614 877 possibilis
633 827 701 862 est
722 830 1013 876 quocumque
1031 816 1172 860 modo
1191 816 1237 859 in
1254 815 1478 875 potentia;
1495 816 1557 859 ita
1579 830 1658 874 per
1674 817 1911 860 scientiam
1929 815 2080 875 acqui-

42 887 48 941 j
114 884 247 932 sitam
275 886 406 931 scivit
431 886 588 930 omnia
613 885 706 939 illa,
733 898 848 943 quae
871 893 1061 942 possunt
1087 883 1191 927 sciri
1212 897 1291 942 per
1309 883 1539 927 actionem
1565 882 1820 928 intellectus
1844 884 2034 942 agentis.

206 954 283 998 AD
301 966 491 998 PRIMUM
517 966 628 1011 ergo
655 952 915 1005 dicendum,
933 950 1055 1010 quod
1072 951 1259 994 scientia
1277 964 1429 993 rerum
1448 949 1619 1008 acquiri
1635 961 1785 1008 potest
1807 965 1901 994 non
1929 950 2080 994 solum

40 1055 45 1058 »
113 1032 195 1080 per
219 1020 543 1080 experientiam
568 1020 785 1079 ipsarum,
818 1019 896 1062 sed
930 1018 1068 1063 etiam
1095 1031 1174 1077 per
1200 1017 1525 1076 experientiam
1557 1018 1859 1076 quarumdam
1886 1018 2078 1062 aliarum

112 1101 291 1142 rerum3
318 1101 424 1131 cum
451 1101 504 1132 ex
524 1088 688 1131 virtute
714 1086 898 1130 luminis
924 1085 1180 1129 intellectus
1208 1085 1382 1144 agentis
1409 1085 1551 1144 possit
1575 1085 1720 1129 homo
1746 1086 1993 1143 procedere
2020 1085 2076 1129 ad

34 1166 45 1210 J
113 1153 460 1214 intelligendum
487 1153 674 1198 effectus
695 1167 779 1214 per
805 1167 980 1206 causas,
1000 1162 1044 1196 et
1070 1166 1230 1196 causas
1256 1166 1336 1211 per
1362 1150 1563 1205 effectus,
1591 1162 1636 1196 et
1661 1151 1828 1196 similia
1855 1166 1934 1211 per
1959 1153 2079 1196 simi-

38 1230 45 1239 ·’
112 1220 189 1275 lia,
221 1231 267 1266 et
297 1221 525 1266 contraria
560 1235 639 1279 per
675 1220 927 1274 contraria3
964 1220 1027 1264 sic
1065 1219 1203 1277 igitur
1235 1219 1342 1263 licet
1384 1218 1594 1263 Christus
1626 1234 1720 1263 non
1753 1218 1887 1283 fuerit
1922 1219 2079 1264 omnia

38 1291 48 1343 ᾖ
113 1292 345 1349 expertus3
370 1302 424 1332 ex
450 1288 520 1332 his
546 1298 714 1341 tamen,
741 1301 856 1346 quae
890 1296 1098 1346 expertus
1125 1297 1206 1340 est,
1232 1287 1279 1329 in
1306 1287 1515 1330 omnium
1542 1286 1724 1330 devenit
1747 1287 1974 1331 notitiam.

202 1356 278 1401 AD
305 1369 566 1401 SECUNDUM
591 1355 853 1408 dicendum,
886 1355 1008 1413 quod
1045 1354 1152 1397 licet
1187 1354 1392 1397 sensibus
1426 1353 1739 1413 corporalibus
1777 1354 1949 1398 Christi
1983 1367 2078 1398 non

28 1456 36 1467 .
112 1421 278 1467 fuerint
302 1423 504 1482 subJecta
531 1422 688 1466 omnia
714 1421 958 1475 sensibilia,
985 1421 1165 1465 fuerunt
1186 1431 1340 1464 tamen
1362 1421 1567 1464 sensibus
1590 1422 1684 1479 ejus
1708 1422 1910 1479 subjecta
1928 1420 2080 1480 aliqua

113 1490 358 1543 sensibilia,
386 1504 439 1534 ex
465 1490 641 1548 quibus,
678 1499 863 1548 propter
899 1488 1329 1533 excellentissimam
1360 1489 1454 1531 vim
1489 1489 1678 1532 rationis
1710 1490 1823 1547 ejus,
1854 1489 2002 1547 potuit
2031 1489 2078 1531 in

34 1559 40 1570 ⁵
114 1556 310 1601 aliorum
341 1557 551 1601 notitiam
585 1557 797 1601 devenire
822 1553 903 1614 p'er
929 1556 1120 1599 modum
1146 1556 1427 1615 praedictum
1458 1555 1521 1612 (in
1551 1556 1622 1600 sol.
1651 1556 1844 1615 praec.).·
1877 1556 1995 1600 sicut
2018 1555 2081 1598 vi-

113 1624 264 1668 dendo
297 1638 491 1683 corpora
524 1623 755 1677 coelestia,
787 1623 934 1682 potuit
966 1623 1356 1681 comprehendere
1384 1637 1544 1666 eorum
1576 1623 1779 1677 virtutes,
1807 1633 1852 1667 et
1876 1622 2079 1676 effectus,

35 1727 37 1730 .
113 1705 228 1750 quos
243 1691 414 1736 habent
437 1692 484 1734 in
509 1692 604 1735 istis
621 1691 923 1744 inferioribus,
947 1691 1024 1750 qui
1051 1693 1146 1750 ejus
1166 1691 1371 1735 sensibus
1387 1705 1481 1734 non
1499 1691 1818 1749 subjacebant3
1846 1701 1891 1736 et
1917 1691 2078 1736 eadem

33 1794 35 1799 ,
111 1760 287 1803 ratione
314 1772 368 1803 ex
393 1759 753 1817 quibuscumque
781 1758 878 1802 aliis
904 1759 950 1801 in
979 1758 1173 1802 aliorum
1198 1758 1360 1802 notitia
1387 1758 1598 1803 devenire
1626 1761 1785 1817 potuit.

202 1826 278 1870 AD
310 1838 527 1870 TERTIUM
560 1826 819 1879 dicendum,
847 1826 968 1884 quod
995 1827 1248 1869 secundum
1284 1826 1420 1869 istam
1456 1826 1694 1870 scientiam
1727 1827 1880 1870 anima
1907 1825 2080 1870 Christi

37 1927 40 1930 .
114 1907 210 1937 non
236 1892 501 1952 simpliciter
528 1893 747 1952 cognovit
773 1893 944 1947 omnia,
971 1893 1050 1937 sed
1077 1892 1172 1937 illla
1199 1894 1370 1947 omnia,
1398 1908 1513 1952 quae
1540 1908 1618 1952 per
1641 1894 1795 1938 lumen
1822 1893 2078 1938 intellectus

35 2018 46 2022 .
116 1961 291 2020 agentis
323 1961 503 2004 homini
544 1971 649 2005 sunt
690 1960 1043 2019 cognoscibilia3
1071 1960 1190 2004 unde
1217 1975 1297 2020 per
1322 1962 1440 2004 hanc
1475 1962 1711 2005 scientiam
1738 1975 1831 2005 non
1860 1961 2079 2020 cognovit

31 2032 51 2090 Τ
113 2028 330 2072 essentias
361 2028 714 2072 substantiarum
745 2037 1070 2086 separatarum,
1102 2042 1187 2072 nec
1221 2028 1360 2072 etiam
1392 2028 1639 2086 singularia
1671 2029 1924 2087 praeterita,
1957 2042 2081 2087 prae·

112 2095 271 2149 sentia,
297 2105 342 2140 et
364 2094 528 2150 futura,
555 2110 670 2155 quae
686 2106 842 2140 tamen
862 2096 1082 2154 cognovit
1107 2109 1186 2155 per
1211 2095 1450 2140 scientiam
1467 2096 1673 2150 inditam,
1691 2106 1739 2140 ut
1755 2109 1889 2155 supra
1906 2096 2078 2140 dictum

44 2206 46 2208 ,
114 2172 194 2208 est÷
208 2162 273 2220 (in
293 2170 406 2223 corp.
430 2170 509 2209 art.
532 2169 582 2209 et.
605 2179 644 2222 q.
660 2163 840 2224 praec).

811 2343 1246 2400 ARTICULUS
1291 2344 1362 2399 II.
2022 2374 2077 2421 79

371 2477 564 2516 UTRUM
605 2477 871 2518 efflusrus
913 2480 970 2519 m
1010 2479 1122 2517 HAG
1163 2440 1417 2518 sermm».
1459 2480 1813 2519 PROFECERIT.

543 2587 690 2648 (Supr.
713 2604 752 2648 q.
781 2603 819 2648 7.
848 2595 928 2634 art.
955 2602 1020 2635 12.
1045 2590 1100 2634 ad
1119 2605 1156 2650 3.
1184 2596 1220 2634 et
1245 2590 1347 2649 infr.
1372 2597 1453 2636 art.
1478 2606 1512 2650 3.
1541 2590 1595 2635 ad
1616 2606 1651 2650 3.

112 2659 205 2715 etq.
221 2669 276 2714 15.
294 2660 374 2699 art.
391 2655 432 2701 8.
451 2661 488 2700 et
498 2670 534 2714 3
553 2656 666 2701 Dist.
688 2668 745 2715 13.
763 2657 808 2699 in
826 2664 917 2716 exp.
930 2657 990 2701 lit.
1004 2663 1041 2701 et
1061 2658 1168 2702 Dist.
1184 2671 1248 2714 14.
1263 2664 1345 2702 art.
1359 2673 1395 2718 3.
1410 2673 1447 2717 q.
1458 2672 1494 2717 5.
1512 2664 1548 2702 et
1569 2658 1677 2703 Veri.
1692 2674 1730 2718 q.
1744 2673 1813 2705 20.
1827 2665 1906 2704 art.
1927 2659 1968 2706 6.
1979 2659 2033 2704 ad
2040 2674 2077 2720 3

64 2740 68 2742 “
469 2730 507 2768 et
538 2730 675 2784 opusc.
707 2738 747 2768 2.
781 2731 873 2784 cap.
900 2725 993 2770 216.
1021 2725 1202 2782 etsoan.
1236 2725 1324 2770 lect.
1351 2740 1411 2784 23.
1439 2732 1477 2770 et
1507 2725 1613 2770 Heb.
1641 2725 1717 2786 5..)

64 2888 67 2893 ἱ
201 2833 279 2877 AD
314 2845 574 2879 SECUNDUM
594 2831 666 2879 sic
700 2835 973 2894 proceditur.
1006 2835 1211 2890 Videtur,
1245 2836 1368 2895 quod
1405 2837 1656 2881 secundum
1682 2837 1802 2881 hanc
1839 2838 2078 2882 scientiam

48 2897 67 2956 χ’
113 2898 323 2945 Christus
348 2915 443 2945 non
469 2901 732 2960 profecerit:
760 2903 878 2947 sicut
903 2903 1027 2947 enim
1061 2904 1312 2948 secundum
1345 2905 1583 2948 scientiam
1614 2904 1918 2959 beatitudinis,
1945 2915 1990 2950 et
2014 2919 2079 2950 se-

51 2993 66 3033 g
113 2967 311 3011 cundam
336 2969 573 3013 scientiam
591 2968 787 3014 infusam
816 2969 1026 3015 Christus
1059 2972 1278 3030 cognovit
1309 2972 1490 3026 omnia;
1513 2971 1575 3015 ita
1602 2982 1647 3016 et
1672 2972 1924 3017 secundum
1956 2973 2075 3017 hanc

114 3033 351 3079 scientiam
378 3035 662 3094 acquisitam,
689 3046 738 3080 ut
755 3051 809 3081 ex
826 3037 957 3082 dictis
979 3047 1102 3096 patet
1123 3039 1226 3096 (art.
1245 3039 1429 3098 praec.):
1451 3040 1530 3083 sed
1548 3039 1799 3084 secundum
1820 3039 1920 3083 illas
1938 3040 2080 3084 scien-

65 3152 70 3156 ᾖ
109 3099 195 3144 tias
218 3115 314 3146 non
339 3101 554 3161 profecit;
581 3117 692 3162 ergo
718 3117 804 3147 nec
826 3106 1082 3149 secundum
1109 3105 1258 3150 istam.

130 3168 145 3198 Ὺ
200 3178 242 3212 2.
267 3167 564 3216 Pium-:nme
596 3170 826 3215 Proficere
853 3182 919 3216 est
945 3172 1219 3231 imperfecti:
1255 3173 1359 3232 quia
1392 3173 1645 3233 perfectum
1678 3173 1957 3218 additionem
1982 3186 2076 3217 non

112 3233 293 3292 recipit:
310 3235 417 3280 sed
406 3249 453 3280 in
479 3236 667 3281 Christo
683 3252 776 3282 non
794 3248 862 3283 est
892 3253 1063 3298 ponere
1080 3241 1318 3285 scientiam
1335 3241 1674 3301 imperfectam3
1698 3255 1808 3299 ergo
1827 3241 2078 3285 secundum

47 3357 60 3367 ’Ἴ
112 3299 232 3344 hanc
259 3301 498 3347 scientiam
524 3303 735 3349 Christus
761 3320 855 3350 non
881 3306 1086 3366 profecit.

53 3367 80 3421 ἶ
204 3381 243 3425 3.
269 3366 565 3416 Pau-mua.
588 3371 905 3418 Damascenus
932 3374 1041 3419 dicit
1066 3375 1160 3434 (lib.
1184 3391 1218 3434 3.
1256 3377 1378 3421 Orth.
1406 3376 1500 3421 Fid.
1524 3384 1613 3435 cap.
1640 3377 1748 3433 22.).·
1777 3390 1800 3416 «
1829 3374 1924 3427 Qui
1945 3375 2080 3435 profi-

72 3464 75 3466 -
114 3446 217 3480 cere
243 3435 399 3480 dicunt
425 3435 661 3482 Christum
682 3441 919 3499 sapientia,
945 3452 991 3486 et
1016 3444 1175 3500 gratia,
1202 3452 1250 3486 ut
1278 3443 1636 3487 additamentum
1655 3456 1812 3486 sensus
1834 3442 2078 3501 suscipien-

113 3509 223 3555 tem,
247 3516 342 3546 non
363 3514 635 3548 venerantur
650 3506 885 3562 unionem,
912 3522 1028 3568 quae
1055 3519 1123 3553 est
1147 3510 1399 3554 secundum
1416 3510 1698 3569 hypostasim
1717 3525 1757 3554 n:
1780 3508 1895 3553 sed'
1883 3511 2077 3568 impium

19 3590 20 3593 =
115 3576 185 3612 est
207 3568 335 3613 illam
362 3571 580 3614 unionem
601 3585 695 3616 non
720 3575 948 3629 venerari;
976 3590 1086 3633 ergo
1113 3576 1307 3635 impium
1334 3587 1400 3627 est
1427 3577 1590 3635 dicere,
1617 3576 1739 3637 quod
1766 3576 1954 3621 scientia
1980 3578 2076 3636 ejus

115 3633 474 3679 additamentum
502 3634 737 3696 acceperit.

297 3736 334 3772 S.
359 3737 513 3773 ‘raons
538 3739 670 3773 Summa
701 3740 905 3786 Theologica.
930 3742 1012 3778 Vol.
1034 3742 1099 3776 lv.
1876 3757 1897 3790 9
