2352 3926
569 184 849 237 Quansno
889 185 1096 237 Lxxxn.
1136 184 1456 238 anricutus-
1482 184 1599 226 vm.
1955 188 2021 242 75
2030 187 2057 243 3

22 298 29 343 j
103 301 223 366 ergo·
240 287 431 343 videtur,
457 289 581 349 quod
606 289 786 335 amittat
802 298 1078 349 potestatem
1096 288 1423 344 consecrandi;
1449 298 1496 334 et
1518 287 1582 334 ita
1606 286 1798 344 videtur,
1823 288 1947 349 quod
1969 302 2064 333 non

22 413 24 416 y
101 354 246 415 possit
270 355 498 401 conficere
519 355 611 401 hoc
637 367 1779 402 sacramentum..

193 421 287 467 Si-:D
315 436 511 468 CONTRA
538 432 619 478 est,
646 423 768 482 quod
795 423 915 483 Aug.
941 425 987 468 in
1014 436 1055 468 2.
1079 433 1239 468 contra
1259 423 1616 469 Parmenianum
1645 422 1864 484 (cap.13)
1886 423 2065 484 probat,

10 527 15 534 ..
101 489 224 549 quod
250 499 485 549 apostatae
512 505 538 534 a
564 490 651 535 fide
678 505 773 536 non
802 501 958 536 carent
982 491 1268 568 baptismate,
1295 505 1374 550 per
1390 491 1481 536 hoc
1499 490 1622 551 quod
1638 504 1718 550 per
1733 489 2066 549 poenitentiam

19 599 25 604 .
52 581 60 586 ·
100 556 388 602 redeuntibus
413 571 509 602 non
534 558 807 612 restituitur3
836 567 881 602 et
904 557 1008 603 ideo
1033 558 1179 602 amitti
1200 572 1296 603 non
1322 571 1455 618 posse
1481 557 1724 617 judicatur:
1751 556 1830 602 sed
1857 557 2066 617 similiter

100 622 387 683 degradatus,
415 624 452 669 si
478 624 811 679 reconcilietur,
833 638 928 669 non
955 635 1022 669 est
1042 624 1207 670 iterum
1226 624 1528 679 ordinandus3
1556 638 1666 684 ergo
1692 638 1787 668 non
1814 624 1967 670 amisit
1989 639 2068 684 po·

98 700 310 736 testatem
343 690 670 736 consecrandi:
705 702 750 736 et
780 692 844 736 ita
875 691 1088 736 sacerdos
1121 692 1393 751 degradatus
1430 701 1580 752 potest
1618 691 1846 736 conficere
1871 692 1964 737 hoc
1997 707 2065 738 sa·

99 768 401 804 eramentum.

187 825 476 871 Responnzo
509 825 766 880 dicendum,
793 825 915 885 quod
942 835 1144 885 potestas
1170 826 1470 871 consecrandi
1502 825 1837 871 Eucharistiam
1868 826 2067 887 pertinet

0 875 7 903 ζ
82 891 156 951 'ad
177 892 493 940 characterem
518 892 812 938 sacerdotalis
839 892 1033 937 ordinis:
1063 893 1299 938 character
1322 903 1475 937 autern
1493 893 1695 952 quilibet,
1713 895 1818 953 quia
1839 909 1943 939 cum
1961 909 2067 955 qua-

97 959 206 1008 dam
231 962 578 1009 consecratione
604 961 751 1015 datur,
776 959 1031 1004 indelebilis
1061 970 1143 1014 est,
1170 970 1220 1004 ut
1245 974 1381 1019 supra
1407 961 1578 1005 dictum
1606 971 1674 1005 est
1697 963 1757 1020 (q.
1795 962 1858 1021 63.
1885 967 1967 1007 art.
1988 963 2066 1022 5.),

97 1027 217 1084 sicut
234 1037 284 1073 et
306 1041 700 1088 quarumcumque
725 1042 877 1072 rerum
905 1027 1275 1072 consecrationes
1297 1037 1541 1087 perpetuae
1563 1038 1681 1082 sunt,
1698 1042 1783 1072 nec
1807 1029 1968 1084 amitti,
1979 1043 2066 1075 nec

98 1093 301 1151 reiterari
322 1105 539 1155 possunt3
565 1095 684 1139 unde
711 1093 1004 1139 manifestum
1031 1105 1112 1149 est,
1130 1094 1254 1154 quod
1279 1103 1481 1154 potestas
1500 1095 1799 1139 consecrandi
1819 1110 1916 1140 non
1937 1096 2066 1142 arnit-

97 1161 206 1219 titur
226 1175 308 1223 per
328 1161 730 1221 degradationem:
758 1162 867 1206 dicit
892 1161 1016 1206 enim
1041 1161 1162 1221 Aug.
1179 1161 1226 1205 in
1245 1174 1285 1206 2.
1306 1171 1465 1206 contra
1490 1162 1848 1207 Parmenianum
1870 1165 1980 1223 (cap.
2006 1178 2064 1224 13.

97 1235 196 1284 ante
222 1228 375 1287 mad-,h
405 1245 429 1272 <r
451 1229 707 1288 Utrumque
728 1246 752 1272 »
782 1228 957 1274 scilicet
980 1228 1246 1288 baptismus,
1274 1237 1317 1274 et
1343 1229 1458 1274 ordo
1488 1245 1512 1271 «
1531 1239 1871 1274 sacramentum
1904 1240 1985 1284 est,
2020 1240 2068 1276 et

97 1297 304 1357 quadam,
321 1297 666 1343 consecratione
692 1308 936 1356 utrumque
958 1296 1139 1342 homini
1167 1297 1319 1351 datur;
1345 1295 1472 1352 illud,
1501 1311 1608 1342 cum
1630 1297 1903 1356 baptizatur3
1930 1297 2065 1353 istud,

99 1379 205 1411 cum
231 1364 485 1426 ordinatur:
507 1364 703 1424 ideoque
721 1378 816 1409 non
832 1364 941 1409 licet
957 1378 982 1408 a
1000 1363 1240 1409 catholicis
1266 1374 1510 1424 utrumque
1526 1364 1738 1411 iterari».
1764 1364 1821 1410 Et
1844 1365 1910 1411 sic
1926 1374 2064 1425 patet,

97 1432 221 1492 quod
246 1431 460 1478 sacerdos
485 1431 757 1491 degradatus
784 1441 934 1490 potest
959 1430 1186 1476 conficere
1211 1431 1303 1476 hoc
1330 1442 1684 1477 sacramentum.

186 1499 262 1544 An
287 1512 477 1548 anuu
503 1513 614 1558 ergo
657 1499 915 1553 dicendum,
941 1498 1065 1558 quod
1093 1512 1242 1543 canon
1267 1498 1345 1543 ille
1372 1513 1466 1544 non
1492 1498 1695 1558 loquitur
1727 1498 1958 1556 assertive,
1983 1498 2063 1544 sed

97 1566 372 1627 inquisitive,
397 1567 515 1612 sicut
541 1581 596 1612 ex
623 1566 963 1611 circumstantia
989 1565 1166 1611 litterae
1192 1566 1351 1610 haberi
1381 1576 1548 1626 potest.

163 1635 264 1685 ‚AD
288 1647 548 1680 SECUNDUM
573 1633 833 1687 dicendum,
861 1633 983 1693 quod
1010 1633 1251 1693 episcopus
1268 1647 1362 1678 non
1381 1635 1458 1678 dat
1478 1644 1752 1693 potestatem
1769 1633 2065 1679 sacerdotalis

98 1701 269 1747 ordinis
293 1702 478 1762 propria
503 1701 682 1756 virtute,
700 1702 780 1746 sed
805 1699 1225 1755 instrumentaliter,
1242 1701 1360 1746 sicut
1386 1701 1592 1745 minister
1609 1701 1711 1756 Dei,
1732 1702 1859 1760 cujus
1877 1700 2065 1746 effectus

96 1783 176 1829 per
199 1769 441 1825 hominem
456 1768 558 1814 tolli
573 1783 668 1813 non
683 1779 847 1827 potest,
861 1768 1112 1813 secundum
1128 1767 1240 1812 illud
1258 1768 1419 1813 Matth.
1443 1768 1509 1814 18.
1524 1784 1534 1813 z
1555 1769 1680 1826 Quod
1696 1770 1812 1815 Deus
1829 1771 2062 1829 conjunxit,

97 1837 217 1882 homo
238 1852 323 1882 non
341 1843 526 1897 separet:
551 1847 595 1881 et
610 1836 714 1881 ideo
734 1837 973 1896 episcopus
990 1851 1085 1880 non
1111 1845 1262 1895 potest
1278 1835 1398 1881 hanc
1424 1846 1698 1895 potestatem
1721 1836 1922 1893 auferre3
1947 1837 2066 1882 sicut

95 1918 182 1950 nec
206 1903 285 1949 ille
310 1903 388 1964 qui
410 1904 621 1964 baptizat,
647 1913 797 1963 potest
823 1903 997 1948 auferre
1025 1903 1340 1948 characterem
1364 1902 1700 1963 baptismalem.

186 1971 264 2018 An
289 1984 508 2017 TERTIUM
532 1971 794 2026 dicendum,
826 1971 950 2031 quod
983 1970 1404 2017 excommunicatio
1439 1982 1506 2016 est
1538 1971 1851 2026 medicinalis;
1883 1981 1928 2017 et
1956 1971 2062 2016 ideo

98 2039 505 2087 excommunicatis
530 2053 625 2083 non
652 2038 853 2084 aufertur
879 2039 1089 2083 executio
1115 2038 1413 2084 sacerdotalis
1445 2039 1697 2098 potestatis,
1729 2039 1861 2099 quasi
1889 2039 1938 2083 in
1969 2053 2066 2098 per-

97 2116 301 2167 petuum,
325 2106 405 2152 sed
432 2106 488 2151 ad
514 2106 850 2152 correctionem
882 2120 1025 2166 usque
1059 2106 1116 2151 ad
1148 2115 1352 2166 tempus:
1386 2105 1646 2165 degradatis
1678 2116 1832 2152 autem
1865 2105 2064 2152 aufertur

99 2174 322 2229 executio,
346 2174 477 2235 quasi
500 2174 548 2222 in
572 2184 844 2235 perpetuum
870 2174 1202 2219 condemnatis.

777 2323 1213 2382 ARTICULUS
1256 2324 1355 2380 IX.
1821 2408 1824 2410 q
1979 2349 2060 2396 502

544 2460 739 2500 UTRUM
764 2460 966 2500 LICEAT
994 2462 1062 2501 AB
1095 2460 1617 2512 EXCOMMUNICATIS,

165 2541 271 2581 VEL·
301 2541 644 2595 HAERBTICIS,
680 2543 782 2582 SEU
807 2543 1225 2583 PECCATORIBUS
1260 2542 1680 2584 COMMUNIONEM
1712 2540 1992 2591 RECIPERE,

697 2626 769 2665 ET
797 2626 989 2666 EORUM
1016 2626 1216 2665 MISSAM
1243 2625 1466 2665 AUDIRE.

302 2736 446 2796 (Supr.
471 2750 510 2796 q.
537 2736 610 2794 64.
635 2743 718 2783 art.
747 2751 788 2797 9.
815 2737 870 2782 ad
894 2752 934 2784 2.
961 2743 999 2784 et
1018 2753 1055 2798 3.
1082 2744 1119 2783 et
1141 2752 1184 2796 4.
1211 2739 1323 2783 Dist.
1350 2751 1406 2798 13.
1433 2752 1472 2796 q.
1500 2752 1534 2783 1.
1562 2743 1644 2781 art.
1666 2750 1702 2796 3.
1729 2750 1768 2795 q.
1790 2736 1864 2795 3.).

187 2847 265 2894 AD
289 2860 468 2894 NONUM
494 2847 559 2893 sic
584 2848 858 2908 proceditur.
883 2847 1089 2905 Videtur,
1107 2848 1230 2908 quod
1257 2847 1420 2908 aliquis
1446 2846 1568 2892 licite
1595 2846 1738 2906 possit
1778 2843 2067 2890 communio·

100 2930 210 2962 nem
233 2918 435 2976 recipere
464 2930 490 2960 a
516 2915 826 2961 sacerdotibus
857 2916 1114 2972 haereticis,
1140 2915 1215 2961 vel
1241 2913 1668 2967 excommunicatis,
1694 2911 1769 2957 vel
1795 2912 1934 2957 etiarn
1966 2924 2069 2971 pec-

102 2984 346 3039 catoribus,
378 2994 425 3029 et
455 2983 510 3028 ab
544 2983 608 3028 eis
639 2983 830 3028 missam
861 2984 1041 3029 audire:
1075 2984 1193 3029 sicut
1218 2984 1342 3028 enim
1375 2982 1568 3041 August.
1603 2988 1760 3024 contra
1793 2977 2067 3023 Petilianum

102 3052 197 3110 (lib.
224 3067 262 3111 3.
293 3059 386 3111 cap.
413 3065 455 3111 9.
481 3052 527 3095 in
548 3051 658 3110 fin.;
679 3050 774 3095 vide
799 3058 907 3110 cap.:
939 3051 1082 3110 Neque
1106 3052 1151 3096 in
1176 3051 1354 3104 homine,
1381 3065 1417 3095 1.
1460 3064 1499 3107 q.
1531 3047 1589 3105 Ι.)
1637 3046 1760 3100 dicit,
1796 3062 1820 3087 «
1845 3059 1994 3105 neque
2017 3045 2067 3089 in

102 3119 291 3166 homine
322 3118 462 3173 bono,
488 3132 637 3177 neque
662 3118 710 3162 in
735 3117 925 3162 homine
957 3117 1083 3163 malo
1117 3118 1278 3177 aliquis
1309 3116 1399 3161 Dei
1431 3114 1574 3174 fugiat
1606 3122 1961 3158 sacramentam
1988 3111 2067 3156 sed

103 3186 377 3239 sacerdotes,
403 3185 612 3245 quamvis
637 3185 728 3229 sint
752 3194 1030 3243 peccatores,
1058 3195 1103 3231 et
1127 3183 1360 3237 haeretici,
1387 3182 1462 3226 vel
1488 3179 1889 3233 excommunicati,
1905 3192 2068 3223 verum

104 3254 352 3300 conficiunt
377 3263 739 3307 sacramentum3
767 3266 877 3311 ergo
903 3253 1093 3307 videtur,
1127 3252 1249 3311 quod
1283 3265 1378 3295 non
1403 3249 1462 3295 sit
1493 3249 1731 3294 vitandum
1772 3247 1826 3291 ab
1855 3246 1920 3292 eis
1947 3260 2070 3291 com-

104 3321 373 3366 munionem
399 3321 622 3380 accipere,
647 3320 721 3365 vel
748 3333 911 3365 eorum
937 3320 1126 3365 missam
1154 3319 1322 3363 audire.

193 3388 565 3434 2.PRA1·:T1-:REA.
602 3387 779 3447 Corpus
815 3386 987 3432 Christi
1018 3401 1178 3432 verum
1210 3384 1504 3444 figurativum
1537 3392 1605 3427 est
1639 3380 1840 3441 corporis
1873 3379 2071 3440 mystici,

106 3454 224 3501 sicut
257 3470 394 3516 supra
429 3455 602 3499 dictum
628 3464 696 3498 est
722 3458 781 3513 (q.
808 3453 879 3500 80.
908 3459 989 3499 art.
1014 3454 1099 3511 4..·)
1127 3453 1206 3497 sed
1244 3466 1269 3496 a
1305 3450 1546 3511 praedictis
1572 3448 1882 3494 sacerdotibus
1909 3461 2068 3491 verum

107 3536 272 3583 corpus
299 3522 473 3568 Christi
499 3531 812 3575 consecratum
839 3534 950 3580 ergo
970 3520 1163 3574 videtur,
1191 3519 1314 3578 quod
1340 3517 1407 3563 illi
1434 3518 1508 3576 qui
1537 3526 1640 3561 sunt
1667 3516 1722 3560 de
1750 3528 1943 3575 corpore
1970 3528 2070 3573 my-

106 3589 236 3645 stico,
262 3590 437 3650 possint
462 3603 624 3635 eorum
650 3587 883 3634 sacrificiis
912 3588 1269 3633 communicare.

287 3693 324 3728 S.
349 3692 504 3728 ‘raons
530 3691 662 3727 summa
694 3690 898 3737 Theokgica.
925 3689 1096 3725 v01.1v.
1847 3685 1891 3728 48
