2352 3926
607 219 887 266 QUAESTIO
924 219 1115 259 XXXVI.
1154 219 1463 260 ARTICULUS
1504 218 1540 259 1.
1943 220 2045 277 303

0 356 7 382 .
185 321 411 382 septime.
439 322 512 368 De
542 320 690 375 stella,
714 335 796 381 per
820 336 958 381 quam
986 321 1272 368 manifestata
1296 322 1380 367 fuit
1405 324 1500 382 eius
1525 322 1750 369 nativitas.

0 423 31 444 2.
183 388 385 445 Octavo,
414 388 486 434 De
510 388 806 437 veneratione
842 389 1102 447 Magorum,
1136 390 1214 448 qui
1244 404 1324 449 per
1354 389 1533 435 stellam
1567 389 1737 436 Christi
1768 390 2051 436 nativitatem

0 461 22 509 ,Ψ
93 465 422 516 cognoverunt.

809 602 1244 665 ARTICULUS
1287 606 1329 660 1.
1968 620 2049 682 196

164 724 359 771 UTRUM
380 724 676 765 NATIVITAS
705 723 924 764 CHRISTI
947 724 1220 763 DEBUERIT
1242 725 1367 763 ESSE
1389 724 1630 765 OMNIBUS
1659 726 1985 767 MANIFESTA.

747 820 877 879 (Insr.
905 835 943 879 q.
965 835 1031 880 39.
1058 826 1138 866 art.
1163 822 1203 866 8.
1239 820 1293 865 ad
1313 822 1389 880 3.).

177 924 254 971 ΑΒ
286 936 473 971 PRIMUM
499 923 565 968 sic
592 923 864 982 proceditur.
891 923 1097 978 Videtur,
1124 924 1246 983 quod
1274 924 1446 969 Christi
1471 925 1682 970 nativitas
1713 926 1917 971 debuerit
1947 941 2047 975 esse

86 993 299 1038 omnibus
325 990 590 1037 manifesta:
618 990 825 1050 impletio
853 991 976 1035 enim
994 992 1288 1049 promissioni
1306 992 1438 1036 debet
1455 993 1751 1051 respondere:
1779 996 1858 1038 sed
1876 995 1930 1040 de
1947 1009 2048 1054 pro-

26 1106 37 1118 ,
86 1059 304 1114 missione
341 1059 560 1103 adventus
599 1058 770 1103 Christi
797 1059 958 1102 dicitur
992 1059 1038 1102 in
1071 1058 1189 1102 Psal.
1223 1071 1318 1118 49.:
1353 1060 1468 1104 Deus
1498 1061 1711 1119 manifeste
1734 1063 1892 1106 veniet:
1924 1063 2047 1107 venit

85 1136 237 1172 autem
264 1140 345 1186 per
370 1126 517 1170 carnis
542 1126 847 1180 nativitatem3
872 1139 982 1184 ergo
1009 1126 1198 1181 videtur,
1226 1126 1348 1185 quod
1372 1128 1468 1185 ejus
1483 1127 1695 1172 nativitas
1712 1127 1917 1173 debuerit
1947 1143 2046 1175 esse

0 1190 23 1254 ³¹23
83 1195 167 1249 toti
193 1193 368 1238 mundo
394 1192 646 1238 manifesta.

0 1228 12 1283 ξ
174 1274 214 1306 2.
246 1260 543 1305 PRAETEREA.
582 1273 616 1304 1.
646 1259 702 1303 ad
731 1258 938 1304 Timoth.
972 1274 1006 1303 1.
1035 1259 1220 1304 dicitur:
1261 1260 1449 1305 Christus
1485 1262 1530 1305 in
1567 1261 1674 1306 hune
1698 1262 1900 1307 mundum
1930 1265 2048 1309 venit

0 1317 23 1354 k..
53 1335 310 1390 ‘peccatores
339 1328 472 1372 salvos
494 1328 668 1386 facere:
702 1327 781 1371 sed
813 1327 903 1371 hoc
936 1341 1030 1371 non
1063 1327 1125 1381 fit,
1158 1328 1245 1372 nisi
1276 1329 1547 1386 inquantum
1580 1328 1644 1372 eis
1688 1329 1830 1387 gratia
1874 1329 2047 1374 Christi

0 1351 31 1496 ἰ
82 1395 409 1449 manifestatur,
431 1395 683 1440 secundum
710 1394 820 1438 illud
848 1393 939 1438 Tit.
964 1407 1028 1439 2.:
1055 1396 1271 1454 Apparuit
1299 1397 1438 1453 gratia
1463 1396 1563 1450 Dei,
1591 1401 1627 1439 et
1650 1395 1888 1440 Salvatoris
1914 1398 2046 1441 nostri

0 1462 31 1539 kjs
82 1465 271 1509 omnibus
291 1464 539 1517 hominibus,
563 1462 749 1507 erudiens
774 1477 859 1516 nos,
879 1468 924 1506 ut
949 1463 1193 1520 abnegantes
1216 1464 1484 1521 impietate-m,
1512 1468 1551 1506 et
1569 1463 1806 1507 saecularia
1828 1462 2043 1518 desideria,

78 1532 227 1584 sobrie,
261 1536 298 1575 et
321 1531 405 1589 pie,
439 1536 478 1574 et
502 1533 608 1588 juste
639 1531 837 1573 vivamus
858 1531 902 1573 in
929 1530 1001 1573 hoc
1027 1530 1216 1584 saeculo;
1241 1543 1350 1588 ergo
1374 1530 1566 1583 videtur,
1593 1530 1716 1589 quod
1745 1530 1917 1575 Christi
1936 1531 2047 1576 nati-

0 1585 27 1635 tc
80 1598 194 1642 vitas
221 1596 424 1643 debuerit
445 1610 541 1641 esse
560 1596 771 1640 omnibus
789 1596 1042 1643 manifesta.

0 1626 14 1724 ἓ
174 1679 211 1724 3.
237 1664 535 1710 PRAmEREA.
561 1665 687 1707 Deus
713 1678 848 1723 super
875 1657 1030 1707 omnia
1057 1663 1245 1723 pronior
1267 1673 1335 1708 est
1361 1663 1416 1707 ad
1443 1664 1767 1718 miserendum,
1789 1665 2043 1711 secundum

0 1722 10 1771 ἕ
80 1731 193 1778 illud
218 1730 336 1776 Psal.
369 1743 488 1786 144:
522 1731 811 1776 Miserationes
832 1733 918 1788 ejus
941 1738 1065 1790 super
1091 1733 1234 1774 omnia
1262 1739 1387 1790 opera
1413 1733 1523 1789 ejus:
1557 1732 1637 1775 sed
1661 1731 1709 1774 in
1740 1733 1942 1776 secundo
1973 1733 2046 1777 ad-

2 1806 10 1830 ’·
80 1808 233 1852 ventu,
270 1812 361 1857 quo
396 1800 578 1856 justitias
609 1797 829 1855 judicabit,
866 1798 1019 1842 veniet
1061 1798 1274 1842 omnibus
1319 1797 1601 1851 manifestus,
1639 1799 1892 1842 secundum
1929 1799 2043 1845 illud

84 1864 247 1915 Matth.
270 1877 370 1919 24.:
402 1865 519 1910 Sicut
538 1865 693 1923 fulgur
723 1866 806 1909 exit
830 1866 882 1909 ab
915 1866 1084 1919 oriente,
1118 1871 1155 1909 et
1178 1871 1302 1924 paret
1332 1880 1454 1923 usque
1486 1867 1530 1908 in
1563 1865 1810 1910 occidentem
1818 1881 1836 1924 ,·
1870 1867 1931 1911 ita
1963 1869 2044 1912 erit

4 1961 33 1965 »κ
80 1930 279 1977 adventus
303 1932 407 1978 Filii
433 1932 612 1979 hominis
619 1947 635 1984 ‚·
671 1946 780 1990 ergo
808 1931 955 1975 multo
983 1931 1129 1990 magis
1155 1932 1325 1990 primus
1353 1932 1586 1988 adventus,
1614 1946 1705 1991 quo
1730 1943 1864 1982 natus
1897 1943 1965 1978 est
1994 1934 2042 1978 in

9 2010 34 2042 ῆς
52 2023 53 2026 =
71 1998 257 2050 tnundo
283 1999 534 2044 secundum
567 2013 767 2054 carnem,
795 1998 948 2043 debuit
974 2013 1071 2046 esse
1099 1999 1311 2044 omnibus
1333 1998 1613 2044 manifestus.

169 2065 264 2111 SED
291 2079 487 2112 CONTRA
514 2076 596 2121 est,
622 2066 743 2124 quod
767 2065 928 2110 dicitur
948 2066 1034 2109 Isa.
1061 2077 1148 2122 45.:
1185 2066 1283 2110 Vere
1310 2072 1352 2110 tu
1379 2081 1416 2110 es
1438 2067 1553 2110 Deus
1579 2066 1852 2122 absconditus,
1878 2076 2043 2121 sanctus

78 2130 209 2185 Lsmel
226 2133 440 2188 salvator,
435 2148 445 2159 ·
468 2142 511 2177 et
538 2133 623 2178 Isa.
656 2146 720 2191 53.
741 2149 751 2177 ε
780 2134 916 2189 Quasi
942 2132 1198 2178 absconditus
1220 2138 1273 2176 est
1293 2133 1434 2177 vultus
1458 2136 1560 2190 ejus,
1588 2139 1625 2178 et
1649 2133 1863 2193 despectus.

36 2234 43 2254 :
90 2248 94 2253 .
164 2199 454 2250 RESPONDEO
480 2200 741 2254 dicendum,
769 2200 891 2258 quod
914 2200 1126 2244 nativitas
1145 2199 1317 2244 Christi
1334 2213 1429 2243 non
1448 2199 1601 2244 debuit
1617 2214 1716 2245 esse
1735 2203 2043 2248 communiter

6 2258 42 2312 {⁶
79 2268 290 2319 omnibus
316 2266 580 2322 manifesta3
599 2269 744 2327 primo
772 2267 971 2344 quidem,
998 2267 1103 2325 quia
1125 2281 1206 2325 per
1222 2267 1313 2310 hoc
1336 2266 1555 2325 impedita
1575 2266 1735 2312 fuisset
1755 2268 1958 2314 humana
1979 2285 2044 2315 re-

78 2333 294 2395 demptio,
315 2349 437 2394 quae
462 2349 544 2393 per
571 2348 754 2379 crucem
778 2336 874 2392 ejus
890 2344 1076 2393 peracta
1102 2343 1192 2378 est:
1211 2334 1331 2393 quia,
1352 2343 1403 2377 ut
1425 2334 1587 2378 dicitur
1609 2349 1644 2379 1.
1663 2336 1719 2378 ad
1748 2335 1958 2381 Corinth.
1979 2350 2041 2382 2.:

77 2401 124 2451 Sa·
149 2404 446 2461 cognovissent,
477 2416 692 2460 nunquam
717 2401 934 2446 dominum
958 2401 1117 2459 gloriae
1143 2402 1470 2460 crucifixissent;
1504 2401 1692 2455 secundo,
1727 2402 1833 2462 quia
1858 2403 1950 2448 hoc
1983 2404 2044 2448 di-

77 2468 314 2524 minuisset
338 2470 550 2514 meritum
582 2468 702 2522 fidei,
729 2483 808 2527 per
845 2482 983 2527 quam
1020 2477 1207 2512 venerat
1242 2467 1456 2512 homines
1493 2468 1756 2526 justificare,
1788 2471 2042 2515 secundum

6 2532 43 2598 ξιξ
68 2533 188 2598 zillud
212 2535 349 2586 Rom.
375 2550 436 2595 3..
457 2537 628 2593 Iustitia
650 2536 735 2581 Dei
753 2543 832 2594 per
852 2535 982 2594 fidem
1010 2535 1105 2592 Jesu
1135 2526 1322 2588 Christi,-
1357 2535 1395 2579 si
1417 2535 1540 2579 enim
1568 2536 1816 2582 manifestis
1847 2538 2040 2595 indiciis,

2 2598 265 2661 {gchristo
286 2613 515 2656 nascente,
543 2603 639 2660 ejus
655 2602 869 2646 nativitas
897 2601 1108 2646 omnibus
1127 2612 1379 2661 appareret,
1405 2603 1499 2660 iam
1521 2602 1757 2647 tolleretur
1781 2605 1898 2650 ratio
1920 2605 2040 2662 fidei,

17 2683 184 2728 quae
199 2676 260 2719 est
289 2676 581 2730 argumentum
596 2684 679 2713 non
706 2670 1012 2728 apparentium,
1039 2679 1086 2712 ut
1109 2669 1273 2713 dicitur
1299 2669 1414 2713 Heb.
1443 2682 1534 2724 11.;
1557 2672 1690 2724 tertio,
1715 2673 1821 2729 quia
1846 2687 1926 2732 per
1948 2673 2039 2716 hoc

22 2742 59 2792 ³..
78 2736 276 2787 venisset
298 2737 346 2782 in
372 2737 558 2782 dubium
583 2737 748 2781 veritas
769 2736 1065 2781 humanitatis
1085 2736 1238 2795 ipsius.
1264 2735 1398 2782 Unde
1426 2736 1619 2795 August.
1642 2738 1750 2782 dicit
1780 2738 1827 2782 in
1850 2739 2040 2799 epistola

15 2798 55 2852 Ῡῖ
71 2802 136 2855 -ad
159 2803 613 2862 Volusianum-(quae
637 2809 691 2848 est
702 2819 738 2863 3.
755 2810 914 2862 parum
938 2809 1030 2848 ante
1048 2803 1151 2847 med.
1154 2802 1207 2863 ):
1236 2819 1259 2844 α
1277 2803 1327 2846 Si
1352 2802 1500 2848 nullas
1528 2818 1583 2848 ex
1603 2804 1793 2864 parvulo
1819 2806 1865 2850 in
1887 2808 2042 2865 juven-

1 2890 6 2911 z
28 2878 222 2933 „zm-tem
242 2880 437 2918 mutaret
462 2879 647 2924 aetates,
669 2869 821 2914 nullos
844 2869 984 2924 cibos,
999 2868 1153 2914 nullos
1176 2879 1357 2929 caperet
1373 2884 1578 2925 somnos,
1594 2886 1748 2916 nonne
1771 2873 2039 2932 opinionem

71 2936 368 2987 confirmaret
394 2939 574 2992 erroris,
599 2951 685 2982 nec
708 2937 948 2982 hominem
973 2951 1132 2981 verum
1160 2936 1255 2982 ullo
1272 2938 1414 2982 modo
1433 2939 1688 2998 suscepisse
1707 2940 1976 2996 crederetur,
1995 2951 2040 2987 et

71 3003 187 3061 ¹dum
214 3005 369 3050 omnia
395 3004 659 3049 mirabiliter
682 3004 805 3058 facit,
834 3004 1028 3049 auferret
1055 3004 1180 3063 quod
1208 3005 1564 3049 misericorditer
1588 3005 1726 3050 fecit?
1746 3023 1768 3048 >³

4 3059 45 3123 Ῐῖἐ
165 3071 242 3124 An
272 3085 459 3118 numm
481 3086 591 3131 ergo
619 3070 878 3126 dicendum,
911 3072 1032 3130 quod
1066 3072 1311 3116 auctoritas
1342 3070 1421 3118 illa
1453 3071 1720 3131 intelligitur
1749 3073 1806 3117 de
1839 3074 2035 3119 adventu

79 3123 251 3191 Christi
276 3139 332 3185 ad
356 3138 588 3198 judicium,
615 3138 867 3183 secundum
893 3138 1016 3197 quod
1044 3137 1210 3182 Glossa
1239 3138 1395 3195 (interl.
1421 3139 1555 3197 Aug.)
1580 3139 1751 3184 ibidem
1779 3141 1975 3199 exponit.

167 3207 244 3255 AD
269 3221 530 3260 SECUNDUM
557 3207 816 3262 dicendum,
842 3207 966 3284 quod
999 3207 1054 3251 de
1081 3207 1226 3265 gratia
1251 3207 1340 3251 Dei
1366 3207 1617 3253 Salvatoris
1645 3209 1879 3252 erudiendi
1911 3218 2039 3257 erant

0 3269 25 3291 ”
62 3285 240 3327 omnes
259 3275 472 3323 homines
495 3274 552 3320 ad
573 3274 784 3329 salutem,
805 3288 900 3319 non
925 3274 972 3318 in
998 3274 1221 3333 principio
1243 3274 1489 3319 nativitatis
1514 3275 1623 3332 ejus,
1645 3275 1724 3318 sed
1748 3286 1906 3333 postea
1928 3286 2039 3321 tem-

2 3298 55 3406 ξέξ
76 3353 189 3400 pote
212 3342 500 3402 procedente,
522 3352 767 3401 postquam
793 3347 985 3402 operatus
1010 3347 1064 3386 est
1083 3341 1291 3386 salutem
1275 3357 1319 3385 m
1338 3341 1469 3386 medio
1493 3348 1626 3386 terrae
1643 3342 1774 3399 (Psal.
1799 3356 1842 3401 73
1849 3342 1899 3399 ,.)·
1917 3343 2036 3390 unde

75 3416 182 3467 post
204 3408 479 3468 passionem,
497 3418 542 3454 et
555 3409 936 3454 resurrectionem
954 3422 1085 3457 suam
1103 3408 1211 3454 dicit
1227 3407 1456 3468 discipulis
1473 3409 1566 3453 suis
1583 3408 1743 3453 Matth.
1762 3409 1864 3454 ult.:
1882 3410 2037 3458 Euntes

5 3470 51 3490 ”
19 3471 211 3531 docete
230 3488 366 3527 mes
382 3482 528 3534 gentes

8 3532 46 3550 ’”
103 3550 107 3555 ’
166 3539 243 3592 ΑΒ
269 3552 485 3594 meM
511 3541 771 3596 dicendum,
797 3541 920 3601 quod
947 3542 1002 3587 ad
1027 3542 1247 3601 judicium
1274 3542 1525 3601 requiritur,
1553 3542 1675 3601 quod
1702 3543 1947 3589 auctoritas
1972 3545 2035 3604 ju-

15 3597 195 3657 dicis
213 3618 535 3667 cognoscatur.
562 3618 608 3655 et
632 3618 815 3670 propter
836 3609 926 3655 hoc
948 3619 1142 3670 oportet,
1161 3609 1283 3669 quod
1307 3609 1524 3654 adventus
1543 3609 1714 3654 Christi
1736 3610 1792 3655 ad
1812 3610 2032 3670 judicium
