2352 3926
647 186 925 252 Quaasno
965 205 1038 245 VI.
1079 205 1388 246 AnrrcuLus
1425 206 1478 247 v.
1973 206 2042 262 79

792 400 1227 459 ARTICULUS
1263 403 1331 458 v.
1987 430 2041 474 41

377 538 571 579 UTRUM
610 537 766 578 TOTA
805 536 1038 576 HUMANA
1075 536 1299 576 NATURA
1341 538 1426 577 SIT
1466 538 1750 578 ASSUMPTA

718 619 1092 659 MEDIANTIBUS
1132 619 1414 658 PARTIBUS.

234 732 290 792 (3.
312 733 426 778 Dist.
452 744 492 777 2.
525 746 563 791 q.
590 745 631 778 2.
656 737 737 776 art.
769 746 804 777 ι.
832 746 870 790 q.
898 746 935 791 3.
968 737 1007 776 et
1038 735 1120 775 art.
1141 746 1178 790 3.
1205 745 1243 789 q.
1270 745 1310 776 2.
1338 736 1376 775 et
1407 730 1519 774 Dist.
1542 746 1577 790 3.
1606 747 1643 790 q.
1671 747 1708 791 5.
1741 738 1824 778 art.
1856 746 1897 778 2.

770 805 806 843 et
826 799 940 843 Dist.
968 812 1005 857 5.
1033 813 1072 857 q.
1104 812 1144 843 2.
1177 804 1260 842 art.
1282 796 1356 857 3.).

32 916 42 966 g
99 949 115 962 Γ
176 910 252 955 An
279 923 506 962 Qum-rum
524 910 588 956 sic
615 910 888 970 proceditur.
920 909 1126 964 Videtur,
1149 908 1271 968 quod
1298 908 1438 954 Filius
1464 909 1553 953 Dei
1580 910 1876 968 assumpserit
1900 921 2047 956 totam

85 971 295 1024 naturam
321 978 574 1022 humanam
600 978 902 1022 mediantibus
929 977 1128 1036 partibus
1156 977 1274 1034 ejus:
1299 976 1409 1020 dicit
1434 976 1556 1020 enim
1575 977 1769 1035 August.
1788 977 1833 1020 in
1851 977 1966 1022 libro
1990 978 2046 1024 de

46 1040 57 1045 ”
86 1044 255 1106 Agone
273 1045 440 1092 Christ.
459 1046 572 1106 (cap.
589 1047 691 1104 18),
710 1045 834 1104 quod
864 1043 1157 1098 «invisibilis,
1185 1054 1229 1088 et
1253 1043 1643 1088 incommutabilis
1668 1044 1834 1088 veritas
1860 1059 1940 1103 per
1965 1046 2048 1104 spi-

87 1111 222 1159 ritum
249 1113 466 1167 animam,
494 1123 539 1157 et
564 1127 644 1172 per
670 1112 873 1156 animam
900 1125 1079 1170 corpus,
1109 1121 1152 1154 et
1179 1111 1242 1154 sic
1269 1120 1418 1154 totum
1451 1111 1691 1154 hominem
1725 1112 1970 1170 assumpsit
1994 1127 2044 1156 »ε

2 1180 4 1201 ³
87 1178 166 1226 sed
191 1179 387 1240 spiritus,
414 1179 588 1233 anima,
625 1189 670 1224 et
708 1193 873 1238 corpus
909 1188 1015 1222 sunt
1046 1188 1195 1236 partes
1221 1177 1360 1222 totius
1400 1177 1618 1231 hominis3
1655 1192 1766 1237 ergo
1801 1188 1951 1222 totum
1984 1193 2049 1223 as-

2 1238 55 1301 ἲῗῖ
86 1247 279 1307 sumpsit
301 1247 603 1292 mediantibus
635 1247 847 1306 partibus.

3 1317 49 1375 {f}
177 1326 218 1359 2.
251 1314 548 1363 PRAETEREA.
576 1315 684 1358 Ideo
712 1313 849 1357 Filius
875 1312 965 1356 Dei
992 1326 1178 1356 carnem
1202 1312 1447 1371 assumpsit
1479 1311 1710 1356 mediante
1744 1312 1910 1367 anima,
1943 1313 2049 1372 quia

19 1387 59 1424 4..
89 1381 244 1427 anima
271 1390 339 1426 est
361 1381 466 1426 Deo
491 1380 698 1435 similior,
725 1394 863 1439 quam
886 1394 1076 1438 corpus:
1103 1379 1182 1424 sed
1199 1389 1348 1438 partes
1366 1380 1596 1423 humanae
1613 1390 1816 1434 naturae,
1837 1394 1943 1424 cum
1959 1381 2050 1425 sint

91 1448 407 1508 simpliciores,
433 1462 570 1507 quam
604 1462 782 1507 corpus,
807 1447 984 1491 videtur
1011 1461 1110 1491 esse
1137 1447 1380 1491 similiores
1413 1447 1532 1501 De0‚
1565 1448 1643 1506 qui
1669 1457 1736 1491 est
1768 1447 2049 1507 simplicissi-

0 1511 28 1552 ’ἕ
88 1530 209 1570 mus,
233 1529 371 1575 quam
402 1525 571 1570 totum;
599 1528 711 1572 ergo
739 1514 981 1572 assumpsit
1000 1524 1150 1558 totum
1176 1514 1480 1558 mediantibus
1505 1514 1719 1574 partibus.

183 1597 221 1643 3.
247 1582 544 1629 PRAETEREA.
574 1580 748 1626 Totum
775 1580 962 1625 resultat
994 1595 1048 1625 ex
1079 1581 1249 1625 unione
1281 1582 1501 1640 partium:
1530 1582 1608 1626 sed
1641 1582 1750 1626 unio
1781 1581 2049 1641 intelligitur

91 1660 142 1697 ut
162 1650 382 1695 terminus
410 1648 757 1708 assumptionis:
784 1658 933 1706 partes
960 1659 1113 1692 autem
1139 1647 1561 1707 praeintelliguntur
1587 1650 1908 1709 assumptioni3
1936 1663 2047 1710 ergo

19 1753 22 1756 4
90 1717 336 1776 assumpsit
358 1726 508 1761 totum
533 1730 613 1775 per
638 1725 802 1773 partes.

178 1782 272 1829 SED
295 1795 490 1828 CONTRA
517 1791 598 1836 est,
624 1782 746 1841 quod
778 1783 996 1826 Damasc.
1024 1782 1134 1826 dicit
1157 1783 1204 1826 in
1235 1797 1271 1841 3.
1298 1782 1374 1826 lib.
1401 1783 1547 1839 (Orth.
1573 1782 1668 1827 Fid.
1696 1790 1786 1842 cap.
1809 1783 1884 1841 16)
1903 1799 1916 1829 .·
1949 1799 1972 1825 α
1993 1783 2046 1828 In

86 1850 293 1896 Domino
318 1860 476 1894 nostro
497 1849 603 1908 Jesu
627 1848 813 1893 Christo
840 1863 934 1892 non
960 1858 1108 1908 partes
1126 1849 1323 1907 partium
1344 1850 1588 1903 intuemur,
1607 1850 1686 1895 sed
1705 1865 1820 1910 quae
1837 1851 2045 1910 proxime

89 1926 440 1977 componuntur,
466 1916 583 1961 idest
607 1916 836 1971 deitatem,
854 1926 901 1960 et
915 1916 1248 1975 humanitatem
1271 1934 1294 1958 »
1315 1931 1325 1960 ε
1352 1917 1614 1961 humanitas
1641 1927 1795 1962 autem
1822 1928 1890 1963 est
1906 1919 2044 1978 quod-

87 1984 196 2031 dam
219 1994 382 2039 totum,
408 1983 530 2043 quod
557 1983 850 2042 componitur
876 1997 930 2027 ex
957 1983 1124 2037 anima,
1152 1994 1196 2028 et
1223 1997 1430 2043 corpore,
1458 1984 1575 2028 sicut
1602 1999 1655 2029 ex
1681 1985 1904 2044 partibus3
1933 2000 2044 2045 ergo

0 2061 48 2114 fs?
86 2051 227 2102 Filius
250 2052 340 2098 Dei
367 2052 611 2111 assumpsit
635 2060 784 2111 partes
812 2051 1041 2095 mediante
1067 2060 1181 2095 toto.

172 2120 462 2166 Rasronnno
496 2119 756 2172 dicendum,
783 2119 905 2178 quod
924 2133 1030 2162 cum
1057 2119 1219 2163 dicitur
1237 2118 1406 2178 aliquid
1433 2119 1637 2163 medium
1661 2120 1708 2163 in
1736 2121 2047 2180 assumptione

84 2187 430 2242 Incarnationis,
451 2201 546 2232 non
573 2187 835 2246 designatur
860 2187 974 2231 ordo
1000 2186 1245 2246 temporis:
1270 2186 1375 2246 quia
1401 2186 1540 2231 simul
1559 2186 1681 2231 facta
1703 2198 1771 2232 est
1797 2189 2048 2248 assumptio

82 2256 238 2310 totius,
270 2265 315 2300 et
348 2256 557 2300 omniurn
589 2251 805 2314 partium:
842 2264 1078 2299 ostensum
1111 2264 1179 2298 est
1210 2254 1334 2298 enim
1366 2254 1470 2312 (art.
1499 2269 1534 2313 3.
1568 2261 1607 2300 et
1637 2268 1678 2312 4.
1707 2256 1891 2315 praec),
1925 2256 2048 2315 quod

83 2322 221 2370 simul
247 2322 416 2376 anima,
442 2331 487 2366 et
512 2335 676 2380 corpus
703 2330 808 2366 sunt
833 2321 889 2364 ad
914 2320 1115 2365 invicem
1131 2321 1258 2366 unita
1275 2322 1330 2365 ad
1358 2321 1724 2366 constituendam
1742 2333 1953 2367 naturam
1970 2324 2051 2368 hu-

84 2400 271 2437 manam
291 2389 340 2434 in
370 2388 535 2433 verbo:
564 2388 827 2446 designatur
854 2397 1006 2432 autem
1032 2388 1095 2432 ibi
1120 2389 1234 2433 ordo
1261 2398 1463 2443 naturae,
1490 2389 1611 2433 unde
1643 2403 1723 2448 per
1753 2389 1797 2433 id
1826 2391 1949 2449 quod
1982 2400 2050 2435 est

0 2466 3 2486 ἱ
26 2463 38 2502 s}
82 2456 207 2518 prius
231 2456 280 2502 in
309 2466 485 2510 natura,
513 2455 756 2500 assumitur
781 2455 827 2498 id
854 2455 977 2514 quod
1004 2465 1072 2500 est
1096 2456 1335 2514 posterius.
1358 2455 1438 2500 Est
1464 2467 1617 2501 autem
1645 2456 1814 2516 aliquid
1846 2458 1970 2518 prius
2000 2459 2048 2502 in

47 2557 61 2574 .,
83 2533 246 2573 namra
271 2523 523 2583 dupliciter.-
556 2538 638 2567 uno
670 2522 792 2567 modo
825 2536 879 2567 ex
904 2532 1030 2582 parte
1058 2523 1256 2581 agentis:
1291 2523 1374 2567 alio
1395 2523 1517 2567 modo
1571 2537 1624 2567 ex
1650 2533 1775 2582 parte
1807 2525 2045 2570 materiae:

37 2587 61 2644 ’.ᾗ
82 2590 173 2641 hae
199 2591 322 2636 enim
349 2590 466 2635 duae
493 2603 658 2634 causae
682 2589 992 2649 praeexistunt
1016 2590 1103 2634 rei:
1132 2604 1186 2634 ex
1213 2600 1339 2649 parte
1366 2590 1551 2649 quidem
1578 2591 1753 2650 agentis
1781 2602 1849 2636 est
1879 2592 2049 2652 simpli-

42 2672 58 2699 -ὲ
84 2658 195 2707 citer
219 2658 420 2718 primurn
446 2656 571 2711 illud,
598 2656 720 2716 quod
747 2657 896 2716 primo
925 2657 1045 2701 cadit
1065 2657 1112 2700 in
1136 2658 1231 2715 ejus
1252 2657 1526 2702 intentione:
1554 2657 1634 2702 sed
1659 2659 1913 2704 secundum
1939 2660 2046 2719 quid

0 2738 5 2746 '¹
58 2723 64 2758 ἶ
83 2726 207 2787 prius
232 2734 302 2770 est
325 2724 453 2779 illud,
479 2739 504 2769 a
531 2738 622 2787 quo
640 2723 799 2784 incipit
821 2724 916 2782 ejus
934 2724 1155 2783 operatio,
1182 2733 1226 2768 et
1251 2723 1342 2768 hoc
1359 2724 1480 2778 ideo,
1499 2725 1604 2784 quia
1620 2725 1812 2770 intentio
1840 2737 1908 2771 est
1923 2727 2047 2787 prior

0 2803 7 2819 ⁴
48 2794 70 2852 'f
84 2791 372 2853 operatione:
401 2805 455 2836 ex
481 2801 608 2851 parte
634 2804 744 2835 vero
770 2791 990 2836 materiae
1022 2801 1090 2836 est
1120 2790 1319 2850 primum
1351 2791 1478 2846 illud,
1513 2793 1636 2852 quod
1669 2795 1792 2852 prius
1826 2795 1974 2839 existit
1998 2796 2046 2839 in

56 2858 463 2906 ‘transmutatione
489 2858 731 2903 materiae:
759 2858 805 2902 in
831 2858 1152 2903 Incarnatione
1185 2868 1338 2903 autem
1372 2869 1554 2918 oportet
1585 2861 1784 2906 maxime
1812 2862 2043 2906 attendere

50 2926 310 2984 jordinem,
326 2926 405 2986 qui
421 2937 490 2971 est
500 2940 556 2971 ex
573 2936 697 2985 parte
720 2919 917 2985 agentis:
945 2926 1065 2985 quia,
1081 2936 1131 2970 ut
1141 2926 1426 2985 Augustinus
1443 2927 1552 2972 dicit
1566 2927 1613 2971 in
1631 2927 1771 2987 Epist.
1791 2929 1864 2988 (3.)
1883 2930 1938 2973 ad
1956 2930 2048 2974 Vo-

0 3027 6 3050 =
56 2991 328 3048 1usianum,
357 3009 381 3036 ι(
406 2993 454 3042 in
478 2994 642 3038 talibus
664 2993 797 3038 rebus
822 3002 919 3038 tota
945 2993 1060 3037 ratio
1085 2992 1195 3038 facti
1217 3004 1285 3039 est
1308 2995 1512 3054 potentia
1543 2994 1752 3041 facientis
1783 3012 1833 3040 »ε
1862 2997 2046 3041 manife-

0 3049 7 3074 Τ
42 3071 206 3126 >&tum
232 3070 386 3107 autem
413 3070 495 3115 est,
522 3060 645 3120 quod
671 3061 925 3105 secundum
951 3060 1254 3105 intentionem
1279 3061 1486 3106 facientis
1512 3062 1636 3122 prius
1654 3073 1723 3108 est
1747 3064 2044 3123 completum,

52 3142 224 3190 »quam
248 3127 595 3187 incompletum‚
621 3137 666 3173 et
690 3142 769 3187 per
787 3141 1071 3187 consequens
1087 3138 1252 3183 totum,
1271 3143 1406 3188 quarn
1425 3139 1573 3188 partes
1589 3146 1600 3184 ;
1618 3141 1663 3174 et
1678 3130 1782 3175 ideo
1802 3131 2044 3175 dicendum

0 3224 3 3246 e
49 3201 67 3259 ἰ
84 3206 168 3250 est,
193 3194 316 3255 quod
341 3195 532 3240 verbum
547 3195 637 3240 Dei
653 3195 898 3254 assumpsit
913 3205 1061 3254 partes
1079 3196 1309 3240 humanae
1331 3207 1519 3241 naturae
1536 3198 1767 3242 mediante
1783 3208 1911 3242 toto:
1929 3198 2044 3243 sicut

1 3290 3 3293 v
47 3256 208 3315 1·[enirn
236 3261 479 3321 assumpsit
505 3276 669 3322 corpus
687 3273 873 3322 propter
899 3263 1123 3317 ordinem,
1142 3278 1279 3322 quem
1297 3264 1434 3308 habet
1450 3264 1506 3308 ad
1524 3265 1726 3308 animam
1752 3264 2044 3319 rationalem3

54 3327 147 3383 [fita
169 3328 413 3388 assumpsit
435 3342 614 3389 corpus,
641 3339 686 3374 et
701 3330 905 3374 animam
921 3340 1105 3390 propter
1131 3331 1355 3386 ordinem,
1374 3346 1511 3391 quem
1534 3333 1702 3376 habent
1719 3332 1774 3375 ad
1792 3332 2044 3377 humanam

51 3399 309 3455 maturam.

0 3459 1 3462 ’
62 3462 73 3502 ’Τ
174 3458 464 3509 An‘·1›nmuu
492 3477 603 3523 ergo
620 3464 879 3519 dicendum,
906 3464 1029 3524 quod
1048 3479 1102 3510 ex
1117 3465 1266 3510 verbis
1291 3465 1380 3510 illis
1402 3466 1516 3509 nihil
1540 3465 1660 3509 aliud
1687 3465 1817 3509 datur
1837 3465 2043 3527 intelligi,

32 3530 73 3593 J
83 3530 175 3577 nisi
197 3530 320 3590 quod
353 3530 549 3575 Verbum
577 3533 850 3576 assumendo
878 3541 1027 3591 partes
1048 3532 1278 3576 humanae
1305 3542 1507 3585 naturae,
1531 3531 1774 3590 assumpsit
1793 3541 1939 3577 totam
1964 3534 2045 3578 hu-

87 3611 274 3645 manam
299 3607 534 3644 naturam:
557 3608 609 3644 et
632 3598 698 3645 sic
725 3599 975 3658 assumptio
1002 3599 1199 3659 partium
1227 3609 1295 3643 est
1310 3599 1435 3659 prior
1451 3600 1497 3642 in
1522 3599 1596 3642 via
1622 3599 1900 3658 operationis
1917 3600 2043 3646 intel-
