2352 3926
301 222 405 275 262
829 233 1102 279 QUAEsTlo
1142 233 1297 271 xxm.
1334 232 1643 273 ARTIcuLus
1684 233 1720 272 1.

296 338 402 382 fidei
428 347 544 382 sunt.
571 336 658 381 Vel
684 345 834 396 potest
859 336 963 390 dici,
990 336 1113 396 quod
1138 336 1186 380 in
1213 336 1432 396 mysterio
1457 335 1786 381 incarnationis
1815 347 1911 379 non
1943 333 2096 381 solum
2123 342 2268 379 atten-

296 406 414 449 ditur
439 403 713 447 miraculum
740 417 794 447 ex
821 403 1012 447 materia
1039 415 1304 463 conceptus,
1331 404 1411 448 sed
1437 403 1584 462 magis
1612 417 1667 447 ex
1692 401 1835 446 modo
1865 401 2195 461 conceptionis,
2221 410 2267 445 et

297 482 473 530 partus:
502 471 606 529 quia
628 469 802 514 scilicet
827 470 958 528 virgo
986 471 1211 530 concepit,
1238 480 1283 515 et
1314 471 1488 530 peperit
1513 471 1680 514 Deum.

388 539 464 582 AD
493 550 708 582 TERTmM
735 537 995 591 dicendum,
1022 537 1158 596 quod,
1176 538 1294 582 sicut
1319 552 1453 596 supra
1480 537 1652 581 dictum
1679 545 1746 580 est
1772 535 1840 593 (ln
1871 542 1981 594 corp.
2008 541 2090 580 art.
2113 539 2152 581 at
2164 547 2266 594 φφ

300 612 382 650 art.
406 606 486 663 6.),
521 619 686 663 corpus
715 603 887 648 Christi
917 603 1002 648 fuit
1026 604 1074 648 in
1115 605 1267 649 Adam
1293 604 1547 649 secundum
1589 604 1907 662 corpulentam
1947 601 2267 656 substantiam3

298 673 403 731 quia
420 672 592 716 scilicet
615 672 712 730 ipsa
738 672 930 716 materia
957 672 1161 731 corporis
1191 671 1362 716 Christi
1390 672 1591 715 derivata
1620 682 1686 715 est
1714 671 1766 714 ab
1796 670 1973 716 Adam:
1995 683 2092 714 non
2114 678 2270 714 autem

297 739 388 783 fuib
415 739 478 782 ibi
504 740 756 783 secundum
782 738 1050 783 seminalem
1080 740 1327 794 rationem3
1356 739 1460 798 quia
1478 753 1573 783 non
1591 749 1659 783 est
1681 748 1959 797 conceptum
1982 750 2039 782 ex
2061 735 2182 782 virili
2204 749 2271 780 se-

296 807 444 860 mine;
473 816 518 850 et
543 806 647 850 ideo
674 820 769 850 non
797 806 1022 851 contraxit
1046 806 1270 865 originale
1296 816 1552 864 peccatum,
1579 806 1697 850 sicut
1722 804 1904 859 caeteri,
1931 804 2009 864 qui
2035 804 2091 848 ab
2115 802 2269 849 Adam

300 888 381 932 per
405 874 529 918 viam
555 873 695 918 virilis
722 874 910 918 seminis
937 874 1210 918 derivantur.

999 1024 1436 1089 ARTICULUS
1476 1031 1547 1087 11.
2189 1043 2270 1104 169

546 1168 740 1207 UTRUM
775 1168 919 1206 CARO
964 1167 1183 1206 CHRISTI
1223 1166 1421 1206 FUERIT
1451 1166 1668 1204 SUMPTA
1708 1166 1781 1203 DE
1815 1165 2006 1203 DAVID.

391 1276 468 1322 AD
496 1290 758 1322 SECUNDUM
781 1278 845 1321 sic
872 1276 1147 1335 proceditur.
1173 1276 1380 1330 Videtur,
1407 1275 1530 1334 quod
1558 1274 1768 1319 Christus
1794 1287 1888 1318 non
1910 1273 2155 1332 sumpserit
2179 1287 2275 1319 car-

301 1359 409 1389 nem
432 1345 488 1388 de
514 1344 690 1388 semine
715 1344 888 1399 David;
915 1344 1174 1388 Matthaeus
1201 1343 1325 1387 enim
1351 1341 1672 1401 genealogiam
1700 1340 1874 1384 Christi
1893 1349 2065 1395 texens,
2091 1352 2195 1389 eam
2217 1341 2273 1385 ad

297 1411 470 1471 Joseph
506 1411 734 1470 perducit:
767 1411 939 1470 Joseph
968 1421 1121 1455 autem
1147 1424 1243 1454 non
1267 1409 1351 1453 fuit
1387 1419 1514 1468 pater
1542 1407 1728 1462 Christi,
1770 1417 1820 1452 ut
1843 1419 1980 1466 supra
2003 1407 2180 1455 dictum
2202 1416 2274 1453 est

303 1480 365 1537 (q.
393 1479 461 1523 28.
491 1485 571 1522 art.
594 1494 630 1523 Ι.
658 1478 712 1523 ad
737 1493 778 1524 2.
803 1485 842 1523 et
866 1493 904 1537 q.
937 1493 1007 1538 29.
1035 1485 1115 1523 art.
1148 1477 1239 1535 2.);
1268 1491 1363 1520 non
1390 1490 1499 1535 ergo
1525 1475 1717 1529 videtur,
1741 1474 1864 1533 quod
1892 1473 2103 1519 Christus
2129 1474 2186 1523 de
2200 1485 2276 1534 ge·

302 1560 411 1590 nere
437 1546 587 1590 David
614 1545 912 1590 descenderit.
2152 1592 2157 1602 ι

393 1625 433 1655 2.
461 1613 760 1657 PRAETEREA.
788 1613 945 1657 Aaron
970 1612 1054 1656 fuit
1080 1612 1135 1656 de
1162 1611 1280 1656 tribu
1306 1610 1432 1666 Levi,
1465 1620 1515 1654 ut
1539 1618 1664 1669 patet
1688 1607 1835 1654 Exodi
1856 1606 1924 1663 6.;
1943 1607 2090 1654 Maria
2122 1618 2276 1655 autem

303 1688 450 1723 mater
477 1678 650 1723 Christi
668 1690 864 1738 cognata
891 1680 1054 1724 dicitur
1075 1679 1322 1733 Elisabeth,
1341 1692 1457 1737 quae
1475 1687 1543 1722 est
1565 1676 1660 1720 filia
1677 1676 1851 1730 Aaron,
1870 1685 1922 1720 ut
1936 1684 2061 1737 patet
2080 1675 2193 1721 Luc.
2215 1689 2275 1732 1.;

305 1761 412 1790 cum
438 1760 550 1804 ergo
567 1746 717 1790 David
734 1746 869 1791 fuerit
886 1747 940 1792 de
957 1747 1076 1791 tribu
1096 1746 1226 1804 Juda,
1244 1756 1294 1790 ut
1318 1754 1442 1804 patet
1458 1744 1620 1788 Matth.
1645 1757 1696 1798 1.,
1718 1742 1897 1788 videtur
1911 1742 2036 1803 quod
2062 1741 2274 1789 Christus

305 1814 361 1858 de
386 1814 562 1858 semine
588 1814 739 1858 David
771 1829 867 1858 non
894 1814 1193 1860 descenderit.

398 1894 436 1938 3.
463 1879 761 1926 PRAETEREA.
790 1882 991 1927 Hierem.
1027 1895 1099 1927 22.
1125 1882 1288 1926 dicitur
1320 1881 1375 1925 de
1396 1880 1641 1939 Jechonia:
1668 1880 1812 1925 Scribe
1836 1881 1962 1925 istum
1986 1879 2132 1925 vinem
2161 1879 2278 1925 steri-

306 1947 412 1993 lem:
431 1964 501 1993 nec
519 1950 629 1993 enim
645 1951 724 1994 erit
741 1949 788 1994 de
802 1951 955 1995 semine
975 1952 1061 2009 ejus
1076 1951 1162 2003 vir,
1184 1951 1255 2008 qui
1270 1949 1402 1994 sedeat
1415 1956 1536 2007 super
1551 1948 1701 1992 solium
1718 1946 1894 1992 David:
1917 1945 1997 1991 sed
2014 1945 2071 1992 de
2087 1945 2275 1991 Christo

305 2015 468 2060 dicitur
492 2017 577 2061 Isa.
605 2031 668 2077 9.:
696 2017 828 2077 Super
851 2018 1001 2062 solium
1028 2017 1179 2062 David
1203 2017 1350 2062 sedebit
1359 2032 1376 2070 ‚⁰
1407 2030 1517 2074 ergo
1553 2015 1765 2059 Christus
1790 2028 1887 2059 non
1909 2012 1996 2058 fuit
2020 2013 2077 2059 de
2101 2014 2277 2059 semine

300 2083 565 2141 Jechoniae‚
593 2094 637 2128 et
662 2099 743 2143 per
765 2098 1050 2143 consequens
1076 2098 1162 2128 nec
1185 2084 1239 2128 de
1267 2097 1435 2142 genere
1460 2083 1635 2127 David:
1664 2082 1770 2142 quia
1794 2081 2053 2126 Matthaeus
2072 2094 2099 2127 a
2124 2080 2274 2126 David

306 2165 388 2209 per
407 2150 680 2208 Jechoniam
712 2151 877 2195 seriem
904 2152 1254 2211 generationum
1281 2150 1499 2210 perducit.

397 2217 491 2262 SED
526 2230 722 2264 CONTRA
750 2228 831 2272 est,
853 2220 975 2277 quod
1003 2219 1165 2263 dicitur
1190 2218 1326 2262 Rom.
1365 2231 1426 2262 1.:
1456 2218 1546 2275 Qui
1561 2217 1704 2276 factus
1728 2222 1786 2263 est
1815 2217 1853 2261 ei
1873 2230 1924 2261 ex
1946 2216 2100 2262 somine
2123 2214 2276 2262 David
2326 2232 2333 2242 ¹

307 2284 531 2330 secundum
557 2299 739 2329 carnem.

394 2351 685 2396 RESPONDEO
714 2351 973 2406 dicendum,
1000 2352 1123 2411 quod
1147 2352 1356 2397 Christus
1382 2351 1640 2410 specialiter
1662 2351 1859 2396 duorum
1881 2351 2173 2411 antiquorum
2194 2352 2277 2397 Pa-

306 2427 428 2462 trum
454 2416 572 2462 filius
599 2418 761 2462 dicitur
786 2433 898 2475 esse,
927 2420 1142 2464 Abrahae
1165 2419 1355 2474 scilicet,
1382 2429 1427 2463 et
1451 2419 1617 2473 David,
1644 2429 1694 2462 ut
1717 2428 1842 2478 patet
1865 2417 2028 2463 Matth.
2056 2432 2092 2464 1.
2107 2432 2120 2474 ;
2146 2420 2277 2477 cujus

306 2495 373 2528 est
393 2485 612 2544 multiplex
629 2486 767 2530 ratio:
787 2488 934 2546 prima
950 2487 1150 2545 quidem,
1172 2487 1278 2546 quia
1305 2487 1359 2530 ad
1376 2487 1462 2531 hos
1477 2486 1732 2546 specialiter
1749 2486 1805 2530 de
1822 2485 2010 2531 Christo
2031 2485 2277 2546 promissio

303 2550 425 2595 facta
451 2562 531 2596 est.
564 2552 754 2597 Dictum
788 2563 855 2597 est
887 2554 1010 2597 enim
1043 2554 1258 2598 Abrahae
1293 2554 1460 2599 Genes.
1495 2566 1590 2597 22.:
1619 2552 1919 2598 Benedicentur
1947 2554 1994 2598 in
2021 2554 2176 2599 semino
2202 2559 2276 2599 tuo

305 2634 443 2663 omnes
457 2625 588 2677 gentes
611 2626 759 2664 terrae.
777 2620 919 2672 Quod
945 2621 1106 2679 Apost.
1134 2621 1190 2665 de
1218 2621 1405 2666 Christo
1433 2620 1632 2679 exponit,
1659 2619 1815 2664 dicens
1844 2617 1948 2665 Gal.
1977 2633 2042 2678 3.:
2067 2619 2270 2667 Abrahae

304 2685 436 2731 dictae
467 2692 560 2731 sunt
589 2689 894 2746 promissiones,
918 2694 956 2732 et
979 2689 1127 2732 semini
1148 2690 1246 2746 ejus.
1274 2688 1373 2732 Non
1398 2687 1527 2732 dicit.-
1554 2687 1611 2732 Et
1634 2688 1872 2742 seminibus,
1899 2688 2019 2745 quasi
2040 2688 2089 2733 in
2112 2687 2272 2741 multis,

301 2752 369 2799 sed
394 2755 512 2812 quasi
544 2755 588 2798 in
614 2767 711 2798 uno,
739 2755 795 2799 Et
824 2756 972 2797 semini
998 2760 1081 2808 tuo,
1110 2755 1182 2812 qui
1213 2760 1267 2798 est
1296 2754 1496 2799 Christus.
1532 2753 1606 2797 Ad
1631 2753 1782 2797 David
1815 2763 1969 2798 autem
2000 2752 2174 2799 dictum
2207 2764 2277 2800 est

305 2820 439 2878 (Psal.
466 2820 596 2879 131.).·
629 2821 695 2864 De
712 2820 861 2878 fructu
886 2822 1043 2865 ventris
1070 2823 1130 2865 tui
1147 2829 1308 2880 ponam
1332 2829 1457 2881 super
1480 2820 1611 2866 sedem
1638 2827 1766 2865 tuam.
1796 2820 1930 2865 Unde
1957 2830 2002 2866 et
2026 2820 2186 2880 populi
2201 2821 2274 2880 Ju-

303 2887 538 2941 daeorum,
567 2896 615 2930 ut
631 2901 789 2945 regem
816 2887 1070 2932 honorifice
1087 2889 1399 2948 suscipientes,
1423 2888 1635 2933 dicebant
1660 2888 1821 2932 Matth.
1845 2900 1938 2934 21.:
1960 2889 2168 2935 Hosarma
2184 2889 2272 2946 filio

300 2954 462 2998 David.
490 2953 677 2998 Secunda
702 2955 818 2998 ratio
843 2965 923 3007 est,
947 2956 1069 3014 quod
1094 2955 1304 3000 Christus
1329 2955 1504 2999 futurus
1532 2965 1628 2999 erat
1645 2955 1755 3009 Rex,
1773 2955 2021 3015 Propheta,
2048 2965 2092 3002 et
2112 2955 2269 3001 Sacer-

300 3020 406 3065 dos:
436 3021 671 3065 Abraham
699 3031 852 3065 autem
880 3022 1105 3066 Sacerdos
1133 3022 1228 3077 fuit,
1256 3033 1305 3066 ut
1330 3032 1452 3081 patet
1479 3037 1534 3067 ex
1560 3023 1651 3067 hoc
1679 3022 1802 3081 quod
1829 3022 2060 3068 Dominus
2083 3022 2194 3069 dixit
2217 3023 2274 3069 ad

301 3103 407 3132 eum
436 3087 552 3133 Gen.
585 3101 673 3146 15.:
696 3088 818 3133 Sume⁷
841 3090 917 3133 tibi
932 3104 1108 3134 vaccam
1126 3091 1341 3143 triennem,
1367 3100 1476 3144 etc.;
1495 3089 1577 3134 fuit
1590 3090 1730 3134 etiam
1748 3089 1994 3149 Propheta,
2013 3090 2270 3137 secundum

299 3155 412 3199 illud
437 3155 561 3215 quod
587 3155 751 3200 dicitur
779 3155 947 3200 Genes.
975 3169 1069 3201 20.:
1099 3158 1305 3216 Propheta
1330 3163 1400 3212 est,
1426 3163 1462 3201 et
1487 3158 1625 3201 orabit
1643 3164 1724 3215 pro
1748 3164 1798 3202 te.
1817 3157 1968 3203 David
1991 3167 2147 3203 autem
2173 3156 2272 3204 Rex

298 3222 394 3279 fuit,
413 3233 457 3267 et
479 3223 722 3282 Propheta.
750 3223 893 3268 Tertia
911 3223 1026 3267 ratio
1045 3234 1125 3277 est,
1149 3225 1253 3283 quia
1273 3225 1319 3267 in
1342 3224 1578 3268 Abraham
1597 3225 1747 3283 primo
1763 3224 1933 3283 incepit
1951 3223 2242 3272 circumcisio
2261 3238 2273 3269 ε

298 3291 344 3334 in
370 3291 519 3335 David
559 3301 711 3336 autem
746 3291 943 3335 maxime
980 3290 1269 3336 manifestata
1296 3300 1363 3336 est
1387 3292 1476 3336 Dei
1509 3291 1689 3347 electio,
1715 3291 1969 3337 secundum
1999 3290 2112 3337 illud
2140 3291 2266 3351 quod

300 3359 462 3402 dicitur
485 3372 520 3404 1.
539 3358 651 3417 Reg.
680 3372 770 3418 13.:
791 3359 1012 3415 Quaesivit
1037 3359 1248 3403 Dominus
1272 3361 1351 3403 sibi
1369 3361 1514 3403 virum
1526 3362 1654 3418 juxta
1671 3373 1908 3405 corsuum:
1927 3368 1972 3405 et
1987 3358 2093 3404 ideo
2113 3358 2278 3404 utrius-

297 3440 383 3485 que
410 3425 528 3471 filius
556 3425 766 3471 Christus
792 3425 1119 3485 specialissime
1147 3426 1323 3480 dicitur,
1347 3436 1396 3471 ut
1421 3427 1685 3472 ostendatur
1710 3441 1811 3472 esse
1837 3426 1884 3471 in
1904 3425 2103 3473 adu-tem
2114 3435 2162 3472 et
2192 3427 2280 3473 cir·

300 3493 587 3547 cumcisioni‚
615 3503 659 3537 et
687 3492 901 3538 electioni
929 3491 1196 3538 Gentilium.

388 3561 463 3605 AD
497 3573 685 3605 PmMUM
713 3574 823 3620 ergo
850 3560 1108 3614 dicendum,
1135 3560 1257 3619 quod
1297 3560 1412 3605 haec
1441 3561 1638 3619 objectio
1675 3560 1758 3606 fuit
1783 3559 2046 3606 Manichaei
2069 3558 2268 3607 volentis

297 3628 502 3687 probare,
531 3628 768 3674 Christum
790 3641 884 3673 non
911 3641 1011 3673 esse
1032 3626 1177 3672 filium
1203 3627 1368 3683 David,
1391 3628 1496 3687 quia
1520 3642 1614 3673 non
1641 3638 1709 3674 est
1738 3637 1988 3688 conceptus
2007 3641 2068 3673 -ex
2082 3626 2271 3688 Joseph,

2320 3762 2326 3769 A
