2352 3926
740 281 1018 329 QUAESTIO
1056 280 1148 321 xc.
1187 279 1494 321 Anncums
1532 279 1588 319 11.
2022 262 2122 334 831

187 384 395 439 exterior,
421 398 538 444 quae
562 384 713 429 sensui
738 384 961 443 subjacet;
987 397 1081 428 non
1107 397 1217 444 ergo
1236 382 1557 428 convenienter
1578 381 1863 440 assignantur
1877 378 1965 425 hae
1983 388 2133 440 partes

188 461 472 496 sacramento
499 451 818 511 poenitentiae.

276 531 316 563 2.
342 519 637 564 PRAETEREA.
664 519 717 563 In
738 528 1024 563 sacramento
1050 531 1198 562 novae
1223 516 1337 575 legis
1364 514 1593 561 confertur
1620 514 1779 574 gratia,
1793 523 1843 558 ut
1857 527 1993 574 supra
2008 513 2134 558 habi-

185 593 284 630 tum
310 595 378 631 est
403 586 463 645 (q.
491 586 560 631 62.
587 591 667 630 art.
692 601 727 631 1.
754 591 791 630 et
811 585 870 644 3.)
884 601 898 630 .·
924 586 1002 629 sed
1028 586 1072 628 in
1098 583 1407 629 satisfactione
1423 597 1514 627 non
1541 581 1769 627 confertur
1786 580 1937 641 aliqua
1958 580 2132 640 gratia3

187 666 306 714 ergo·
324 651 570 697 satisfactio
596 666 689 696 non
718 662 785 696 est
810 666 910 710 pars
938 651 1223 695 sacramenti.

278 733 315 778 3.
341 718 638 765 PRAETEREA.
665 719 771 763 Non
794 729 860 763 est
876 718 998 763 idem
1015 717 1185 763 fructus
1212 717 1290 772 rei,
1307 727 1351 762 et
1366 731 1494 777 pars:
1516 717 1593 761 sed
1611 715 1857 762 satisfactio
1882 725 1949 760 est
1963 714 2134 759 fructus

186 786 504 845 poenitentiae,
532 786 779 830 secundum
807 784 916 830 illud
943 786 1053 830 Luc.
1084 800 1150 844 3.:
1177 786 1319 830 Facite
1336 785 1505 843 fructus
1535 783 1677 843 dignos
1694 783 1969 843 poenitentiae
1977 796 1994 835 ;
2022 793 2132 840 ergo

185 866 279 899 non
305 862 372 898 est
396 867 499 913 pars
524 853 841 912 poenitentiae.

273 932 315 974 4.
347 919 642 966 PRAETEREA.
675 919 961 964 Poenitentia
1002 920 1234 963 ordinatur
1275 929 1434 963 contra
1475 929 1734 977 peccatum:
1774 918 1853 963 sed
1894 926 2135 976 peccatum

185 994 333 1046 potest
358 986 511 1046 perfici
537 987 686 1031 solum
706 987 750 1030 in
773 987 909 1030 corde
936 1001 1016 1044 per
1042 1000 1333 1039 consensum,
1359 997 1407 1030 ut
1431 986 1477 1030 in
1495 999 1535 1029 2.
1553 986 1758 1029 habitum
1787 994 1853 1030 est
1891 986 1988 1042 (1·2.
2012 998 2050 1042 q.
2069 997 2134 1042 72.

185 1058 265 1098 art.
293 1053 355 1112 7.)
363 1068 380 1106 ;
409 1067 518 1113 ergo
546 1062 590 1097 et
614 1053 916 1112 poenitentia;
943 1067 1036 1096 non
1064 1067 1173 1111 ergo
1200 1053 1506 1112 poenitentiae
1530 1052 1696 1097 debent
1720 1062 1868 1111 partes
1895 1051 2005 1110 poni
2031 1064 2137 1094 con-

185 1118 323 1165 fessio
345 1120 451 1174 oris,
474 1130 518 1164 et
539 1119 784 1164 satisfactio
807 1121 970 1178 operis.

275 1186 369 1231 SED
396 1199 602 1232 CONTRA.
632 1186 834 1240 Videtur,
862 1186 983 1245 quod
1010 1187 1201 1231 debeant
1221 1187 1329 1246 poni
1347 1186 1496 1245 plures
1518 1195 1665 1246 partes
1687 1185 2005 1244 poenitentiae.
2023 1185 2134 1229 Pars

186 1253 307 1300 enim
333 1254 532 1298 hominis
558 1255 740 1314 ponitur
774 1268 867 1298 non
901 1254 1051 1299 solum
1085 1269 1262 1315 corpus,
1289 1255 1410 1313 quod
1443 1265 1510 1298 est
1535 1255 1631 1312 ejus
1658 1254 1860 1307 materia,
1888 1253 1965 1297 sed
1999 1253 2137 1297 etiam

185 1321 352 1376 anima,
377 1334 494 1379 quae
520 1331 588 1365 est
612 1322 708 1379 ejus
733 1320 902 1366 forma:
932 1323 1011 1366 sed
1036 1323 1122 1367 tria
1152 1322 1396 1382 praedicta,
1434 1336 1538 1366 cum
1573 1322 1663 1365 sint
1699 1332 1823 1366 actus
1850 1320 2137 1380 poenitentis,

185 1400 233 1431 se
258 1387 427 1432 habent
458 1388 574 1432 sicut
600 1389 812 1443 materia3
841 1388 1065 1433 absolutio
1095 1399 1247 1433 autem
1280 1388 1526 1433 sacerdotis
1567 1402 1614 1432 se
1656 1388 1794 1432 habet
1828 1401 1907 1446 per
1948 1387 2138 1431 modum

184 1452 383 1509 formae3
410 1468 518 1513 ergo
546 1454 770 1498 absolutio
798 1456 1044 1500 sacerdotis
1072 1456 1205 1500 debet
1230 1457 1340 1515 poni
1365 1465 1523 1514 quarta
1550 1469 1653 1515 pars
1679 1455 2000 1514 poenitentiae.

273 1521 560 1566 RESPONDEO
594 1522 850 1577 dicendum,
883 1523 1004 1581 quod
1037 1523 1189 1582 duplex
1228 1531 1294 1567 est
1329 1537 1445 1582 pars,
1483 1532 1532 1566 ut
1573 1523 1732 1566 dicitur
1767 1522 1814 1566 in
1855 1534 1895 1580 7.
1936 1521 2139 1581 Metaph.

187 1587 285 1644 (tax.
306 1603 363 1647 33.
389 1595 427 1633 et
445 1602 511 1648 34.
510 1589 551 1645 )‚
580 1588 753 1633 scilicet
777 1603 879 1648 pars
905 1592 1109 1643 essentiae,
1139 1600 1182 1634 et
1207 1605 1308 1649 pars
1336 1590 1591 1648 quantitatis.
1614 1589 1771 1633 Partes
1793 1589 2014 1633 essentiae
2037 1598 2142 1632 sunt

188 1654 451 1699 naturaliter
476 1655 660 1714 quidem
687 1655 848 1710 forma,
877 1667 921 1700 et
946 1658 1149 1711 materia,
1175 1656 1326 1714 logice
1346 1667 1497 1701 autem
1515 1670 1671 1715 genus,
1689 1666 1733 1700 et
1749 1655 2013 1700 differentia.
2038 1655 2139 1699 Hoc

191 1731 344 1766 autem
370 1722 511 1766 modo
537 1722 771 1782 quodlibet
801 1733 1137 1768 sacramentum
1170 1724 1457 1783 distinguitur
1491 1724 1538 1767 in
1575 1724 1828 1777 materiam,
1855 1733 1900 1767 et
1925 1721 2139 1774 formam,

194 1788 312 1833 sicut
335 1788 383 1833 in
407 1799 556 1849 partes
585 1790 829 1845 essentiae3
856 1790 975 1834 unde
1001 1800 1044 1834 et
1069 1804 1203 1850 supra
1230 1791 1402 1834 dictum
1428 1800 1496 1834 est
1521 1791 1581 1849 (q.
1609 1791 1679 1836 60.
1708 1796 1787 1834 art.
1810 1803 1847 1848 5.
1865 1795 1900 1834 et
1917 1789 1998 1847 6.),
2017 1788 2140 1848 quod

186 1866 470 1900 sacramenta
497 1858 748 1900 consistunt
771 1857 818 1900 in
844 1858 990 1911 rebus,
1008 1867 1052 1901 et
1067 1858 1238 1902 verbis:
1266 1857 1344 1901 sed
1371 1858 1477 1916 quia
1499 1857 1722 1916 quantitas
1741 1871 1788 1901 se
1805 1866 1929 1901 tenet
1945 1870 1997 1900 ex
2014 1866 2141 1915 parte

186 1925 418 1978 materiae,
444 1934 592 1982 partes
619 1925 878 1984 quantitatis
904 1935 1007 1970 sunt
1033 1935 1181 1985 partes
1208 1926 1440 1970 materiae.
1467 1924 1523 1969 Et
1552 1925 1642 1968 hoc
1676 1925 1818 1969 modo
1851 1934 2139 1968 sacramento

185 1990 490 2050 poenitentiae
506 1991 761 2050 specialiter
779 1993 1063 2052 assignantur
1080 2003 1242 2051 partes,
1260 2002 1308 2036 ut
1329 1992 1501 2036 dictum
1524 2002 1592 2036 est
1607 1992 1711 2050 (art.
1727 1992 1900 2050 praec),
1920 2001 2140 2050 quantum

187 2057 244 2101 ad
270 2067 396 2102 actus
423 2059 709 2117 poenitentis,
737 2059 813 2118 qui
838 2069 942 2103 sunt
967 2059 1156 2103 materia
1187 2059 1322 2118 hujus
1362 2059 1648 2103 sacramenti.
1680 2059 1868 2102 Dictum
1895 2067 1963 2102 est
1987 2067 2140 2102 autem

186 2137 322 2184 supra
345 2124 402 2184 (q.
430 2126 491 2184 85.
518 2131 598 2170 art.
620 2141 656 2185 3.
685 2125 737 2170 ad
756 2127 832 2186 3.),
860 2126 981 2185 quod
1010 2126 1099 2170 alio
1126 2126 1268 2170 modo
1289 2126 1338 2170 fit
1355 2125 1720 2185 recompensatio
1744 2125 1947 2170 offensae
1969 2126 2015 2168 in
2037 2138 2141 2184 poe-

187 2191 391 2246 nitentia,
418 2201 462 2236 et
486 2192 533 2235 in
557 2192 831 2236 vindicativa
854 2193 1037 2251 justitia.
1064 2193 1185 2237 Nam
1211 2193 1255 2236 in
1282 2193 1556 2236 vindicativa
1596 2192 1763 2250 justitia
1804 2192 1853 2236 fit
1878 2205 2142 2250 recompen-

187 2258 303 2303 satio
330 2258 579 2302 secundum
607 2259 839 2302 arbitrium
864 2260 1041 2319 judicis,
1067 2274 1161 2304 non
1183 2259 1435 2304 secundum
1455 2258 1739 2303 voluntatem
1761 2258 2046 2313 offendentis,
2067 2257 2142 2302 vel

186 2324 372 2371 offensi:
399 2325 479 2369 sed
505 2325 552 2369 in
578 2326 858 2383 poenitentia
883 2326 932 2370 fit
957 2327 1323 2386 recompensatio
1351 2325 1553 2371 offensae
1580 2326 1830 2370 secundum
1856 2325 2141 2370 voluntatem

184 2391 429 2450 peccantis,
455 2402 500 2435 et
524 2392 775 2436 secundum
803 2393 1036 2437 arbitrium
1062 2394 1164 2447 Dei,
1191 2394 1237 2437 in
1264 2407 1400 2452 quem
1423 2402 1659 2452 peccatur:
1678 2393 1782 2452 quia
1799 2392 1875 2436 hic
1896 2406 1990 2436 non
2008 2406 2141 2451 quae-

183 2458 295 2503 ritur
319 2457 419 2503 sola
444 2458 767 2518 redintegratio
792 2459 1074 2519 aequalitatis
1099 2460 1309 2519 justitiae,
1336 2461 1453 2504 sicut
1478 2459 1524 2503 in
1545 2459 1713 2518 iustitia
1738 2459 2037 2513 vindicativa;
2063 2458 2140 2502 sed

185 2524 332 2584 magis
357 2525 670 2570 reconciliatio
699 2526 950 2581 amicitiae3
977 2527 1098 2586 quod
1131 2526 1194 2581 fit,
1221 2527 1330 2570 dum
1357 2526 1592 2571 offendens
1632 2536 1952 2584 recompensat
1987 2540 2144 2569 secun-

186 2591 297 2636 dum
320 2591 602 2637 voluntatem
629 2594 739 2652 ejus,
765 2608 903 2652 quern
930 2593 1130 2638 offendit.
1159 2594 1234 2639 Sic
1261 2594 1397 2653 igitur
1423 2594 1662 2653 requiritur
1688 2608 1742 2637 ex
1765 2603 1889 2652 parte
1913 2594 2143 2652 poeniten·

186 2659 263 2704 tis:
269 2660 411 2718 primo
430 2659 613 2718 quidem
634 2660 844 2706 voluntas
860 2661 1264 2720 recompensandi;
1282 2660 1405 2720 quod
1426 2661 1476 2704 fit
1492 2674 1571 2720 per
1588 2661 1930 2704 contritionem:
1952 2659 2139 2712 secundo,

188 2725 310 2785 quod
335 2739 383 2770 se
409 2725 615 2784 subjiciat
641 2727 825 2772 arbitrio
851 2728 1098 2773 sacerdotis
1124 2727 1230 2772 loco
1256 2729 1372 2782 Dei;
1399 2727 1521 2787 quod
1544 2727 1593 2771 fit
1610 2729 1655 2772 in
1676 2726 2140 2780 confessionettertio‚

188 2792 310 2852 quod
334 2802 652 2850 recompenset
677 2794 927 2839 secundum
955 2795 1188 2840 arbitrium
1210 2796 1406 2839 ministri
1422 2795 1509 2838 Dei
1524 2810 1534 2849 ;
1551 2794 1673 2853 quod
1691 2794 1740 2837 fit
1757 2795 1802 2837 in
1819 2792 2140 2837 satisfactione.

187 2859 244 2904 Et
268 2858 373 2904 ideo
402 2859 629 2913 contritio,
657 2860 899 2915 confessio,
926 2871 970 2906 et
995 2862 1240 2907 satisfactio
1268 2872 1497 2922 ponuntur
1522 2871 1669 2920 partes
1702 2860 2021 2918 poenitentiae.

275 2926 352 2971 AD
377 2939 564 2972 PRIMUM
590 2940 700 2987 ergo
726 2927 983 2982 dicendum,
1009 2930 1131 2988 quod
1158 2930 1369 2974 contritio
1396 2928 1649 2973 secundum
1676 2926 1919 2971 essentiam
1956 2926 2140 2986 quidem

186 3003 255 3039 est
276 2993 325 3038 in
349 2993 502 3047 corde,
527 3003 572 3038 et
596 2994 787 3054 pertinet
812 2994 868 3038 ad
893 2995 1158 3040 interiorem
1184 2995 1535 3055 poenitentiam:
1569 2993 1818 3038 virtualiter
1855 3003 2008 3038 autem
2041 3007 2141 3052 per-

184 3060 299 3106 tinet
322 3060 378 3105 ad
404 3060 676 3105 exteriorem
701 3061 1045 3120 poenitentiam,
1084 3063 1355 3123 inquantum
1396 3060 1570 3106 scilicet
1608 3060 1816 3119 implicat
1855 3060 2140 3120 propositum

187 3127 446 3182 confitendi,
464 3136 507 3171 et
523 3127 830 3172 satisfaciendi

274 3195 352 3240 AD
377 3207 637 3240 SECUNDUM
663 3194 921 3250 dicendum,
946 3197 1068 3256 quod
1094 3195 1341 3241 satisfactio
1379 3193 1554 3239 confert
1594 3193 1802 3253 gratiam,
1843 3204 1976 3253 prout
2003 3203 2069 3238 est
2093 3193 2141 3238 in

187 3261 444 3322 proposito;
471 3271 516 3305 et
541 3271 677 3320 auget
703 3275 819 3316 eam,
846 3273 980 3322 prout
1004 3273 1071 3308 est
1095 3263 1143 3307 in
1169 3261 1450 3315 executione,
1490 3260 1604 3305 sicut
1641 3261 1780 3305 etiam
1819 3261 2069 3319 baptismus
2095 3262 2141 3305 in

188 3329 365 3383 adultis,
391 3337 438 3372 ut
463 3342 596 3387 supra
622 3328 794 3373 dictum
821 3338 890 3373 est
913 3329 972 3388 (q.
1001 3331 1070 3376 68.
1094 3337 1174 3374 art.
1202 3344 1241 3374 2.
1268 3335 1304 3373 et
1329 3343 1367 3387 q.
1395 3328 1468 3386 69.
1496 3334 1578 3372 art.
1605 3328 1682 3386 8.).

276 3396 352 3440 An
379 3407 593 3440 TER'rmM
619 3395 876 3450 dicendum,
899 3396 1020 3455 quod
1043 3396 1288 3441 satisfactio
1310 3405 1375 3440 est
1396 3409 1499 3454 pars
1522 3394 1829 3454 poenitentiae
1852 3394 2141 3449 sacramenti,

188 3462 356 3507 fructus
383 3471 534 3506 autem
559 3462 862 3520 poenitentiae
882 3462 1072 3508 virtutis.

275 3530 351 3575 An
377 3542 612 3580 QUARTUM
639 3529 895 3584 dicendum,
921 3531 1043 3590 quod
1070 3530 1199 3591 plura
1225 3530 1511 3590 requiruntur
1538 3530 1592 3574 ad
1619 3530 1807 3584 bonum,
1838 3545 1862 3571 «
1888 3530 2008 3589 quod
2038 3544 2138 3590 pro·

190 3595 310 3641 cedit
333 3609 388 3640 ex
412 3596 586 3655 integra
613 3610 748 3641 causa
773 3613 815 3650 n,
841 3611 980 3656 quam
1005 3598 1060 3642 ad
1087 3597 1275 3652 malum,
1306 3614 1329 3638 «
1350 3598 1471 3657 quod
1498 3596 1703 3656 procedit
1744 3610 1798 3641 ex
1838 3597 2140 3656 singularibus

191 3661 436 3708 defectibus
463 3679 503 3717 »,
530 3663 780 3708 secundum
805 3664 996 3724 Dionys.
1023 3678 1120 3725 cap.
1147 3676 1189 3721 4.
1216 3665 1270 3709 de
1296 3664 1400 3709 Div.
1427 3664 1566 3709 Nom.
1595 3663 1725 3725 (part.
1751 3678 1793 3722 4.
1827 3664 1916 3710 lect.
1953 3662 2062 3723 22.),·
2096 3675 2140 3710 et
