2352 3926
1435 86 1455 97 n.

265 215 375 271 274
750 206 1030 259 QUAESTIO
1071 213 1222 252 xxm.
1263 201 1587 253 annom-us
1611 213 1725 253 v111.

264 330 385 365 esset
410 319 663 364 secundum
689 317 899 362 ordinem
924 316 1282 372 Melchisedech,
1305 317 1384 363 sed
1410 318 1561 363 minus
1579 318 1836 364 sacerdotio
1858 316 2206 366 Melchisedech
2214 322 2235 377 3*

265 398 309 433 et
334 388 438 431 ideo
467 386 711 430 dicendum
739 395 820 439 est,
847 384 969 444 quod
998 384 1214 430 Christus
1235 399 1330 429 non
1357 395 1425 430 est
1450 386 1701 430 decimatus
1727 386 1774 430 in
1799 385 1967 431 lumbis
1998 387 2229 443 Abrahae,

264 455 381 499 sicut
406 454 538 506 Levi;
567 453 673 511 quia
705 454 829 495 enim
861 451 938 495 ille
965 453 1041 510 qui
1074 452 1276 497 decimas
1302 453 1390 508 dat,
1417 467 1586 502 novem
1614 453 1698 497 sibi
1723 454 1903 508 retinet,
1929 463 1974 498 et
1996 454 2229 501 decimam

264 523 341 567 alii
366 521 532 574 tribuit,
567 519 689 578 quod
722 529 789 563 est
821 518 1112 578 perfectionis
1145 519 1342 579 signum,
1368 520 1639 579 inquantum
1667 530 1734 564 est
1765 520 2112 579 quodammodo
2136 530 2230 567 tet·-

264 591 415 633 minus
442 588 651 632 omnium
677 601 992 640 numerorum,
1020 587 1097 646 qui
1122 589 1378 646 procedunt
1402 602 1544 647 usque
1572 588 1627 631 ad
1655 590 1839 641 decem;
1864 588 1972 632 inde
1997 597 2078 643 est,
2103 589 2227 648 quod

261 657 336 701 ille
363 656 440 715 qui
458 655 658 698 decimas
676 654 766 708 dat,
783 663 1058 713 protestatur
1074 667 1121 698 se
1140 654 1474 713 imperfectum,
1495 666 1539 699 et
1554 655 1887 713 perfectionem
1906 654 1982 699 alii
2007 655 2227 702 tribuere:

262 723 548 782 imperfectio
577 731 731 766 autem
756 721 949 765 humani
975 721 1153 780 generis
1187 732 1254 766 est
1285 733 1471 781 propter
1496 735 1755 781 peccatum,
1782 721 1905 780 quod
1935 721 2110 781 indiget
2133 732 2229 782 p'er-

260 792 458 836 fectione
482 791 592 848 ejus,
611 790 687 848 qui
716 805 740 833 a
762 798 955 848 peccato
984 799 1132 834 curat:
1163 803 1321 834 curare
1341 802 1493 834 autem
1513 806 1538 833 a
1565 803 1756 848 peccato
1781 801 1849 833 est
1866 789 2008 834 solius
2032 789 2225 834 Christi:

260 860 356 919 ipse
380 858 503 902 enim
521 867 588 901 est
605 873 749 915 agnus,
764 859 836 916 qui
853 858 961 902 tollit
970 864 1191 916 peccatum
1212 858 1374 912 mundi,
1395 867 1444 901 ut
1460 858 1764 915 diciturJoan.
1784 871 1819 902 1.
1834 873 1845 912 ;
1861 857 2058 916 figuram
2075 867 2229 902 autem

260 928 355 985 ejus
389 926 575 984 gerebat
605 923 961 978 Melchisedech,
982 934 1032 968 ut
1057 924 1267 983 Apostol.
1291 925 1453 983 probat
1474 925 1610 969 Hebr.
1639 938 1705 983 7.;
1738 938 1818 983 per
1848 925 1940 968 hoc
1967 937 2079 983 ergo
2105 925 2229 984 quod

261 993 496 1038 Abraham
523 991 868 1037 Melchisedech
895 991 1097 1036 decimas
1125 992 1260 1045 dedit,
1287 992 1607 1051 praefiguravit
1633 1006 1681 1036 se
1706 992 1894 1035 velutin
1910 1000 2102 1051 peccato
2125 1004 2231 1036 con-

262 1071 460 1120 ceptum,
488 1069 533 1104 et
559 1073 721 1104 omnes
748 1059 826 1118 qui
852 1059 905 1102 ab
934 1073 990 1103 eo
1018 1059 1278 1103 descensuri
1307 1070 1448 1112 erant,
1477 1073 1531 1102 ea
1557 1060 1734 1103 ratione
1758 1069 1805 1103 ut
1828 1069 2071 1118 peccatum
2097 1058 2230 1117 origi-

260 1128 364 1172 nale
392 1127 731 1181 contraherent,
763 1126 968 1185 indigere
996 1127 1245 1180 curatione,
1273 1141 1389 1185 quae
1417 1137 1486 1170 est
1510 1140 1590 1184 per
1618 1126 1878 1180 Christum3
1905 1125 2032 1169 Isaac
2061 1134 2228 1180 autem,

261 1205 306 1239 et
325 1195 482 1253 Jacob,
511 1203 555 1238 et
577 1194 704 1248 Levi,
732 1203 777 1238 et
803 1208 965 1238 omnes
984 1193 1060 1237 alii
1078 1194 1141 1237 sic
1163 1192 1346 1237 fuerunt
1356 1193 1403 1236 in
1421 1193 1672 1246 Abraham,
1695 1204 1744 1236 ut
1761 1207 1814 1236 ex
1837 1206 1893 1236 eo
1918 1193 2230 1236 derivarentur

260 1277 355 1306 non
381 1262 533 1306 solum
566 1261 820 1319 sec-undum
855 1260 1174 1320 corpulentam
1206 1261 1520 1314 substantiam,
1547 1260 1626 1304 sed
1653 1261 1792 1304 etiam
1818 1259 2072 1304 secundum
2097 1259 2231 1304 ratio-

259 1345 368 1374 nem
395 1329 681 1383 seminalem,
709 1343 789 1388 per
816 1343 953 1387 quam
988 1326 1212 1387 originale
1244 1337 1486 1386 peccatum
1522 1327 1828 1383 contrahitur3
1861 1336 1906 1371 et
1934 1326 2040 1371 ideo
2067 1340 2229 1371 omnes

258 1398 306 1441 in
333 1397 570 1441 Abraham
597 1406 702 1440 sunt
727 1395 956 1449 decimati,
982 1395 1099 1439 idest
1124 1394 1416 1453 praefigurati
1440 1394 1644 1452 indigere
1661 1396 1918 1448 curatione,
1935 1398 2051 1453 quae
2068 1402 2136 1438 est
2150 1407 2230 1452 per

260 1464 526 1508 Christumt
555 1462 678 1507 solus
709 1473 861 1507 autem
889 1462 1099 1506 Christus
1126 1462 1191 1505 sic
1218 1461 1302 1504 fuit
1327 1462 1373 1504 in
1400 1461 1652 1515 Abraham,
1678 1471 1727 1505 ut
1760 1462 1813 1504 ab
1847 1474 1903 1506 eo
1936 1460 2228 1514 derivaretur,

259 1546 352 1575 non
372 1531 623 1575 secundum
643 1531 871 1574 rationem
890 1529 1176 1583 seminalem,
1196 1528 1273 1572 sed
1297 1528 1551 1572 secundum
1571 1528 1888 1587 corpulentam
1905 1527 2227 1584 substantiam3

262 1610 305 1642 et
331 1601 435 1642 ideo
463 1613 557 1641 non
583 1597 666 1641 fuit
693 1598 739 1640 in
771 1597 1010 1640 Abraham
1037 1597 1154 1640 sicut
1187 1597 1422 1639 curatione
1454 1596 1678 1653 indigens,
1712 1596 1791 1640 sed
1818 1596 1966 1654 magis
1993 1595 2111 1640 sicut
2134 1594 2229 1639 vul—

257 1667 377 1709 neris
405 1665 656 1718 medicina3
686 1674 729 1707 et
754 1664 858 1707 ideo
885 1678 981 1707 non
1006 1663 1089 1707 fuit
1115 1663 1160 1706 in
1187 1662 1353 1706 lumbis
1380 1662 1594 1707 Abrahae
1623 1664 1886 1707 decimatus.

345 1732 401 1776 Et
427 1747 507 1791 per
532 1732 622 1776 hoc
651 1741 774 1789 patet
799 1731 1035 1789 responsio
1061 1745 1126 1775 AD
1158 1744 1363 1775 PRIMUM.

345 1800 421 1843 AD
456 1813 718 1844 SECUNDUM
752 1799 1012 1852 dicendum,
1046 1799 1168 1857 quod
1197 1798 1302 1857 quia
1329 1798 1469 1841 Beata
1501 1798 1646 1856 Virgo
1679 1797 1763 1842 fuit
1794 1800 1839 1841 in
1873 1797 2088 1857 originali
2121 1812 2226 1842 con-

257 1877 402 1926 cepta,
420 1867 504 1911 fuit
519 1868 565 1910 in
578 1866 815 1910 Abraham
834 1866 949 1910 sicut
967 1866 1202 1909 curatione
1223 1865 1455 1922 indigens:
1481 1874 1524 1909 et
1541 1865 1646 1909 ideo
1663 1865 1747 1909 fuit
1763 1865 1825 1908 ibi
1842 1865 2084 1919 decimata,
2100 1865 2225 1910 velut

260 1935 365 1979 inde
388 1935 670 1979 descendens
694 1933 944 1978 secundum
970 1931 1243 1977 seminalem
1271 1932 1523 1986 rationem;
1556 1933 1611 1975 de
1641 1945 1833 1991 corpore
1865 1942 2020 1977 autem
2052 1931 2225 1978 Christi

255 2016 350 2045 non
379 2012 446 2046 est
468 2002 547 2055 sic,
573 2011 624 2045 ut
645 2001 818 2045 dictum
843 2010 909 2044 est
937 2001 1041 2057 (art.
1070 1999 1253 2059 praec).

347 2070 424 2113 AD
453 2081 670 2113 TERTmM
697 2067 958 2121 dicendum,
985 2067 1107 2126 quod
1137 2080 1244 2110 caro
1280 2066 1454 2110 Christi
1479 2066 1642 2110 dicitur
1667 2066 1805 2110 fuisse
1837 2067 1883 2110 in
1917 2067 2112 2126 antiquis
2134 2066 2227 2111 >Pa-

258 2136 399 2180 tribus
426 2146 617 2194 peccato
646 2135 860 2189 obnoxia,
883 2134 1136 2178 secundum
1156 2133 1423 2192 qualitatem
1441 2148 1579 2192 quam
1597 2134 1756 2177 habuit
1772 2134 1819 2177 in
1836 2133 1928 2178 suis
1947 2135 2223 2193 parentibus,

255 2203 333 2262 qui
359 2203 541 2247 fuerunt
572 2202 804 2255 decimati,
836 2216 930 2245 non
965 2211 1117 2245 autem
1151 2201 1401 2244 secundum
1437 2201 1704 2259 qualitatem
1735 2215 1875 2260 quam
1905 2202 2058 2257 habet,
2089 2212 2226 2262 prout

257 2282 323 2315 est
351 2281 454 2314 actu
481 2272 527 2314 in
556 2269 759 2323 Christo,
787 2270 863 2327 qui
889 2283 983 2312 non
1011 2278 1078 2312 est
1104 2269 1372 2312 decimatus.

345 2338 422 2381 AD
456 2349 695 2387 QUARTUM
727 2336 988 2389 dicendum,
1017 2336 1138 2394 quod
1171 2335 1479 2379 sacerdotium
1512 2335 1771 2379 Leviticum
1797 2335 2050 2381 secundum
2075 2336 2224 2381 carnis

260 2405 488 2462 originem
516 2405 824 2457 derivabatur;
851 2404 971 2447 unde
993 2417 1087 2446 non
1114 2404 1265 2447 minus
1282 2403 1366 2446 fuit
1382 2403 1428 2446 in
1447 2403 1698 2457 Abraham,
1717 2418 1856 2462 quam
1871 2404 1919 2448 in
1945 2403 2081 2460 Levi;
2102 2405 2222 2448 unde

254 2487 335 2531 per
359 2472 450 2515 hoc
479 2471 601 2530 quod
629 2471 865 2515 Abraham
893 2471 1094 2515 decimas
1118 2471 1241 2514 dedit
1260 2469 1602 2514 Melchisedech
1618 2481 1855 2529 tamquam
1871 2471 2051 2530 majori,
2077 2480 2224 2517 osten-

255 2540 372 2584 ditur
389 2539 696 2583 sacerdotium
715 2538 1072 2591 Melchisedech,
1090 2538 1361 2596 inquantum
1385 2538 1499 2596 gerit
1525 2537 1719 2595 figuram
1748 2537 1935 2592 Christi,
1958 2552 2057 2583 esse
2074 2536 2243 2598 majus,

253 2607 511 2651 sacerdotio
531 2606 735 2650 Levitico
751 2621 761 2659 ;
780 2605 1087 2649 sacerdotium
1107 2615 1260 2648 autem
1284 2604 1455 2648 Christi
1473 2618 1567 2647 non
1586 2605 1787 2663 sequitur
1804 2606 1950 2650 carnis
1977 2605 2219 2665 originem,

253 2674 332 2718 sed
360 2674 555 2732 gratiam
582 2673 888 2732 spiritualem3
917 2682 961 2716 et
986 2673 1089 2716 ideo
1123 2682 1273 2731 potest
1306 2686 1416 2725 esse,
1450 2673 1572 2730 quod
1605 2683 1731 2730 pater
1756 2673 1832 2717 det
1856 2673 2059 2719 decimas
2085 2673 2220 2719 alicui

253 2741 495 2793 sacerdoti,
521 2748 760 2798 tamquam
786 2741 938 2783 minor
964 2740 1152 2797 majori3
1181 2747 1225 2783 et
1255 2749 1410 2782 tamen
1442 2738 1560 2782 filius
1593 2740 1704 2796 eJuS,
1736 2739 1775 2783 si
1805 2740 1863 2784 sit
1892 2739 2118 2795 Pontifex,
2151 2752 2220 2786 est

253 2808 403 2866 major
427 2807 508 2851 illo
536 2807 788 2860 sacerdote,
815 2820 908 2850 non
942 2816 1127 2865 propter
1154 2806 1301 2850 carnis
1329 2806 1569 2864 originem,
1596 2806 1674 2849 sed
1700 2816 1885 2866 propter
1911 2807 2110 2868 gratiam
2134 2809 2219 2868 spi-

251 2873 477 2928 ritualem,
505 2887 644 2934 quam
670 2873 808 2917 habet
835 2888 860 2917 a
888 2873 1088 2917 Christo.
