<?xml version="1.0" encoding="UTF-8"?>
<!DOCTYPE html PUBLIC "-//W3C//DTD XHTML 1.0 Transitional//EN"
    "http://www.w3.org/TR/xhtml1/DTD/xhtml1-transitional.dtd">
<html xmlns="http://www.w3.org/1999/xhtml" xml:lang="en" lang="en">
 <head>
  <title>
</title>
<meta http-equiv="Content-Type" content="text/html;charset=utf-8" />
  <meta name='ocr-system' content='tesseract 3.04.00' />
  <meta name='ocr-capabilities' content='ocr_page ocr_carea ocr_par ocr_line ocrx_word'/>
</head>
<body>
  <div class='ocr_page' id='page_1' title='image "./divithomaeaquina04thom_0555.png"; bbox 0 0 2352 3926; ppageno 0'>
   <div class='ocr_carea' id='block_1_1' title="bbox 0 0 81 684">
    <p class='ocr_par' dir='ltr' id='par_1_1' title="bbox 0 0 81 684">
     <span class='ocr_line' id='line_1_1' title="bbox 0 0 81 684; baseline 0 3242"><span class='ocrx_word' id='word_1_1' title='bbox 0 0 81 684; x_wconf 95' lang='lat' dir='ltr'><strong> </strong></span> 
     </span>
    </p>
   </div>
   <div class='ocr_carea' id='block_1_2' title="bbox 0 1837 26 1971">
    <p class='ocr_par' dir='ltr' id='par_1_2' title="bbox 0 1831 26 1971">
     <span class='ocr_line' id='line_1_2' title="bbox 0 1837 26 1971; baseline 0 -117"><span class='ocrx_word' id='word_1_2' title='bbox 0 1837 26 1971; x_wconf 48' lang='grc' dir='ltr'><strong>ἓ</strong></span> 
     </span>
    </p>
   </div>
   <div class='ocr_carea' id='block_1_3' title="bbox 0 2138 19 2289">
    <p class='ocr_par' dir='ltr' id='par_1_3' title="bbox 0 2138 19 2289">
     <span class='ocr_line' id='line_1_3' title="bbox 0 2138 19 2289; textangle 90"><span class='ocrx_word' id='word_1_3' title='bbox 10 2286 11 2289; x_wconf 25' lang='grc' dir='ltr'><em>Α</em></span> <span class='ocrx_word' id='word_1_4' title='bbox 0 2245 5 2264; x_wconf 79' lang='grc'><em>-</em></span> <span class='ocrx_word' id='word_1_5' title='bbox 0 2138 19 2236; x_wconf 41' lang='lat' dir='ltr'><strong>»ww-J</strong></span> 
     </span>
    </p>
   </div>
   <div class='ocr_carea' id='block_1_4' title="bbox 713 179 2119 240">
    <p class='ocr_par' dir='ltr' id='par_1_4' title="bbox 713 179 2119 240">
     <span class='ocr_line' id='line_1_4' title="bbox 713 179 2119 240; baseline 0.002 -18"><span class='ocrx_word' id='word_1_6' title='bbox 713 179 991 229; x_wconf 63' lang='lat' dir='ltr'><strong>Qumsrro</strong></span> <span class='ocrx_word' id='word_1_7' title='bbox 1031 183 1156 224; x_wconf 72' lang='lat' dir='ltr'><strong>txv.</strong></span> <span class='ocrx_word' id='word_1_8' title='bbox 1197 179 1506 225; x_wconf 71' lang='lat' dir='ltr'><strong>Anrrcutus</strong></span> <span class='ocrx_word' id='word_1_9' title='bbox 1544 181 1618 223; x_wconf 80' lang='grc' dir='ltr'><strong>ιν.</strong></span> <span class='ocrx_word' id='word_1_10' title='bbox 2018 185 2119 240; x_wconf 85' lang='lat'><strong>551</strong></span> 
     </span>
    </p>
   </div>
   <div class='ocr_carea' id='block_1_5' title="bbox 166 284 2130 1148">
    <p class='ocr_par' dir='ltr' id='par_1_5' title="bbox 170 284 2126 411">
     <span class='ocr_line' id='line_1_5' title="bbox 170 284 2126 346; baseline 0.001 -17"><span class='ocrx_word' id='word_1_11' title='bbox 170 284 461 343; x_wconf 84' lang='lat' dir='ltr'><strong>baptismum,</strong></span> <span class='ocrx_word' id='word_1_12' title='bbox 501 294 703 330; x_wconf 85' lang='lat' dir='ltr'><strong>extrema</strong></span> <span class='ocrx_word' id='word_1_13' title='bbox 743 285 900 331; x_wconf 91' lang='lat' dir='ltr'><strong>unctio</strong></span> <span class='ocrx_word' id='word_1_14' title='bbox 944 286 1298 346; x_wconf 84' lang='lat' dir='ltr'><strong>poenitentiam3</strong></span> <span class='ocrx_word' id='word_1_15' title='bbox 1341 286 1689 332; x_wconf 84' lang='lat' dir='ltr'><strong>matrimonium</strong></span> <span class='ocrx_word' id='word_1_16' title='bbox 1738 299 1849 331; x_wconf 88' lang='lat' dir='ltr'><strong>vero</strong></span> <span class='ocrx_word' id='word_1_17' title='bbox 1890 284 2126 331; x_wconf 86' lang='lat' dir='ltr'>Ecclesiae</span> 
     </span>
     <span class='ocr_line' id='line_1_6' title="bbox 170 350 1291 411; baseline 0.003 -15"><span class='ocrx_word' id='word_1_18' title='bbox 170 350 507 396; x_wconf 86' lang='lat' dir='ltr'><strong>multitudinem</strong></span> <span class='ocrx_word' id='word_1_19' title='bbox 532 365 612 411; x_wconf 92' lang='lat' dir='ltr'><strong>per</strong></span> <span class='ocrx_word' id='word_1_20' title='bbox 636 353 1017 411; x_wconf 86' lang='lat' dir='ltr'><strong>propagationem</strong></span> <span class='ocrx_word' id='word_1_21' title='bbox 1037 364 1291 399; x_wconf 83' lang='lat' dir='ltr'><strong>conservat.</strong></span> 
     </span>
    </p>

    <p class='ocr_par' dir='ltr' id='par_1_6' title="bbox 170 418 2126 613">
     <span class='ocr_line' id='line_1_7' title="bbox 258 418 2125 480; baseline 0 -17"><span class='ocrx_word' id='word_1_22' title='bbox 258 418 334 463; x_wconf 82' lang='lat' dir='ltr'><strong>An</strong></span> <span class='ocrx_word' id='word_1_23' title='bbox 350 432 537 463; x_wconf 69' lang='lat' dir='ltr'><strong>ptumum</strong></span> <span class='ocrx_word' id='word_1_24' title='bbox 555 433 665 477; x_wconf 89' lang='lat' dir='ltr'><strong>ergo</strong></span> <span class='ocrx_word' id='word_1_25' title='bbox 689 420 948 474; x_wconf 90' lang='lat' dir='ltr'><strong>dicendum,</strong></span> <span class='ocrx_word' id='word_1_26' title='bbox 966 421 1088 479; x_wconf 91' lang='lat' dir='ltr'><strong>quod</strong></span> <span class='ocrx_word' id='word_1_27' title='bbox 1117 421 1171 464; x_wconf 90' lang='lat' dir='ltr'><strong>ad</strong></span> <span class='ocrx_word' id='word_1_28' title='bbox 1194 421 1284 465; x_wconf 91' lang='lat' dir='ltr'><strong>hoc</strong></span> <span class='ocrx_word' id='word_1_29' title='bbox 1308 420 1429 480; x_wconf 90' lang='lat' dir='ltr'><strong>quod</strong></span> <span class='ocrx_word' id='word_1_30' title='bbox 1449 420 1617 480; x_wconf 88' lang='lat' dir='ltr'><strong>aliquid</strong></span> <span class='ocrx_word' id='word_1_31' title='bbox 1640 434 1734 465; x_wconf 91' lang='lat' dir='ltr'><strong>non</strong></span> <span class='ocrx_word' id='word_1_32' title='bbox 1751 420 1809 466; x_wconf 92' lang='lat' dir='ltr'><strong>sit</strong></span> <span class='ocrx_word' id='word_1_33' title='bbox 1832 420 2125 480; x_wconf 87' lang='lat' dir='ltr'><strong>superfluum,</strong></span> 
     </span>
     <span class='ocr_line' id='line_1_8' title="bbox 170 484 2126 545; baseline 0.002 -17"><span class='ocrx_word' id='word_1_34' title='bbox 170 484 335 529; x_wconf 86' lang='lat' dir='ltr'><strong>sufficit</strong></span> <span class='ocrx_word' id='word_1_35' title='bbox 360 486 482 545; x_wconf 90' lang='lat' dir='ltr'><strong>quod</strong></span> <span class='ocrx_word' id='word_1_36' title='bbox 504 486 562 530; x_wconf 92' lang='lat' dir='ltr'><strong>sit</strong></span> <span class='ocrx_word' id='word_1_37' title='bbox 585 487 894 531; x_wconf 86' lang='lat' dir='ltr'><strong>necessarium</strong></span> <span class='ocrx_word' id='word_1_38' title='bbox 912 488 1077 545; x_wconf 89' lang='lat' dir='ltr'><strong>primo,</strong></span> <span class='ocrx_word' id='word_1_39' title='bbox 1094 488 1168 531; x_wconf 92' lang='lat' dir='ltr'><strong>vel</strong></span> <span class='ocrx_word' id='word_1_40' title='bbox 1194 488 1395 532; x_wconf 90' lang='lat' dir='ltr'><strong>secundo</strong></span> <span class='ocrx_word' id='word_1_41' title='bbox 1419 489 1582 542; x_wconf 91' lang='lat' dir='ltr'><strong>modo;</strong></span> <span class='ocrx_word' id='word_1_42' title='bbox 1601 499 1645 532; x_wconf 91' lang='lat' dir='ltr'><strong>et</strong></span> <span class='ocrx_word' id='word_1_43' title='bbox 1669 488 1734 532; x_wconf 89' lang='lat' dir='ltr'><strong>sic</strong></span> <span class='ocrx_word' id='word_1_44' title='bbox 1750 498 1856 533; x_wconf 90' lang='lat' dir='ltr'><strong>sunt</strong></span> <span class='ocrx_word' id='word_1_45' title='bbox 1870 488 2126 533; x_wconf 83' lang='lat' dir='ltr'><strong>necessaria</strong></span> 
     </span>
     <span class='ocr_line' id='line_1_9' title="bbox 170 553 1454 613; baseline 0.002 -17"><span class='ocrx_word' id='word_1_46' title='bbox 170 553 326 597; x_wconf 89' lang='lat' dir='ltr'><strong>omnia</strong></span> <span class='ocrx_word' id='word_1_47' title='bbox 351 563 651 607; x_wconf 86' lang='lat' dir='ltr'><strong>sacramenta,</strong></span> <span class='ocrx_word' id='word_1_48' title='bbox 677 553 794 597; x_wconf 89' lang='lat' dir='ltr'><strong>sicut</strong></span> <span class='ocrx_word' id='word_1_49' title='bbox 819 554 991 597; x_wconf 90' lang='lat' dir='ltr'><strong>dictum</strong></span> <span class='ocrx_word' id='word_1_50' title='bbox 1018 564 1084 598; x_wconf 91' lang='lat' dir='ltr'><strong>est</strong></span> <span class='ocrx_word' id='word_1_51' title='bbox 1112 554 1177 609; x_wconf 88' lang='lat' dir='ltr'><strong>(in</strong></span> <span class='ocrx_word' id='word_1_52' title='bbox 1194 563 1311 613; x_wconf 82' lang='lat' dir='ltr'><strong>corp.</strong></span> <span class='ocrx_word' id='word_1_53' title='bbox 1339 556 1454 611; x_wconf 66' lang='lat' dir='ltr'><strong>art).</strong></span> 
     </span>
    </p>

    <p class='ocr_par' dir='ltr' id='par_1_7' title="bbox 168 619 2126 814">
     <span class='ocr_line' id='line_1_10' title="bbox 260 619 2126 681; baseline 0.002 -17"><span class='ocrx_word' id='word_1_54' title='bbox 260 619 336 664; x_wconf 83' lang='lat' dir='ltr'><strong>An</strong></span> <span class='ocrx_word' id='word_1_55' title='bbox 369 633 628 665; x_wconf 76' lang='lat' dir='ltr'>SECUNDUM</span> <span class='ocrx_word' id='word_1_56' title='bbox 654 620 914 674; x_wconf 89' lang='lat' dir='ltr'><strong>dicendum,</strong></span> <span class='ocrx_word' id='word_1_57' title='bbox 947 621 1069 679; x_wconf 92' lang='lat' dir='ltr'><strong>quod</strong></span> <span class='ocrx_word' id='word_1_58' title='bbox 1095 620 1208 664; x_wconf 91' lang='lat' dir='ltr'><strong>illud</strong></span> <span class='ocrx_word' id='word_1_59' title='bbox 1237 622 1427 666; x_wconf 86' lang='lat' dir='ltr'><strong>verbum</strong></span> <span class='ocrx_word' id='word_1_60' title='bbox 1459 621 1652 665; x_wconf 87' lang='lat' dir='ltr'><strong>Domini</strong></span> <span class='ocrx_word' id='word_1_61' title='bbox 1686 632 1754 667; x_wconf 91' lang='lat' dir='ltr'><strong>est</strong></span> <span class='ocrx_word' id='word_1_62' title='bbox 1778 621 2126 681; x_wconf 89' lang='lat' dir='ltr'><strong>intelligendum</strong></span> 
     </span>
     <span class='ocr_line' id='line_1_11' title="bbox 170 685 2126 750; baseline 0.002 -19"><span class='ocrx_word' id='word_1_63' title='bbox 170 685 226 731; x_wconf 90' lang='lat' dir='ltr'><strong>de</strong></span> <span class='ocrx_word' id='word_1_64' title='bbox 252 686 473 747; x_wconf 87' lang='lat' dir='ltr'><strong>spirituali</strong></span> <span class='ocrx_word' id='word_1_65' title='bbox 498 687 867 740; x_wconf 87' lang='lat' dir='ltr'><strong>manducatione,</strong></span> <span class='ocrx_word' id='word_1_66' title='bbox 894 697 939 731; x_wconf 90' lang='lat' dir='ltr'><strong>et</strong></span> <span class='ocrx_word' id='word_1_67' title='bbox 963 701 1058 731; x_wconf 93' lang='lat' dir='ltr'><strong>non</strong></span> <span class='ocrx_word' id='word_1_68' title='bbox 1085 687 1140 731; x_wconf 93' lang='lat' dir='ltr'><strong>de</strong></span> <span class='ocrx_word' id='word_1_69' title='bbox 1167 687 1267 731; x_wconf 92' lang='lat' dir='ltr'><strong>sola</strong></span> <span class='ocrx_word' id='word_1_70' title='bbox 1283 688 1620 743; x_wconf 85' lang='lat' dir='ltr'><strong>sacramentali,</strong></span> <span class='ocrx_word' id='word_1_71' title='bbox 1647 699 1696 733; x_wconf 93' lang='lat' dir='ltr'><strong>ut</strong></span> <span class='ocrx_word' id='word_1_72' title='bbox 1722 689 1916 748; x_wconf 85' lang='lat' dir='ltr'><strong>August.</strong></span> <span class='ocrx_word' id='word_1_73' title='bbox 1940 689 2126 750; x_wconf 86' lang='lat' dir='ltr'><strong>exponit</strong></span> 
     </span>
     <span class='ocr_line' id='line_1_12' title="bbox 168 753 1027 814; baseline -0.001 -16"><span class='ocrx_word' id='word_1_74' title='bbox 168 766 303 814; x_wconf 89' lang='lat' dir='ltr'><strong>super</strong></span> <span class='ocrx_word' id='word_1_75' title='bbox 317 753 540 813; x_wconf 89' lang='lat' dir='ltr'><strong>Joannem</strong></span> <span class='ocrx_word' id='word_1_76' title='bbox 567 755 709 812; x_wconf 82' lang='lat' dir='ltr'><strong>(tract.</strong></span> <span class='ocrx_word' id='word_1_77' title='bbox 736 754 806 800; x_wconf 84' lang='lat'><strong>26.</strong></span> <span class='ocrx_word' id='word_1_78' title='bbox 834 768 860 799; x_wconf 87' lang='lat' dir='ltr'><strong>a</strong></span> <span class='ocrx_word' id='word_1_79' title='bbox 885 754 1027 812; x_wconf 66' lang='lat' dir='ltr'><strong>med).</strong></span> 
     </span>
    </p>

    <p class='ocr_par' dir='ltr' id='par_1_8' title="bbox 166 819 2130 1148">
     <span class='ocr_line' id='line_1_13' title="bbox 258 819 2127 883; baseline 0.002 -18"><span class='ocrx_word' id='word_1_80' title='bbox 258 819 335 866; x_wconf 84' lang='lat' dir='ltr'><strong>AD</strong></span> <span class='ocrx_word' id='word_1_81' title='bbox 362 833 578 867; x_wconf 73' lang='lat' dir='ltr'>TERTIUM</span> <span class='ocrx_word' id='word_1_82' title='bbox 604 821 864 874; x_wconf 89' lang='lat' dir='ltr'><strong>dicendum,</strong></span> <span class='ocrx_word' id='word_1_83' title='bbox 890 820 1013 880; x_wconf 90' lang='lat' dir='ltr'><strong>quod</strong></span> <span class='ocrx_word' id='word_1_84' title='bbox 1039 819 1146 865; x_wconf 91' lang='lat' dir='ltr'><strong>licet</strong></span> <span class='ocrx_word' id='word_1_85' title='bbox 1172 821 1381 865; x_wconf 89' lang='lat' dir='ltr'><strong>omnium</strong></span> <span class='ocrx_word' id='word_1_86' title='bbox 1408 832 1802 868; x_wconf 88' lang='lat' dir='ltr'><strong>sacramentorum</strong></span> <span class='ocrx_word' id='word_1_87' title='bbox 1835 831 2127 883; x_wconf 87' lang='lat' dir='ltr'><strong>contemptus</strong></span> 
     </span>
     <span class='ocr_line' id='line_1_14' title="bbox 168 884 2127 950; baseline 0.002 -18"><span class='ocrx_word' id='word_1_88' title='bbox 168 885 227 931; x_wconf 87' lang='lat' dir='ltr'><strong>sit</strong></span> <span class='ocrx_word' id='word_1_89' title='bbox 250 884 385 932; x_wconf 83' lang='lat' dir='ltr'><strong>saluti</strong></span> <span class='ocrx_word' id='word_1_90' title='bbox 410 887 675 942; x_wconf 88' lang='lat' dir='ltr'><strong>contrarius,</strong></span> <span class='ocrx_word' id='word_1_91' title='bbox 710 902 803 932; x_wconf 91' lang='lat' dir='ltr'><strong>non</strong></span> <span class='ocrx_word' id='word_1_92' title='bbox 820 898 975 932; x_wconf 86' lang='lat' dir='ltr'><strong>tamen</strong></span> <span class='ocrx_word' id='word_1_93' title='bbox 1003 897 1071 932; x_wconf 89' lang='lat' dir='ltr'><strong>est</strong></span> <span class='ocrx_word' id='word_1_94' title='bbox 1096 898 1386 948; x_wconf 88' lang='lat' dir='ltr'><strong>contemptus</strong></span> <span class='ocrx_word' id='word_1_95' title='bbox 1408 891 1681 935; x_wconf 83' lang='lat' dir='ltr'><strong>sacramenti</strong></span> <span class='ocrx_word' id='word_1_96' title='bbox 1698 905 1751 934; x_wconf 84' lang='lat' dir='ltr'><strong>ex</strong></span> <span class='ocrx_word' id='word_1_97' title='bbox 1772 891 1879 945; x_wconf 88' lang='lat' dir='ltr'><strong>hoc,</strong></span> <span class='ocrx_word' id='word_1_98' title='bbox 1902 891 2025 950; x_wconf 91' lang='lat' dir='ltr'><strong>quod</strong></span> <span class='ocrx_word' id='word_1_99' title='bbox 2047 890 2127 936; x_wconf 90' lang='lat' dir='ltr'><strong>ali-</strong></span> 
     </span>
     <span class='ocr_line' id='line_1_15' title="bbox 169 954 2121 1014; baseline 0.003 -16"><span class='ocrx_word' id='word_1_100' title='bbox 169 954 269 1014; x_wconf 89' lang='lat' dir='ltr'><strong>quis</strong></span> <span class='ocrx_word' id='word_1_101' title='bbox 293 968 388 999; x_wconf 88' lang='lat' dir='ltr'><strong>non</strong></span> <span class='ocrx_word' id='word_1_102' title='bbox 414 965 541 999; x_wconf 89' lang='lat' dir='ltr'><strong>curat</strong></span> <span class='ocrx_word' id='word_1_103' title='bbox 568 955 773 1014; x_wconf 89' lang='lat' dir='ltr'><strong>accipere</strong></span> <span class='ocrx_word' id='word_1_104' title='bbox 798 966 1152 1009; x_wconf 88' lang='lat' dir='ltr'><strong>sacramentum,</strong></span> <span class='ocrx_word' id='word_1_105' title='bbox 1178 956 1301 1014; x_wconf 90' lang='lat' dir='ltr'><strong>quod</strong></span> <span class='ocrx_word' id='word_1_106' title='bbox 1331 970 1426 1001; x_wconf 92' lang='lat' dir='ltr'><strong>non</strong></span> <span class='ocrx_word' id='word_1_107' title='bbox 1459 966 1527 1000; x_wconf 92' lang='lat' dir='ltr'><strong>est</strong></span> <span class='ocrx_word' id='word_1_108' title='bbox 1558 957 1613 1001; x_wconf 89' lang='lat' dir='ltr'><strong>de</strong></span> <span class='ocrx_word' id='word_1_109' title='bbox 1634 957 1907 1003; x_wconf 86' lang='lat' dir='ltr'><strong>necessitate</strong></span> <span class='ocrx_word' id='word_1_110' title='bbox 1939 957 2121 1004; x_wconf 88' lang='lat' dir='ltr'><strong>salutis:</strong></span> 
     </span>
     <span class='ocr_line' id='line_1_16' title="bbox 169 1020 2130 1083; baseline 0.003 -18"><span class='ocrx_word' id='word_1_111' title='bbox 169 1020 370 1081; x_wconf 86' lang='lat' dir='ltr'><strong>alioquin</strong></span> <span class='ocrx_word' id='word_1_112' title='bbox 397 1034 559 1066; x_wconf 89' lang='lat' dir='ltr'><strong>omnes</strong></span> <span class='ocrx_word' id='word_1_113' title='bbox 585 1022 662 1081; x_wconf 90' lang='lat' dir='ltr'><strong>qui</strong></span> <span class='ocrx_word' id='word_1_114' title='bbox 686 1036 780 1066; x_wconf 92' lang='lat' dir='ltr'><strong>non</strong></span> <span class='ocrx_word' id='word_1_115' title='bbox 809 1022 1036 1081; x_wconf 87' lang='lat' dir='ltr'><strong>accipiunt</strong></span> <span class='ocrx_word' id='word_1_116' title='bbox 1061 1022 1284 1078; x_wconf 86' lang='lat' dir='ltr'><strong>ordinem,</strong></span> <span class='ocrx_word' id='word_1_117' title='bbox 1303 1033 1348 1068; x_wconf 90' lang='lat' dir='ltr'><strong>et</strong></span> <span class='ocrx_word' id='word_1_118' title='bbox 1373 1023 1451 1083; x_wconf 89' lang='lat' dir='ltr'><strong>qui</strong></span> <span class='ocrx_word' id='word_1_119' title='bbox 1475 1038 1570 1068; x_wconf 92' lang='lat' dir='ltr'><strong>non</strong></span> <span class='ocrx_word' id='word_1_120' title='bbox 1597 1024 1874 1070; x_wconf 89' lang='lat' dir='ltr'><strong>contrahunt</strong></span> <span class='ocrx_word' id='word_1_121' title='bbox 1894 1022 2130 1070; x_wconf 90' lang='lat' dir='ltr'><strong>matrimo-</strong></span> 
     </span>
     <span class='ocr_line' id='line_1_17' title="bbox 166 1087 1291 1148; baseline 0.003 -16"><span class='ocrx_word' id='word_1_122' title='bbox 166 1087 309 1143; x_wconf 82' lang='lat' dir='ltr'><strong>nium,</strong></span> <span class='ocrx_word' id='word_1_123' title='bbox 335 1098 681 1134; x_wconf 87' lang='lat' dir='ltr'><strong>contemnerent</strong></span> <span class='ocrx_word' id='word_1_124' title='bbox 699 1089 965 1148; x_wconf 89' lang='lat' dir='ltr'><strong>hujusmodi</strong></span> <span class='ocrx_word' id='word_1_125' title='bbox 990 1099 1291 1136; x_wconf 89' lang='lat' dir='ltr'><strong>sacramenta.</strong></span> 
     </span>
    </p>
   </div>
   <div class='ocr_carea' id='block_1_6' title="bbox 783 1471 1510 1549">
    <p class='ocr_par' dir='ltr' id='par_1_9' title="bbox 783 1471 1510 1549">
     <span class='ocr_line' id='line_1_18' title="bbox 783 1471 1510 1549; baseline 0.001 -17"><span class='ocrx_word' id='word_1_126' title='bbox 783 1471 1233 1549; x_wconf 78' lang='lat' dir='ltr'><strong>QUAESTIO</strong></span> <span class='ocrx_word' id='word_1_127' title='bbox 1284 1472 1510 1533; x_wconf 91' lang='lat' dir='ltr'><strong>LXVI.</strong></span> 
     </span>
    </p>
   </div>
   <div class='ocr_carea' id='block_1_7' title="bbox 342 1624 1911 1758">
    <p class='ocr_par' dir='ltr' id='par_1_10' title="bbox 342 1624 1911 1758">
     <span class='ocr_line' id='line_1_19' title="bbox 342 1624 1911 1678; baseline 0.002 -14"><span class='ocrx_word' id='word_1_128' title='bbox 342 1624 424 1664; x_wconf 91' lang='lat' dir='ltr'><strong>DE</strong></span> <span class='ocrx_word' id='word_1_129' title='bbox 469 1625 941 1668; x_wconf 91' lang='lat' dir='ltr'><strong>PERTINENTIBUS</strong></span> <span class='ocrx_word' id='word_1_130' title='bbox 987 1628 1071 1667; x_wconf 92' lang='lat' dir='ltr'><strong>AD</strong></span> <span class='ocrx_word' id='word_1_131' title='bbox 1118 1625 1571 1668; x_wconf 88' lang='lat' dir='ltr'><strong>SACRAMENTUM</strong></span> <span class='ocrx_word' id='word_1_132' title='bbox 1617 1625 1911 1678; x_wconf 80' lang='lat' dir='ltr'><strong>BAPTISMl,</strong></span> 
     </span>
     <span class='ocr_line' id='line_1_20' title="bbox 597 1714 1674 1758; baseline 0.001 -3"><span class='ocrx_word' id='word_1_133' title='bbox 597 1714 664 1755; x_wconf 93' lang='lat' dir='ltr'><strong>IN</strong></span> <span class='ocrx_word' id='word_1_134' title='bbox 709 1714 1028 1756; x_wconf 91' lang='lat' dir='ltr'><strong>DUODECIM</strong></span> <span class='ocrx_word' id='word_1_135' title='bbox 1076 1716 1405 1758; x_wconf 87' lang='lat' dir='ltr'><strong>ARTICULOS</strong></span> <span class='ocrx_word' id='word_1_136' title='bbox 1452 1714 1674 1758; x_wconf 89' lang='lat' dir='ltr'><strong>DIVISA.</strong></span> 
     </span>
    </p>
   </div>
   <div class='ocr_carea' id='block_1_8' title="bbox 165 1888 2130 2018">
    <p class='ocr_par' dir='ltr' id='par_1_11' title="bbox 165 1888 2130 2018">
     <span class='ocr_line' id='line_1_21' title="bbox 252 1888 2125 1952; baseline 0.002 -18"><span class='ocrx_word' id='word_1_137' title='bbox 252 1888 432 1935; x_wconf 88' lang='lat' dir='ltr'><strong>Deinde</strong></span> <span class='ocrx_word' id='word_1_138' title='bbox 459 1890 841 1936; x_wconf 83' lang='lat' dir='ltr'><strong>considerandum</strong></span> <span class='ocrx_word' id='word_1_139' title='bbox 868 1902 937 1937; x_wconf 90' lang='lat' dir='ltr'><strong>est</strong></span> <span class='ocrx_word' id='word_1_140' title='bbox 963 1893 1018 1936; x_wconf 90' lang='lat' dir='ltr'><strong>de</strong></span> <span class='ocrx_word' id='word_1_141' title='bbox 1044 1891 1234 1952; x_wconf 86' lang='lat' dir='ltr'><strong>singulis</strong></span> <span class='ocrx_word' id='word_1_142' title='bbox 1261 1893 1558 1937; x_wconf 85' lang='lat' dir='ltr'><strong>sacramentis</strong></span> <span class='ocrx_word' id='word_1_143' title='bbox 1585 1893 1631 1936; x_wconf 92' lang='lat' dir='ltr'><strong>in</strong></span> <span class='ocrx_word' id='word_1_144' title='bbox 1664 1891 1872 1951; x_wconf 88' lang='lat' dir='ltr'><strong>speciali:</strong></span> <span class='ocrx_word' id='word_1_145' title='bbox 1903 1895 2042 1952; x_wconf 82' lang='lat' dir='ltr'><strong>primo</strong></span> <span class='ocrx_word' id='word_1_146' title='bbox 2069 1894 2125 1938; x_wconf 92' lang='lat' dir='ltr'><strong>de</strong></span> 
     </span>
     <span class='ocr_line' id='line_1_22' title="bbox 165 1957 2130 2018; baseline 0.001 -16"><span class='ocrx_word' id='word_1_147' title='bbox 165 1957 422 2016; x_wconf 82' lang='lat' dir='ltr'><strong>baptismo:</strong></span> <span class='ocrx_word' id='word_1_148' title='bbox 454 1958 626 2003; x_wconf 77' lang='lat' dir='ltr'><strong>secundo</strong></span> <span class='ocrx_word' id='word_1_149' title='bbox 653 1959 709 2003; x_wconf 89' lang='lat' dir='ltr'><strong>de</strong></span> <span class='ocrx_word' id='word_1_150' title='bbox 736 1959 1107 2004; x_wconf 87' lang='lat' dir='ltr'><strong>confirmatione:</strong></span> <span class='ocrx_word' id='word_1_151' title='bbox 1135 1962 1255 2005; x_wconf 79' lang='lat' dir='ltr'><strong>tertio</strong></span> <span class='ocrx_word' id='word_1_152' title='bbox 1289 1960 1343 2003; x_wconf 91' lang='lat' dir='ltr'><strong>de</strong></span> <span class='ocrx_word' id='word_1_153' title='bbox 1370 1960 1678 2004; x_wconf 87' lang='lat' dir='ltr'><strong>Eucharistia:</strong></span> <span class='ocrx_word' id='word_1_154' title='bbox 1712 1966 1859 2018; x_wconf 83' lang='lat' dir='ltr'><strong>quarto</strong></span> <span class='ocrx_word' id='word_1_155' title='bbox 1888 1961 1942 2004; x_wconf 94' lang='lat' dir='ltr'><strong>de</strong></span> <span class='ocrx_word' id='word_1_156' title='bbox 1974 1961 2130 2018; x_wconf 87' lang='lat' dir='ltr'><strong>poeni-</strong></span> 
     </span>
    </p>
   </div>
   <div class='ocr_carea' id='block_1_9' title="bbox 89 2024 2123 2087">
    <p class='ocr_par' dir='ltr' id='par_1_12' title="bbox 89 2024 2123 2087">
     <span class='ocr_line' id='line_1_23' title="bbox 89 2024 2123 2087; baseline 0.001 -18"><span class='ocrx_word' id='word_1_157' title='bbox 89 2043 94 2047; x_wconf 94' lang='lat'>·</span> <span class='ocrx_word' id='word_1_158' title='bbox 160 2024 326 2070; x_wconf 82' lang='lat' dir='ltr'><strong>tentia:</strong></span> <span class='ocrx_word' id='word_1_159' title='bbox 354 2026 495 2083; x_wconf 83' lang='lat' dir='ltr'><strong>quinto</strong></span> <span class='ocrx_word' id='word_1_160' title='bbox 522 2025 578 2069; x_wconf 90' lang='lat' dir='ltr'><strong>de</strong></span> <span class='ocrx_word' id='word_1_161' title='bbox 600 2035 801 2070; x_wconf 86' lang='lat' dir='ltr'><strong>extrema</strong></span> <span class='ocrx_word' id='word_1_162' title='bbox 833 2027 1074 2082; x_wconf 88' lang='lat' dir='ltr'><strong>unctione;</strong></span> <span class='ocrx_word' id='word_1_163' title='bbox 1100 2034 1211 2072; x_wconf 83' lang='lat' dir='ltr'><strong>sexto</strong></span> <span class='ocrx_word' id='word_1_164' title='bbox 1229 2027 1284 2070; x_wconf 92' lang='lat' dir='ltr'><strong>de</strong></span> <span class='ocrx_word' id='word_1_165' title='bbox 1318 2027 1501 2081; x_wconf 88' lang='lat' dir='ltr'><strong>ordine;</strong></span> <span class='ocrx_word' id='word_1_166' title='bbox 1532 2029 1706 2087; x_wconf 84' lang='lat' dir='ltr'><strong>septimo</strong></span> <span class='ocrx_word' id='word_1_167' title='bbox 1729 2027 1783 2071; x_wconf 94' lang='lat' dir='ltr'><strong>de</strong></span> <span class='ocrx_word' id='word_1_168' title='bbox 1810 2027 2123 2072; x_wconf 88' lang='lat' dir='ltr'><strong>matrimonio.</strong></span> 
     </span>
    </p>
   </div>
   <div class='ocr_carea' id='block_1_10' title="bbox 162 2090 2129 2221">
    <p class='ocr_par' dir='ltr' id='par_1_13' title="bbox 162 2090 2129 2221">
     <span class='ocr_line' id='line_1_24' title="bbox 247 2090 2129 2154; baseline 0.003 -19"><span class='ocrx_word' id='word_1_169' title='bbox 247 2090 391 2136; x_wconf 80' lang='lat' dir='ltr'><strong>Circa</strong></span> <span class='ocrx_word' id='word_1_170' title='bbox 409 2094 600 2152; x_wconf 86' lang='lat' dir='ltr'><strong>primum</strong></span> <span class='ocrx_word' id='word_1_171' title='bbox 628 2094 826 2138; x_wconf 85' lang='lat' dir='ltr'><strong>occurrit</strong></span> <span class='ocrx_word' id='word_1_172' title='bbox 850 2094 1000 2153; x_wconf 81' lang='lat' dir='ltr'><strong>duplex</strong></span> <span class='ocrx_word' id='word_1_173' title='bbox 1039 2094 1370 2138; x_wconf 85' lang='lat' dir='ltr'><strong>consideratio:</strong></span> <span class='ocrx_word' id='word_1_174' title='bbox 1398 2096 1548 2154; x_wconf 80' lang='lat' dir='ltr'><strong>prima</strong></span> <span class='ocrx_word' id='word_1_175' title='bbox 1579 2094 1634 2137; x_wconf 91' lang='lat' dir='ltr'><strong>de</strong></span> <span class='ocrx_word' id='word_1_176' title='bbox 1661 2094 1761 2153; x_wconf 90' lang='lat' dir='ltr'><strong>ipso</strong></span> <span class='ocrx_word' id='word_1_177' title='bbox 1787 2094 2043 2153; x_wconf 84' lang='lat' dir='ltr'><strong>baptism03</strong></span> <span class='ocrx_word' id='word_1_178' title='bbox 2075 2110 2129 2140; x_wconf 77' lang='lat' dir='ltr'><strong>se-</strong></span> 
     </span>
     <span class='ocr_line' id='line_1_25' title="bbox 162 2158 2125 2221; baseline 0.001 -17"><span class='ocrx_word' id='word_1_179' title='bbox 162 2158 298 2204; x_wconf 69' lang='lat' dir='ltr'><strong>canda</strong></span> <span class='ocrx_word' id='word_1_180' title='bbox 323 2159 380 2203; x_wconf 89' lang='lat' dir='ltr'><strong>de</strong></span> <span class='ocrx_word' id='word_1_181' title='bbox 405 2160 753 2219; x_wconf 86' lang='lat' dir='ltr'><strong>praeparatoriis</strong></span> <span class='ocrx_word' id='word_1_182' title='bbox 780 2161 835 2205; x_wconf 90' lang='lat' dir='ltr'><strong>ad</strong></span> <span class='ocrx_word' id='word_1_183' title='bbox 861 2161 1154 2220; x_wconf 92' lang='lat' dir='ltr'><strong>baptismum.</strong></span> <span class='ocrx_word' id='word_1_184' title='bbox 1184 2162 1319 2206; x_wconf 89' lang='lat' dir='ltr'><strong>Circa</strong></span> <span class='ocrx_word' id='word_1_185' title='bbox 1345 2163 1538 2221; x_wconf 84' lang='lat' dir='ltr'><strong>primum</strong></span> <span class='ocrx_word' id='word_1_186' title='bbox 1572 2167 1753 2220; x_wconf 83' lang='lat' dir='ltr'><strong>quatuor</strong></span> <span class='ocrx_word' id='word_1_187' title='bbox 1793 2161 2125 2206; x_wconf 88' lang='lat' dir='ltr'><strong>consideranda</strong></span> 
     </span>
    </p>
   </div>
   <div class='ocr_carea' id='block_1_11' title="bbox 153 2228 2126 2288">
    <p class='ocr_par' dir='ltr' id='par_1_14' title="bbox 153 2228 2126 2288">
     <span class='ocr_line' id='line_1_26' title="bbox 153 2228 2126 2288; baseline 0.002 -18"><span class='ocrx_word' id='word_1_188' title='bbox 153 2235 428 2272; x_wconf 75' lang='lat' dir='ltr'><strong>occurrunt:</strong></span> <span class='ocrx_word' id='word_1_189' title='bbox 451 2228 591 2286; x_wconf 82' lang='lat' dir='ltr'><strong>primo</strong></span> <span class='ocrx_word' id='word_1_190' title='bbox 625 2228 680 2272; x_wconf 89' lang='lat' dir='ltr'><strong>de</strong></span> <span class='ocrx_word' id='word_1_191' title='bbox 712 2228 783 2272; x_wconf 87' lang='lat' dir='ltr'><strong>his</strong></span> <span class='ocrx_word' id='word_1_192' title='bbox 811 2242 927 2287; x_wconf 91' lang='lat' dir='ltr'><strong>quae</strong></span> <span class='ocrx_word' id='word_1_193' title='bbox 964 2229 1192 2288; x_wconf 87' lang='lat' dir='ltr'><strong>pertinent</strong></span> <span class='ocrx_word' id='word_1_194' title='bbox 1223 2229 1279 2272; x_wconf 89' lang='lat' dir='ltr'><strong>ad</strong></span> <span class='ocrx_word' id='word_1_195' title='bbox 1313 2238 1652 2273; x_wconf 89' lang='lat' dir='ltr'><strong>sacramentum</strong></span> <span class='ocrx_word' id='word_1_196' title='bbox 1683 2229 1921 2288; x_wconf 85' lang='lat' dir='ltr'><strong>baptismi:</strong></span> <span class='ocrx_word' id='word_1_197' title='bbox 1953 2230 2126 2274; x_wconf 80' lang='lat' dir='ltr'><strong>secundo</strong></span> 
     </span>
    </p>
   </div>
   <div class='ocr_carea' id='block_1_12' title="bbox 159 2293 2120 2421">
    <p class='ocr_par' dir='ltr' id='par_1_15' title="bbox 159 2293 2120 2421">
     <span class='ocr_line' id='line_1_27' title="bbox 160 2293 2120 2355; baseline 0.001 -17"><span class='ocrx_word' id='word_1_198' title='bbox 160 2293 218 2338; x_wconf 82' lang='lat' dir='ltr'><strong>de</strong></span> <span class='ocrx_word' id='word_1_199' title='bbox 254 2293 464 2337; x_wconf 86' lang='lat' dir='ltr'><strong>ministro</strong></span> <span class='ocrx_word' id='word_1_200' title='bbox 505 2294 640 2352; x_wconf 90' lang='lat' dir='ltr'><strong>hujus</strong></span> <span class='ocrx_word' id='word_1_201' title='bbox 679 2295 984 2342; x_wconf 85' lang='lat' dir='ltr'><strong>sacramenti:</strong></span> <span class='ocrx_word' id='word_1_202' title='bbox 1023 2298 1143 2341; x_wconf 84' lang='lat' dir='ltr'><strong>tertio</strong></span> <span class='ocrx_word' id='word_1_203' title='bbox 1185 2296 1241 2340; x_wconf 91' lang='lat' dir='ltr'><strong>de</strong></span> <span class='ocrx_word' id='word_1_204' title='bbox 1266 2296 1587 2355; x_wconf 88' lang='lat' dir='ltr'><strong>recipientibus</strong></span> <span class='ocrx_word' id='word_1_205' title='bbox 1623 2296 1716 2342; x_wconf 93' lang='lat' dir='ltr'><strong>hoc</strong></span> <span class='ocrx_word' id='word_1_206' title='bbox 1757 2307 2120 2341; x_wconf 87' lang='lat' dir='ltr'><strong>sacramentum:</strong></span> 
     </span>
     <span class='ocr_line' id='line_1_28' title="bbox 159 2360 1056 2421; baseline 0.001 -16"><span class='ocrx_word' id='word_1_207' title='bbox 159 2363 310 2420; x_wconf 69' lang='lat' dir='ltr'><strong>quarto</strong></span> <span class='ocrx_word' id='word_1_208' title='bbox 335 2361 392 2405; x_wconf 91' lang='lat' dir='ltr'><strong>de</strong></span> <span class='ocrx_word' id='word_1_209' title='bbox 418 2360 582 2405; x_wconf 84' lang='lat' dir='ltr'><strong>effectu</strong></span> <span class='ocrx_word' id='word_1_210' title='bbox 607 2361 742 2421; x_wconf 89' lang='lat' dir='ltr'><strong>hujus</strong></span> <span class='ocrx_word' id='word_1_211' title='bbox 768 2363 1056 2408; x_wconf 89' lang='lat' dir='ltr'><strong>sacramenti.</strong></span> 
     </span>
    </p>
   </div>
   <div class='ocr_carea' id='block_1_13' title="bbox 694 2473 1574 2534">
    <p class='ocr_par' dir='ltr' id='par_1_16' title="bbox 694 2473 1574 2534">
     <span class='ocr_line' id='line_1_29' title="bbox 694 2473 1574 2534; baseline 0.001 -15"><span class='ocrx_word' id='word_1_212' title='bbox 694 2473 825 2519; x_wconf 85' lang='lat' dir='ltr'><strong>Circa</strong></span> <span class='ocrx_word' id='word_1_213' title='bbox 842 2476 1034 2534; x_wconf 84' lang='lat' dir='ltr'><strong>primum</strong></span> <span class='ocrx_word' id='word_1_214' title='bbox 1058 2481 1318 2534; x_wconf 80' lang='lat' dir='ltr'><strong>quaeruntur</strong></span> <span class='ocrx_word' id='word_1_215' title='bbox 1343 2475 1574 2521; x_wconf 76' lang='lat' dir='ltr'><strong>duodecim.</strong></span> 
     </span>
    </p>
   </div>
   <div class='ocr_carea' id='block_1_14' title="bbox 159 2558 2119 3493">
    <p class='ocr_par' dir='ltr' id='par_1_17' title="bbox 249 2558 1621 2622">
     <span class='ocr_line' id='line_1_30' title="bbox 249 2558 1621 2622; baseline 0.004 -18"><span class='ocrx_word' id='word_1_216' title='bbox 249 2558 421 2607; x_wconf 86' lang='lat' dir='ltr'><strong>Primo.</strong></span> <span class='ocrx_word' id='word_1_217' title='bbox 450 2561 576 2614; x_wconf 90' lang='lat' dir='ltr'><strong>Quid</strong></span> <span class='ocrx_word' id='word_1_218' title='bbox 602 2561 659 2607; x_wconf 89' lang='lat' dir='ltr'><strong>sit</strong></span> <span class='ocrx_word' id='word_1_219' title='bbox 681 2562 945 2622; x_wconf 88' lang='lat' dir='ltr'><strong>baptismus,</strong></span> <span class='ocrx_word' id='word_1_220' title='bbox 972 2573 1124 2608; x_wconf 88' lang='lat' dir='ltr'><strong>utrum</strong></span> <span class='ocrx_word' id='word_1_221' title='bbox 1152 2563 1327 2609; x_wconf 89' lang='lat' dir='ltr'><strong>scilicet</strong></span> <span class='ocrx_word' id='word_1_222' title='bbox 1352 2564 1410 2609; x_wconf 90' lang='lat' dir='ltr'><strong>sit</strong></span> <span class='ocrx_word' id='word_1_223' title='bbox 1435 2563 1621 2609; x_wconf 81' lang='lat' dir='ltr'><strong>ablutio.</strong></span> 
     </span>
    </p>

    <p class='ocr_par' dir='ltr' id='par_1_18' title="bbox 252 2626 1358 2690">
     <span class='ocr_line' id='line_1_31' title="bbox 252 2626 1358 2690; baseline 0.004 -18"><span class='ocrx_word' id='word_1_224' title='bbox 252 2626 482 2675; x_wconf 88' lang='lat' dir='ltr'><strong>Secundo.</strong></span> <span class='ocrx_word' id='word_1_225' title='bbox 507 2630 580 2674; x_wconf 89' lang='lat' dir='ltr'><strong>De</strong></span> <span class='ocrx_word' id='word_1_226' title='bbox 603 2630 884 2676; x_wconf 89' lang='lat' dir='ltr'><strong>institutione</strong></span> <span class='ocrx_word' id='word_1_227' title='bbox 909 2632 1044 2690; x_wconf 71' lang='lat' dir='ltr'><strong>huius</strong></span> <span class='ocrx_word' id='word_1_228' title='bbox 1071 2632 1358 2676; x_wconf 86' lang='lat' dir='ltr'><strong>sacramenti.</strong></span> 
     </span>
    </p>

    <p class='ocr_par' dir='ltr' id='par_1_19' title="bbox 252 2693 1742 2758">
     <span class='ocr_line' id='line_1_32' title="bbox 252 2693 1742 2758; baseline 0.003 -20"><span class='ocrx_word' id='word_1_229' title='bbox 252 2693 428 2740; x_wconf 80' lang='lat' dir='ltr'><strong>Tertio.</strong></span> <span class='ocrx_word' id='word_1_230' title='bbox 455 2695 620 2741; x_wconf 87' lang='lat' dir='ltr'><strong>Utrum</strong></span> <span class='ocrx_word' id='word_1_231' title='bbox 646 2711 763 2756; x_wconf 89' lang='lat' dir='ltr'><strong>aqua</strong></span> <span class='ocrx_word' id='word_1_232' title='bbox 788 2698 846 2742; x_wconf 90' lang='lat' dir='ltr'><strong>sit</strong></span> <span class='ocrx_word' id='word_1_233' title='bbox 869 2699 1050 2758; x_wconf 90' lang='lat' dir='ltr'><strong>propria</strong></span> <span class='ocrx_word' id='word_1_234' title='bbox 1076 2699 1266 2743; x_wconf 89' lang='lat' dir='ltr'><strong>materia</strong></span> <span class='ocrx_word' id='word_1_235' title='bbox 1292 2700 1427 2758; x_wconf 88' lang='lat' dir='ltr'><strong>hujus</strong></span> <span class='ocrx_word' id='word_1_236' title='bbox 1453 2698 1742 2743; x_wconf 83' lang='lat' dir='ltr'><strong>sacramenti.</strong></span> 
     </span>
    </p>

    <p class='ocr_par' dir='ltr' id='par_1_20' title="bbox 253 2760 1293 2825">
     <span class='ocr_line' id='line_1_33' title="bbox 253 2760 1293 2825; baseline 0.005 -20"><span class='ocrx_word' id='word_1_237' title='bbox 253 2760 448 2815; x_wconf 86' lang='lat' dir='ltr'><strong>Quarto.</strong></span> <span class='ocrx_word' id='word_1_238' title='bbox 474 2762 640 2807; x_wconf 86' lang='lat' dir='ltr'><strong>Utrum</strong></span> <span class='ocrx_word' id='word_1_239' title='bbox 666 2764 918 2823; x_wconf 86' lang='lat' dir='ltr'><strong>requiratur</strong></span> <span class='ocrx_word' id='word_1_240' title='bbox 944 2779 1061 2824; x_wconf 89' lang='lat' dir='ltr'><strong>aqua</strong></span> <span class='ocrx_word' id='word_1_241' title='bbox 1083 2765 1293 2825; x_wconf 87' lang='lat' dir='ltr'><strong>simplex.</strong></span> 
     </span>
    </p>

    <p class='ocr_par' dir='ltr' id='par_1_21' title="bbox 159 2827 2119 2959">
     <span class='ocr_line' id='line_1_34' title="bbox 252 2827 2119 2891; baseline 0.002 -19"><span class='ocrx_word' id='word_1_242' title='bbox 252 2827 445 2881; x_wconf 90' lang='lat' dir='ltr'><strong>Quinto.</strong></span> <span class='ocrx_word' id='word_1_243' title='bbox 470 2829 638 2874; x_wconf 81' lang='lat' dir='ltr'><strong>Utrum</strong></span> <span class='ocrx_word' id='word_1_244' title='bbox 661 2830 776 2875; x_wconf 89' lang='lat' dir='ltr'><strong>haec</strong></span> <span class='ocrx_word' id='word_1_245' title='bbox 813 2834 868 2876; x_wconf 91' lang='lat' dir='ltr'><strong>sit</strong></span> <span class='ocrx_word' id='word_1_246' title='bbox 901 2833 1180 2877; x_wconf 87' lang='lat' dir='ltr'><strong>conveniens</strong></span> <span class='ocrx_word' id='word_1_247' title='bbox 1207 2832 1356 2876; x_wconf 87' lang='lat' dir='ltr'><strong>forma</strong></span> <span class='ocrx_word' id='word_1_248' title='bbox 1386 2833 1522 2890; x_wconf 87' lang='lat' dir='ltr'><strong>hujus</strong></span> <span class='ocrx_word' id='word_1_249' title='bbox 1563 2832 1861 2877; x_wconf 89' lang='lat' dir='ltr'><strong>sacramenti:</strong></span> <span class='ocrx_word' id='word_1_250' title='bbox 1893 2846 1916 2873; x_wconf 89' lang='lat'>«</span> <span class='ocrx_word' id='word_1_251' title='bbox 1943 2831 2042 2891; x_wconf 88' lang='lat' dir='ltr'><strong>Ego</strong></span> <span class='ocrx_word' id='word_1_252' title='bbox 2074 2840 2119 2876; x_wconf 90' lang='lat' dir='ltr'><strong>te</strong></span> 
     </span>
     <span class='ocr_line' id='line_1_35' title="bbox 159 2894 1565 2959; baseline 0.003 -20"><span class='ocrx_word' id='word_1_253' title='bbox 159 2894 341 2955; x_wconf 84' lang='lat' dir='ltr'><strong>baptizo</strong></span> <span class='ocrx_word' id='word_1_254' title='bbox 366 2895 413 2939; x_wconf 90' lang='lat' dir='ltr'><strong>in</strong></span> <span class='ocrx_word' id='word_1_255' title='bbox 438 2895 628 2941; x_wconf 88' lang='lat' dir='ltr'><strong>nomine</strong></span> <span class='ocrx_word' id='word_1_256' title='bbox 649 2897 809 2952; x_wconf 88' lang='lat' dir='ltr'><strong>Patris,</strong></span> <span class='ocrx_word' id='word_1_257' title='bbox 837 2908 882 2943; x_wconf 89' lang='lat' dir='ltr'><strong>et</strong></span> <span class='ocrx_word' id='word_1_258' title='bbox 905 2899 1021 2953; x_wconf 91' lang='lat' dir='ltr'><strong>Filii,</strong></span> <span class='ocrx_word' id='word_1_259' title='bbox 1050 2909 1094 2943; x_wconf 91' lang='lat' dir='ltr'><strong>et</strong></span> <span class='ocrx_word' id='word_1_260' title='bbox 1117 2900 1311 2959; x_wconf 88' lang='lat' dir='ltr'><strong>Spiritus</strong></span> <span class='ocrx_word' id='word_1_261' title='bbox 1339 2899 1496 2943; x_wconf 87' lang='lat' dir='ltr'><strong>Sancti</strong></span> <span class='ocrx_word' id='word_1_262' title='bbox 1523 2917 1565 2943; x_wconf 84' lang='lat'><strong>».</strong></span> 
     </span>
    </p>

    <p class='ocr_par' dir='ltr' id='par_1_22' title="bbox 159 2962 2117 3074">
     <span class='ocr_line' id='line_1_36' title="bbox 250 2962 2117 3026; baseline 0.002 -20"><span class='ocrx_word' id='word_1_263' title='bbox 250 2962 405 3007; x_wconf 88' lang='lat' dir='ltr'><strong>Sexto.</strong></span> <span class='ocrx_word' id='word_1_264' title='bbox 433 2962 597 3006; x_wconf 87' lang='lat' dir='ltr'><strong>Utrum</strong></span> <span class='ocrx_word' id='word_1_265' title='bbox 616 2963 697 3007; x_wconf 87' lang='lat' dir='ltr'><strong>sub</strong></span> <span class='ocrx_word' id='word_1_266' title='bbox 722 2964 810 3008; x_wconf 88' lang='lat' dir='ltr'><strong>hac</strong></span> <span class='ocrx_word' id='word_1_267' title='bbox 835 2965 984 3010; x_wconf 90' lang='lat' dir='ltr'><strong>forma</strong></span> <span class='ocrx_word' id='word_1_268' title='bbox 1001 2967 1143 3026; x_wconf 88' lang='lat' dir='ltr'><strong>possit</strong></span> <span class='ocrx_word' id='word_1_269' title='bbox 1170 2967 1331 3026; x_wconf 89' lang='lat' dir='ltr'><strong>aliquis</strong></span> <span class='ocrx_word' id='word_1_270' title='bbox 1352 2967 1591 3025; x_wconf 86' lang='lat' dir='ltr'><strong>baptizari:</strong></span> <span class='ocrx_word' id='word_1_271' title='bbox 1624 2982 1647 3008; x_wconf 89' lang='lat'>«</span> <span class='ocrx_word' id='word_1_272' title='bbox 1670 2966 1770 3025; x_wconf 88' lang='lat' dir='ltr'><strong>Ego</strong></span> <span class='ocrx_word' id='word_1_273' title='bbox 1797 2975 1841 3010; x_wconf 88' lang='lat' dir='ltr'><strong>te</strong></span> <span class='ocrx_word' id='word_1_274' title='bbox 1868 2965 2048 3025; x_wconf 91' lang='lat' dir='ltr'><strong>baptizo</strong></span> <span class='ocrx_word' id='word_1_275' title='bbox 2070 2966 2117 3010; x_wconf 90' lang='lat' dir='ltr'><strong>in</strong></span> 
     </span>
     <span class='ocr_line' id='line_1_37' title="bbox 159 3029 618 3074; baseline -0.004 -1"><span class='ocrx_word' id='word_1_276' title='bbox 159 3029 350 3074; x_wconf 90' lang='lat' dir='ltr'><strong>nomine</strong></span> <span class='ocrx_word' id='word_1_277' title='bbox 377 3029 550 3073; x_wconf 88' lang='lat' dir='ltr'><strong>Christi</strong></span> <span class='ocrx_word' id='word_1_278' title='bbox 576 3046 618 3072; x_wconf 74' lang='lat' dir='ltr'><strong>n.</strong></span> 
     </span>
    </p>

    <p class='ocr_par' dir='ltr' id='par_1_23' title="bbox 250 3096 1640 3159">
     <span class='ocr_line' id='line_1_38' title="bbox 250 3096 1640 3159; baseline 0.003 -19"><span class='ocrx_word' id='word_1_279' title='bbox 250 3096 470 3155; x_wconf 88' lang='lat' dir='ltr'><strong>Septimo.</strong></span> <span class='ocrx_word' id='word_1_280' title='bbox 500 3096 666 3140; x_wconf 87' lang='lat' dir='ltr'><strong>Utrum</strong></span> <span class='ocrx_word' id='word_1_281' title='bbox 692 3097 927 3143; x_wconf 88' lang='lat' dir='ltr'><strong>immersio</strong></span> <span class='ocrx_word' id='word_1_282' title='bbox 954 3099 1011 3144; x_wconf 87' lang='lat' dir='ltr'><strong>sit</strong></span> <span class='ocrx_word' id='word_1_283' title='bbox 1037 3099 1092 3144; x_wconf 88' lang='lat' dir='ltr'><strong>de</strong></span> <span class='ocrx_word' id='word_1_284' title='bbox 1118 3101 1388 3145; x_wconf 88' lang='lat' dir='ltr'><strong>necessitate</strong></span> <span class='ocrx_word' id='word_1_285' title='bbox 1410 3101 1640 3159; x_wconf 87' lang='lat' dir='ltr'><strong>baptismi.</strong></span> 
     </span>
    </p>

    <p class='ocr_par' dir='ltr' id='par_1_24' title="bbox 251 3163 1337 3223">
     <span class='ocr_line' id='line_1_39' title="bbox 251 3163 1337 3223; baseline 0.003 -14"><span class='ocrx_word' id='word_1_286' title='bbox 251 3163 448 3209; x_wconf 88' lang='lat' dir='ltr'><strong>Octavo.</strong></span> <span class='ocrx_word' id='word_1_287' title='bbox 478 3163 642 3206; x_wconf 87' lang='lat' dir='ltr'><strong>Utrum</strong></span> <span class='ocrx_word' id='word_1_288' title='bbox 670 3165 920 3223; x_wconf 90' lang='lat' dir='ltr'><strong>requiratur</strong></span> <span class='ocrx_word' id='word_1_289' title='bbox 944 3167 1061 3210; x_wconf 87' lang='lat' dir='ltr'><strong>trina</strong></span> <span class='ocrx_word' id='word_1_290' title='bbox 1086 3167 1337 3213; x_wconf 85' lang='lat' dir='ltr'><strong>immersio.</strong></span> 
     </span>
    </p>

    <p class='ocr_par' dir='ltr' id='par_1_25' title="bbox 248 3230 1234 3291">
     <span class='ocr_line' id='line_1_40' title="bbox 248 3230 1234 3291; baseline 0.004 -17"><span class='ocrx_word' id='word_1_291' title='bbox 248 3230 401 3276; x_wconf 87' lang='lat' dir='ltr'><strong>Nono.</strong></span> <span class='ocrx_word' id='word_1_292' title='bbox 430 3230 598 3274; x_wconf 89' lang='lat' dir='ltr'><strong>Utrum</strong></span> <span class='ocrx_word' id='word_1_293' title='bbox 624 3230 874 3289; x_wconf 88' lang='lat' dir='ltr'><strong>baptismus</strong></span> <span class='ocrx_word' id='word_1_294' title='bbox 899 3234 1045 3291; x_wconf 90' lang='lat' dir='ltr'><strong>possit</strong></span> <span class='ocrx_word' id='word_1_295' title='bbox 1068 3234 1234 3278; x_wconf 85' lang='lat' dir='ltr'><strong>iterari.</strong></span> 
     </span>
    </p>

    <p class='ocr_par' dir='ltr' id='par_1_26' title="bbox 248 3297 923 3355">
     <span class='ocr_line' id='line_1_41' title="bbox 248 3297 923 3355; baseline 0.001 -14"><span class='ocrx_word' id='word_1_296' title='bbox 248 3297 461 3341; x_wconf 86' lang='lat' dir='ltr'><strong>Decimo.</strong></span> <span class='ocrx_word' id='word_1_297' title='bbox 489 3298 560 3340; x_wconf 88' lang='lat' dir='ltr'><strong>De</strong></span> <span class='ocrx_word' id='word_1_298' title='bbox 584 3298 669 3341; x_wconf 89' lang='lat' dir='ltr'><strong>ritu</strong></span> <span class='ocrx_word' id='word_1_299' title='bbox 697 3298 923 3355; x_wconf 84' lang='lat' dir='ltr'><strong>baptismi.</strong></span> 
     </span>
    </p>

    <p class='ocr_par' dir='ltr' id='par_1_27' title="bbox 249 3364 1307 3425">
     <span class='ocr_line' id='line_1_42' title="bbox 249 3364 1307 3425; baseline 0.006 -18"><span class='ocrx_word' id='word_1_300' title='bbox 249 3364 525 3408; x_wconf 88' lang='lat' dir='ltr'><strong>Undecimo.</strong></span> <span class='ocrx_word' id='word_1_301' title='bbox 553 3364 623 3408; x_wconf 90' lang='lat' dir='ltr'><strong>De</strong></span> <span class='ocrx_word' id='word_1_302' title='bbox 650 3364 941 3409; x_wconf 86' lang='lat' dir='ltr'><strong>distinctione</strong></span> <span class='ocrx_word' id='word_1_303' title='bbox 966 3365 1307 3425; x_wconf 84' lang='lat' dir='ltr'><strong>baptismatum.</strong></span> 
     </span>
    </p>

    <p class='ocr_par' dir='ltr' id='par_1_28' title="bbox 247 3431 1388 3493">
     <span class='ocr_line' id='line_1_43' title="bbox 247 3431 1388 3493; baseline 0.004 -18"><span class='ocrx_word' id='word_1_304' title='bbox 247 3431 553 3476; x_wconf 79' lang='lat' dir='ltr'><strong>Duodecimn.</strong></span> <span class='ocrx_word' id='word_1_305' title='bbox 581 3432 652 3475; x_wconf 92' lang='lat' dir='ltr'><strong>De</strong></span> <span class='ocrx_word' id='word_1_306' title='bbox 677 3432 1022 3490; x_wconf 83' lang='lat' dir='ltr'><strong>comparatione</strong></span> <span class='ocrx_word' id='word_1_307' title='bbox 1048 3434 1388 3493; x_wconf 89' lang='lat' dir='ltr'><strong>baptismatum.</strong></span> 
     </span>
    </p>
   </div>
  </div>
 </body>
</html>
