<?xml version="1.0" encoding="UTF-8"?>
<!DOCTYPE html PUBLIC "-//W3C//DTD XHTML 1.0 Transitional//EN"
    "http://www.w3.org/TR/xhtml1/DTD/xhtml1-transitional.dtd">
<html xmlns="http://www.w3.org/1999/xhtml" xml:lang="en" lang="en">
 <head>
  <title>
</title>
<meta http-equiv="Content-Type" content="text/html;charset=utf-8" />
  <meta name='ocr-system' content='tesseract 3.04.00' />
  <meta name='ocr-capabilities' content='ocr_page ocr_carea ocr_par ocr_line ocrx_word'/>
</head>
<body>
  <div class='ocr_page' id='page_1' title='image "./divithomaeaquina04thom_0588.png"; bbox 0 0 2352 3926; ppageno 0'>
   <div class='ocr_carea' id='block_1_1' title="bbox 294 166 1742 262">
    <p class='ocr_par' dir='ltr' id='par_1_1' title="bbox 294 166 1742 262">
     <span class='ocr_line' id='line_1_1' title="bbox 294 166 1742 262; baseline -0.004 -17"><span class='ocrx_word' id='word_1_1' title='bbox 294 191 403 262; x_wconf 82' lang='lat'>584</span> <span class='ocrx_word' id='word_1_2' title='bbox 769 201 1049 248; x_wconf 84' lang='lat' dir='ltr'><strong>QUAESTIO</strong></span> <span class='ocrx_word' id='word_1_3' title='bbox 1090 201 1276 240; x_wconf 82' lang='lat' dir='ltr'>vam.</span> <span class='ocrx_word' id='word_1_4' title='bbox 1317 166 1625 240; x_wconf 75' lang='lat' dir='ltr'>Anncums</span> <span class='ocrx_word' id='word_1_5' title='bbox 1665 200 1742 240; x_wconf 88' lang='lat'>111.</span> 
     </span>
    </p>
   </div>
   <div class='ocr_carea' id='block_1_2' title="bbox 286 299 2261 2580">
    <p class='ocr_par' dir='ltr' id='par_1_2' title="bbox 286 299 2261 2042">
     <span class='ocr_line' id='line_1_2' title="bbox 291 299 2252 365; baseline -0.004 -13"><span class='ocrx_word' id='word_1_6' title='bbox 291 317 378 352; x_wconf 90' lang='lat' dir='ltr'>test</span> <span class='ocrx_word' id='word_1_7' title='bbox 403 320 483 365; x_wconf 91' lang='lat' dir='ltr'>per</span> <span class='ocrx_word' id='word_1_8' title='bbox 510 305 661 350; x_wconf 91' lang='lat' dir='ltr'>solum</span> <span class='ocrx_word' id='word_1_9' title='bbox 684 302 898 361; x_wconf 81' lang='lat' dir='ltr'><strong>baptismi</strong></span> <span class='ocrx_word' id='word_1_10' title='bbox 924 301 1216 356; x_wconf 86' lang='lat' dir='ltr'>desiderium,</span> <span class='ocrx_word' id='word_1_11' title='bbox 1243 311 1292 346; x_wconf 94' lang='lat' dir='ltr'>ut</span> <span class='ocrx_word' id='word_1_12' title='bbox 1317 315 1452 361; x_wconf 90' lang='lat' dir='ltr'>supra</span> <span class='ocrx_word' id='word_1_13' title='bbox 1467 300 1639 345; x_wconf 88' lang='lat' dir='ltr'>dictum</span> <span class='ocrx_word' id='word_1_14' title='bbox 1668 310 1735 346; x_wconf 90' lang='lat' dir='ltr'>est</span> <span class='ocrx_word' id='word_1_15' title='bbox 1757 299 1857 358; x_wconf 79' lang='lat' dir='ltr'>(art.</span> <span class='ocrx_word' id='word_1_16' title='bbox 1877 301 2057 360; x_wconf 54' lang='lat' dir='ltr'>praem).</span> <span class='ocrx_word' id='word_1_17' title='bbox 2072 300 2129 345; x_wconf 88' lang='lat' dir='ltr'>Et</span> <span class='ocrx_word' id='word_1_18' title='bbox 2147 299 2252 348; x_wconf 86' lang='lat' dir='ltr'>ideo</span> 
     </span>
     <span class='ocr_line' id='line_1_3' title="bbox 297 366 2255 428; baseline -0.004 -10"><span class='ocrx_word' id='word_1_19' title='bbox 297 373 474 426; x_wconf 87' lang='lat' dir='ltr'>adultis,</span> <span class='ocrx_word' id='word_1_20' title='bbox 500 386 593 415; x_wconf 91' lang='lat' dir='ltr'>non</span> <span class='ocrx_word' id='word_1_21' title='bbox 620 370 774 414; x_wconf 88' lang='lat' dir='ltr'>statim</span> <span class='ocrx_word' id='word_1_22' title='bbox 807 383 913 412; x_wconf 91' lang='lat' dir='ltr'>cum</span> <span class='ocrx_word' id='word_1_23' title='bbox 947 378 1285 422; x_wconf 89' lang='lat' dir='ltr'>convertuntur,</span> <span class='ocrx_word' id='word_1_24' title='bbox 1319 378 1387 412; x_wconf 90' lang='lat' dir='ltr'>est</span> <span class='ocrx_word' id='word_1_25' title='bbox 1410 376 1749 412; x_wconf 89' lang='lat' dir='ltr'>sacramentum</span> <span class='ocrx_word' id='word_1_26' title='bbox 1778 367 1991 428; x_wconf 81' lang='lat' dir='ltr'><strong>baptismi</strong></span> <span class='ocrx_word' id='word_1_27' title='bbox 2021 366 2255 412; x_wconf 83' lang='lat' dir='ltr'>conferen-</span> 
     </span>
     <span class='ocr_line' id='line_1_4' title="bbox 295 429 2254 495; baseline -0.003 -11"><span class='ocrx_word' id='word_1_28' title='bbox 295 441 419 494; x_wconf 90' lang='lat' dir='ltr'>dum,</span> <span class='ocrx_word' id='word_1_29' title='bbox 447 439 523 483; x_wconf 91' lang='lat' dir='ltr'>sed</span> <span class='ocrx_word' id='word_1_30' title='bbox 552 446 734 495; x_wconf 89' lang='lat' dir='ltr'>oportet</span> <span class='ocrx_word' id='word_1_31' title='bbox 766 435 945 480; x_wconf 87' lang='lat' dir='ltr'>differre</span> <span class='ocrx_word' id='word_1_32' title='bbox 980 450 1121 494; x_wconf 92' lang='lat' dir='ltr'>usque</span> <span class='ocrx_word' id='word_1_33' title='bbox 1155 436 1209 478; x_wconf 88' lang='lat' dir='ltr'>ad</span> <span class='ocrx_word' id='word_1_34' title='bbox 1243 435 1428 494; x_wconf 86' lang='lat' dir='ltr'>aliquod</span> <span class='ocrx_word' id='word_1_35' title='bbox 1455 445 1630 479; x_wconf 89' lang='lat' dir='ltr'>certum</span> <span class='ocrx_word' id='word_1_36' title='bbox 1662 439 1869 494; x_wconf 85' lang='lat' dir='ltr'>tempus:</span> <span class='ocrx_word' id='word_1_37' title='bbox 1896 436 2038 493; x_wconf 81' lang='lat' dir='ltr'>primo</span> <span class='ocrx_word' id='word_1_38' title='bbox 2070 429 2254 492; x_wconf 62' lang='lat' dir='ltr'>qm’dem</span> 
     </span>
     <span class='ocr_line' id='line_1_5' title="bbox 292 500 2254 567; baseline -0.004 -16"><span class='ocrx_word' id='word_1_39' title='bbox 292 516 475 567; x_wconf 91' lang='lat' dir='ltr'>propter</span> <span class='ocrx_word' id='word_1_40' title='bbox 507 503 733 549; x_wconf 83' lang='lat' dir='ltr'>cautelam</span> <span class='ocrx_word' id='word_1_41' title='bbox 760 503 1008 557; x_wconf 87' lang='lat' dir='ltr'>Ecclesiae,</span> <span class='ocrx_word' id='word_1_42' title='bbox 1041 517 1098 546; x_wconf 93' lang='lat' dir='ltr'>ne</span> <span class='ocrx_word' id='word_1_43' title='bbox 1132 502 1396 561; x_wconf 87' lang='lat' dir='ltr'>decipiatur,</span> <span class='ocrx_word' id='word_1_44' title='bbox 1426 512 1765 546; x_wconf 88' lang='lat' dir='ltr'>sacramentum</span> <span class='ocrx_word' id='word_1_45' title='bbox 1798 501 1902 546; x_wconf 88' lang='lat' dir='ltr'>ficte</span> <span class='ocrx_word' id='word_1_46' title='bbox 1934 500 2254 549; x_wconf 74' lang='lat' dir='ltr'>accedentibus</span> 
     </span>
     <span class='ocr_line' id='line_1_6' title="bbox 295 567 2258 628; baseline -0.003 -11"><span class='ocrx_word' id='word_1_47' title='bbox 295 573 548 625; x_wconf 89' lang='lat' dir='ltr'>conferens,</span> <span class='ocrx_word' id='word_1_48' title='bbox 575 570 827 614; x_wconf 89' lang='lat' dir='ltr'>secundum</span> <span class='ocrx_word' id='word_1_49' title='bbox 853 569 965 614; x_wconf 91' lang='lat' dir='ltr'>illud</span> <span class='ocrx_word' id='word_1_50' title='bbox 1002 570 1179 627; x_wconf 87' lang='lat' dir='ltr'>1.Joan.</span> <span class='ocrx_word' id='word_1_51' title='bbox 1206 582 1276 624; x_wconf 90' lang='lat'>4.:</span> <span class='ocrx_word' id='word_1_52' title='bbox 1305 569 1443 615; x_wconf 79' lang='lat' dir='ltr'><strong><em>Nolite</em></strong></span> <span class='ocrx_word' id='word_1_53' title='bbox 1470 570 1584 612; x_wconf 86' lang='lat' dir='ltr'>omni</span> <span class='ocrx_word' id='word_1_54' title='bbox 1604 570 1773 628; x_wconf 81' lang='lat' dir='ltr'>spiritui</span> <span class='ocrx_word' id='word_1_55' title='bbox 1796 568 1974 623; x_wconf 76' lang='lat' dir='ltr'>credere,</span> <span class='ocrx_word' id='word_1_56' title='bbox 1999 567 2065 612; x_wconf 78' lang='lat' dir='ltr'>sed</span> <span class='ocrx_word' id='word_1_57' title='bbox 2082 568 2258 628; x_wconf 76' lang='lat' dir='ltr'>probate</span> 
     </span>
     <span class='ocr_line' id='line_1_7' title="bbox 293 633 2258 700; baseline -0.004 -16"><span class='ocrx_word' id='word_1_58' title='bbox 293 642 476 700; x_wconf 78' lang='lat' dir='ltr'>spiritus,</span> <span class='ocrx_word' id='word_1_59' title='bbox 498 641 534 682; x_wconf 82' lang='lat' dir='ltr'>si</span> <span class='ocrx_word' id='word_1_60' title='bbox 560 653 608 683; x_wconf 81' lang='lat' dir='ltr'>ex</span> <span class='ocrx_word' id='word_1_61' title='bbox 633 639 726 682; x_wconf 88' lang='lat' dir='ltr'>Deo</span> <span class='ocrx_word' id='word_1_62' title='bbox 747 639 855 681; x_wconf 83' lang='lat' dir='ltr'>sint:</span> <span class='ocrx_word' id='word_1_63' title='bbox 885 650 1000 695; x_wconf 90' lang='lat' dir='ltr'>quae</span> <span class='ocrx_word' id='word_1_64' title='bbox 1023 637 1207 695; x_wconf 87' lang='lat' dir='ltr'>quidem</span> <span class='ocrx_word' id='word_1_65' title='bbox 1227 636 1436 695; x_wconf 88' lang='lat' dir='ltr'>probatio</span> <span class='ocrx_word' id='word_1_66' title='bbox 1463 636 1655 680; x_wconf 88' lang='lat' dir='ltr'><strong>sumitur</strong></span> <span class='ocrx_word' id='word_1_67' title='bbox 1681 636 1736 679; x_wconf 94' lang='lat' dir='ltr'>de</span> <span class='ocrx_word' id='word_1_68' title='bbox 1764 634 2082 680; x_wconf 87' lang='lat' dir='ltr'>accedentibus</span> <span class='ocrx_word' id='word_1_69' title='bbox 2106 633 2164 680; x_wconf 88' lang='lat' dir='ltr'>ad</span> <span class='ocrx_word' id='word_1_70' title='bbox 2183 633 2258 678; x_wconf 89' lang='lat' dir='ltr'>ba-</span> 
     </span>
     <span class='ocr_line' id='line_1_8' title="bbox 294 702 2252 765; baseline -0.003 -14"><span class='ocrx_word' id='word_1_71' title='bbox 294 708 527 765; x_wconf 91' lang='lat' dir='ltr'>ptismum,</span> <span class='ocrx_word' id='word_1_72' title='bbox 555 704 738 763; x_wconf 85' lang='lat' dir='ltr'>quando</span> <span class='ocrx_word' id='word_1_73' title='bbox 765 718 844 763; x_wconf 92' lang='lat' dir='ltr'>per</span> <span class='ocrx_word' id='word_1_74' title='bbox 871 703 1056 763; x_wconf 78' lang='lat' dir='ltr'>aliquod</span> <span class='ocrx_word' id='word_1_75' title='bbox 1083 705 1279 762; x_wconf 89' lang='lat' dir='ltr'>spatium</span> <span class='ocrx_word' id='word_1_76' title='bbox 1305 718 1466 747; x_wconf 92' lang='lat' dir='ltr'>eorum</span> <span class='ocrx_word' id='word_1_77' title='bbox 1498 703 1624 758; x_wconf 88' lang='lat' dir='ltr'>fides,</span> <span class='ocrx_word' id='word_1_78' title='bbox 1658 713 1702 747; x_wconf 90' lang='lat' dir='ltr'>et</span> <span class='ocrx_word' id='word_1_79' title='bbox 1732 717 1885 748; x_wconf 91' lang='lat' dir='ltr'>mores</span> <span class='ocrx_word' id='word_1_80' title='bbox 1917 702 2252 748; x_wconf 85' lang='lat' dir='ltr'>examinantur:</span> 
     </span>
     <span class='ocr_line' id='line_1_9' title="bbox 291 767 2254 829; baseline -0.004 -11"><span class='ocrx_word' id='word_1_81' title='bbox 291 773 463 819; x_wconf 81' lang='lat' dir='ltr'>secundo</span> <span class='ocrx_word' id='word_1_82' title='bbox 480 773 571 816; x_wconf 89' lang='lat' dir='ltr'>hoc</span> <span class='ocrx_word' id='word_1_83' title='bbox 591 782 658 816; x_wconf 89' lang='lat' dir='ltr'>est</span> <span class='ocrx_word' id='word_1_84' title='bbox 683 771 992 815; x_wconf 88' lang='lat' dir='ltr'>necessarium</span> <span class='ocrx_word' id='word_1_85' title='bbox 1011 771 1067 814; x_wconf 91' lang='lat' dir='ltr'>ad</span> <span class='ocrx_word' id='word_1_86' title='bbox 1085 770 1327 814; x_wconf 86' lang='lat' dir='ltr'>utilitatem</span> <span class='ocrx_word' id='word_1_87' title='bbox 1361 785 1536 824; x_wconf 86' lang='lat' dir='ltr'>eorum,</span> <span class='ocrx_word' id='word_1_88' title='bbox 1555 771 1632 829; x_wconf 92' lang='lat' dir='ltr'>qui</span> <span class='ocrx_word' id='word_1_89' title='bbox 1647 770 1945 829; x_wconf 86' lang='lat' dir='ltr'>baptizantur,</span> <span class='ocrx_word' id='word_1_90' title='bbox 1971 769 2078 828; x_wconf 90' lang='lat' dir='ltr'>quia</span> <span class='ocrx_word' id='word_1_91' title='bbox 2103 767 2254 827; x_wconf 87' lang='lat' dir='ltr'>aliquo</span> 
     </span>
     <span class='ocr_line' id='line_1_10' title="bbox 293 834 2255 899; baseline -0.003 -15"><span class='ocrx_word' id='word_1_92' title='bbox 293 841 513 899; x_wconf 91' lang='lat' dir='ltr'>temporis</span> <span class='ocrx_word' id='word_1_93' title='bbox 539 839 686 899; x_wconf 89' lang='lat' dir='ltr'>spatio</span> <span class='ocrx_word' id='word_1_94' title='bbox 719 839 938 897; x_wconf 85' lang='lat' dir='ltr'>indigent,</span> <span class='ocrx_word' id='word_1_95' title='bbox 972 838 1028 881; x_wconf 91' lang='lat' dir='ltr'>ad</span> <span class='ocrx_word' id='word_1_96' title='bbox 1059 838 1149 882; x_wconf 91' lang='lat' dir='ltr'>hoc</span> <span class='ocrx_word' id='word_1_97' title='bbox 1182 837 1305 897; x_wconf 91' lang='lat' dir='ltr'>quod</span> <span class='ocrx_word' id='word_1_98' title='bbox 1338 837 1470 897; x_wconf 91' lang='lat' dir='ltr'>plene</span> <span class='ocrx_word' id='word_1_99' title='bbox 1504 838 1781 882; x_wconf 88' lang='lat' dir='ltr'>instruantur</span> <span class='ocrx_word' id='word_1_100' title='bbox 1807 837 1862 881; x_wconf 87' lang='lat' dir='ltr'>de</span> <span class='ocrx_word' id='word_1_101' title='bbox 1892 836 1996 891; x_wconf 89' lang='lat' dir='ltr'>fide,</span> <span class='ocrx_word' id='word_1_102' title='bbox 2023 845 2070 881; x_wconf 86' lang='lat' dir='ltr'>et</span> <span class='ocrx_word' id='word_1_103' title='bbox 2093 834 2255 880; x_wconf 81' lang='lat' dir='ltr'>exerci-</span> 
     </span>
     <span class='ocr_line' id='line_1_11' title="bbox 291 902 2254 966; baseline -0.004 -13"><span class='ocrx_word' id='word_1_104' title='bbox 291 918 442 953; x_wconf 89' lang='lat' dir='ltr'>tentur</span> <span class='ocrx_word' id='word_1_105' title='bbox 466 907 513 951; x_wconf 89' lang='lat' dir='ltr'>in</span> <span class='ocrx_word' id='word_1_106' title='bbox 538 906 610 951; x_wconf 91' lang='lat' dir='ltr'>his</span> <span class='ocrx_word' id='word_1_107' title='bbox 636 920 753 966; x_wconf 90' lang='lat' dir='ltr'>quae</span> <span class='ocrx_word' id='word_1_108' title='bbox 770 905 996 965; x_wconf 88' lang='lat' dir='ltr'>pertinent</span> <span class='ocrx_word' id='word_1_109' title='bbox 1014 905 1068 948; x_wconf 90' lang='lat' dir='ltr'>ad</span> <span class='ocrx_word' id='word_1_110' title='bbox 1101 905 1242 948; x_wconf 90' lang='lat' dir='ltr'>vitam</span> <span class='ocrx_word' id='word_1_111' title='bbox 1262 905 1577 950; x_wconf 88' lang='lat' dir='ltr'>christianam:</span> <span class='ocrx_word' id='word_1_112' title='bbox 1605 906 1722 950; x_wconf 79' lang='lat' dir='ltr'>tertio</span> <span class='ocrx_word' id='word_1_113' title='bbox 1748 904 1840 949; x_wconf 91' lang='lat' dir='ltr'>hoc</span> <span class='ocrx_word' id='word_1_114' title='bbox 1867 913 1935 948; x_wconf 88' lang='lat' dir='ltr'>est</span> <span class='ocrx_word' id='word_1_115' title='bbox 1949 902 2254 949; x_wconf 88' lang='lat' dir='ltr'>necessarium</span> 
     </span>
     <span class='ocr_line' id='line_1_12' title="bbox 295 969 2255 1034; baseline -0.003 -15"><span class='ocrx_word' id='word_1_116' title='bbox 295 975 351 1020; x_wconf 88' lang='lat' dir='ltr'>ad</span> <span class='ocrx_word' id='word_1_117' title='bbox 378 973 610 1034; x_wconf 89' lang='lat' dir='ltr'>quandam</span> <span class='ocrx_word' id='word_1_118' title='bbox 629 973 933 1018; x_wconf 87' lang='lat' dir='ltr'>reverentiam</span> <span class='ocrx_word' id='word_1_119' title='bbox 965 973 1252 1026; x_wconf 88' lang='lat' dir='ltr'>sacramenti,</span> <span class='ocrx_word' id='word_1_120' title='bbox 1285 972 1394 1016; x_wconf 90' lang='lat' dir='ltr'>dum</span> <span class='ocrx_word' id='word_1_121' title='bbox 1419 973 1467 1016; x_wconf 90' lang='lat' dir='ltr'>in</span> <span class='ocrx_word' id='word_1_122' title='bbox 1483 972 1847 1016; x_wconf 89' lang='lat' dir='ltr'>solemnitatibus</span> <span class='ocrx_word' id='word_1_123' title='bbox 1879 970 2150 1031; x_wconf 80' lang='lat' dir='ltr'>praecipuiS,</span> <span class='ocrx_word' id='word_1_124' title='bbox 2174 969 2255 1015; x_wconf 88' lang='lat' dir='ltr'>sci·</span> 
     </span>
     <span class='ocr_line' id='line_1_13' title="bbox 298 1036 2254 1098; baseline -0.003 -12"><span class='ocrx_word' id='word_1_125' title='bbox 298 1042 405 1087; x_wconf 88' lang='lat' dir='ltr'>licet</span> <span class='ocrx_word' id='word_1_126' title='bbox 435 1041 655 1095; x_wconf 90' lang='lat' dir='ltr'>Paschae,</span> <span class='ocrx_word' id='word_1_127' title='bbox 689 1050 734 1085; x_wconf 90' lang='lat' dir='ltr'>et</span> <span class='ocrx_word' id='word_1_128' title='bbox 764 1039 1074 1093; x_wconf 87' lang='lat' dir='ltr'>Pentecostes‚</span> <span class='ocrx_word' id='word_1_129' title='bbox 1106 1039 1318 1083; x_wconf 90' lang='lat' dir='ltr'>homines</span> <span class='ocrx_word' id='word_1_130' title='bbox 1361 1039 1416 1083; x_wconf 92' lang='lat' dir='ltr'>ad</span> <span class='ocrx_word' id='word_1_131' title='bbox 1448 1039 1725 1098; x_wconf 89' lang='lat' dir='ltr'>baptismum</span> <span class='ocrx_word' id='word_1_132' title='bbox 1762 1038 2081 1093; x_wconf 81' lang='lat' dir='ltr'>admittuntur3</span> <span class='ocrx_word' id='word_1_133' title='bbox 2117 1046 2163 1082; x_wconf 82' lang='lat' dir='ltr'>et</span> <span class='ocrx_word' id='word_1_134' title='bbox 2193 1036 2254 1080; x_wconf 92' lang='lat' dir='ltr'>ita</span> 
     </span>
     <span class='ocr_line' id='line_1_14' title="bbox 300 1102 2256 1166; baseline -0.003 -12"><span class='ocrx_word' id='word_1_135' title='bbox 300 1109 508 1155; x_wconf 90' lang='lat' dir='ltr'>devotius</span> <span class='ocrx_word' id='word_1_136' title='bbox 534 1115 871 1153; x_wconf 85' lang='lat' dir='ltr'>sacramentum</span> <span class='ocrx_word' id='word_1_137' title='bbox 898 1107 1160 1166; x_wconf 88' lang='lat' dir='ltr'>suscipiunt.</span> <span class='ocrx_word' id='word_1_138' title='bbox 1184 1106 1311 1150; x_wconf 91' lang='lat' dir='ltr'>Haec</span> <span class='ocrx_word' id='word_1_139' title='bbox 1324 1117 1479 1151; x_wconf 87' lang='lat' dir='ltr'>tamen</span> <span class='ocrx_word' id='word_1_140' title='bbox 1498 1106 1654 1151; x_wconf 90' lang='lat' dir='ltr'>dilatio</span> <span class='ocrx_word' id='word_1_141' title='bbox 1672 1117 1740 1150; x_wconf 92' lang='lat' dir='ltr'>est</span> <span class='ocrx_word' id='word_1_142' title='bbox 1759 1104 2158 1166; x_wconf 88' lang='lat' dir='ltr'>praetermittenda</span> <span class='ocrx_word' id='word_1_143' title='bbox 2185 1102 2256 1148; x_wconf 85' lang='lat' dir='ltr'>du-</span> 
     </span>
     <span class='ocr_line' id='line_1_15' title="bbox 286 1169 2254 1236; baseline -0.004 -15"><span class='ocrx_word' id='word_1_144' title='bbox 286 1176 392 1236; x_wconf 82' lang='lat' dir='ltr'>plici</span> <span class='ocrx_word' id='word_1_145' title='bbox 416 1176 615 1220; x_wconf 88' lang='lat' dir='ltr'>ratione:</span> <span class='ocrx_word' id='word_1_146' title='bbox 636 1176 778 1234; x_wconf 81' lang='lat' dir='ltr'>primo</span> <span class='ocrx_word' id='word_1_147' title='bbox 798 1174 997 1233; x_wconf 89' lang='lat' dir='ltr'>quidem,</span> <span class='ocrx_word' id='word_1_148' title='bbox 1016 1172 1198 1232; x_wconf 91' lang='lat' dir='ltr'>quando</span> <span class='ocrx_word' id='word_1_149' title='bbox 1219 1172 1287 1216; x_wconf 90' lang='lat' dir='ltr'>illi</span> <span class='ocrx_word' id='word_1_150' title='bbox 1312 1173 1389 1232; x_wconf 91' lang='lat' dir='ltr'>qui</span> <span class='ocrx_word' id='word_1_151' title='bbox 1405 1183 1509 1218; x_wconf 92' lang='lat' dir='ltr'>sunt</span> <span class='ocrx_word' id='word_1_152' title='bbox 1532 1173 1801 1233; x_wconf 86' lang='lat' dir='ltr'>baptizandi,</span> <span class='ocrx_word' id='word_1_153' title='bbox 1820 1181 2036 1232; x_wconf 85' lang='lat' dir='ltr'>apparent</span> <span class='ocrx_word' id='word_1_154' title='bbox 2059 1169 2254 1230; x_wconf 84' lang='lat' dir='ltr'>perfecte</span> 
     </span>
     <span class='ocr_line' id='line_1_16' title="bbox 290 1237 2255 1300; baseline -0.004 -12"><span class='ocrx_word' id='word_1_155' title='bbox 290 1243 498 1289; x_wconf 87' lang='lat' dir='ltr'>instructi</span> <span class='ocrx_word' id='word_1_156' title='bbox 521 1243 569 1287; x_wconf 92' lang='lat' dir='ltr'>in</span> <span class='ocrx_word' id='word_1_157' title='bbox 594 1242 697 1296; x_wconf 91' lang='lat' dir='ltr'>fide,</span> <span class='ocrx_word' id='word_1_158' title='bbox 731 1251 775 1286; x_wconf 92' lang='lat' dir='ltr'>et</span> <span class='ocrx_word' id='word_1_159' title='bbox 808 1241 862 1285; x_wconf 90' lang='lat' dir='ltr'>ad</span> <span class='ocrx_word' id='word_1_160' title='bbox 894 1241 1171 1300; x_wconf 85' lang='lat' dir='ltr'>baptismum</span> <span class='ocrx_word' id='word_1_161' title='bbox 1207 1239 1386 1295; x_wconf 90' lang='lat' dir='ltr'>idonei;</span> <span class='ocrx_word' id='word_1_162' title='bbox 1418 1242 1534 1285; x_wconf 89' lang='lat' dir='ltr'>sicut</span> <span class='ocrx_word' id='word_1_163' title='bbox 1564 1240 1801 1300; x_wconf 89' lang='lat' dir='ltr'>Philippus</span> <span class='ocrx_word' id='word_1_164' title='bbox 1833 1239 1986 1284; x_wconf 91' lang='lat' dir='ltr'>statim</span> <span class='ocrx_word' id='word_1_165' title='bbox 2014 1237 2255 1298; x_wconf 87' lang='lat' dir='ltr'>baptizavit</span> 
     </span>
     <span class='ocr_line' id='line_1_17' title="bbox 291 1298 2256 1367; baseline -0.003 -12"><span class='ocrx_word' id='word_1_166' title='bbox 291 1311 580 1365; x_wconf 84' lang='lat' dir='ltr'>Eunuchum,</span> <span class='ocrx_word' id='word_1_167' title='bbox 606 1319 656 1354; x_wconf 88' lang='lat' dir='ltr'>ut</span> <span class='ocrx_word' id='word_1_168' title='bbox 675 1309 866 1353; x_wconf 89' lang='lat' dir='ltr'>habetur</span> <span class='ocrx_word' id='word_1_169' title='bbox 893 1308 995 1353; x_wconf 89' lang='lat' dir='ltr'>Act.</span> <span class='ocrx_word' id='word_1_170' title='bbox 1019 1308 1075 1362; x_wconf 87' lang='lat'>8.,</span> <span class='ocrx_word' id='word_1_171' title='bbox 1113 1317 1156 1351; x_wconf 90' lang='lat' dir='ltr'>et</span> <span class='ocrx_word' id='word_1_172' title='bbox 1172 1307 1331 1352; x_wconf 89' lang='lat' dir='ltr'>Petrus</span> <span class='ocrx_word' id='word_1_173' title='bbox 1350 1308 1635 1362; x_wconf 87' lang='lat' dir='ltr'>Cornelium,</span> <span class='ocrx_word' id='word_1_174' title='bbox 1654 1317 1697 1352; x_wconf 91' lang='lat' dir='ltr'>et</span> <span class='ocrx_word' id='word_1_175' title='bbox 1715 1322 1794 1351; x_wconf 92' lang='lat' dir='ltr'>eos</span> <span class='ocrx_word' id='word_1_176' title='bbox 1811 1307 1888 1367; x_wconf 91' lang='lat' dir='ltr'>qui</span> <span class='ocrx_word' id='word_1_177' title='bbox 1907 1298 2012 1351; x_wconf 80' lang='lat' dir='ltr'>cum</span> <span class='ocrx_word' id='word_1_178' title='bbox 2031 1321 2088 1352; x_wconf 91' lang='lat' dir='ltr'>eo</span> <span class='ocrx_word' id='word_1_179' title='bbox 2115 1314 2256 1359; x_wconf 90' lang='lat' dir='ltr'>erant,</span> 
     </span>
     <span class='ocr_line' id='line_1_18' title="bbox 292 1372 2255 1434; baseline -0.004 -11"><span class='ocrx_word' id='word_1_180' title='bbox 292 1389 342 1422; x_wconf 91' lang='lat' dir='ltr'>ut</span> <span class='ocrx_word' id='word_1_181' title='bbox 356 1378 549 1422; x_wconf 87' lang='lat' dir='ltr'>habetur</span> <span class='ocrx_word' id='word_1_182' title='bbox 566 1377 669 1420; x_wconf 89' lang='lat' dir='ltr'>Act.</span> <span class='ocrx_word' id='word_1_183' title='bbox 693 1389 758 1420; x_wconf 89' lang='lat'>10.</span> <span class='ocrx_word' id='word_1_184' title='bbox 774 1391 783 1419; x_wconf 92' lang='lat'><strong>:</strong></span> <span class='ocrx_word' id='word_1_185' title='bbox 802 1375 974 1420; x_wconf 83' lang='lat' dir='ltr'>secundo</span> <span class='ocrx_word' id='word_1_186' title='bbox 988 1384 1173 1434; x_wconf 90' lang='lat' dir='ltr'>propter</span> <span class='ocrx_word' id='word_1_187' title='bbox 1187 1374 1513 1429; x_wconf 88' lang='lat' dir='ltr'>infirmitatem,</span> <span class='ocrx_word' id='word_1_188' title='bbox 1528 1385 1604 1422; x_wconf 89' lang='lat' dir='ltr'>aut</span> <span class='ocrx_word' id='word_1_189' title='bbox 1616 1374 1800 1434; x_wconf 89' lang='lat' dir='ltr'>aliquod</span> <span class='ocrx_word' id='word_1_190' title='bbox 1813 1373 2063 1434; x_wconf 90' lang='lat' dir='ltr'>periculum</span> <span class='ocrx_word' id='word_1_191' title='bbox 2082 1372 2255 1417; x_wconf 86' lang='lat' dir='ltr'>mortis.</span> 
     </span>
     <span class='ocr_line' id='line_1_19' title="bbox 296 1440 2256 1503; baseline -0.003 -13"><span class='ocrx_word' id='word_1_192' title='bbox 296 1445 431 1490; x_wconf 90' lang='lat' dir='ltr'>Unde</span> <span class='ocrx_word' id='word_1_193' title='bbox 449 1446 546 1489; x_wconf 92' lang='lat' dir='ltr'>Leo</span> <span class='ocrx_word' id='word_1_194' title='bbox 560 1458 676 1503; x_wconf 89' lang='lat' dir='ltr'>papa</span> <span class='ocrx_word' id='word_1_195' title='bbox 695 1443 803 1487; x_wconf 88' lang='lat' dir='ltr'>dicit</span> <span class='ocrx_word' id='word_1_196' title='bbox 819 1444 956 1502; x_wconf 83' lang='lat' dir='ltr'>(epist.</span> <span class='ocrx_word' id='word_1_197' title='bbox 978 1456 1020 1499; x_wconf 88' lang='lat'>4.</span> <span class='ocrx_word' id='word_1_198' title='bbox 1040 1450 1130 1501; x_wconf 83' lang='lat' dir='ltr'>cap.</span> <span class='ocrx_word' id='word_1_199' title='bbox 1158 1442 1199 1487; x_wconf 88' lang='lat'>6.</span> <span class='ocrx_word' id='word_1_200' title='bbox 1227 1444 1327 1488; x_wconf 81' lang='lat' dir='ltr'>circ.</span> <span class='ocrx_word' id='word_1_201' title='bbox 1349 1444 1536 1502; x_wconf 77' lang='lat' dir='ltr'>princ.).·</span> <span class='ocrx_word' id='word_1_202' title='bbox 1560 1459 1582 1484; x_wconf 87' lang='lat'>«</span> <span class='ocrx_word' id='word_1_203' title='bbox 1597 1443 1658 1486; x_wconf 91' lang='lat' dir='ltr'>Hi</span> <span class='ocrx_word' id='word_1_204' title='bbox 1683 1442 1761 1501; x_wconf 90' lang='lat' dir='ltr'>qui</span> <span class='ocrx_word' id='word_1_205' title='bbox 1785 1442 2056 1486; x_wconf 88' lang='lat' dir='ltr'>necessitate</span> <span class='ocrx_word' id='word_1_206' title='bbox 2082 1440 2256 1494; x_wconf 87' lang='lat' dir='ltr'>mortis,</span> 
     </span>
     <span class='ocr_line' id='line_1_20' title="bbox 300 1506 2260 1572; baseline -0.003 -15"><span class='ocrx_word' id='word_1_207' title='bbox 300 1512 609 1572; x_wconf 87' lang='lat' dir='ltr'>aegritudinis,</span> <span class='ocrx_word' id='word_1_208' title='bbox 637 1510 901 1564; x_wconf 90' lang='lat' dir='ltr'>obsidionis,</span> <span class='ocrx_word' id='word_1_209' title='bbox 918 1509 1248 1567; x_wconf 89' lang='lat' dir='ltr'>persecutionis</span> <span class='ocrx_word' id='word_1_210' title='bbox 1266 1520 1310 1554; x_wconf 92' lang='lat' dir='ltr'>et</span> <span class='ocrx_word' id='word_1_211' title='bbox 1334 1509 1558 1569; x_wconf 89' lang='lat' dir='ltr'>naufragii</span> <span class='ocrx_word' id='word_1_212' title='bbox 1575 1519 1806 1568; x_wconf 88' lang='lat' dir='ltr'>urgentur,</span> <span class='ocrx_word' id='word_1_213' title='bbox 1824 1509 2168 1568; x_wconf 88' lang='lat' dir='ltr'>omnitempore</span> <span class='ocrx_word' id='word_1_214' title='bbox 2187 1506 2260 1552; x_wconf 89' lang='lat' dir='ltr'>de·</span> 
     </span>
     <span class='ocr_line' id='line_1_21' title="bbox 295 1574 2258 1637; baseline -0.003 -13"><span class='ocrx_word' id='word_1_215' title='bbox 295 1581 405 1625; x_wconf 91' lang='lat' dir='ltr'>bent</span> <span class='ocrx_word' id='word_1_216' title='bbox 436 1578 710 1637; x_wconf 79' lang='lat' dir='ltr'>baptizari».</span> <span class='ocrx_word' id='word_1_217' title='bbox 746 1577 795 1621; x_wconf 91' lang='lat' dir='ltr'>Si</span> <span class='ocrx_word' id='word_1_218' title='bbox 827 1587 982 1621; x_wconf 90' lang='lat' dir='ltr'>tamen</span> <span class='ocrx_word' id='word_1_219' title='bbox 1016 1576 1177 1635; x_wconf 91' lang='lat' dir='ltr'>aliquis</span> <span class='ocrx_word' id='word_1_220' title='bbox 1211 1587 1359 1622; x_wconf 91' lang='lat' dir='ltr'>morte</span> <span class='ocrx_word' id='word_1_221' title='bbox 1392 1577 1723 1636; x_wconf 86' lang='lat' dir='ltr'>praeveniatur,</span> <span class='ocrx_word' id='word_1_222' title='bbox 1757 1575 1946 1621; x_wconf 87' lang='lat' dir='ltr'>articulo</span> <span class='ocrx_word' id='word_1_223' title='bbox 1978 1574 2258 1621; x_wconf 85' lang='lat' dir='ltr'>necessitatis</span> 
     </span>
     <span class='ocr_line' id='line_1_22' title="bbox 298 1641 2258 1703; baseline -0.003 -12"><span class='ocrx_word' id='word_1_224' title='bbox 298 1655 638 1692; x_wconf 90' lang='lat' dir='ltr'>sacramentum</span> <span class='ocrx_word' id='word_1_225' title='bbox 666 1644 949 1698; x_wconf 86' lang='lat' dir='ltr'>excludente,</span> <span class='ocrx_word' id='word_1_226' title='bbox 977 1643 1085 1687; x_wconf 92' lang='lat' dir='ltr'>dum</span> <span class='ocrx_word' id='word_1_227' title='bbox 1119 1654 1326 1703; x_wconf 84' lang='lat' dir='ltr'>expectat</span> <span class='ocrx_word' id='word_1_228' title='bbox 1356 1655 1535 1703; x_wconf 85' lang='lat' dir='ltr'>tempus</span> <span class='ocrx_word' id='word_1_229' title='bbox 1563 1644 1616 1688; x_wconf 90' lang='lat' dir='ltr'>ab</span> <span class='ocrx_word' id='word_1_230' title='bbox 1644 1642 1850 1688; x_wconf 88' lang='lat' dir='ltr'>Ecclesia</span> <span class='ocrx_word' id='word_1_231' title='bbox 1881 1642 2150 1698; x_wconf 86' lang='lat' dir='ltr'>institutum,</span> <span class='ocrx_word' id='word_1_232' title='bbox 2176 1641 2258 1687; x_wconf 89' lang='lat' dir='ltr'>sal-</span> 
     </span>
     <span class='ocr_line' id='line_1_23' title="bbox 298 1708 2258 1771; baseline -0.003 -13"><span class='ocrx_word' id='word_1_233' title='bbox 298 1724 443 1768; x_wconf 89' lang='lat' dir='ltr'>vatur,</span> <span class='ocrx_word' id='word_1_234' title='bbox 469 1713 578 1757; x_wconf 91' lang='lat' dir='ltr'>licet</span> <span class='ocrx_word' id='word_1_235' title='bbox 598 1726 677 1771; x_wconf 90' lang='lat' dir='ltr'>per</span> <span class='ocrx_word' id='word_1_236' title='bbox 693 1712 864 1771; x_wconf 88' lang='lat' dir='ltr'>ignem,</span> <span class='ocrx_word' id='word_1_237' title='bbox 891 1721 940 1754; x_wconf 90' lang='lat' dir='ltr'>ut</span> <span class='ocrx_word' id='word_1_238' title='bbox 965 1725 1099 1770; x_wconf 87' lang='lat' dir='ltr'>supra</span> <span class='ocrx_word' id='word_1_239' title='bbox 1117 1711 1288 1755; x_wconf 87' lang='lat' dir='ltr'>dictum</span> <span class='ocrx_word' id='word_1_240' title='bbox 1311 1722 1378 1756; x_wconf 91' lang='lat' dir='ltr'>est</span> <span class='ocrx_word' id='word_1_241' title='bbox 1397 1712 1498 1769; x_wconf 81' lang='lat' dir='ltr'>(art.</span> <span class='ocrx_word' id='word_1_242' title='bbox 1508 1711 1698 1771; x_wconf 75' lang='lat' dir='ltr'>praec.).·</span> <span class='ocrx_word' id='word_1_243' title='bbox 1725 1720 1886 1770; x_wconf 86' lang='lat' dir='ltr'>peccat</span> <span class='ocrx_word' id='word_1_244' title='bbox 1901 1721 2069 1765; x_wconf 87' lang='lat' dir='ltr'>autem,</span> <span class='ocrx_word' id='word_1_245' title='bbox 2084 1710 2123 1755; x_wconf 90' lang='lat' dir='ltr'>si</span> <span class='ocrx_word' id='word_1_246' title='bbox 2142 1708 2258 1755; x_wconf 88' lang='lat' dir='ltr'>ultra</span> 
     </span>
     <span class='ocr_line' id='line_1_24' title="bbox 297 1778 2260 1840; baseline -0.003 -14"><span class='ocrx_word' id='word_1_247' title='bbox 297 1792 479 1840; x_wconf 90' lang='lat' dir='ltr'>tempus</span> <span class='ocrx_word' id='word_1_248' title='bbox 504 1780 776 1824; x_wconf 89' lang='lat' dir='ltr'>instututum</span> <span class='ocrx_word' id='word_1_249' title='bbox 794 1779 847 1822; x_wconf 92' lang='lat' dir='ltr'>ab</span> <span class='ocrx_word' id='word_1_250' title='bbox 864 1778 1070 1822; x_wconf 88' lang='lat' dir='ltr'>Ecclesia</span> <span class='ocrx_word' id='word_1_251' title='bbox 1089 1778 1265 1824; x_wconf 86' lang='lat' dir='ltr'>differat</span> <span class='ocrx_word' id='word_1_252' title='bbox 1291 1780 1496 1839; x_wconf 89' lang='lat' dir='ltr'>accipere</span> <span class='ocrx_word' id='word_1_253' title='bbox 1522 1780 1815 1838; x_wconf 86' lang='lat' dir='ltr'>baptismum,</span> <span class='ocrx_word' id='word_1_254' title='bbox 1830 1778 1919 1823; x_wconf 90' lang='lat' dir='ltr'>nisi</span> <span class='ocrx_word' id='word_1_255' title='bbox 1944 1792 1999 1823; x_wconf 85' lang='lat' dir='ltr'>ex</span> <span class='ocrx_word' id='word_1_256' title='bbox 2025 1790 2162 1824; x_wconf 85' lang='lat' dir='ltr'>causa</span> <span class='ocrx_word' id='word_1_257' title='bbox 2184 1790 2260 1822; x_wconf 87' lang='lat' dir='ltr'>ne-</span> 
     </span>
     <span class='ocr_line' id='line_1_25' title="bbox 301 1845 2258 1907; baseline -0.003 -14"><span class='ocrx_word' id='word_1_258' title='bbox 301 1849 510 1903; x_wconf 88' lang='lat' dir='ltr'>cessaria,</span> <span class='ocrx_word' id='word_1_259' title='bbox 529 1857 573 1891; x_wconf 92' lang='lat' dir='ltr'>et</span> <span class='ocrx_word' id='word_1_260' title='bbox 589 1846 772 1891; x_wconf 89' lang='lat' dir='ltr'>licentia</span> <span class='ocrx_word' id='word_1_261' title='bbox 805 1845 1114 1906; x_wconf 89' lang='lat' dir='ltr'>praelatorum</span> <span class='ocrx_word' id='word_1_262' title='bbox 1141 1846 1392 1892; x_wconf 88' lang='lat' dir='ltr'>Ecclesiae:</span> <span class='ocrx_word' id='word_1_263' title='bbox 1422 1847 1500 1892; x_wconf 92' lang='lat' dir='ltr'>sed</span> <span class='ocrx_word' id='word_1_264' title='bbox 1527 1857 1683 1890; x_wconf 87' lang='lat' dir='ltr'>tamen</span> <span class='ocrx_word' id='word_1_265' title='bbox 1710 1855 1754 1890; x_wconf 92' lang='lat' dir='ltr'>et</span> <span class='ocrx_word' id='word_1_266' title='bbox 1778 1845 1870 1892; x_wconf 89' lang='lat' dir='ltr'>hoc</span> <span class='ocrx_word' id='word_1_267' title='bbox 1885 1855 2258 1907; x_wconf 34' lang='lat' dir='ltr'>peccatumxcum</span> 
     </span>
     <span class='ocr_line' id='line_1_26' title="bbox 301 1910 2261 1973; baseline -0.003 -12"><span class='ocrx_word' id='word_1_268' title='bbox 301 1916 402 1961; x_wconf 90' lang='lat' dir='ltr'>aliis</span> <span class='ocrx_word' id='word_1_269' title='bbox 431 1915 570 1960; x_wconf 91' lang='lat' dir='ltr'>deleri</span> <span class='ocrx_word' id='word_1_270' title='bbox 602 1924 753 1973; x_wconf 90' lang='lat' dir='ltr'>potest</span> <span class='ocrx_word' id='word_1_271' title='bbox 778 1928 858 1973; x_wconf 91' lang='lat' dir='ltr'>per</span> <span class='ocrx_word' id='word_1_272' title='bbox 883 1914 1206 1958; x_wconf 90' lang='lat' dir='ltr'>succedentem</span> <span class='ocrx_word' id='word_1_273' title='bbox 1239 1914 1578 1968; x_wconf 89' lang='lat' dir='ltr'>contritionem,</span> <span class='ocrx_word' id='word_1_274' title='bbox 1605 1927 1719 1973; x_wconf 85' lang='lat' dir='ltr'>quae</span> <span class='ocrx_word' id='word_1_275' title='bbox 1746 1912 1925 1973; x_wconf 87' lang='lat' dir='ltr'>supplet</span> <span class='ocrx_word' id='word_1_276' title='bbox 1947 1913 2096 1958; x_wconf 87' lang='lat' dir='ltr'>vicem</span> <span class='ocrx_word' id='word_1_277' title='bbox 2119 1910 2261 1970; x_wconf 84' lang='lat' dir='ltr'>bapti-</span> 
     </span>
     <span class='ocr_line' id='line_1_27' title="bbox 300 1981 1522 2042; baseline -0.002 -14"><span class='ocrx_word' id='word_1_278' title='bbox 300 1984 402 2037; x_wconf 86' lang='lat' dir='ltr'>smi,</span> <span class='ocrx_word' id='word_1_279' title='bbox 429 1993 478 2027; x_wconf 92' lang='lat' dir='ltr'>ut</span> <span class='ocrx_word' id='word_1_280' title='bbox 503 1996 639 2041; x_wconf 88' lang='lat' dir='ltr'>supra</span> <span class='ocrx_word' id='word_1_281' title='bbox 658 1982 829 2026; x_wconf 89' lang='lat' dir='ltr'>dictum</span> <span class='ocrx_word' id='word_1_282' title='bbox 857 1991 926 2025; x_wconf 91' lang='lat' dir='ltr'>est</span> <span class='ocrx_word' id='word_1_283' title='bbox 954 1981 1016 2038; x_wconf 83' lang='lat' dir='ltr'>(in</span> <span class='ocrx_word' id='word_1_284' title='bbox 1039 1990 1151 2042; x_wconf 82' lang='lat' dir='ltr'>corp.</span> <span class='ocrx_word' id='word_1_285' title='bbox 1178 1988 1214 2027; x_wconf 83' lang='lat' dir='ltr'>et</span> <span class='ocrx_word' id='word_1_286' title='bbox 1239 1989 1318 2027; x_wconf 84' lang='lat' dir='ltr'>art.</span> <span class='ocrx_word' id='word_1_287' title='bbox 1338 1981 1522 2042; x_wconf 65' lang='lat' dir='ltr'>praec).</span> 
     </span>
    </p>

    <p class='ocr_par' dir='ltr' id='par_1_3' title="bbox 294 2046 2261 2310">
     <span class='ocr_line' id='line_1_28' title="bbox 387 2046 2260 2108; baseline -0.002 -14"><span class='ocrx_word' id='word_1_288' title='bbox 387 2051 462 2094; x_wconf 99' lang='grc' dir='ltr'>ΑΙ)</span> <span class='ocrx_word' id='word_1_289' title='bbox 485 2062 674 2095; x_wconf 82' lang='lat' dir='ltr'>PRIMUM</span> <span class='ocrx_word' id='word_1_290' title='bbox 694 2063 804 2108; x_wconf 86' lang='lat' dir='ltr'>ergo</span> <span class='ocrx_word' id='word_1_291' title='bbox 826 2047 1090 2104; x_wconf 84' lang='lat' dir='ltr'>dicendum,</span> <span class='ocrx_word' id='word_1_292' title='bbox 1119 2049 1241 2108; x_wconf 93' lang='lat' dir='ltr'>quod</span> <span class='ocrx_word' id='word_1_293' title='bbox 1259 2049 1369 2093; x_wconf 90' lang='lat' dir='ltr'>illud</span> <span class='ocrx_word' id='word_1_294' title='bbox 1396 2048 1664 2094; x_wconf 87' lang='lat' dir='ltr'>mandatum</span> <span class='ocrx_word' id='word_1_295' title='bbox 1682 2048 1849 2093; x_wconf 89' lang='lat' dir='ltr'>Leonis</span> <span class='ocrx_word' id='word_1_296' title='bbox 1866 2061 2010 2108; x_wconf 88' lang='lat' dir='ltr'>papae</span> <span class='ocrx_word' id='word_1_297' title='bbox 2032 2046 2089 2092; x_wconf 88' lang='lat' dir='ltr'>de</span> <span class='ocrx_word' id='word_1_298' title='bbox 2110 2046 2260 2092; x_wconf 89' lang='lat' dir='ltr'>obser-</span> 
     </span>
     <span class='ocr_line' id='line_1_29' title="bbox 294 2114 2258 2175; baseline -0.002 -13"><span class='ocrx_word' id='word_1_299' title='bbox 294 2118 452 2162; x_wconf 90' lang='lat' dir='ltr'>vandis</span> <span class='ocrx_word' id='word_1_300' title='bbox 481 2117 656 2161; x_wconf 89' lang='lat' dir='ltr'>duobus</span> <span class='ocrx_word' id='word_1_301' title='bbox 681 2115 964 2175; x_wconf 88' lang='lat' dir='ltr'>temporibus</span> <span class='ocrx_word' id='word_1_302' title='bbox 980 2117 1028 2160; x_wconf 90' lang='lat' dir='ltr'>in</span> <span class='ocrx_word' id='word_1_303' title='bbox 1052 2116 1295 2175; x_wconf 88' lang='lat' dir='ltr'>baptismo,</span> <span class='ocrx_word' id='word_1_304' title='bbox 1321 2116 1672 2175; x_wconf 88' lang='lat' dir='ltr'>intelligendum</span> <span class='ocrx_word' id='word_1_305' title='bbox 1698 2126 1766 2161; x_wconf 90' lang='lat' dir='ltr'>est</span> <span class='ocrx_word' id='word_1_306' title='bbox 1781 2116 1837 2160; x_wconf 91' lang='lat' dir='ltr'>de</span> <span class='ocrx_word' id='word_1_307' title='bbox 1855 2114 2017 2160; x_wconf 87' lang='lat' dir='ltr'>adultis</span> <span class='ocrx_word' id='word_1_308' title='bbox 2027 2130 2046 2170; x_wconf 58' lang='grc' dir='ltr'>ς,</span> <span class='ocrx_word' id='word_1_309' title='bbox 2066 2122 2258 2174; x_wconf 81' lang='lat' dir='ltr'>excepto</span> 
     </span>
     <span class='ocr_line' id='line_1_30' title="bbox 296 2181 2261 2244; baseline -0.002 -15"><span class='ocrx_word' id='word_1_310' title='bbox 296 2196 450 2229; x_wconf 81' lang='lat' dir='ltr'>tamen</span> <span class='ocrx_word' id='word_1_311' title='bbox 477 2182 680 2243; x_wconf 90' lang='lat' dir='ltr'>periculo</span> <span class='ocrx_word' id='word_1_312' title='bbox 713 2183 888 2238; x_wconf 83' lang='lat' dir='ltr'>mortis,</span> <span class='ocrx_word' id='word_1_313' title='bbox 921 2183 1044 2243; x_wconf 91' lang='lat' dir='ltr'>quod</span> <span class='ocrx_word' id='word_1_314' title='bbox 1071 2198 1250 2243; x_wconf 88' lang='lat' dir='ltr'>semper</span> <span class='ocrx_word' id='word_1_315' title='bbox 1275 2186 1321 2228; x_wconf 92' lang='lat' dir='ltr'>in</span> <span class='ocrx_word' id='word_1_316' title='bbox 1347 2185 1496 2244; x_wconf 91' lang='lat' dir='ltr'>pueris</span> <span class='ocrx_word' id='word_1_317' title='bbox 1524 2194 1591 2228; x_wconf 89' lang='lat' dir='ltr'>est</span> <span class='ocrx_word' id='word_1_318' title='bbox 1616 2183 1899 2238; x_wconf 82' lang='lat' dir='ltr'>timendum,</span> <span class='ocrx_word' id='word_1_319' title='bbox 1915 2192 1968 2229; x_wconf 82' lang='lat' dir='ltr'>ut</span> <span class='ocrx_word' id='word_1_320' title='bbox 1994 2181 2166 2227; x_wconf 82' lang='lat' dir='ltr'>dictum</span> <span class='ocrx_word' id='word_1_321' title='bbox 2192 2189 2261 2226; x_wconf 86' lang='lat' dir='ltr'>est</span> 
     </span>
     <span class='ocr_line' id='line_1_31' title="bbox 303 2252 654 2310; baseline -0.006 -14"><span class='ocrx_word' id='word_1_322' title='bbox 303 2254 367 2309; x_wconf 88' lang='lat' dir='ltr'>(in</span> <span class='ocrx_word' id='word_1_323' title='bbox 393 2259 506 2310; x_wconf 84' lang='lat' dir='ltr'>corp.</span> <span class='ocrx_word' id='word_1_324' title='bbox 533 2252 654 2310; x_wconf 71' lang='lat' dir='ltr'>art).</span> 
     </span>
    </p>

    <p class='ocr_par' dir='ltr' id='par_1_4' title="bbox 299 2314 2260 2580">
     <span class='ocr_line' id='line_1_32' title="bbox 386 2314 2258 2378; baseline -0.003 -13"><span class='ocrx_word' id='word_1_325' title='bbox 386 2320 463 2365; x_wconf 89' lang='grc' dir='ltr'>ΑΙ)</span> <span class='ocrx_word' id='word_1_326' title='bbox 476 2332 737 2364; x_wconf 79' lang='lat' dir='ltr'>SECUNDUM</span> <span class='ocrx_word' id='word_1_327' title='bbox 753 2318 1015 2373; x_wconf 88' lang='lat' dir='ltr'>dicendum,</span> <span class='ocrx_word' id='word_1_328' title='bbox 1029 2319 1151 2378; x_wconf 91' lang='lat' dir='ltr'>quod</span> <span class='ocrx_word' id='word_1_329' title='bbox 1173 2319 1284 2363; x_wconf 90' lang='lat' dir='ltr'>illud</span> <span class='ocrx_word' id='word_1_330' title='bbox 1303 2319 1358 2364; x_wconf 91' lang='lat' dir='ltr'>de</span> <span class='ocrx_word' id='word_1_331' title='bbox 1370 2319 1552 2377; x_wconf 90' lang='lat' dir='ltr'>Judaeis</span> <span class='ocrx_word' id='word_1_332' title='bbox 1575 2328 1643 2363; x_wconf 91' lang='lat' dir='ltr'>est</span> <span class='ocrx_word' id='word_1_333' title='bbox 1663 2317 1919 2363; x_wconf 89' lang='lat' dir='ltr'>institutum</span> <span class='ocrx_word' id='word_1_334' title='bbox 1941 2315 1998 2360; x_wconf 89' lang='lat' dir='ltr'>ad</span> <span class='ocrx_word' id='word_1_335' title='bbox 2023 2314 2258 2362; x_wconf 84' lang='lat' dir='ltr'>Ecclesiae</span> 
     </span>
     <span class='ocr_line' id='line_1_33' title="bbox 300 2382 2259 2446; baseline -0.003 -14"><span class='ocrx_word' id='word_1_336' title='bbox 300 2386 543 2441; x_wconf 88' lang='lat' dir='ltr'>cautelam,</span> <span class='ocrx_word' id='word_1_337' title='bbox 573 2401 632 2431; x_wconf 92' lang='lat' dir='ltr'>ne</span> <span class='ocrx_word' id='word_1_338' title='bbox 664 2385 943 2444; x_wconf 91' lang='lat' dir='ltr'>simplicium</span> <span class='ocrx_word' id='word_1_339' title='bbox 969 2386 1107 2431; x_wconf 91' lang='lat' dir='ltr'>fidem</span> <span class='ocrx_word' id='word_1_340' title='bbox 1135 2396 1444 2446; x_wconf 87' lang='lat' dir='ltr'>corrumpant,</span> <span class='ocrx_word' id='word_1_341' title='bbox 1471 2386 1509 2430; x_wconf 89' lang='lat' dir='ltr'>si</span> <span class='ocrx_word' id='word_1_342' title='bbox 1540 2400 1634 2430; x_wconf 89' lang='lat' dir='ltr'>non</span> <span class='ocrx_word' id='word_1_343' title='bbox 1665 2384 1832 2430; x_wconf 89' lang='lat' dir='ltr'>fuerint</span> <span class='ocrx_word' id='word_1_344' title='bbox 1861 2382 1995 2443; x_wconf 78' lang='lat' dir='ltr'>plene</span> <span class='ocrx_word' id='word_1_345' title='bbox 2027 2383 2259 2429; x_wconf 80' lang='lat' dir='ltr'>conversi:</span> 
     </span>
     <span class='ocr_line' id='line_1_34' title="bbox 300 2449 2260 2512; baseline -0.003 -12"><span class='ocrx_word' id='word_1_346' title='bbox 300 2465 345 2500; x_wconf 88' lang='lat' dir='ltr'>et</span> <span class='ocrx_word' id='word_1_347' title='bbox 374 2465 545 2508; x_wconf 88' lang='lat' dir='ltr'>tamen,</span> <span class='ocrx_word' id='word_1_348' title='bbox 572 2463 621 2497; x_wconf 93' lang='lat' dir='ltr'>ut</span> <span class='ocrx_word' id='word_1_349' title='bbox 646 2453 815 2497; x_wconf 91' lang='lat' dir='ltr'>ibidem</span> <span class='ocrx_word' id='word_1_350' title='bbox 843 2454 1060 2507; x_wconf 88' lang='lat' dir='ltr'>subditur,</span> <span class='ocrx_word' id='word_1_351' title='bbox 1078 2454 1116 2497; x_wconf 91' lang='lat' dir='ltr'>si</span> <span class='ocrx_word' id='word_1_352' title='bbox 1131 2453 1246 2498; x_wconf 88' lang='lat' dir='ltr'>infra</span> <span class='ocrx_word' id='word_1_353' title='bbox 1262 2463 1443 2511; x_wconf 88' lang='lat' dir='ltr'>tempus</span> <span class='ocrx_word' id='word_1_354' title='bbox 1460 2452 1790 2512; x_wconf 88' lang='lat' dir='ltr'>praescriptum</span> <span class='ocrx_word' id='word_1_355' title='bbox 1806 2449 1990 2510; x_wconf 90' lang='lat' dir='ltr'>aliquod</span> <span class='ocrx_word' id='word_1_356' title='bbox 2007 2449 2260 2510; x_wconf 85' lang='lat' dir='ltr'>periculum</span> 
     </span>
     <span class='ocr_line' id='line_1_35' title="bbox 299 2519 1328 2580; baseline -0.003 -13"><span class='ocrx_word' id='word_1_357' title='bbox 299 2521 572 2567; x_wconf 89' lang='lat' dir='ltr'>infirmitatis</span> <span class='ocrx_word' id='word_1_358' title='bbox 597 2520 883 2574; x_wconf 87' lang='lat' dir='ltr'>incurrerint,</span> <span class='ocrx_word' id='word_1_359' title='bbox 910 2519 1074 2564; x_wconf 90' lang='lat' dir='ltr'>debent</span> <span class='ocrx_word' id='word_1_360' title='bbox 1098 2520 1328 2580; x_wconf 91' lang='lat' dir='ltr'>baptizari.</span> 
     </span>
    </p>
   </div>
   <div class='ocr_carea' id='block_1_3' title="bbox 300 2584 2350 2983">
    <p class='ocr_par' dir='ltr' id='par_1_5' title="bbox 300 2584 2350 2983">
     <span class='ocr_line' id='line_1_36' title="bbox 388 2584 2335 2647; baseline 0 -13"><span class='ocrx_word' id='word_1_361' title='bbox 388 2590 464 2634; x_wconf 91' lang='grc' dir='ltr'>ΑΙ)</span> <span class='ocrx_word' id='word_1_362' title='bbox 491 2600 708 2633; x_wconf 83' lang='lat' dir='ltr'>TERTIUM</span> <span class='ocrx_word' id='word_1_363' title='bbox 734 2586 993 2641; x_wconf 89' lang='lat' dir='ltr'>dicendum,</span> <span class='ocrx_word' id='word_1_364' title='bbox 1021 2587 1142 2646; x_wconf 91' lang='lat' dir='ltr'>quod</span> <span class='ocrx_word' id='word_1_365' title='bbox 1168 2588 1418 2646; x_wconf 88' lang='lat' dir='ltr'>baptismus</span> <span class='ocrx_word' id='word_1_366' title='bbox 1446 2600 1524 2646; x_wconf 93' lang='lat' dir='ltr'>per</span> <span class='ocrx_word' id='word_1_367' title='bbox 1550 2586 1758 2646; x_wconf 87' lang='lat' dir='ltr'>gratiam,</span> <span class='ocrx_word' id='word_1_368' title='bbox 1785 2601 1924 2647; x_wconf 90' lang='lat' dir='ltr'>quam</span> <span class='ocrx_word' id='word_1_369' title='bbox 1951 2584 2142 2640; x_wconf 84' lang='lat' dir='ltr'>confert,</span> <span class='ocrx_word' id='word_1_370' title='bbox 2164 2598 2261 2631; x_wconf 86' lang='lat' dir='ltr'>non</span> <span class='ocrx_word' id='word_1_371' title='bbox 2333 2631 2335 2634; x_wconf 15' lang='grc' dir='ltr'>Α</span> 
     </span>
     <span class='ocr_line' id='line_1_37' title="bbox 301 2651 2350 2714; baseline -0.003 -12"><span class='ocrx_word' id='word_1_372' title='bbox 301 2656 453 2702; x_wconf 91' lang='lat' dir='ltr'>solum</span> <span class='ocrx_word' id='word_1_373' title='bbox 478 2664 685 2700; x_wconf 90' lang='lat' dir='ltr'>removet</span> <span class='ocrx_word' id='word_1_374' title='bbox 710 2664 898 2714; x_wconf 90' lang='lat' dir='ltr'>peccata</span> <span class='ocrx_word' id='word_1_375' title='bbox 920 2654 1175 2712; x_wconf 89' lang='lat' dir='ltr'>praeterita,</span> <span class='ocrx_word' id='word_1_376' title='bbox 1197 2654 1276 2698; x_wconf 91' lang='lat' dir='ltr'>sed</span> <span class='ocrx_word' id='word_1_377' title='bbox 1295 2654 1433 2698; x_wconf 90' lang='lat' dir='ltr'>etiam</span> <span class='ocrx_word' id='word_1_378' title='bbox 1451 2653 1642 2713; x_wconf 88' lang='lat' dir='ltr'>impedit</span> <span class='ocrx_word' id='word_1_379' title='bbox 1662 2664 1851 2714; x_wconf 80' lang='lat' dir='ltr'>peccata</span> <span class='ocrx_word' id='word_1_380' title='bbox 1865 2653 2030 2708; x_wconf 87' lang='lat' dir='ltr'>futura,</span> <span class='ocrx_word' id='word_1_381' title='bbox 2045 2666 2105 2698; x_wconf 88' lang='lat' dir='ltr'>ne</span> <span class='ocrx_word' id='word_1_382' title='bbox 2129 2651 2260 2697; x_wconf 86' lang='lat' dir='ltr'>fiant:</span> <span class='ocrx_word' id='word_1_383' title='bbox 2331 2659 2350 2682; x_wconf 69' lang='grc'>’-</span> 
     </span>
     <span class='ocr_line' id='line_1_38' title="bbox 300 2716 2349 2782; baseline -0.002 -12"><span class='ocrx_word' id='word_1_384' title='bbox 300 2726 391 2770; x_wconf 90' lang='lat' dir='ltr'>hoc</span> <span class='ocrx_word' id='word_1_385' title='bbox 417 2733 569 2768; x_wconf 89' lang='lat' dir='ltr'>autem</span> <span class='ocrx_word' id='word_1_386' title='bbox 596 2722 838 2782; x_wconf 87' lang='lat' dir='ltr'>praecipue</span> <span class='ocrx_word' id='word_1_387' title='bbox 865 2721 1215 2765; x_wconf 90' lang='lat' dir='ltr'>desiderandum</span> <span class='ocrx_word' id='word_1_388' title='bbox 1235 2730 1314 2775; x_wconf 89' lang='lat' dir='ltr'>est,</span> <span class='ocrx_word' id='word_1_389' title='bbox 1341 2731 1390 2765; x_wconf 89' lang='lat' dir='ltr'>ut</span> <span class='ocrx_word' id='word_1_390' title='bbox 1410 2721 1622 2766; x_wconf 83' lang='lat' dir='ltr'>homines</span> <span class='ocrx_word' id='word_1_391' title='bbox 1650 2736 1743 2766; x_wconf 89' lang='lat' dir='ltr'>non</span> <span class='ocrx_word' id='word_1_392' title='bbox 1761 2730 1973 2781; x_wconf 84' lang='lat' dir='ltr'>peccent3</span> <span class='ocrx_word' id='word_1_393' title='bbox 1991 2718 2260 2766; x_wconf 82' lang='lat' dir='ltr'>secundario</span> <span class='ocrx_word' id='word_1_394' title='bbox 2329 2716 2349 2771; x_wconf 69' lang='lat'>{5</span> 
     </span>
     <span class='ocr_line' id='line_1_39' title="bbox 302 2786 2261 2847; baseline -0.003 -10"><span class='ocrx_word' id='word_1_395' title='bbox 302 2802 471 2846; x_wconf 83' lang='lat' dir='ltr'>autem,</span> <span class='ocrx_word' id='word_1_396' title='bbox 487 2800 537 2835; x_wconf 90' lang='lat' dir='ltr'>ut</span> <span class='ocrx_word' id='word_1_397' title='bbox 561 2789 705 2834; x_wconf 86' lang='lat' dir='ltr'>levius</span> <span class='ocrx_word' id='word_1_398' title='bbox 733 2798 936 2847; x_wconf 87' lang='lat' dir='ltr'>peccent,</span> <span class='ocrx_word' id='word_1_399' title='bbox 963 2787 1038 2833; x_wconf 90' lang='lat' dir='ltr'>vel</span> <span class='ocrx_word' id='word_1_400' title='bbox 1063 2788 1201 2832; x_wconf 88' lang='lat' dir='ltr'>etiarn</span> <span class='ocrx_word' id='word_1_401' title='bbox 1227 2798 1277 2832; x_wconf 91' lang='lat' dir='ltr'>ut</span> <span class='ocrx_word' id='word_1_402' title='bbox 1302 2802 1463 2832; x_wconf 92' lang='lat' dir='ltr'>eorum</span> <span class='ocrx_word' id='word_1_403' title='bbox 1488 2798 1676 2847; x_wconf 89' lang='lat' dir='ltr'>peccata</span> <span class='ocrx_word' id='word_1_404' title='bbox 1698 2788 1987 2844; x_wconf 86' lang='lat' dir='ltr'>mundentur,</span> <span class='ocrx_word' id='word_1_405' title='bbox 2009 2786 2261 2835; x_wconf 82' lang='lat' dir='ltr'>secundum</span> 
     </span>
     <span class='ocr_line' id='line_1_40' title="bbox 301 2855 2341 2917; baseline -0.002 -13"><span class='ocrx_word' id='word_1_406' title='bbox 301 2859 412 2904; x_wconf 89' lang='lat' dir='ltr'>illud</span> <span class='ocrx_word' id='word_1_407' title='bbox 444 2872 479 2903; x_wconf 92' lang='lat'>1.</span> <span class='ocrx_word' id='word_1_408' title='bbox 500 2857 631 2916; x_wconf 56' lang='lat' dir='ltr'>Joan,</span> <span class='ocrx_word' id='word_1_409' title='bbox 659 2869 725 2900; x_wconf 84' lang='lat'>2.:</span> <span class='ocrx_word' id='word_1_410' title='bbox 751 2855 895 2900; x_wconf 84' lang='lat' dir='ltr'>Filioli</span> <span class='ocrx_word' id='word_1_411' title='bbox 920 2857 1016 2909; x_wconf 87' lang='lat' dir='ltr'>mei,</span> <span class='ocrx_word' id='word_1_412' title='bbox 1045 2855 1142 2900; x_wconf 82' lang='lat' dir='ltr'>haec</span> <span class='ocrx_word' id='word_1_413' title='bbox 1157 2856 1291 2900; x_wconf 80' lang='lat' dir='ltr'>scribo</span> <span class='ocrx_word' id='word_1_414' title='bbox 1317 2857 1450 2911; x_wconf 85' lang='lat' dir='ltr'>vobis,</span> <span class='ocrx_word' id='word_1_415' title='bbox 1467 2862 1515 2901; x_wconf 86' lang='lat' dir='ltr'>ut</span> <span class='ocrx_word' id='word_1_416' title='bbox 1539 2871 1622 2900; x_wconf 85' lang='lat' dir='ltr'>non</span> <span class='ocrx_word' id='word_1_417' title='bbox 1637 2857 1836 2917; x_wconf 81' lang='lat' dir='ltr'>peccetis:</span> <span class='ocrx_word' id='word_1_418' title='bbox 1861 2855 1928 2901; x_wconf 76' lang='lat' dir='ltr'>sed</span> <span class='ocrx_word' id='word_1_419' title='bbox 1948 2861 1987 2902; x_wconf 77' lang='lat' dir='ltr'>et</span> <span class='ocrx_word' id='word_1_420' title='bbox 1999 2856 2036 2901; x_wconf 82' lang='lat' dir='ltr'>si</span> <span class='ocrx_word' id='word_1_421' title='bbox 2061 2855 2152 2914; x_wconf 80' lang='lat' dir='ltr'>quis</span> <span class='ocrx_word' id='word_1_422' title='bbox 2164 2861 2262 2914; x_wconf 76' lang='lat' dir='ltr'>pec·</span> <span class='ocrx_word' id='word_1_423' title='bbox 2338 2896 2341 2915; x_wconf 21' lang='grc' dir='ltr'>ί</span> 
     </span>
     <span class='ocr_line' id='line_1_41' title="bbox 303 2922 2263 2983; baseline -0.001 -11"><span class='ocrx_word' id='word_1_424' title='bbox 303 2927 478 2980; x_wconf 81' lang='lat' dir='ltr'>caverit,</span> <span class='ocrx_word' id='word_1_425' title='bbox 506 2924 755 2970; x_wconf 81' lang='lat' dir='ltr'>advocatum</span> <span class='ocrx_word' id='word_1_426' title='bbox 781 2923 973 2967; x_wconf 82' lang='lat' dir='ltr'>habemus</span> <span class='ocrx_word' id='word_1_427' title='bbox 994 2922 1107 2983; x_wconf 87' lang='lat' dir='ltr'>apud</span> <span class='ocrx_word' id='word_1_428' title='bbox 1130 2923 1297 2968; x_wconf 83' lang='lat' dir='ltr'>Patrem</span> <span class='ocrx_word' id='word_1_429' title='bbox 1316 2923 1456 2980; x_wconf 81' lang='lat' dir='ltr'>Jesum</span> <span class='ocrx_word' id='word_1_430' title='bbox 1486 2923 1696 2969; x_wconf 85' lang='lat' dir='ltr'>Christum</span> <span class='ocrx_word' id='word_1_431' title='bbox 1715 2926 1904 2982; x_wconf 82' lang='lat' dir='ltr'>justum,·</span> <span class='ocrx_word' id='word_1_432' title='bbox 1921 2927 1959 2969; x_wconf 76' lang='lat' dir='ltr'>et</span> <span class='ocrx_word' id='word_1_433' title='bbox 1981 2923 2148 2983; x_wconf 62' lang='lat' dir='ltr'>ipsust</span> <span class='ocrx_word' id='word_1_434' title='bbox 2165 2928 2263 2983; x_wconf 82' lang='lat' dir='ltr'>pro-</span> 
     </span>
    </p>
   </div>
   <div class='ocr_carea' id='block_1_4' title="bbox 298 2991 952 3054">
    <p class='ocr_par' dir='ltr' id='par_1_6' title="bbox 298 2991 952 3054">
     <span class='ocr_line' id='line_1_42' title="bbox 298 2991 952 3054; baseline -0.006 -14"><span class='ocrx_word' id='word_1_435' title='bbox 298 2995 470 3054; x_wconf 79' lang='lat' dir='ltr'>pitiatio</span> <span class='ocrx_word' id='word_1_436' title='bbox 487 3000 570 3053; x_wconf 85' lang='lat' dir='ltr'>pro</span> <span class='ocrx_word' id='word_1_437' title='bbox 589 2991 767 3051; x_wconf 79' lang='lat' dir='ltr'>peccatis</span> <span class='ocrx_word' id='word_1_438' title='bbox 791 2991 952 3036; x_wconf 81' lang='lat' dir='ltr'>nostris.</span> 
     </span>
    </p>
   </div>
   <div class='ocr_carea' id='block_1_5' title="bbox 984 3166 2262 3243">
    <p class='ocr_par' dir='ltr' id='par_1_7' title="bbox 984 3122 2352 3258">
     <span class='ocr_line' id='line_1_43' title="bbox 984 3166 2262 3243; baseline 0.007 -20"><span class='ocrx_word' id='word_1_439' title='bbox 984 3166 1417 3225; x_wconf 87' lang='lat' dir='ltr'>ARTICULUS</span> <span class='ocrx_word' id='word_1_440' title='bbox 1453 3169 1548 3224; x_wconf 86' lang='lat' dir='ltr'>1v.</span> <span class='ocrx_word' id='word_1_441' title='bbox 2179 3180 2262 3243; x_wconf 79' lang='lat'>³87</span> 
     </span>
    </p>
   </div>
   <div class='ocr_carea' id='block_1_6' title="bbox 716 3278 1855 3473">
    <p class='ocr_par' dir='ltr' id='par_1_8' title="bbox 716 3278 1855 3473">
     <span class='ocr_line' id='line_1_44' title="bbox 716 3278 1855 3346; baseline -0.001 -3"><span class='ocrx_word' id='word_1_442' title='bbox 716 3299 908 3343; x_wconf 79' lang='lat' dir='ltr'><strong>UTRUM</strong></span> <span class='ocrx_word' id='word_1_443' title='bbox 948 3303 1302 3343; x_wconf 77' lang='lat' dir='ltr'>PECCAToREs</span> <span class='ocrx_word' id='word_1_444' title='bbox 1345 3305 1467 3343; x_wconf 77' lang='lat' dir='ltr'>smr</span> <span class='ocrx_word' id='word_1_445' title='bbox 1508 3278 1855 3346; x_wconf 69' lang='lat' dir='ltr'><strong>BAPTIZANDI.</strong></span> 
     </span>
     <span class='ocr_line' id='line_1_45' title="bbox 1042 3414 1535 3473; baseline -0.002 -14"><span class='ocrx_word' id='word_1_446' title='bbox 1042 3414 1173 3473; x_wconf 83' lang='lat' dir='ltr'>(Infr.</span> <span class='ocrx_word' id='word_1_447' title='bbox 1200 3420 1281 3459; x_wconf 82' lang='lat' dir='ltr'>art.</span> <span class='ocrx_word' id='word_1_448' title='bbox 1308 3415 1348 3460; x_wconf 79' lang='lat'>8.</span> <span class='ocrx_word' id='word_1_449' title='bbox 1376 3414 1430 3459; x_wconf 84' lang='lat' dir='ltr'>ad</span> <span class='ocrx_word' id='word_1_450' title='bbox 1454 3429 1495 3472; x_wconf 83' lang='lat'>4.</span> <span class='ocrx_word' id='word_1_451' title='bbox 1496 3416 1535 3473; x_wconf 89' lang='lat'>).</span> 
     </span>
    </p>
   </div>
   <div class='ocr_carea' id='block_1_7' title="bbox 309 3504 2265 3653">
    <p class='ocr_par' dir='ltr' id='par_1_9' title="bbox 309 3504 2265 3653">
     <span class='ocr_line' id='line_1_46' title="bbox 398 3504 2262 3587; baseline -0.001 -14"><span class='ocrx_word' id='word_1_452' title='bbox 398 3528 473 3573; x_wconf 92' lang='grc' dir='ltr'>ΑΙ)</span> <span class='ocrx_word' id='word_1_453' title='bbox 506 3540 742 3579; x_wconf 80' lang='lat' dir='ltr'>QUARTUM</span> <span class='ocrx_word' id='word_1_454' title='bbox 776 3528 839 3571; x_wconf 88' lang='lat' dir='ltr'>sic</span> <span class='ocrx_word' id='word_1_455' title='bbox 871 3525 1140 3586; x_wconf 87' lang='lat' dir='ltr'>proceditur.</span> <span class='ocrx_word' id='word_1_456' title='bbox 1173 3525 1376 3580; x_wconf 89' lang='lat' dir='ltr'>Videtur,</span> <span class='ocrx_word' id='word_1_457' title='bbox 1410 3526 1531 3585; x_wconf 91' lang='lat' dir='ltr'>quod</span> <span class='ocrx_word' id='word_1_458' title='bbox 1565 3537 1827 3586; x_wconf 87' lang='lat' dir='ltr'>peccatores</span> <span class='ocrx_word' id='word_1_459' title='bbox 1861 3526 1951 3572; x_wconf 89' lang='lat' dir='ltr'>sint</span> <span class='ocrx_word' id='word_1_460' title='bbox 1973 3504 2262 3587; x_wconf 75' lang='lat' dir='ltr'>baptizandi:</span> 
     </span>
     <span class='ocr_line' id='line_1_47' title="bbox 309 3591 2265 3653; baseline 0 -14"><span class='ocrx_word' id='word_1_461' title='bbox 309 3595 471 3640; x_wconf 88' lang='lat' dir='ltr'>dicitur</span> <span class='ocrx_word' id='word_1_462' title='bbox 512 3594 635 3640; x_wconf 89' lang='lat' dir='ltr'>enim</span> <span class='ocrx_word' id='word_1_463' title='bbox 662 3594 849 3640; x_wconf 88' lang='lat' dir='ltr'>Zachar.</span> <span class='ocrx_word' id='word_1_464' title='bbox 897 3607 986 3653; x_wconf 87' lang='lat'>13.:</span> <span class='ocrx_word' id='word_1_465' title='bbox 1012 3592 1065 3639; x_wconf 82' lang='lat' dir='ltr'>In</span> <span class='ocrx_word' id='word_1_466' title='bbox 1098 3591 1164 3638; x_wconf 77' lang='lat' dir='ltr'>die</span> <span class='ocrx_word' id='word_1_467' title='bbox 1194 3592 1269 3638; x_wconf 83' lang='lat' dir='ltr'>illa</span> <span class='ocrx_word' id='word_1_468' title='bbox 1305 3594 1382 3638; x_wconf 82' lang='lat' dir='ltr'>erit</span> <span class='ocrx_word' id='word_1_469' title='bbox 1405 3594 1503 3652; x_wconf 78' lang='lat' dir='ltr'>sons</span> <span class='ocrx_word' id='word_1_470' title='bbox 1527 3600 1675 3653; x_wconf 78' lang='lat' dir='ltr'>patens</span> <span class='ocrx_word' id='word_1_471' title='bbox 1705 3593 1847 3640; x_wconf 83' lang='lat' dir='ltr'>domui</span> <span class='ocrx_word' id='word_1_472' title='bbox 1878 3591 2040 3648; x_wconf 80' lang='lat' dir='ltr'>David,</span> <span class='ocrx_word' id='word_1_473' title='bbox 2076 3599 2118 3640; x_wconf 26' lang='lat' dir='ltr'>etr</span> <span class='ocrx_word' id='word_1_474' title='bbox 2143 3592 2265 3640; x_wconf 71' lang='lat' dir='ltr'>habi·</span> 
     </span>
    </p>
   </div>
   <div class='ocr_carea' id='block_1_8' title="bbox 2314 2474 2352 3133">
    <p class='ocr_par' dir='ltr' id='par_1_10' title="bbox 2314 2474 2352 3133">
     <span class='ocr_line' id='line_1_48' title="bbox 2314 2474 2352 3133; baseline 0 0"><span class='ocrx_word' id='word_1_475' title='bbox 2314 2474 2352 3133; x_wconf 95' lang='lat' dir='ltr'>  </span> 
     </span>
    </p>
   </div>
   <div class='ocr_carea' id='block_1_9' title="bbox 2337 2155 2352 2253">
    <p class='ocr_par' dir='ltr' id='par_1_11' title="bbox 2337 2155 2352 2253">
     <span class='ocr_line' id='line_1_49' title="bbox 2337 2155 2352 2253; baseline 0 -19"><span class='ocrx_word' id='word_1_476' title='bbox 2337 2155 2352 2253; x_wconf 61' lang='grc' dir='ltr'>..Ι</span> 
     </span>
    </p>
   </div>
   <div class='ocr_carea' id='block_1_10' title="bbox 2313 3230 2352 3843">
    <p class='ocr_par' dir='ltr' id='par_1_12' title="bbox 2313 3230 2352 3843">
     <span class='ocr_line' id='line_1_50' title="bbox 2313 3230 2352 3843; baseline 0 83"><span class='ocrx_word' id='word_1_477' title='bbox 2313 3230 2352 3843; x_wconf 95' lang='lat' dir='ltr'> </span> 
     </span>
    </p>
   </div>
  </div>
 </body>
</html>
