2352 3926
296 227 398 283 190
841 225 1115 270 QUAESTIO
1154 225 1613 279 XIX.'4RT1(;ULUS
1652 228 1688 267 1.

290 329 633 374 misericordem
674 327 960 372 voluntatem
991 343 1040 383 »ς
1069 328 1341 387 inquantum
1370 329 1546 375 scilicet
1563 330 1724 386 Pater,
1756 340 1802 375 et
1831 331 2025 391 Spiritus
2051 332 2247 377 Sanctus

288 413 342 441 ex
367 412 448 441 sua
466 396 778 440 misericordia
795 395 1038 439 voluerunt
1063 395 1301 440 Christum
1323 411 1473 455 agere,
1496 407 1541 442 et
1563 397 1659 456 pati
1682 398 1909 453 humana3
1930 397 2054 444 addit
2077 408 2244 452 autem,

291 482 314 506 «
338 473 381 509 et
398 463 649 508 secundum
675 475 864 505 omnem
887 461 1275 517 sublimissimam,
1293 472 1337 507 et
1358 463 1634 508 ineffabilem
1651 464 1741 508 Dei
1758 465 2247 527 operationem‚.quam

288 532 432 575 horno
459 544 540 588 pro
573 529 705 572 nobis
737 528 883 573 factus
917 529 1193 588 adimplevit,
1220 530 1516 575 immutabilis
1542 531 1746 590 profecto
1773 532 1914 585 Deus,
1942 541 1987 576 et
2015 532 2107 577 Dei
2124 530 2248 577 :Ver-

285 599 393 641 bum
412 613 461 641 »z
490 597 553 640 sic
580 597 874 655 igiturspatet,
901 597 1022 655 quod
1049 597 1138 640 alia
1160 607 1228 641 est
1252 598 1457 656 operatio
1483 598 1699 652 humana,
1721 598 1767 642 in
1790 612 1878 657 qua
1904 598 2053 653 Pater,
2080 609 2125 644 et
2140 599 2248 659 >Spi-

286 666 396 709 ritus
420 665 614 707 Sanctus
631 678 726 707 non
755 664 1111 718 communicant,
1129 665 1216 708 nisi
1241 665 1493 709 secundum
1519 667 1882 725 acceptationem
1906 667 2246 712 misericordiae

287 747 416 776 suae:
446 741 490 775 et
517 730 602 775 alia
630 741 698 775 est
723 733 820 790 ejus
847 733 1067 790 operatio,
1092 732 1364 791 inquantum
1391 743 1459 777 est
1478 733 1568 777 Dei
1592 733 1822 788 Verbum3
1849 734 1895 778 in
1922 748 2011 794 qua
2041 744 2247 780 commu-

288 799 443 843 nicant
469 800 616 851 Pater,
644 808 687 843 et
721 798 913 857 Spiritus
941 799 1148 843 Sanctus.
1402 798 1406 802 ’

378 866 454 910 AD
483 879 744 910 SECUNDUM
769 866 1028 920 dicendum,
1054 866 1177 925 quod
1194 867 1547 911 instrumentum
1569 866 1731 912 dicitur
1748 867 1917 928 aliquid
1940 880 2075 927 agere
2097 882 2151 914 ex
2173 882 2245 925 eo,

289 933 411 992 quod
440 943 651 977 movetur
677 948 702 977 a
727 932 965 992 principali
983 943 1159 991 agente,
1179 934 1300 992 quod
1322 944 1476 978 tamen
1493 945 1672 994 praeter
1687 935 1777 979 hoc
1795 945 1944 994 potest
1959 935 2128 981 habere
2145 950 2248 996 pro·

289 1002 436 1059 priam
463 1001 778 1059 operationem
806 1001 1056 1045 secundum
1079 1015 1214 1045 suam
1230 1001 1444 1055 formam,
1471 1012 1520 1046 ut
1545 1003 1600 1046 de
1626 1003 1731 1061 igne
1757 1003 1932 1048 dictum
1958 1013 2027 1048 est
2046 1005 2113 1062 (in
2134 1012 2246 1064 corp.

290 1069 394 1126 art.)
406 1084 422 1121 ,·
451 1069 514 1112 sic
541 1069 678 1127 igitur
705 1068 824 1112 actio
851 1069 1153 1122 instrumenti,
1178 1069 1448 1128 inquantum
1475 1079 1542 1113 est
1566 1070 1932 1124 instrumentum,
1956 1084 2052 1115 non
2069 1079 2138 1116 est
2161 1071 2249 1115 alia

291 1137 345 1180 ab
374 1136 553 1180 actione
580 1134 841 1195 principalis
868 1137 1066 1193 agentis:
1093 1145 1242 1194 potest
1256 1145 1412 1179 tamen
1427 1136 1595 1180 habere
1613 1137 1750 1180 aliam
1769 1137 2099 1196 operationem,
2115 1147 2251 1197 prout

290 1214 359 1248 est
383 1218 454 1248 res
481 1203 731 1262 quaedam:
759 1205 823 1247 sic
850 1203 986 1261 igitur
1013 1203 1233 1262 operatio,
1259 1217 1375 1262 quae
1408 1213 1474 1247 est
1505 1204 1735 1248 humanae
1761 1215 1949 1249 naturae
1974 1206 2020 1249 in
2046 1205 2249 1260 Christo,

294 1273 566 1331 inquantum
585 1282 653 1316 est
669 1272 1022 1315 instrumentum
1046 1271 1304 1324 divinitatis,
1322 1285 1415 1314 non
1439 1281 1507 1314 est
1523 1270 1610 1314 alia
1629 1271 1682 1314 ab
1706 1274 1970 1330 operatione
1991 1272 2249 1327 divinitatis,
2312 1316 2315 1319 r

290 1353 384 1383 non
411 1339 534 1383 enim
562 1349 629 1383 est
669 1338 758 1382 alia
794 1338 1002 1392 salvatio,
1031 1352 1120 1396 qua
1152 1337 1297 1382 salvat
1322 1338 1584 1381 humanitas
1613 1338 1798 1393 Christi,
1825 1348 1870 1383 et
1894 1338 2247 1398 divinitas‘ejus:

289 1407 427 1451 habet
438 1417 592 1451 tamen
609 1406 812 1449 humana
828 1416 988 1449 natura
1005 1405 1052 1448 in
1070 1405 1272 1458 Christo,
1290 1405 1559 1463 inquantum
1578 1414 1644 1449 est
1659 1415 1819 1449 natura
1841 1406 2080 1464 quaedam,
2097 1416 2252 1466 quam-

291 1474 396 1518 dam
423 1474 654 1532 propriam
682 1473 999 1532 operationem
1026 1482 1202 1530 praeter
1228 1472 1444 1525 divinam,
1471 1482 1520 1515 ut
1545 1471 1717 1515 dictum
1744 1482 1812 1516 est
1837 1473 1904 1530 (in
1929 1481 2040 1533 corp.
2068 1474 2191 1531 art.)÷

380 1541 455 1584 AD
491 1553 707 1585 TERTIUM
739 1539 997 1592 dicendum,
1026 1539 1147 1597 quod
1175 1539 1354 1597 operari
1382 1549 1449 1583 est
1473 1539 1732 1598 hypostasis
1758 1539 2055 1594 subsistentis,
2077 1541 2156 1586 sed
2186 1551 2252 1586 se-

291 1608 490 1652 cundum
518 1607 731 1660 formam,
759 1616 803 1650 et
834 1616 1059 1659 naturam,
1088 1620 1113 1649 a
1146 1620 1234 1663 qua
1267 1607 1472 1664 operatio
1505 1606 1706 1664 speciem
1737 1607 1911 1665 recipit,
1937 1616 1982 1651 et
2005 1607 2111 1652 ideo
2134 1621 2160 1652 a
2191 1607 2253 1652 di-

291 1676 503 1719 versitate
529 1674 798 1728 formarum,
824 1688 904 1717 seu
931 1683 1196 1717 naturarum
1223 1682 1291 1716 est
1316 1672 1494 1716 diversa
1529 1674 1704 1731 species
1730 1673 2073 1732 operationum:
2096 1675 2174 1720 sed
2196 1675 2250 1719 ab

291 1743 461 1786 unitate
486 1742 745 1801 hypostasis
772 1751 841 1785 est
866 1741 1012 1784 unitas
1039 1739 1291 1784 secundum
1323 1754 1582 1794 numerum,
1609 1749 1829 1798 quantum
1856 1740 1912 1785 ad
1934 1743 2251 1799 operationem

290 1809 484 1869 speciei:
513 1810 630 1853 sicut
655 1808 771 1867 ignis
797 1808 936 1852 habet
959 1808 1068 1851 duas
1093 1807 1382 1865 operationes
1411 1809 1561 1866 specie
1589 1807 1864 1862 differentes,
1890 1807 2065 1853 scilicet
2090 1808 2255 1854 illumi·

290 1891 414 1930 nare,
442 1885 485 1920 et
511 1875 761 1920 calefacere
787 1875 1040 1919 secundum
1068 1874 1368 1918 differentiam
1394 1873 1523 1928 lucis,
1542 1884 1586 1918 et
1612 1873 1803 1919 caloris:
1830 1881 1875 1919 et
1898 1884 2054 1920 tamen
2076 1883 2144 1921 est
2160 1891 2252 1921 una

290 1957 483 1987 numero
510 1942 785 1987 illuminatio
812 1943 929 2001 ignis
956 1941 1093 1986 simul
1123 1941 1446 1986 illuminantis:
1482 1951 1526 1986 et
1552 1941 1758 1986 similiter
1782 1942 1830 1986 in
1857 1941 2045 1987 Christo
2072 1953 2253 2003 oportet

292 2012 414 2070 quod
441 2011 531 2055 sint
557 2011 671 2055 duae
705 2010 993 2069 operationes
1020 2010 1170 2068 specie
1197 2008 1454 2052 differentes
1487 2009 1740 2053 secundum
1773 2009 1868 2067 ejus
1900 2009 2011 2054 duas
2042 2019 2250 2057 naturas:
2344 2047 2352 2071 3

293 2079 521 2137 quaelibet
545 2088 700 2122 tamen
728 2077 1048 2136 operationum
1076 2086 1143 2120 est
1173 2090 1263 2119 una
1294 2089 1489 2120 numero
1516 2077 1562 2119 in
1590 2076 1776 2120 Christo
1803 2076 1940 2121 simul
1964 2076 2108 2132 facta;
2134 2078 2253 2123 sicut
2319 2076 2352 2117 κε’

292 2160 382 2190 una
408 2145 673 2199 ambulatio,
700 2155 743 2188 et
769 2159 860 2187 una
885 2145 1074 2188 sanatio.
2347 2137 2352 2144 ’

380 2213 456 2256 AD
475 2225 711 2262 QUARTUM
734 2211 994 2265 dicendum,
1012 2211 1134 2269 quod
1153 2225 1265 2263 esse,
1283 2220 1327 2254 et
1345 2210 1521 2269 operari
1543 2220 1611 2255 est
1626 2223 1849 2270 personae
1876 2224 1902 2254 a
1917 2217 2101 2256 naturae
2123 2211 2253 2256 aliter

290 2291 460 2334 tamen,
484 2290 528 2324 et
550 2279 701 2334 aliter3
725 2293 833 2322 narn
861 2293 960 2322 esse
987 2279 1180 2336 pertinet
1205 2278 1261 2321 ad
1288 2280 1431 2336 ipsam
1455 2278 1826 2322 constitutionem
1845 2286 2091 2337 personae3
2116 2285 2162 2324 et
2186 2280 2251 2324 sic

291 2357 511 2406 quantum
545 2346 600 2390 ad
626 2347 716 2390 hoc
743 2360 792 2390 se
817 2346 954 2389 habet
972 2346 1016 2388 in
1035 2345 1210 2388 ratione
1231 2345 1428 2398 termini,
1456 2355 1500 2389 et
1525 2345 1628 2389 ideo
1651 2346 1798 2389 unitas
1820 2347 2043 2404 personae
2063 2346 2254 2406 'requirit

293 2415 514 2458 unitatem
539 2414 678 2473 ipsius
706 2427 803 2457 esse
827 2413 1058 2471 completi,
1077 2422 1121 2456 et
1137 2412 1411 2471 personalis:
1435 2412 1514 2456 sed
1538 2413 1742 2470 operatio
1769 2422 1837 2457 est
1857 2413 2044 2473 quid—am
2064 2413 2252 2459 effectus

293 2495 514 2541 personae
541 2482 793 2525 secundum
822 2480 1022 2539 aliquam
1044 2479 1257 2533 formam,
1284 2479 1357 2523 vel
1377 2489 1610 2524 naturam:
1639 2480 1758 2524 unde
1774 2480 2006 2540 pluralitas
2032 2481 2254 2541 operatio-

292 2563 402 2592 num
429 2562 522 2592 non
549 2547 828 2607 praejudicat
853 2547 1012 2591 unitati
1033 2546 1274 2605 personali.

384 2615 460 2660 AD
494 2628 722 2665 QUINTUM
749 2614 1010 2667 dicendum,
1037 2614 1158 2672 quod
1185 2614 1306 2657 aliud
1340 2623 1406 2658 est
1437 2615 1670 2674 proprium
1703 2625 1943 2674 operatum
1974 2616 2253 2676 operationis

295 2684 487 2736 divinae,
515 2692 559 2727 et
585 2682 862 2741 operationis
889 2682 1119 2725 humanae
1138 2681 1183 2724 in
1203 2681 1404 2735 Christo,
1422 2682 1538 2726 sicut
1555 2692 1794 2741 operatum
1816 2683 2052 2743 proprium
2073 2682 2253 2729 divinae

295 2750 572 2810 operationis
599 2760 667 2794 est
692 2749 867 2793 sanatio
894 2748 1084 2807 leprosi;
1114 2758 1349 2807 operatum
1379 2759 1532 2793 autem
1559 2750 1792 2809 proprium
1813 2743 2045 2796 humanae
2065 2756 2253 2796 naturae

296 2827 364 2863 est
388 2819 484 2876 ejus
511 2827 773 2871 contactus;
801 2825 1077 2860 concurrunt
1094 2825 1246 2859 autem
1264 2816 1425 2859 ambae
1443 2817 1730 2875 operationes
1749 2817 1804 2861 ad
1830 2827 1974 2862 unum
2000 2824 2253 2877 operatum,

296 2884 547 2930 secundum
582 2884 703 2943 quod
731 2897 822 2927 una
847 2892 1008 2927 natura
1044 2883 1137 2941 agit
1173 2897 1277 2926 cum
1311 2884 1638 2928 communione
1672 2883 1870 2940 alterius,
1901 2893 1951 2930 ut
1980 2885 2153 2931 dictum
2185 2895 2256 2931 est

296 2953 361 3010 (in
393 2960 507 3013 corp.
541 2953 658 3010 art).

1009 3054 1439 3112 ARTICULUS
1476 3056 1545 3111 II.
2172 3085 2250 3118 121

447 3177 637 3216 UTRUM
665 3175 720 3214 IN
755 3173 993 3213 effins‘ro
1029 3174 1151 3213 smT
1180 3175 1380 3212 PLURES
1410 3174 1791 3216 OPERATIONES
1820 3175 2104 3217 HUMANAE.

387 3281 463 3325 AD
491 3292 752 3325 SECUNDUM
785 3279 847 3323 sic
885 3278 1156 3337 proceditur.
1195 3277 1399 3331 Videtur,
1431 3279 1553 3338 quod
1588 3280 1632 3322 in
1670 3279 1856 3324 Christo
1883 3280 1972 3325 sint
1995 3274 2146 3341 plures
2174 3280 2258 3326 hu·

300 3363 462 3392 manae
481 3347 781 3407 operationes;
801 3346 1009 3389 Christus
1027 3346 1164 3398 enim,
1183 3347 1450 3404 inquantum
1468 3346 1628 3400 homo,
1642 3349 2073 3392 communicat‘cum
2092 3348 2257 3408 plantis

299 3418 344 3460 in
372 3427 532 3460 natura
558 3415 792 3466 nutritiva3
821 3428 926 3456 cum
955 3412 1225 3456 animalibus
1253 3421 1405 3456 autem
1430 3413 1475 3456 in
1502 3423 1663 3457 natura
1689 3414 1927 3470 sensitiva;
1950 3427 2057 3470 cum
2083 3414 2256 3474 angelis

298 3498 408 3527 vero
436 3484 480 3527 in
507 3494 669 3527 natura
695 3480 987 3534 intellectiva,
1013 3480 1130 3523 sicut
1162 3490 1205 3523 et
1239 3480 1407 3523 caeteri
1439 3480 1672 3524 homines:
1707 3481 1784 3525 sed
1824 3480 1912 3525 alia
1949 3490 2016 3526 est
2050 3481 2256 3540 operatio

299 3552 494 3610 plantae,
522 3552 791 3609 inquantum
819 3558 885 3593 est
910 3548 1078 3607 planta,
1106 3557 1150 3591 et
1176 3547 1263 3590 alia
1291 3547 1514 3599 animalis,
1538 3548 1806 3606 inquantum
1833 3558 1900 3592 est
1925 3547 2119 3604 animan
2143 3560 2255 3608 ergo

302 3620 509 3663 Christus
537 3620 804 3677 inquantum
833 3626 900 3661 est
925 3617 1085 3669 homo,
1113 3615 1247 3659 habet
1273 3614 1421 3674 plures
1448 3616 1748 3674 operationes.
1817 3625 1820 3629 ·
