2352 3926
582 239 862 287 QUAESTIO
903 240 1090 280 XXXVI.
1131 239 1440 280 ARTICULUS
1478 240 1531 279 V.
1928 240 2031 295 309

82 339 320 402 Chrysost.
339 341 445 386 dicit
462 341 595 400 (bom.
622 341 665 386 6.
689 342 733 386 in
759 342 913 386 Matth.
940 342 1144 401 aliquant.
1175 349 1270 388 ante
1296 341 1440 400 med),
1461 357 1485 384 «
1507 355 1587 401 per
1603 349 1822 386 consueta
1847 353 1928 385 eos
1945 341 2038 385 Do-

79 409 231 454 minus
264 423 432 454 vocare
466 408 626 463 voluit,
661 408 726 453 eis
758 409 1130 454 condescendens
1165 426 1205 455 n.
1243 410 1323 454 Est
1351 419 1505 455 autem
1543 407 1631 452 alia
1662 407 1802 453 ratio:
1836 408 1956 467 quia,
1989 417 2037 452 ut

80 475 219 535 Greg.
245 475 355 520 dicit
379 476 510 535 (hom.
541 489 608 530 ro.
629 477 675 520 in
693 476 857 535 Evang.
887 477 963 520 cir.
989 477 1170 535 princ),
1201 493 1224 518 «
1242 476 1424 534 Judaeis
1450 486 1689 534 tamquam
1713 475 1890 520 ratione
1913 485 2039 519 uten-

0 588 3 594 ,
76 541 195 588 tibus
218 542 442 588 rationale
470 542 654 598 animal,
679 543 795 587 idest
821 541 1024 601 angelus,
1051 543 1311 601 praedicare
1339 544 1514 589 debuit:
1544 542 1748 588 Gentiles
1773 557 1899 597 vero,
1931 543 2037 602 quia

3 639 11 646 -
78 609 144 654 uti
168 610 344 655 ratione
371 610 648 664 nesciebant,
677 610 731 653 ad
760 611 1133 667 cognoscendum
1161 610 1432 664 Dominum,
1450 624 1542 653 non
1562 624 1641 669 per
1658 624 1839 664 vocem,
1862 611 1940 654 sed
1958 623 2037 669 per

76 676 205 736 signa
230 677 558 737 perducuntur:
587 687 630 721 et
655 677 772 721 sicut
796 677 1052 721 Dominum
1078 678 1169 734 jam
1204 677 1468 736 loquentem
1503 678 1885 722 annuntiaverunt
1918 677 2040 722 Gen-

74 743 227 789 tilibus
252 744 585 804 praedicatores
616 743 879 803 loquentes;
907 744 968 787 ita
999 758 1105 788 eum
1131 745 1338 788 nondum
1364 743 1629 803 loquentem
1655 744 1882 789 elementa
1909 754 2036 789 muta

76 811 450 871 praedicaverunt
470 827 511 866 »3
537 821 604 855 est
630 811 768 855 etiam
787 820 831 855 et
848 810 937 854 alia
963 811 1099 854 ratio:
1129 811 1248 870 quia,
1276 821 1324 855 ut
1351 811 1543 869 August.
1572 811 1681 855 dicit
1702 812 1747 854 in
1767 812 1913 856 Serm.
1934 811 2035 870 Epi-

75 878 272 936 phaniae
300 878 530 936 (colligitur
545 893 595 922 ex
612 878 720 922 hom.
743 893 802 937 31.
821 877 867 922 de
907 878 1101 938 Temp.):
1125 878 1378 921 «Abrahae
1403 878 1746 922 innumerabilis
1769 877 1916 922 fuerat
1937 892 2038 938 pro-

75 945 214 990 missa
239 945 484 999 successio,
505 959 599 988 non
617 947 764 989 carnis
782 946 972 998 semine,
991 944 1070 988 sed
1086 944 1192 988 fidei
1208 944 1515 989 foecunditate
1535 945 1793 1003 generanda
1811 961 1852 999 »3
1872 956 1916 989 et
1933 946 2035 990 ideo

74 1011 311 1057 stellarum
336 1011 615 1056 multitudini
631 1022 699 1056 est
717 1022 994 1072 comparata,
1013 1022 1062 1056 ut
1080 1011 1291 1056 coelestis
1307 1012 1551 1071 progenies
1570 1022 1847 1071 speraretur:
1873 1022 1917 1056 et
1932 1012 2036 1057 ideo

77 1077 282 1124 Gentiles
307 1078 354 1123 in
380 1079 599 1124 sideribus
621 1079 860 1137 designati,
884 1089 985 1124 ortu
1007 1080 1112 1124 novi
1142 1080 1300 1124 sideris
1328 1080 1594 1134 excitantur,
1621 1090 1669 1124 ut
1694 1081 1961 1139 perveniant
1983 1081 2037 1125 ad

76 1145 328 1201 Christum,
353 1160 433 1206 per
459 1161 596 1205 quem
619 1145 874 1191 efficiuntur
906 1161 1064 1191 semen
1097 1147 1324 1192 Abrahae.

163 1213 241 1259 AD
266 1226 455 1259 PRIMUM
477 1228 587 1273 ergo
615 1214 873 1268 dicendum,
900 1215 1021 1274 quod
1038 1214 1149 1258 illud
1173 1214 1539 1260 manifestatione
1562 1215 1750 1274 indiget,
1772 1215 1895 1274 quod
1918 1215 1972 1259 de
1990 1230 2038 1260 se

1 1292 6 1334 ζ
75 1291 142 1327 est
166 1280 425 1336 occultum;
450 1295 545 1326 non
572 1291 725 1326 autem
750 1281 877 1336 illud,
904 1282 1027 1341 quod
1050 1282 1105 1327 de
1128 1297 1175 1326 se
1204 1294 1272 1327 est
1286 1282 1603 1327 manifestum:
1628 1297 1734 1326 caro
1762 1292 1914 1326 autem
1929 1283 2039 1340 ejus,

74 1348 153 1409 qui
166 1348 451 1402 nascebatur,
466 1358 562 1393 erat
577 1348 831 1404 manifesta,
859 1349 938 1394 sed
956 1349 1166 1394 divinitas
1187 1360 1282 1394 erat
1299 1349 1495 1394 occulta.
1518 1349 1574 1394 Et
1589 1350 1694 1394 ideo
1713 1350 2038 1394 convenienter

4 1471 7 1473 μ
73 1416 360 1477 manifestata
387 1426 454 1462 est
478 1415 556 1461 illa
586 1416 801 1461 nativitas
820 1431 899 1476 per
917 1417 1120 1475 angelos,
1148 1418 1226 1476 qui
1252 1428 1356 1462 sunt
1372 1418 1462 1461 Dei
1487 1417 1702 1471 ministri;
1729 1416 1848 1461 unde
1865 1427 1910 1461 et
1931 1431 2038 1460 cum

73 1483 277 1529 claritate
309 1483 497 1543 angelus
530 1484 748 1543 apparuit,
781 1493 830 1528 ut
867 1484 1194 1539 ostenderetur,
1227 1485 1350 1544 quod
1385 1484 1462 1529 ille
1500 1485 1577 1544 qui
1610 1484 1894 1538 nascebatur,
1938 1493 2033 1528 erat

75 1550 290 1611 splendor
313 1561 527 1610 paternae
554 1550 742 1610 gloriae.

164 1619 241 1664 AD
267 1631 528 1664 SECUNDUM
561 1618 818 1672 dicendum,
852 1618 973 1677 quod
1006 1619 1111 1676 justi
1147 1633 1240 1662 non
1267 1619 1533 1677 indigebant
1562 1618 1727 1662 visibili
1761 1618 2042 1677 apparitione

77 1685 372 1745 angelorum3
398 1686 476 1730 sed
503 1686 566 1730 eis
593 1684 843 1730 sufficiebat
864 1685 1050 1730 interior
1075 1687 1312 1730 instinctus
1340 1686 1531 1745 Spiritus
1555 1686 1726 1739 Sancti,
1749 1695 1934 1744 propter
1966 1699 2044 1730 eo-

76 1767 178 1797 rum
203 1752 545 1813 perfectionem.
897 1747 900 1750 ’

165 1821 242 1865 An
254 1833 469 1865 TERTIUM
482 1819 740 1873 dicendum,
759 1820 880 1878 quod
897 1819 1026 1864 stella
1035 1820 1320 1864 nativitatem
1340 1820 1510 1865 Christi
1524 1819 1831 1873 manifestans,
1849 1832 2037 1863 omnem

0 1889 4 1894 ”
77 1890 371 1934 occasionem
399 1888 563 1933 erroris
590 1888 821 1932 subtraxit.
849 1887 912 1931 Ut
938 1888 1060 1932 enim
1086 1888 1278 1946 August.
1307 1888 1415 1931 dicit
1447 1898 1606 1932 contra
1631 1887 1848 1930 Faustum
1871 1887 1965 1943 (lzb.
1999 1901 2042 1930 2.

74 1963 165 2016 cap.
178 1970 215 2016 5.
246 1970 274 2000 a
297 1955 441 2013 med),
472 1972 495 1997 «
516 1954 630 1999 nulli
653 1955 871 2013 astrologi
904 1955 965 1998 ita
993 1955 1324 1999 constituerunt
1358 1955 1646 1999 nascentium
1678 1954 1921 1997 hominum
1947 1952 2039 1996 fata

75 2023 156 2068 sub
183 2022 337 2077 stellis,
363 2033 413 2067 ut
438 2022 637 2081 aliquam
664 2021 916 2076 stellarum,
948 2022 1137 2066 homine
1170 2022 1322 2080 aliquo
1349 2033 1474 2075 nato,
1498 2022 1710 2066 circuitus
1736 2021 1805 2064 sui
1832 2021 2040 2064 ordinem

74 2089 322 2150 reliquisse,
340 2099 385 2134 et
401 2089 456 2133 ad
479 2104 599 2143 eum,
623 2090 699 2148 qui
715 2099 847 2133 natus
868 2099 948 2143 est,
972 2090 1221 2148 perrexisse
1246 2100 1559 2142 assererent»,
1586 2090 1703 2132 sicut
1731 2088 1894 2132 accidit
1920 2088 2040 2131 circa

73 2156 270 2212 stellam,
295 2170 410 2216 quae
436 2157 762 2201 demonstravit
787 2156 1072 2201 nativitatem
1101 2157 1296 2207 Christi;
1325 2167 1368 2201 et
1392 2156 1497 2200 ideo
1531 2171 1610 2214 per
1635 2156 1725 2199 hoc
1758 2170 1852 2199 non
1881 2154 2045 2199 confir-

74 2233 224 2270 matur
249 2238 375 2269 error
400 2238 576 2277 eorum,
603 2225 677 2283 qui
699 2233 871 2268 sortem
893 2224 1178 2267 nascentium
1206 2224 1450 2267 hominum
1484 2234 1710 2268 astrorum
1744 2222 1892 2266 ordini
1918 2221 2047 2266 colli-

76 2291 174 2351 gari
199 2291 491 2345 arbitrantur;
522 2305 617 2335 non
645 2301 797 2334 autern
821 2290 1009 2334 credunt
1036 2301 1262 2335 astrorum
1290 2291 1496 2335 ordinem
1528 2290 1583 2334 ad
1605 2290 1806 2334 hominis
1830 2290 2042 2333 nativita-

0 2366 16 2420 {5
75 2368 168 2403 tem
189 2371 323 2418 posse
348 2359 539 2413 mutari;
566 2357 773 2402 similiter
801 2358 953 2412 etiam,
980 2368 1030 2401 ut
1063 2358 1424 2417 Chrysostomus
1451 2358 1560 2402 dicit
1587 2358 1716 2414 (hom.
1745 2358 1786 2402 6.
1813 2359 1858 2400 in
1884 2356 2041 2401 Matth.

0 2421 17 2496 {i
69 2431 228 2487 parum
251 2439 278 2470 a
292 2425 473 2486 princ),
494 2441 529 2470 v«
545 2439 639 2469 non
666 2434 734 2469 est
757 2425 849 2468 hoc
877 2425 1187 2469 astronomiae
1215 2439 1344 2483 opus,
1378 2439 1403 2468 a
1436 2424 1575 2469 stellis
1601 2425 1717 2469 scire
1749 2438 1828 2468 eos
1861 2425 1937 2482 qui
1968 2437 2045 2467 na·
2097 2427 2099 2429 ’

0 3255 20 3323 ,ων
0 3210 21 3232 νς
0 3115 25 3201 ἐνὶ-ἡ

11 2518 20 2531 ,s

10 2625 22 2643 ,ἢ

20 2696 28 2714 Γ

12 2725 33 2743 'utl-

18 2830 29 2841 t-

14 2873 25 2885 a

0 2994 25 3036 ΕΞ

0 3052 30 3102 »ἐξ

0 3106 10 3114 ι,
19 3105 20 3108 ,

76 2501 277 2547 acuatur,
306 2491 386 2536 sed
419 2492 472 2536 ab
499 2491 615 2536 hora
639 2491 886 2536 nativitatis
918 2490 1068 2536 futura
1091 2492 1351 2551 praedicere
1365 2507 1417 2546 ›>;
1439 2492 1563 2550 magi
1586 2502 1738 2536 autem
1764 2501 1944 2550 tempus
1967 2505 2043 2534 na-

75 2559 261 2605 tivitatis
273 2573 369 2604 non
392 2568 720 2618 cognoverunt,
747 2568 796 2602 ut
821 2558 927 2602 hinc
955 2567 1186 2604 sumentes
1209 2558 1404 2613 initium,
1428 2573 1453 2602 a
1475 2558 1709 2603 stellarum
1737 2567 1866 2602 motu
1891 2557 2039 2602 futura

78 2636 424 2686 cognoscerent,
450 2625 529 2670 sed
551 2626 700 2685 potius
727 2640 752 2669 e
779 2639 1016 2670 converso.

195 2693 272 2738 An
289 2706 526 2744 QUARTUM
542 2692 801 2746 dicendum,
823 2692 961 2752 quod,
983 2693 1098 2737 sicut
1126 2693 1487 2752 Chrysostomus
1522 2692 1657 2737 refert
1682 2693 1812 2749 (hom.
1837 2707 1878 2739 2.
1904 2694 1948 2736 in
1975 2699 2039 2752 op.

78 2759 244 2820 imperf.
275 2761 321 2805 in
340 2761 481 2820 princ.
513 2765 549 2804 et
581 2759 723 2816 med),
750 2759 796 2803 in
823 2760 1095 2818 quibusdam
1127 2761 1357 2819 scripturis
1399 2760 1673 2819 apocryphis
1705 2759 1883 2818 legitur,
1917 2758 2040 2818 quod

68 2830 110 2870 ἀ
126 2827 350 2886 quaedam
369 2841 480 2886 gens
499 2827 545 2871 in
562 2836 767 2871 extremo
785 2827 971 2872 orientis
987 2828 1110 2885 juxta
1140 2828 1384 2873 Oceanum
1411 2828 1679 2887 scripturam
1703 2828 1950 2887 quamdam
1968 2827 2045 2870 ha-

26 2910 32 2924 <
81 2891 217 2939 bebat
242 2908 297 2939 ex
326 2894 515 2938 nomine
545 2893 657 2938 Seth
689 2893 744 2937 de
767 2896 1024 2953 apparitura
1050 2895 1136 2939 hac
1164 2894 1309 2949 stella,
1337 2905 1379 2939 et
1403 2895 1664 2938 muneribus
1690 2894 1956 2954 hujusmodi
1983 2893 2054 2938 οἱ·Υ

80 2958 292 3016 ferendis,
317 2975 432 3020 quae
460 2975 572 3019 gens
601 2960 841 3019 diligenter
859 2961 1129 3006 observabat
1145 2962 1278 3020 hujus
1294 2960 1451 3006 stellae
1470 2972 1694 3016 exortum,
1710 2962 1868 3020 positis
1895 2960 2046 3018 explo-

80 3028 303 3073 ratoribus
319 3027 579 3083 duodecim,
597 3028 674 3087 qui
692 3028 824 3072 certis
843 3029 1121 3087 temporibus
1142 3029 1195 3072 de
1213 3039 1349 3072 nocte
1370 3030 1675 3073 ascendebant
1691 3029 1735 3072 in
1757 3038 1977 3081 montem,
1997 3029 2042 3070 in

81 3106 174 3153 quo
198 3094 494 3154 postmodum
512 3109 614 3139 eam
640 3094 850 3139 viderunt
870 3095 1118 3140 habentem
1135 3096 1181 3139 in
1201 3110 1247 3139 se
1275 3096 1403 3154 quasi
1419 3095 1595 3154 parvuli
1612 3095 1823 3148 formam,
1843 3105 1885 3138 et
1908 3108 2042 3152 super

82 3172 132 3204 se
157 3160 499 3206 similitudinem
526 3162 671 3206 crucis
690 3177 729 3205 ».
763 3161 850 3206 Vel
875 3162 1133 3216 dicendum,
1161 3163 1299 3221 quod,
1326 3163 1443 3206 sicut
1465 3163 1626 3207 dicitur
1651 3163 1696 3205 in
1715 3162 1789 3205 lib.
1809 3162 1863 3205 de
1890 3161 2040 3213 Quae'-

81 3226 301 3272 stionibus
327 3238 416 3273 vet.
448 3238 493 3273 et
516 3229 626 3273 novi
654 3227 941 3273 Testamenti
969 3230 1026 3288 (q.
1055 3231 1116 3288 63.
1143 3232 1250 3274 inter
1276 3238 1340 3289 op.
1368 3230 1591 3287 August.):
1632 3246 1654 3269 (ε
1672 3229 1798 3285 Magi
1819 3227 1885 3271 illi
1910 3227 2042 3271 tradi·

83 3292 259 3339 tionem
286 3293 474 3339 Balaam
502 3294 817 3355 sequebantur,
845 3297 921 3355 qui
949 3297 1075 3341 dixit:
1109 3298 1284 3342 Orietur
1303 3297 1418 3340 stella
1444 3311 1492 3340 ex
1513 3297 1656 3352 Jacob.
1686 3295 1816 3338 Unde
1838 3293 2043 3338 videntes

83 3358 268 3405 stellam
290 3371 414 3405 extra
432 3362 638 3406 ordinem
657 3362 831 3416 mundi,
847 3363 966 3407 hanc
986 3377 1085 3408 esse
1107 3362 1439 3415 intellexerunt,
1467 3376 1605 3420 quam
1633 3361 1821 3404 Balaam
1848 3360 2046 3405 futuram

86 3424 287 3471 indicem
312 3427 450 3487 Regis
471 3428 749 3486 Judaeorum
775 3429 1181 3488 prophetaverat».
1200 3429 1286 3473 Vel
1309 3429 1568 3481 dicendum,
1594 3429 1706 3471 sicut
1725 3428 1916 3484 August.
1940 3428 2048 3472 dicit

86 3490 134 3536 in
158 3506 293 3537 serm.
320 3495 375 3539 de
401 3494 562 3554 Epiph.
587 3493 677 3553 (qui
703 3501 757 3540 est
780 3495 848 3554 67.
871 3496 918 3541 cle
939 3497 1146 3551 Diversis,
1176 3503 1260 3540 ant.
1283 3496 1423 3551 med),
1464 3494 1584 3553 quod
1611 3494 1663 3537 ab
1693 3493 1867 3551 angelis
1894 3494 2046 3553 aliqua

87 3557 404 3606 admonitione
429 3560 720 3606 revelationis
739 3562 978 3607 audierunt
1002 3563 1142 3622 Magi,
1169 3563 1291 3622 quod
1318 3562 1449 3606 stella
1473 3561 1710 3605 Christum
1732 3571 1891 3605 natum
1914 3561 2048 3620 signi-

87 3623 259 3682 ficaret,
280 3636 326 3672 et
348 3627 582 3687 probabile
598 3627 788 3683 videtur,
816 3629 938 3688 quod
965 3644 991 3673 a
1007 3630 1154 3683 bonis,
1172 3629 1354 3688 quando
1382 3629 1427 3672 in
1457 3627 1641 3672 Christo
1670 3628 1904 3672 adorando
1926 3628 2048 3673 salus
