2352 3926
242 239 339 278 102
764 233 1040 281 QUAESTIO
1081 230 1196 269 vm.
1236 226 1543 267 ARTICULUS
1584 224 1661 263 111.

235 340 409 383 duobus
436 339 666 391 fundatur3
687 338 828 396 primo
864 333 1063 393 quidem,
1097 342 1142 376 et
1172 328 1479 390 principaliter
1503 327 1551 370 in
1575 326 1739 369 virtute
1773 324 1958 379 Christi,
1983 337 2100 384 quae
2126 334 2194 369 est

235 405 461 450 sufficiens
490 406 544 448 ad
571 404 764 448 salutem
791 403 929 445 totius
947 399 1138 443 humani
1155 397 1354 456 generis:
1382 393 1624 439 secundario
1646 392 1695 435 in
1721 391 1890 435 arbitrii
1913 391 2134 436 libertate.

324 473 398 516 AD
418 483 674 516 SECUNDUM
694 468 951 521 dicendum,
978 465 1101 525 quod
1128 479 1226 509 esse
1252 462 1508 507 Ecclesiam
1535 459 1802 518 gloriosam,
1827 472 1923 503 non
1948 458 2195 503 habentem

236 539 478 591 maculam,
512 551 657 594 neque
694 549 870 593 rugam,
904 543 971 577 est
1003 532 1188 577 ultimus
1213 530 1330 584 finis,
1358 528 1413 572 ad
1441 541 1577 586 quem
1610 525 1901 585 perducimur
1924 539 2004 584 per
2027 523 2198 584 passio-

236 620 343 650 nem
367 605 559 657 Christi3
588 602 705 645 unde
731 602 821 644 hoc
846 603 930 645 erit
954 600 1000 643 in
1024 608 1140 643 statu
1163 597 1348 656 patriae,
1374 608 1469 638 non
1497 603 1651 636 autem
1675 592 1723 635 in
1749 602 1867 636 statu
1882 591 2008 647 ³viae,
2033 593 2080 636 in
2105 605 2196 651 quo

233 675 269 717 si
300 673 523 716 dz‘xerimus
560 672 657 728 quia
687 674 902 727 peccatum
938 682 1022 711 non
1055 667 1261 717 habemus,
1295 663 1559 718 nosmetipsos
1584 659 1827 714 seducimus,
1871 668 1922 703 ut
1961 658 2125 703 dicitur
2159 672 2197 704 1.

229 740 359 797 Joan.
392 752 448 781 1.:
470 748 571 781 sunt
595 746 750 779 tamen
782 734 1021 794 quaedam,
1055 731 1228 776 scilicet
1255 728 1480 781 mortalia,
1513 725 1674 786 quibus
1708 734 1862 770 carent
1887 723 1954 769 illi
1985 724 2063 785 qui
2093 734 2199 769 sunt

238 805 441 849 membra
462 803 632 848 Christi
649 817 729 861 per
746 801 973 846 actualem
990 799 1210 843 unionem
1228 796 1484 841 charitatis:
1507 794 1584 853 qui
1604 807 1714 838 vero
1737 794 1808 838 his
1833 793 2086 838 subduntur
2100 806 2201 853 pec·

237 873 360 925 catis,
378 885 471 914 non
503 880 608 914 sunt
629 869 836 913 membra
859 867 1031 912 Christi
1054 864 1303 916 actualiter,
1327 862 1406 906 sed
1431 860 1760 920 potentialiter;
1785 859 1873 904 nisi
1895 859 2014 909 forte
2039 859 2202 919 imper-

235 939 351 982 fecte
373 952 453 996 per
478 937 616 981 fidem
641 935 901 988 informem,
935 947 1051 992 quac
1083 932 1181 975 unit
1207 930 1393 975 Christo
1419 928 1672 973 secundum
1694 927 1818 987 quid,
1839 937 1885 973 et
1907 941 2003 972 non
2027 925 2202 986 simpli-

236 1005 365 1058 citer3
393 1014 442 1047 ut
472 1003 645 1048 scilicet
675 1017 755 1062 per
781 1001 1017 1046 Christum
1043 1000 1188 1043 homo
1223 1006 1529 1055 consequatur
1558 995 1702 1039 vitam
1724 995 1921 1054 gratiae:
1945 993 2066 1040 Fides
2090 995 2202 1040 enim

236 1074 322 1116 sine
348 1072 536 1130 operibus
561 1076 729 1115 mortua
754 1075 824 1123 est,
846 1078 895 1111 ut
912 1067 1074 1111 dicitur
1089 1064 1250 1123 Jacobi
1272 1077 1337 1108 2.:
1364 1062 1619 1123 percipiunt
1642 1071 1799 1106 tamen
1820 1060 1932 1107 tales
1961 1075 1988 1106 a
2013 1059 2200 1108 Christo

237 1138 483 1198 quemdam
511 1147 663 1181 actum
694 1139 827 1190 vitae,
854 1135 931 1194 qui
954 1144 1021 1179 est
1043 1132 1249 1177 credere:
1274 1132 1389 1176 sicut
1412 1130 1450 1175 si
1475 1129 1736 1174 membrum
1758 1127 2086 1174 mortificatum
2107 1141 2205 1173 mo-

238 1216 398 1250 veatur
425 1205 676 1264 aliqualiter
698 1204 751 1248 ab
778 1202 984 1247 homine.

330 1273 406 1316 AD
434 1284 649 1317 TER’rmM
677 1269 936 1323 dicendum,
970 1267 1091 1327 quod
1125 1266 1271 1311 sancti
1296 1266 1453 1310 Patres
1485 1278 1580 1308 non
1611 1263 1878 1310 insistebant
1907 1260 2204 1308 sacramentis

239 1339 474 1398 legalibus,
507 1349 723 1398 tanquam
751 1337 1021 1396 quibusdam
1055 1334 1203 1388 rebus,
1231 1333 1309 1378 sed
1342 1333 1460 1377 sicut
1484 1331 1775 1391 imaginibus,
1812 1341 1858 1376 et
1887 1329 2059 1376 umbris
2090 1327 2206 1373 futu-

242 1421 423 1451 rorum:
445 1407 568 1450 idem
596 1415 749 1449 autern
776 1414 844 1448 est
869 1413 1021 1446 motus
1038 1402 1084 1445 in
1102 1401 1369 1460 imaginem,
1395 1400 1667 1458 inquantum
1684 1409 1754 1444 est
1767 1399 1942 1459 imago,
1963 1397 2072 1455 etin
2092 1409 2205 1450 rem,

242 1484 291 1517 ut
316 1483 438 1532 patet
461 1488 538 1532 per
560 1472 732 1516 Philos.
759 1471 806 1514 in
831 1470 907 1514 lib.
935 1470 990 1513 de
1016 1469 1210 1513 Memor.
1239 1478 1284 1512 et
1308 1467 1556 1511 Reminisc.
1583 1466 1697 1526 (cap.
1715 1465 1805 1523 2.);
1834 1474 1879 1510 et
1902 1464 2008 1510 ideo
2034 1463 2207 1523 ant-iqui

243 1541 414 1595 Patres,
446 1539 669 1584 servando
703 1538 867 1597 legalia
901 1546 1200 1588 sacramenta,
1233 1533 1491 1579 ferebantur
1522 1533 1569 1577 in
1603 1532 1841 1578 Christum
1873 1546 1953 1592 per
1981 1530 2139 1586 fidem,
2161 1539 2208 1577 et

247 1607 538 1652 dilectionem
567 1607 791 1659 eamdem,
825 1619 913 1663 qua
933 1614 976 1648 et
994 1617 1078 1647 nos
1105 1603 1150 1646 in
1178 1603 1327 1661 ipsum
1343 1601 1552 1656 ferimur;
1576 1610 1620 1644 et
1644 1602 1707 1645 ita
1731 1599 1889 1645 Patres
1921 1598 2096 1659 antiqui
2111 1610 2210 1659 per·

247 1674 450 1718 tinebant
475 1674 530 1717 ad
555 1674 679 1718 idem
706 1686 869 1731 corpus
896 1670 1142 1724 Ecclesiae,
1171 1669 1227 1712 ad
1260 1669 1383 1728 quod
1409 1682 1495 1713 nos
1522 1668 1816 1727 pertinemus.

928 1848 1363 1907 ARTICULUS
1398 1848 1496 1905 IV.
1927 1826 1933 1830 ’
2050 1831 2051 1834 ‘
2154 1870 2208 1916 59

605 1987 798 2026 UTRUM
839 1986 1106 2025 CHRISTUS
1148 1985 1232 2023 SIT
1275 1984 1456 2023 CAPUT
1496 1981 1855 2023 ANGELORUM.

257 2098 306 2157 (3.
327 2098 435 2141 Dist.
454 2112 507 2156 13.
526 2111 563 2155 q.
582 2111 621 2141 2.
639 2102 718 2141 art.
736 2111 775 2141 2.
789 2111 826 2155 q.
844 2112 878 2141 r.
897 2102 933 2140 et
953 2110 995 2154 4.
1014 2097 1127 2141 Dist.
1152 2110 1193 2155 9.
1206 2111 1245 2154 q.
1259 2111 1294 2140 Ι.
1318 2099 1399 2139 art.
1417 2108 1458 2140 2.
1477 2108 1514 2152 q.
1523 2107 1559 2152 5.
1575 2093 1737 2138 etDist.
1757 2105 1830 2152 49.
1842 2105 1880 2150 q.
1891 2102 1936 2148 4.
1951 2095 2033 2135 art.
2054 2102 2098 2148 4.
2111 2088 2167 2134 ad
2172 2103 2210 2149 5.

355 2170 392 2208 et
417 2164 524 2208 Veri.
544 2178 581 2221 q.
599 2178 666 2223 29.
686 2169 765 2207 art.
782 2177 825 2220 4.
843 2170 880 2208 et
898 2163 952 2207 ad
963 2178 1000 2223 5.
1019 2168 1055 2207 et
1076 2170 1211 2222 opusc.
1229 2176 1269 2207 2.
1288 2169 1378 2221 cap.
1395 2175 1491 2207 222.
1509 2165 1597 2205 etr.
1620 2158 1722 2204 Cor.
1741 2174 1800 2204 rr.
1817 2157 2019 2218 etEphes.
2036 2156 2112 2215 1.).

344 2274 419 2317 An
437 2286 672 2323 QUARTUM
691 2274 753 2318 sic
770 2275 1042 2332 proceditur.
1054 2273 1259 2328 Videtur,
1274 2272 1397 2332 quod
1409 2272 1635 2326 Christus,
1651 2269 1903 2316 secundum
1916 2267 2040 2329 quod
2050 2268 2212 2322 homo,

253 2355 347 2385 non
380 2341 435 2385 sit
468 2350 600 2399 caput
626 2340 915 2399 angelorum:
944 2351 1079 2400 caput
1105 2340 1244 2395 enim,
1277 2350 1322 2384 et
1352 2339 1560 2384 membra
1591 2348 1696 2383 sunt
1727 2337 1861 2382 unius
1890 2346 2104 2381 naturae:
2131 2335 2212 2381 sed

258 2407 482 2462 Christus,
500 2407 749 2451 secundum
772 2408 893 2467 quod
912 2418 978 2452 est
994 2408 1156 2463 homo,
1170 2422 1266 2452 non
1292 2416 1362 2452 est
1387 2405 1638 2451 conformis
1654 2405 1702 2450 in
1717 2413 1880 2450 natura
1896 2418 2002 2449 cum
2024 2401 2214 2463 angelis,

257 2475 335 2519 sed
362 2474 512 2519 solum
546 2488 651 2518 cum
682 2474 963 2529 hominibus3
999 2475 1118 2534 quia,
1151 2485 1201 2519 ut
1231 2474 1394 2519 dicitur
1425 2473 1563 2520 Hebr.
1598 2486 1663 2518 2.:
1696 2473 1918 2531 Nusquam
1949 2470 2114 2531 angelos
2143 2477 2213 2531 ap-

253 2541 488 2602 prehendit,
510 2541 576 2586 sed
596 2557 727 2586 semen
744 2543 783 2586 A
789 2543 941 2587 brahae
957 2542 1221 2602 apprehendit
1230 2557 1248 2595 ,·
1267 2555 1378 2601 ergo
1398 2540 1623 2595 Christus,
1641 2538 1893 2587 secundum
1909 2538 2033 2599 quod
2052 2537 2215 2593 homo,

257 2623 351 2653 non
378 2619 444 2652 est
470 2618 604 2667 caput
631 2608 911 2667 angelorum.
2127 2650 2131 2654 ,
2153 2634 2155 2638 -

347 2690 387 2721 2.
421 2676 716 2720 PRAETEREA.
750 2675 938 2720 Illorum
971 2676 1180 2721 Christus
1214 2686 1282 2722 est
1313 2685 1462 2736 caput,
1496 2674 1573 2734 qui
1598 2674 1825 2734 pertinent
1850 2673 1907 2718 ad
1938 2670 2212 2727 Ecclesiam,

258 2757 374 2803 quae
402 2753 468 2787 est
491 2756 653 2800 corpus
682 2744 790 2800 ejus,
824 2753 872 2786 ut
905 2743 1066 2787 dicitur
1097 2744 1262 2803 Ephes.
1301 2758 1362 2788 1.:
1390 2743 1468 2787 sed
1502 2740 1652 2801 angeli
1677 2755 1771 2785 non
1793 2741 2020 2800 pertinent
2047 2739 2103 2787 ad
2128 2737 2216 2785 Ec-

259 2810 471 2855 clesiam:
499 2825 606 2853 nam
633 2810 837 2854 Ecclesia
866 2821 933 2854 est
959 2812 1253 2870 congregatio
1280 2810 1505 2855 fidelium:
1533 2809 1645 2854 fides
1673 2820 1826 2854 autern
1857 2823 1953 2854 non
1978 2818 2046 2854 est
2071 2809 2118 2858 in
2140 2821 2214 2852 an-

259 2877 397 2940 gelis:
420 2891 513 2921 non
541 2877 663 2921 enim
696 2876 929 2921 ambulant
954 2893 1032 2936 per
1059 2878 1211 2932 fidem,
1245 2879 1324 2923 sed
1357 2892 1438 2938 per
1469 2878 1692 2936 speciem;
1726 2876 1931 2936 alioquin
1962 2874 2217 2937 peregrina-

258 2954 411 2989 rentur
438 2959 462 2988 a
489 2943 709 2998 Domino,
741 2944 990 2987 secundum
1025 2945 1145 3003 quod
1178 2946 1430 3005 Apostolus
1464 2954 1806 3004 argumentatur
1838 2956 1878 2988 2.
1920 2942 1977 2989 ad
2015 2941 2126 2993 Cor.
2153 2954 2215 3000 5.;

261 3027 371 3072 ergo
406 3012 631 3065 Christus,
658 3011 909 3055 secundum
937 3013 1057 3069 quod
1084 3013 1243 3067 homo,
1270 3028 1364 3058 non
1393 3023 1460 3058 est
1487 3023 1622 3072 caput
1649 3011 1935 3071 angelorum.
2081 3050 2085 3055 Α
2112 3042 2114 3044 ψ

354 3094 389 3138 3.
409 3079 704 3124 PRAETEREA.
723 3078 1004 3135 Augustinus
1025 3078 1131 3122 dicit
1149 3094 1282 3139 super
1293 3080 1521 3138 Joannem
1543 3082 1682 3138 (tract.
1700 3094 1766 3139 19.
1792 3085 1827 3124 et
1843 3077 1945 3138 23),
1962 3075 2086 3137 quod
2102 3077 2219 3123 sicut

268 3148 460 3200 Verbum,
504 3145 626 3205 quod
666 3151 755 3190 erat
785 3146 829 3188 in
867 3146 1078 3203 principio
1115 3147 1227 3205 apud
1253 3148 1436 3202 Patrem,
1468 3146 1668 3191 vivificat
1699 3146 1899 3191 animas:
1937 3145 2000 3191 ita
2039 3144 2218 3190 Verbum

259 3229 358 3259 caro
382 3215 542 3271 sactum
568 3212 767 3256 vivificat
793 3225 1000 3270 corpora,
1028 3212 1187 3270 quibus
1216 3214 1365 3271 angeli
1400 3225 1574 3260 carent:
1609 3214 1687 3258 sed
1723 3214 1902 3259 Verbum
1933 3226 2032 3258 caro
2048 3212 2218 3272 factum

259 3289 312 3327 est
341 3281 566 3335 Christus,
593 3278 843 3324 secundum
871 3278 993 3337 quod
1025 3278 1191 3332 hom03
1216 3294 1325 3338 ergo
1360 3280 1583 3335 Christus,
1616 3281 1870 3326 secundum
1902 3278 2025 3340 quod
2055 3278 2218 3334 homo.

258 3363 352 3393 non
379 3347 526 3401 influit
551 3347 691 3391 vitam
715 3344 910 3404 angelis3
938 3356 982 3389 et
1008 3345 1082 3399 ita,
1101 3347 1351 3390 secundum
1374 3349 1498 3406 quod
1519 3348 1679 3403 homo,
1705 3362 1802 3393 non
1825 3357 1896 3393 est
1919 3355 2056 3407 caput
2081 3358 2219 3406 ange-

258 3415 423 3460 lorum.

350 3484 444 3526 SED
472 3493 666 3526 CONTRA
687 3490 767 3534 est,
786 3479 906 3538 quod
936 3478 1185 3539 Apostolus
1213 3479 1319 3523 dicit
1346 3478 1528 3525 Coloss.
1554 3493 1620 3526 2.:
1642 3483 1730 3538 Qui
1747 3487 1940 3542 estcaput
1956 3481 2221 3541 omnispn'n·

259 3552 430 3609 cipatus,
458 3555 492 3594 et
512 3550 745 3608 potestatis,·
775 3557 819 3591 et
845 3546 1007 3592 eadem
1034 3546 1149 3591 ratio
1178 3556 1245 3591 est
1268 3545 1321 3590 de
1345 3546 1520 3604 angelis
1539 3547 1735 3592 aliorum
1755 3548 1995 3604 ordinum·;
2017 3556 2087 3596 ,est
2107 3559 2219 3607 ergo

258 3617 466 3661 Christus
490 3626 624 3675 caput
652 3613 936 3674 angelorum.
2010 3606 2013 3609 ”
