2352 3926
0 2096 13 2152 }:

5 2870 20 2932 »aaa
4 2836 6 2838 ¹
4 2802 14 2819 va«

652 208 931 256 QUAESTIO
971 208 1160 249 Lxxm.
1202 206 1583 248 anneotuss.
1983 196 2090 264 637

131 321 470 359 sacramentum
496 309 657 356 efficax
681 320 748 356 est
774 309 830 354 ad
855 323 990 354 suum
1017 308 1230 355 effectum
1256 309 1627 369 producendum:
1655 322 1760 354 cum
1783 321 1895 368 ergo
1919 309 1974 354 ad
1996 323 2094 368 per-

130 378 376 427 fectionem
418 378 649 423 ordinetur
675 387 719 422 et
744 377 1048 431 confirmatio,
1076 387 1120 422 et
1145 376 1444 431 Eucharistia,
1471 387 1520 421 ut
1545 376 1654 421 dicit
1677 376 1871 436 Dionys.
1897 388 1939 431 4.
1966 375 2090 421 Eccl.

130 446 255 491 Hier.
283 446 400 502 (circ.
420 447 559 505 princ.
587 451 626 490 et
650 452 740 504 cap.
766 459 806 489 2.
834 446 933 489 circ.
970 444 1113 501 med),
1150 443 1328 488 videtur
1360 443 1646 488 Eucharistia
1680 456 1775 488 non
1813 456 1911 488 esse
1947 457 2094 487 sacra·

129 523 351 565 mentum,
379 526 485 556 cum
525 511 814 556 confirmatio
840 511 898 555 sit
922 520 1276 564 sacramentum,
1304 520 1353 554 ut
1377 510 1499 569 prius
1525 510 1733 554 habitum
1759 519 1828 554 est
1862 509 1923 568 (q.
1943 517 2090 569 praec.

129 585 211 624 art.
237 595 275 625 1.
301 585 338 623 et
362 594 402 637 q.
429 579 491 637 65.
518 585 601 623 art.
628 578 701 635 1.).

220 657 260 690 2.
287 646 581 690 PRAETEREA.
613 645 660 688 In
680 644 888 702 quolibet
912 652 1199 687 sacramento
1225 656 1373 687 novae
1399 642 1513 701 legis
1531 643 1575 686 id
1593 642 1715 701 quod
1735 642 1969 688 visibiliter
1995 642 2097 688 sub·

128 711 278 771 jicitur
316 712 482 765 sensui,
524 710 661 755 efficit
686 710 960 754 invisibilem
986 708 1199 753 effectum
1235 710 1531 764 sacramenti3
1574 711 1693 753 sicut
1733 708 1905 754 ablutio
1946 723 2094 768 aquae

129 788 288 823 causat
312 788 356 823 et
382 779 693 822 characterem
717 775 1049 836 baptismalem,
1077 785 1119 820 et
1147 775 1428 819 ablutionem
1462 775 1758 834 spiritualem,
1799 776 1915 821 sicut
1955 790 2092 836 supra

129 845 301 890 dictum
327 855 395 890 est
420 844 478 904 (q.
505 846 568 904 63.
594 851 676 889 art.
700 844 741 889 6.
759 850 796 888 et
811 858 848 902 q.
869 843 941 888 66.
969 849 1049 887 art.
1076 842 1163 900 1.).·
1189 843 1267 887 sed
1294 843 1469 901 species
1492 844 1635 901 panis,
1660 853 1704 887 et
1723 843 1832 897 vini,
1854 858 1970 902 quae
1993 843 2096 887 sub·

128 912 343 972 jiciuntur
359 912 510 956 sensui
535 913 580 955 in
605 912 695 955 hoc
713 919 1016 964 sacramento,
1033 923 1127 953 non
1147 908 1347 953 efficiunt
1378 923 1526 968 neque
1559 910 1711 968 ipsum
1730 924 1893 969 corpus
1918 910 2092 955 Christi

128 992 303 1034 verum,
328 979 452 1038 quod
478 988 545 1022 est
570 991 655 1031 res,
683 987 726 1021 et
751 986 1104 1030 sacramentum,
1129 989 1278 1034 neque
1306 989 1469 1034 corpus
1497 977 1758 1035 mysticum,
1786 977 1907 1035 quod
1935 986 2002 1021 est
2022 990 2094 1021 res

129 1054 307 1090 tantum
331 1046 379 1089 in
404 1045 708 1099 Eucharistia;
736 1058 845 1102 ergo
872 1043 1063 1098 videtur,
1090 1043 1213 1102 quod
1239 1042 1524 1087 Eucharistia
1549 1057 1644 1087 non
1670 1044 1728 1088 sit
1752 1054 2092 1089 sacramentum

128 1126 278 1157 novae
303 1112 345 1157 le
381 1112 431 1156 is.

222 1193 259 1238 3.
286 1126 584 1223 PRigaETEREA.
613 1178 911 1222 Sacramenta
936 1191 1083 1221 novae
1109 1176 1224 1236 legis
1250 1176 1463 1221 habentia
1504 1177 1744 1221 materiam
1771 1177 1817 1221 in
1843 1192 1927 1221 usu
1953 1187 2093 1221 mate-

76 1236 84 1246 ’
128 1245 221 1290 riae
246 1244 563 1304 perficiuntur3
590 1244 706 1289 sicut
729 1244 980 1302 baptismus
1006 1244 1053 1287 in
1086 1244 1332 1298 ablutione,
1358 1254 1403 1288 et
1429 1243 1718 1288 confirmatio
1751 1245 1797 1288 in
1835 1244 2093 1288 chrismatis

130 1312 498 1371 consignatione:
519 1312 555 1356 si
573 1326 682 1371 ergo
701 1310 985 1355 Eucharistia
1011 1311 1066 1355 sit
1092 1320 1444 1364 sacramentum,
1467 1310 1755 1369 perficeretur
1777 1311 1824 1354 in
1847 1325 1930 1355 usu
1953 1321 2092 1355 mate-

127 1378 236 1433 riae,
260 1392 356 1423 non
382 1379 427 1422 in
451 1378 795 1423 consecratione
811 1378 951 1437 ipsius
968 1379 1210 1432 materiae3
1229 1378 1350 1437 quod
1369 1388 1492 1437 patet
1509 1393 1608 1423 esse
1624 1378 1811 1432 falsum,
1823 1379 1930 1438 quia
1945 1378 2095 1423 forma

126 1446 262 1503 hujus
288 1445 560 1490 sacramenti
586 1456 689 1490 sunt
713 1445 864 1498 verba,
890 1459 1006 1503 quae
1038 1445 1085 1489 in
1127 1446 1472 1489 consecratione
1513 1445 1731 1489 materiae
1773 1446 1996 1500 dicuntur,
2043 1456 2092 1491 ut

128 1512 244 1556 infra
269 1512 436 1572 patebit
463 1513 524 1570 (q.
552 1513 619 1571 78.
646 1518 728 1556 art.
755 1511 842 1568 1.);
871 1525 980 1570 ergo
1007 1512 1290 1556 Eucharistia
1315 1526 1410 1556 non
1443 1522 1509 1556 est
1534 1522 1887 1556 sacramentum.

218 1579 313 1623 SED
341 1591 538 1624 CONTRA
564 1588 644 1632 est,
671 1579 792 1637 quod
819 1579 865 1621 in
892 1576 1103 1623 Collecta
1119 1577 1305 1622 dicitur:
1326 1595 1350 1620 «
1370 1579 1471 1623 Hoc
1489 1588 1619 1623 tuum
1636 1589 1977 1624 sacramentum
1998 1594 2093 1625 non

131 1645 190 1690 sit
213 1646 344 1690 nobis
370 1655 520 1690 reatus
546 1645 602 1689 ad
628 1659 827 1704 poenam
854 1662 894 1689 ».

217 1712 506 1757 ΚΕεΡοΝΒΕο
532 1711 793 1766 dicendum,
819 1712 942 1770 quod
968 1722 1253 1756 sacramenta
1279 1711 1513 1756 Ecclesiae
1541 1712 1807 1756 ordinantur
1844 1713 1899 1757 ad
1937 1713 2095 1758 subve-

127 1778 348 1823 niendum
372 1779 552 1823 homini
576 1779 622 1822 in
649 1780 740 1822 vita
765 1778 1005 1837 spirituali;
1030 1779 1123 1822 vita
1150 1789 1303 1822 autem
1329 1779 1570 1838 spiritualis
1592 1780 1712 1823 vitae
1735 1779 1962 1838 corporali
1985 1794 2095 1824 con-

126 1845 365 1899 formatur,
391 1860 447 1890 eo
474 1845 596 1904 quod
623 1844 877 1904 corporalia
903 1844 1205 1904 spiritualium
1232 1845 1573 1890 similitudinem
1602 1856 1776 1904 gerunt.
1799 1846 2093 1892 Manifestum

131 1923 199 1957 est
225 1923 392 1966 autem,
420 1913 540 1972 quod
567 1912 684 1956 sicut
709 1913 764 1955 ad
791 1912 932 1956 vitam
965 1912 1253 1970 corporalem
1294 1913 1533 1971 requiritur
1575 1913 1823 1971 generatio,
1849 1928 1930 1972 per
1955 1928 2092 1973 quam

127 1979 274 2024 homo
299 1980 442 2024 vitam
467 1979 645 2038 accipit,
672 1989 717 2023 et
741 1987 1053 2036 augmentum,
1079 1993 1170 2038 quo
1211 1978 1356 2023 homo
1398 1979 1656 2038 perducitur
1683 1980 1739 2025 ad
1766 1980 2092 2039 perfectionem

127 2045 272 2101 vitae3
302 2045 364 2091 ita
390 2046 528 2091 etiam
554 2045 794 2104 requiritur
826 2045 1108 2098 alimentum,
1136 2060 1226 2104 quo
1245 2046 1390 2090 homo
1410 2056 1703 2091 conservatur
1719 2047 1766 2090 in
1783 2047 1900 2091 vita':
1923 2058 1967 2092 et
1987 2048 2092 2092 ideo

127 2112 246 2158 sicut
270 2112 327 2157 ad
352 2112 495 2156 vitam
520 2111 803 2171 spiritualem
828 2112 1029 2171 oportuit
1054 2126 1152 2156 esse
1188 2113 1480 2171 baptismum,
1508 2113 1584 2172 qui
1607 2124 1674 2157 est
1695 2114 1938 2173 spiritualis
1961 2129 2093 2174 gene-

126 2179 260 2234 ratiO,
286 2188 333 2224 et
356 2178 770 2232 confirmationem,
813 2192 928 2237 quae
955 2188 1022 2223 est
1046 2178 1278 2237 spirituale
1306 2188 1629 2236 augmentum3
1656 2180 1718 2224 ita
1757 2182 1960 2239 oportuit
1991 2195 2090 2226 esse

130 2256 471 2292 sacramentum
496 2245 822 2299 Eucharistiae,
849 2245 972 2304 quod
999 2248 1066 2290 est
1090 2245 1320 2304 spirituale
1347 2245 1630 2291 alimentum.

217 2313 295 2359 AD
320 2325 508 2358 PRIMUM
535 2326 646 2371 ergo
673 2310 931 2366 dicendum,
963 2312 1085 2371 quod
1126 2312 1277 2372 duplex
1320 2323 1387 2357 est
1427 2313 1671 2372 perfectio:
1698 2329 1785 2359 una
1811 2329 1927 2373 quae
1954 2324 2022 2360 est
2046 2315 2092 2359 in

125 2380 226 2440 ipso
251 2380 456 2434 homine,
483 2379 538 2424 ad
566 2394 705 2438 quam
730 2379 989 2438 perducitur
1014 2393 1094 2438 per
1120 2389 1432 2438 augmentum,
1457 2390 1502 2424 et
1516 2379 1620 2425 talis
1637 2380 1854 2440 perfectio
1874 2383 2094 2441 competit

126 2446 486 2492 confirmationi:
513 2446 602 2490 alia
627 2456 780 2490 autem
807 2455 875 2490 est
899 2445 1133 2505 perfectio,
1167 2461 1304 2505 quam
1346 2446 1491 2491 homo
1535 2449 1828 2507 consequitur
1854 2463 1907 2493 ex
1935 2450 2093 2509 adjun-

99 2515 278 2559 „ctione
304 2513 495 2572 alicuius
521 2513 760 2557 extrinseci
784 2513 1023 2557 hominem
1065 2514 1400 2568 conservantis;
1442 2525 1550 2573 puta
1577 2530 1630 2559 ex
1657 2516 1949 2574 adjunctione
1990 2518 2092 2571 cibi,

126 2579 202 2625 vel
225 2580 492 2634 indumenti,
517 2580 589 2624 vel
615 2579 806 2638 alicujus
831 2580 1118 2638 hujusmodi:
1153 2590 1197 2624 et
1221 2580 1323 2624 talis
1359 2580 1578 2640 perfectio
1622 2584 1842 2642 competit
1881 2583 2094 2628 Euchari-

127 2649 254 2701 stiae,
279 2661 394 2706 quae
420 2656 488 2691 est
511 2646 752 2706 spiritualis
781 2646 984 2691 refectio.

217 2715 292 2759 AD
318 2727 579 2760 SECUNDUM
605 2714 864 2768 dicendum,
892 2714 1014 2773 quod
1042 2728 1159 2774 aqua
1194 2714 1408 2773 baptismi
1432 2730 1526 2759 non
1554 2727 1711 2761 causat
1737 2716 1934 2775 aliquem
1967 2717 2094 2777 spiri-

128 2781 298 2827 tualem
325 2779 539 2826 effectum
562 2791 747 2840 propter
770 2781 917 2839 ipsam
943 2795 1125 2840 aquam,
1153 2782 1231 2826 sed
1258 2792 1442 2841 propter
1466 2783 1680 2828 virtutem
1707 2784 1899 2842 Spiritus
1934 2784 2092 2829 Sancti

126 2848 175 2893 in
201 2861 319 2907 aqua
344 2847 638 2892 existentem:
665 2847 784 2891 unde
811 2846 1048 2907 Chrysost.
1077 2849 1184 2892 dicit
1223 2863 1358 2909 super
1396 2849 1508 2894 illud
1538 2850 1667 2908 Joan.
1700 2863 1760 2905 5.:
1788 2851 1971 2908 Angelus
2007 2852 2091 2895 Do-

126 2917 234 2960 mini
262 2913 483 2960 secundum
515 2919 687 2973 tempus,
714 2923 798 2958 etc.
825 2914 953 2971 (hom.
977 2929 1033 2973 35.
1059 2917 1104 2959 in
1123 2917 1246 2972 Joan.
1284 2918 1392 2961 inter
1420 2919 1561 2976 princ.
1588 2923 1625 2961 et
1650 2917 1793 2975 med.):
1822 2933 1846 2958 «
1874 2918 1926 2960 In
1952 2917 2093 2976 bapti-

125 2983 236 3026 zatis
262 2994 357 3025 non
381 2979 644 3039 simpliciter
671 2993 787 3038 aqua
813 2990 1039 3039 operatur,
1066 2982 1143 3026 sed
1171 2997 1276 3027 cum
1304 2983 1497 3042 Spiritus
1526 2984 1684 3028 Sancti
1709 2984 1958 3042 susceperit
1994 2999 2092 3044 gra-

124 3047 254 3102 tiam,
277 3057 385 3092 tunc
411 3046 569 3091 omnia
593 3045 731 3091 solvit
753 3056 939 3105 peccata
958 3064 997 3091 ».
1017 3047 1145 3094 Sicut
1161 3060 1314 3094 autern
1332 3065 1380 3095 se
1398 3051 1537 3095 habet
1553 3051 1693 3094 virtus
1717 3050 1909 3109 Spiritus
1933 3051 2092 3097 Sancti

126 3114 182 3159 ad
209 3127 376 3173 aquam
411 3113 638 3172 baptismi,
662 3112 725 3157 ita
750 3127 798 3158 se
823 3109 960 3159 habet
985 3129 1151 3173 corpus
1177 3115 1351 3162 Christi
1375 3132 1536 3162 verum
1563 3117 1619 3160 ad
1645 3119 1845 3176 speciem
1872 3118 2017 3177 panis,
2043 3129 2090 3164 et

124 3181 242 3236 vini;
268 3180 387 3225 unde
413 3180 586 3240 species
611 3180 754 3239 panis,
781 3189 827 3225 et
849 3180 944 3224 vini
967 3195 1062 3226 non
1098 3181 1299 3228 efficiunt
1335 3183 1519 3243 aliquid,
1560 3184 1647 3228 nisi
1679 3184 1842 3228 virtute
1884 3186 2090 3245 corporis

126 3247 301 3293 Christi
323 3247 432 3291 veri.

214 3314 291 3359 An
317 3325 533 3359 TERTIUM
559 3311 819 3367 dicendum,
844 3314 967 3372 quod
992 3326 1330 3361 sacramentum
1356 3317 1519 3360 dicitur
1544 3330 1599 3361 ex
1630 3330 1701 3371 e0,
1727 3316 1851 3375 quod
1884 3318 2088 3364 continet

127 3379 296 3440 aliquid
317 3394 514 3424 sacrum.
537 3379 693 3423 Potest
720 3389 872 3423 autem
891 3378 1059 3439 aliquid
1085 3396 1183 3427 esse
1201 3398 1384 3427 sacrum
1402 3382 1654 3442 dupliciter,
1671 3383 1845 3429 scilicet
1866 3384 2087 3440 absolute,

127 3457 172 3492 et
195 3447 243 3491 in
268 3447 426 3492 ordine
454 3446 509 3490 ad
537 3446 679 3490 aliud:
713 3445 827 3490 haec
856 3455 1008 3491 autem
1034 3458 1102 3493 est
1133 3448 1386 3494 differentia
1412 3452 1527 3493 inter
1553 3449 1901 3505 Eucharistiam,
1928 3461 1973 3496 et
1999 3451 2089 3496 alia

127 3523 414 3559 sacramenta
438 3513 653 3558 habentia
679 3513 918 3557 materiam
941 3514 1217 3570 sensibilem,
1243 3516 1365 3575 quod
1389 3516 1673 3561 Eucharistia
1691 3517 1895 3562 continet
1917 3517 2087 3578 aliquid

126 3594 308 3626 sacrum
334 3579 555 3634 absolute,
576 3578 752 3624 scilicet
782 3579 933 3638 ipsum
959 3579 1220 3637 Christum3
1248 3596 1366 3642 aqua
1391 3597 1501 3627 vero
1537 3582 1750 3642 baptismi
1777 3585 1981 3630 continet
2010 3585 2086 3632 ali-
