2352 3926
657 280 936 333 QUAESTIO
977 282 1107 325 XLII.
1148 282 1456 326 ARTICULUS
1498 284 1534 323 1.
1985 284 2089 340 355

118 402 123 407 ·
153 403 179 426 1
207 388 287 436 An
318 386 579 436 SECUNDUM
604 388 863 442 dicendum,
891 388 1012 448 quod
1038 402 1132 432 non
1175 398 1242 433 est
1282 388 1474 433 minoris
1511 383 1763 448 potestatis,
1796 387 1874 432 sed
1902 387 2092 446 maioris

118 456 269 504 facere
295 456 464 517 aliquid
490 470 571 516 per
598 453 726 510 alios,
753 469 892 515 quam
919 468 998 514 per
1024 456 1247 513 seipsum:
1275 465 1319 499 et
1344 456 1448 500 ideo
1475 456 1521 499 in
1545 456 1635 499 hoc
1663 454 1863 500 maxime
1884 463 2087 514 potestas

38 515 68 552 ³³
121 523 272 570 divina
299 525 346 568 in
372 522 559 569 Christo
586 532 840 567 monstrata
872 532 955 576 est,
986 522 1108 581 quod
1141 522 1373 580 discipulis
1405 523 1498 566 suis
1530 532 1702 566 tantam
1734 522 1948 566 virtutem
1982 535 2090 565 con-

119 590 223 636 tulit
243 593 287 636 in
313 591 539 644 docendo,
567 600 614 634 ut
640 600 812 648 gentes,
840 602 957 648 quae
984 588 1099 632 nihil
1126 589 1182 632 de
1212 589 1398 632 Christo
1427 590 1676 642 audierant,
1696 598 2014 633 converterent
2037 587 2093 632 ad

40 656 57 682 Ὗ
102 658 285 719 ‘ipsum
314 657 523 702 Potestas
550 666 701 702 autem
730 654 904 700 Christi
931 656 976 698 in
1005 655 1215 699 docendo
1249 656 1505 708 attenditur,
1540 666 1583 699 et
1616 666 1833 714 quantum
1869 655 1924 699 ad
1957 655 2092 699 mira-

121 725 239 779 cula,
264 739 343 784 per
369 738 484 783 quae
510 723 766 768 doctrinam
793 735 922 766 suam
951 721 1263 774 confirmabat,
1292 732 1336 765 et
1369 722 1588 780 quantum
1623 722 1678 765 ad
1713 722 1966 766 efficaciam
1993 736 2094 782 per-

31 792 64 845 ξ’
120 792 355 845 suadendi,
379 801 424 836 et
449 800 669 850 quantum
697 789 752 832 ad
781 789 1100 833 auctoritatem
1116 789 1361 847 loquentis,
1380 789 1483 847 quia
1508 788 1777 846 loquebatur
1800 790 1928 848 quasi
1945 788 2091 832 domi-

36 867 54 891 ³²
119 861 249 904 nium
265 859 437 903 habens
454 871 587 916 super
603 857 771 915 legem,
790 870 894 900 cum
913 856 1102 900 diceret:
1120 857 1209 913 Ego
1227 862 1363 900 autem
1380 856 1469 900 dico
1486 857 1631 909 vobi5;
1648 866 1691 899 et
1707 857 1843 899 etiam
1869 866 2092 915 quantum

122 926 178 972 ad
203 926 417 970 virtutem
442 924 735 977 rectitudinis,
762 938 901 982 quarn
926 923 973 967 in
1000 937 1079 967 sua
1104 925 1452 967 conversatione
1470 923 1766 977 monstrabat,
1785 923 1882 966 sine
1899 933 2093 982 peccato

121 994 341 1038 vivendo.

212 1060 290 1105 AD
310 1070 538 1104 *TERTIUM
574 1058 832 1111 dicendum,
859 1057 982 1116 quod
1015 1057 1132 1101 sicut
1160 1057 1369 1102 Christus
1411 1070 1504 1100 non
1539 1056 1692 1100 debuit
1720 1071 1745 1100 a
1773 1057 1996 1116 principio
2038 1057 2086 1101 in

47 1115 86 1167 ⁵5„
122 1125 382 1173 differenter
424 1125 679 1171 Gentilibus
721 1139 849 1169 suam
887 1125 1141 1169 doctrinam
1185 1125 1543 1178 communicare,
1579 1134 1628 1167 ut
1658 1124 1839 1182 Judaeis
1871 1134 2091 1184 tanquam

123 1193 431 1255 primogenito
463 1192 635 1252 populo
681 1192 856 1236 deditus
889 1192 1229 1246 observaretur3
1267 1192 1327 1236 ita
1372 1192 1509 1236 etiam
1548 1205 1642 1235 non
1682 1191 1837 1235 debuit
1887 1191 2093 1236 Gentiles

123 1262 315 1307 omnino
340 1259 577 1320 repellere,
614 1273 672 1304 ne
699 1274 800 1318 spes
835 1258 991 1303 salutis
1026 1260 1089 1303 eis
1123 1258 1512 1318 praecluderetur:
1542 1268 1585 1302 et
1611 1268 1796 1317 propter
1828 1258 1919 1302 hoc
1954 1259 2093 1318 aliqui

122 1327 375 1374 Gentilium
400 1325 728 1387 particulariter
752 1336 858 1370 sunt
885 1326 1071 1370 admissi
1096 1337 1281 1386 propter
1300 1325 1622 1370 excellentiam
1640 1325 1760 1380 fidei,
1778 1335 1823 1370 et
1838 1325 2094 1370 devotionis

51 1412 69 1435 ,ν
122 1406 298 1440 eorum.

844 1570 1280 1628 ARTICULUS
1317 1571 1387 1626 11.
1778 1540 1781 1543 ’
2004 1598 2085 1644 231

198 1723 391 1763 UTRUM
423 1722 690 1762 CHRISTUS
725 1721 1000 1774 DEBUERIT
1027 1721 1254 1776 JUDAEIS
1289 1722 1410 1761 SINE
1443 1722 1634 1761 EORUM
1668 1722 2011 1762 OFFENSIONE

935 1803 1293 1843 PRAEDICARE.

213 1928 289 1973 AD
315 1935 574 1974 SECUNDUM
601 1927 664 1972 sic
683 1927 958 1986 proceditur.
985 1926 1190 1981 Videtur,
1208 1927 1329 1986 quod
1354 1926 1563 1971 Christus
1582 1927 1783 1972 debuerit
1794 1927 1976 1985 Judaeis
1994 1929 2093 1974 sine

45 1988 78 2033 ΜΨ
125 2009 287 2042 eorum
313 1994 566 2040 offensione
592 1996 874 2053 praedicare3
903 1997 1021 2054 quia,
1048 2005 1097 2038 ut
1129 1995 1323 2051 August.
1358 1995 1468 2038 dicit
1498 1995 1545 2037 in
1578 1994 1652 2038 lib.
1688 1995 1743 2038 de
1770 1996 1936 2053 Agone
1960 1996 2095 2041 Chri-

48 2050 87 2106 Ῐῗ
123 2063 275 2113 stiano
300 2063 413 2122 (cap.
439 2078 498 2109 11.
525 2063 570 2106 in
585 2063 651 2121 fin
655 2062 705 2119 .),
733 2078 756 2103 «
773 2062 819 2105 in
837 2062 1027 2106 homine
1047 2062 1151 2120 Jesu
1173 2061 1359 2107 Christo
1388 2076 1434 2106 se
1452 2062 1583 2106 nobis
1610 2062 1664 2105 ad
1694 2063 1953 2121 exemplum
1971 2065 2091 2108 vitae

123 2127 330 2192 paebuit
353 2128 492 2174 Filius
506 2129 594 2174 Dei
606 2143 658 2175 ».
677 2129 754 2174 sed
769 2142 854 2173 nos
871 2129 1088 2174 debemus
1104 2129 1246 2173 vitare
1265 2128 1569 2173 offensionem
1586 2143 1682 2172 non
1702 2129 1853 2173 solum
1870 2130 2090 2185 fidelium,

123 2191 204 2244 sei
228 2196 368 2242 etiam
391 2191 658 2250 infidelium,
685 2196 938 2240 secundum
963 2196 1075 2240 illud
1107 2210 1142 2240 1.
1162 2197 1217 2240 ad
1242 2197 1453 2241 Corinth.
1487 2211 1578 2242 10.:
1609 2198 1706 2242 Sine
1732 2198 1948 2256 offensione
1972 2205 2093 2244 estote

63 2257 89 2300 '³³2
116 2263 300 2325 Judaeis,
325 2269 364 2309 et
390 2262 608 2318 Gentibus,
636 2269 673 2308 et
694 2264 899 2308 Ecclesiae
919 2265 1030 2316 Dei;
1051 2278 1160 2322 ergo
1183 2264 1374 2318 videtur,
1402 2265 1524 2323 quod
1551 2265 1689 2308 etiam
1714 2265 1957 2310 Christus
1946 2281 1992 2310 m
2010 2281 2092 2311 sua

119 2330 330 2383 ,doctrina
355 2329 661 2376 offensionem
682 2330 961 2389 Judaeorum
987 2331 1130 2375 vitare
1153 2332 1370 2376 debuerit.

151 2397 573 2446 ὐςωΡιιΑΕἸ-ΕΒΕΑ.
591 2397 758 2442 Nullus
791 2399 971 2457 sapiens
998 2398 1131 2442 debet
1156 2398 1321 2452 facere,
1344 2398 1463 2442 unde
1492 2398 1706 2443 effectum
1733 2400 1799 2443 sui
1829 2401 1979 2459 operis
2006 2401 2089 2444 im-

118 2458 297 2529 psffia't:
321 2465 400 2510 sed
425 2479 507 2524 per
531 2466 623 2510 hoc
651 2465 774 2525 quod
801 2479 882 2510 sua
909 2466 1116 2510 doctrina
1140 2465 1558 2524 ChristusJudaeos
1585 2467 1794 2520 turbavit,
1813 2467 2089 2526 impedieba-

75 2524 405 2583 ‘'turi-effectus
429 2533 526 2590 ejus
553 2532 812 2578 doctrinae:
837 2533 999 2577 dicitur
1027 2534 1149 2577 enirn
1174 2533 1283 2577 LuC.
1309 2546 1375 2577 11.
1401 2534 1523 2591 quod
1545 2547 1651 2577 cum
1678 2534 1908 2579 Dominus
1930 2535 2090 2580 Phari-

119 2609 327 2664 ‚332008,et
342 2599 524 2644 Scribas
543 2600 908 2659 reprehenderet,
923 2607 1144 2660 coeperunt
1159 2602 1351 2659 graviter
1367 2603 1567 2655 insistere,
1585 2607 1676 2646 etos
1696 2604 1782 2659 ejus
1793 2605 2026 2662 opprimere
2043 2604 2093 2648 de

72 2666 280 2725 Lauinis,
302 2666 543 2712 insidiantes
574 2668 625 2720 ei,
653 2674 691 2711 et
720 2674 956 2726 quaerentes
987 2668 1148 2726 aliquid
1180 2677 1326 2728 capere
1348 2683 1397 2712 ex
1417 2683 1485 2712 ore
1507 2671 1607 2727 ejus,
1636 2676 1684 2713 ut
1709 2676 1950 2714 accusarent
1967 2687 2087 2724 eum,·

124 2729 361 2803 'mid‘f'ergo
384 2733 563 2778 videtur
587 2735 866 2779 conveniens
891 2733 1043 2789 fuisse,
1077 2736 1200 2794 quod
1227 2749 1307 2779 eos
1334 2736 1378 2778 in
1413 2749 1494 2780 sua
1522 2736 1727 2780 doctrina
1753 2736 2018 2782 offenderet.

0 2841 2 2856 ζ
65 2804 101 2867 ’νζ
157 2804 277 2861 ΨΒ.
274 2796 594 2846 PRAETEREA.
628 2801 881 2860 Apostolus
913 2802 1024 2845 dicit
1061 2814 1095 2845 1.
1132 2801 1338 2846 Timoth.
1377 2815 1435 2860 5.:
1469 2803 1679 2848 Seniorem
1711 2819 1760 2848 ne
1792 2806 2089 2864 increpaveris,

0 2865 3 2924 ζ
72 2862 192 2928 {aa
226 2869 395 2913 obsecra
425 2874 470 2912 ut
507 2874 702 2928 patrem:
735 2869 814 2912 sed
847 2869 1121 2922 sacerdotes,
1155 2878 1200 2913 et
1232 2870 1456 2929 principes
1495 2870 1775 2928 Judaeorum
1810 2882 1937 2915 erant
1969 2870 2089 2916 illius

0 2927 1 2945 ³
67 2925 294 3016 popm„
307 2935 538 2989 seniore83
569 2948 681 3010 ergo
713 2935 905 2990 videtur,
949 2936 1072 2995 quod
1104 2950 1198 2980 non
1239 2935 1405 2982 fuerint
1441 2937 1563 2982 duris
1605 2939 1993 2998 increpationibus
2027 2954 2093 2983 ar-

155 3050 311 3116 sm
335 3080 531 3115 CONTRA
553 3078 634 3124 est,
656 3069 779 3128 quod
820 3070 906 3114 Isa.
933 3070 974 3114 8.
1002 3069 1150 3114 fuerat
1175 3071 1554 3130 prophetizatum,
1581 3073 1703 3132 quod
1732 3073 1941 3118 Christus
1970 3082 2089 3118 esset

58 3127 187 3193 ἰιὶ
175 3129 376 3196 meum
402 3137 647 3196 offensionis,
673 3143 710 3182 ei
735 3144 904 3197 petram
925 3138 1112 3183 scandali
1137 3138 1294 3184 duabus
1308 3140 1506 3184 domibus
1527 3141 1668 3185 Israel.

26 3249 28 3252 ,
208 3202 505 3249 ΚεεΡοΝῠεο
537 3204 794 3258 dicendum,
817 3206 939 3264 quod
963 3205 1084 3250 salus
1110 3205 1412 3251 multitudinis
1440 3217 1507 3251 est
1532 3207 1825 3266 praeferenda
1853 3209 1953 3267 paci
1981 3222 2090 3267 quo-

0 3280 2 3323 Ϊ
67 3272 426 3331 ζμῐυωωωῳιε
458 3270 765 3330 singularium*
790 3271 1057 3316 hominum·
1086 3282 1129 3316 et
1160 3273 1265 3316 ideo
1299 3274 1481 3332 quando
1515 3274 1653 3332 aliqui
1685 3289 1765 3317 sua
1798 3275 2091 3334 perversitate

0 3335 1 3358 ³
77 3330 426 3388 {multitudinis
452 3336 647 3383 salutern
675 3338 944 3397 impediunt,
974 3353 1069 3383 non
1097 3348 1163 3383 est
1187 3340 1391 3384 timenda
1410 3354 1570 3384 eorum
1598 3339 1790 3383 offensio
1815 3356 1839 3384 a
1861 3341 2090 3400 praedica-

0 3451 3 3462 ,
76 3410 242 3489 stote,
266 3402 344 3447 vel
364 3403 568 3458 doctore,
595 3404 651 3448 ad
676 3405 768 3449 hoc
797 3405 919 3464 quod
945 3405 1247 3450 multitudinis
1273 3406 1404 3451 saluti
1430 3407 1692 3465 provideat·
1721 3408 1893 3452 scribae
1920 3419 2088 3464 autem,

76 3455 177 3515 et
199 3470 439 3529 pharisaei,
461 3481 508 3516 et
529 3471 758 3549 principes
779 3471 1058 3530 judaeorum
1084 3484 1164 3517 sua
1197 3472 1370 3517 malitia
1396 3473 1641 3532 plurimum
1670 3474 1977 3531 impediebant
2013 3491 2091 3535 po-

79 3528 227 3595 puli
250 3535 473 3594 salutem:
493 3544 595 3583 tum
617 3538 725 3598 quia
751 3539 1066 3598 repugnabant
1090 3539 1261 3584 Christi
1288 3540 1536 3593 doctrinae,
1564 3553 1643 3615 per
1675 3555 1812 3599 quam
1838 3541 1987 3587 solam
2014 3557 2091 3603 po-

36 3571 103 3655 3'3'3
130 3610 255 3649 tent
268 3608 381 3648 esse
394 3602 539 3649 salus:
555 3606 673 3648 tuin
690 3605 830 3649 etiam
862 3606 968 3664 quia
996 3606 1149 3669 pravis
1181 3607 1273 3651 suis
1306 3607 1509 3651 moribus
1534 3606 1674 3650 vitam
1703 3608 1860 3668 populi
1893 3623 2092 3655 corrum-

73 3668 325 3729 ftpebaut
345 3675 393 3715 et
415 3670 522 3715 ideo
550 3670 793 3726 Dominus,
814 3685 909 3716 non
934 3672 1141 3720 obstante
1167 3672 1418 3718 offensione
1447 3687 1622 3729 eorum,
1648 3674 1827 3734 publice
1852 3678 2089 3724 veritatem
