2352 3926
285 235 385 273 110
849 229 1128 276 QUAESTIO
1169 229 1244 268 IX.
1285 226 1595 268 ARTICULUS
1634 226 1670 265 1.

278 345 345 379 est
370 349 451 379 sua
478 333 742 387 substantia,
768 341 817 376 ut
842 332 1004 391 probat
1035 330 1207 376 Philos.
1241 343 1306 376 12.
1341 329 1542 388 Metaph.
1579 327 1677 385 (tex.
1707 328 1826 388 39.),·
1852 327 1973 373 unde
2003 327 2080 373 hic
2113 337 2240 373 actus

277 416 370 446 non
393 401 539 461 potuit
566 413 664 445 esse
692 399 871 443 animae
899 398 1086 453 Christi,
1114 413 1219 443 cum
1246 399 1303 443 sit
1330 397 1512 441 alterius
1534 404 1737 440 naturae.
1757 395 1807 440 Si
1822 395 1959 454 igitur
1973 408 2069 440 non
2084 394 2242 440 fuisset

276 470 323 512 in
350 469 501 512 anima
530 467 702 511 Christi
729 466 879 525 aliqua
912 466 1001 510 alia
1029 466 1223 510 scientia
1255 474 1431 524 praeter
1465 463 1682 517 divinam,
1707 461 1823 507 nihil
1849 462 2163 522 cognovisset.
2197 473 2243 507 et

276 538 337 580 ita
362 534 517 579 fuisset
549 534 711 577 frustra
739 543 997 592 assumpta·
987 568 998 588 ‚
1030 548 1135 577 cum
1162 533 1312 577 omnis
1339 545 1410 574 res
1437 530 1494 574 sit
1518 539 1703 589 propter
1728 543 1859 574 suam
1885 529 2216 596 operationem.

365 603 440 646 AD
475 613 734 645 SECUNDUM
763 600 1024 655 dicendum,
1051 601 1173 659 quod
1200 599 1238 643 si
1264 599 1354 642 duo
1381 597 1557 641 lumina
1585 595 1864 656 accipiantur
1889 597 2113 655 eiusdem
2116 589 2242 641 ordi-

275 670 359 724 nis,
386 669 536 712 minus
564 667 811 712 offuscatur
838 682 917 727 per
943 669 1111 727 majus:
1140 667 1256 711 sicut
1281 666 1438 710 lumen
1464 664 1575 709 solis
1602 663 1797 708 offuscat
1826 662 1984 708 lumen
2010 662 2242 717 candelae,

279 751 475 795 quorum
503 746 746 794 utrumque
774 736 998 812 accipitur
1025 736 1070 778 in
1104 734 1260 778 ordine
1294 731 1614 777 illuminantis:
1641 731 1680 776 si
1705 745 1814 775 vero
1842 730 2120 790 accipiantur
2150 730 2242 774 duo

275 804 463 856 lumina,
496 803 558 846 ita
584 803 706 862 quod
735 804 883 861 majus
911 803 968 847 sit
988 802 1034 844 in
1058 802 1216 845 ordine
1242 794 1556 852 illuminantis,
1584 808 1629 843 et
1652 798 1804 842 minus
1826 798 1874 842 in
1895 797 2055 842 ordine
2080 796 2245 841 illumi-

275 871 383 924 nati,
411 872 561 914 minus
587 870 743 914 lumen
769 884 864 913 non
891 868 1138 913 offuscatur
1163 882 1244 926 per
1270 867 1432 924 majus,
1458 865 1538 910 sed
1565 866 1713 924 magis
1732 875 1935 924 augetur,
1953 865 2070 910 sicut
2085 863 2243 908 lumen

278 939 391 982 aeris
418 951 497 997 per
523 937 679 982 lumen
706 936 838 991 solis;
866 947 910 980 et
934 937 1025 988 hoc
1052 934 1194 978 modo
1221 933 1379 977 lumen
1405 933 1622 977 scientiae
1648 947 1742 977 non
1768 931 2032 987 offuscatur,
2049 930 2130 977 sed
2146 945 2240 976 ma-

277 1005 344 1064 gis
373 1004 580 1049 clarescit
605 1005 651 1048 in
679 1005 831 1048 anima
859 1003 1029 1047 Christi
1056 1017 1136 1060 per
1160 1001 1317 1047 lumen
1343 1001 1560 1045 scientiae
1587 1000 1780 1054 divinae,
1806 1013 1923 1060 quae
1949 1009 2018 1044 est
2042 999 2116 1044 lux
2135 1013 2241 1044 vera

276 1073 517 1117 illuminans
544 1087 704 1117 omnem
731 1072 936 1115 hominem
961 1072 1190 1114 venientem
1217 1070 1261 1112 in
1287 1069 1394 1112 hunc
1419 1067 1636 1123 mundum,
1663 1077 1713 1112 ut
1738 1067 1902 1112 dicitur
1920 1067 2051 1126 Joan.
2084 1080 2121 1111 1.

367 1140 442 1183 AD
461 1152 677 1183 TERTIUM
697 1138 955 1191 dicendum,
970 1137 1091 1196 quod
1103 1151 1155 1180 ex
1174 1145 1299 1194 parte
1317 1134 1551 1178 unitorum
1568 1136 1751 1194 ponitur
1767 1134 1958 1179 scientia
1974 1136 2021 1178 in
2039 1132 2242 1188 Christo,

278 1217 322 1251 et
347 1205 567 1266 quantum
595 1206 651 1249 ad
673 1215 883 1249 naturam
911 1205 1126 1257 divinam,
1155 1213 1198 1246 et
1223 1211 1444 1261 quantum
1472 1202 1528 1245 ad
1550 1202 1818 1256 humanam,
1834 1201 1897 1245 ita
1914 1200 2037 1261 quod
2059 1209 2246 1260 propter

276 1274 511 1328 unionem,
538 1273 790 1317 secundum
818 1286 955 1331 quam
983 1281 1050 1315 est
1076 1270 1238 1315 eadem
1264 1269 1523 1328 hypostasis
1548 1269 1651 1323 Dei,
1676 1279 1720 1313 et
1740 1269 1958 1323 hominis,
1973 1268 2020 1313 id
2037 1268 2159 1328 quod
2177 1277 2246 1313 est

276 1341 378 1395 Dei,
407 1341 661 1384 attribuitur
686 1340 879 1393 homini,
918 1348 962 1382 et
994 1338 1037 1381 id
1076 1337 1198 1397 quod
1235 1346 1301 1381 est
1336 1337 1552 1390 hominis,
1586 1336 1840 1381 attribuitur
1872 1337 1992 1391 Deo,
2027 1346 2078 1381 ut
2108 1348 2244 1396 supra

276 1409 449 1452 dictum
473 1418 539 1451 est
566 1409 622 1466 (q.
647 1422 681 1466 3.
710 1413 789 1451 art.
818 1423 851 1451 I.
880 1408 924 1449 in
951 1420 1039 1464 arg.
1068 1412 1106 1449 et
1131 1413 1306 1464 respons.
1335 1410 1371 1448 et
1392 1411 1474 1448 art.
1503 1404 1543 1448 6.
1568 1418 1656 1462 arg.
1675 1405 1766 1463 3.).1
1787 1403 1866 1448 sed
1884 1417 1938 1448 ex
1958 1413 2086 1464 parte
2103 1402 2245 1463 ipsius

276 1475 457 1519 unionis
492 1489 586 1518 non
621 1484 770 1534 potest
806 1474 916 1532 poni
951 1474 998 1516 in
1032 1472 1217 1517 Christo
1246 1470 1396 1530 aliqua
1437 1471 1649 1515 scientia-z
1685 1485 1795 1514 nam
1831 1470 1940 1514 unio
1973 1469 2053 1515 ina
2084 1478 2153 1515 est
2187 1470 2245 1514 ad

277 1557 376 1586 esse
409 1541 668 1600 personale;
696 1541 883 1586 scientia
911 1550 1064 1584 autem
1090 1553 1185 1583 non
1213 1538 1429 1583 convenit
1453 1552 1691 1597 personae,
1724 1537 1814 1583 nisi
1844 1538 2023 1582 ratione
2040 1535 2245 1597 'alicujus

276 1619 478 1653 naturae.

982 1769 1420 1827 ARTICULUS
1464 1770 1536 1826 Π.
2141 1752 2143 1754 ’
2183 1751 2239 1844 '65

331 1910 522 1949 UTRUM
563 1897 828 1949 CHRISTUS
870 1909 1146 1947 HABUERIT
1188 1909 1502 1959 SCIENTIAM,
1547 1908 1705 1955 QUAM
1745 1909 1964 1950 HABENT
2004 1907 2189 1960 BEAT1‚

946 1992 1050 2028 VEL
1086 1990 1608 2030 COMPREHENSORES.

687 2119 690 2122 ⁴
733 2103 861 2162 (Infr.
893 2109 975 2148 art.
1003 2118 1039 2162 3.
1074 2111 1190 2162 corp.
1225 2109 1260 2148 et
1292 2110 1428 2162 opusc.
1461 2117 1501 2148 2.
1535 2109 1625 2162 cap.
1657 2102 1786 2162 217).

367 2213 443 2258 An
469 2227 730 2259 SECUNDUM
757 2214 820 2258 sic
842 2213 1115 2273 proceditur.
1133 2213 1338 2267 Videtur,
1356 2212 1478 2272 quod
1500 2212 1545 2255 in
1565 2211 1753 2256 Christo
1780 2223 1876 2254 non
1901 2208 2036 2254 fuerit
2054 2209 2246 2255 scientia

275 2281 529 2335 beatorum,
555 2280 630 2325 vel
657 2282 1118 2340 comprehensorum:
1147 2281 1338 2324 scientia
1370 2282 1494 2324 enim
1525 2279 1767 2323 beatorum
1797 2287 1868 2322 est
1894 2289 1977 2337 per
2005 2276 2244 2337 participa-

275 2348 451 2393 tionem
477 2348 617 2391 divini
642 2347 841 2402 luminis,
869 2348 1119 2392 secundum
1147 2347 1258 2391 illud
1275 2347 1348 2391 Ps.
1381 2360 1472 2405 35.:
1491 2347 1543 2390 In
1559 2346 1719 2389 lumine
1737 2351 1805 2389 tuo
1822 2344 2055 2389 videbimus
2070 2343 2211 2390 lumen
2229 2359 2244 2390 .·

277 2416 355 2460 sed
384 2415 593 2460 Christus
619 2429 713 2458 non
746 2415 904 2458 habuit
935 2414 1090 2458 lumen
1124 2414 1328 2458 divinum
1359 2423 1578 2472 tanquam
1613 2412 1950 2470 participatum,
1991 2410 2071 2456 sed
2095 2411 2245 2471 ipsam

277 2483 558 2527 divinitatem
585 2482 630 2525 in
657 2497 705 2526 se
733 2482 890 2526 habuit
906 2481 1258 2525 substantialiter
1275 2490 1554 2534 manentem,
1572 2479 1827 2523 secundum
1849 2477 1959 2523 illud
1983 2477 2167 2524 Coloss.
2186 2491 2246 2525 2.:

276 2551 328 2594 In
352 2549 518 2595 Christo
544 2550 752 2593 inhahitat
773 2551 905 2593 omnis
925 2548 1142 2609 plenitudo
1170 2548 1406 2592 divinitatis
1422 2547 1695 2605 corporaliter
1704 2561 1721 2599 ;
1742 2559 1853 2605 ergo
1874 2545 1922 2590 in
1941 2545 2127 2591 Christo
2148 2560 2245 2591 non

276 2616 360 2661 fuit
385 2617 572 2660 scientia
598 2617 851 2660 beatorum.
2163 2646 2165 2649 .

368 2697 407 2728 2.
421 2685 718 2729 PRAETEREA.
738 2683 936 2727 Scientia
956 2682 1194 2726 beatorum
1214 2695 1293 2726 eos
1310 2681 1469 2725 beatos
1486 2680 1608 2734 facit,
1626 2679 1878 2724 secundum
1891 2678 2243 2740 illudJoan.m7.:

276 2752 393 2797 Haec
420 2758 472 2796 est
497 2753 588 2796 vita
615 2757 794 2802 aeterna,
826 2756 871 2794 ut
896 2755 1140 2807 cognoscant
1163 2755 1198 2793 te
1222 2749 1356 2792 solum
1380 2763 1528 2793 verum
1555 2749 1709 2800 Deum,
1737 2753 1773 2791 et
1798 2762 1918 2805 quem
1938 2747 2244 2805 misisti'Jesum

280 2818 521 2865 Christum:
549 2819 627 2863 sed
653 2818 797 2862 homo
825 2817 901 2861 ille
927 2815 1011 2860 fuit
1035 2817 1193 2860 beatus
1222 2830 1275 2859 ex
1301 2815 1391 2859 hoc
1418 2815 1534 2874 ipso,
1557 2814 1679 2873 quod
1696 2813 1780 2857 fuit
1795 2814 1900 2859 Deo
1917 2814 2133 2859 unitusin
2149 2828 2245 2875 per·

278 2901 406 2941 sona,
432 2886 683 2931 secundum
710 2885 820 2929 illud
857 2884 929 2927 Ps.
958 2881 1051 2938 64:
1078 2885 1240 2936 Beatus,
1270 2898 1389 2940 quem
1414 2882 1580 2940 elegisti,
1624 2887 1659 2925 et
1691 2883 1977 2941 assumpsisti;
2003 2895 2100 2927 non
2130 2894 2243 2942 ergo

278 2964 458 3015 oportet
483 2967 652 3012 ponere
679 2953 724 2996 in
750 2953 850 3011 ipso
877 2950 1115 2995 scientiam
1141 2950 1396 2994 beatorum.

369 3036 407 3081 3.
434 3021 731 3065 PRAETEREA.
762 3018 959 3063 Scientia
986 3017 1136 3077 duplex
1161 3016 1343 3060 homini
1369 3014 1612 3075 competit3
1639 3030 1725 3060 una
1748 3016 2009 3062 secundum
2015 3028 2149 3062 suam
2168 3027 2246 3060 na·

276 3099 451 3144 turam3
478 3089 565 3133 alia
589 3101 725 3147 supra
750 3096 983 3130 naturam:
1011 3084 1201 3128 scientia
1228 3093 1381 3127 autem
1406 3083 1661 3136 beatorum,
1689 3097 1805 3142 quae
1831 3083 1878 3128 in
1896 3083 2050 3129 divina
2063 3082 2244 3130 visione

278 3157 496 3210 consistit,
523 3170 617 3199 non
644 3165 712 3199 est
737 3153 988 3198 secundum
1015 3162 1225 3195 naturam
1256 3150 1473 3204 hominis,
1505 3150 1583 3194 sed
1624 3164 1758 3210 supra
1795 3151 1892 3210 ejus
1926 3160 2166 3197 naturam.
2195 3148 2243 3195 in

278 3225 465 3269 Christo
493 3232 645 3266 autern
671 3221 755 3266 fuit
781 3220 869 3265 alia
895 3217 1248 3297 supernaturalis
1275 3217 1464 3261 scientia
1491 3216 1638 3261 multo
1666 3217 1815 3272 altior,
1846 3218 2024 3264 scilicet
2052 3216 2244 3263 scientia

278 3291 450 3346 divina3
476 3305 570 3334 non
597 3302 706 3349 ergo
732 3287 934 3348 oportuit
958 3287 1004 3330 in
1033 3285 1220 3330 Christo
1248 3299 1346 3329 esse
1372 3284 1612 3328 scientiam
1638 3284 1895 3331 beatorum.
2003 3286 2040 3319 ⁴³·
2134 3302 2136 3306 ³
2202 3306 2203 3309 ¹

367 3359 461 3403 SED
490 3369 699 3403 CONTRA.
725 3354 925 3400 Scientia
947 3352 1212 3397 beatorum
1201 3367 1247 3396 m
1264 3351 1356 3396 Dei
1373 3351 1634 3410 cognitione
1653 3352 1883 3397 consistit.
1899 3351 1981 3398 sed
1994 3349 2243 3413 ipseplene

279 3426 498 3485 cognovit
522 3425 690 3478 Deum,
716 3424 854 3468 etiam
880 3421 1132 3467 secundum
1159 3419 1281 3479 quod
1307 3419 1468 3473 home,
1494 3419 1748 3463 secundum
1773 3418 1885 3464 illud
1901 3418 2034 3479 Joan.
2054 3418 2122 3466 &a
2146 3418 2241 3466 Scio

278 3509 384 3548 eum,
412 3500 450 3538 et
473 3507 700 3538 sermonem
726 3494 813 3550 ejzcs
837 3503 983 3542 servo;
1013 3502 1123 3547 ergo
1156 3487 1201 3531 in
1230 3486 1416 3531 Christo
1438 3485 1523 3530 fuit
1548 3486 1736 3531 scientia
1762 3486 2019 3532 beatorum.
2093 3485 2098 3491 '

367 3560 656 3606 RESPONDEO
683 3558 941 3611 dicendum,
969 3555 1090 3615 quod
1116 3553 1227 3599 illud
1255 3552 1376 3613 quod
1395 3553 1526 3598 estin
1543 3555 1761 3612 potentia,
1777 3553 2069 3601 reduciturin
2086 3562 2242 3600 aetum

279 3642 358 3688 per
382 3628 428 3672 id
454 3628 575 3687 quod
603 3635 678 3672 est
696 3635 824 3670 actu:
851 3633 1032 3684 oportet
1057 3623 1181 3668 enim
1206 3634 1305 3666 esse
1332 3619 1532 3665 calidum
1557 3620 1618 3675 id,
1638 3634 1717 3680 per
1739 3615 1863 3681 quod
1885 3619 1976 3667 alia
2001 3619 2238 3667 calefiunt·
