2352 3926
261 256 371 311 214
792 251 1072 299 QUAES'HO
1113 250 1280 294 xxnn.
1306 250 1626 295 ARTICULUS,
1655 251 1725 298 11„

350 357 426 400 AD
455 367 671 399 TERTIUM
697 352 958 406 dicendum,
985 351 1123 411 quod,
1149 352 1265 396 sicut
1291 352 1464 396 dictum
1496 362 1563 397 est
1588 352 1691 411 (art.
1709 360 1854 412 praec.
1881 353 1935 398 ad
1956 353 2035 411 2.),
2061 352 2221 399 filiatio

263 423 475 481 adoptiva
507 432 574 466 est
599 420 826 480 quaedam
858 419 1109 463 similitudo
1150 418 1382 463 filiationis
1419 429 1650 464 aeternae:
1692 419 1809 463 sicut
1839 420 1996 464 omnia
2027 434 2144 479 quae
2174 421 2223 465 in
2266 434 2268 437 ’

261 501 468 548 tempore
493 488 614 532 facta
641 497 758 540 sunt,
785 486 1104 531 similitudines
1132 486 1358 545 quaedam
1383 496 1488 531 sunt
1509 501 1684 540 eorum,
1706 500 1822 546 quae
1846 487 1900 530 ab
1925 497 2111 532 aeterno
2131 486 2225 533 fue-

262 567 387 601 runt:
417 554 693 599 assimilatur
719 564 872 598 autem
898 553 1044 597 homo
1071 552 1303 613 splendori
1329 554 1500 598 aeterni
1525 553 1625 597 Filii
1648 567 1728 611 per
1754 554 1926 611 gratiae
1951 552 2223 611 claritatem,

263 638 379 682 quae
412 622 667 666 attribuitur
694 620 882 679 Spiritui
908 614 1104 665 Sancto:
1138 629 1183 664 et
1213 620 1317 664 ideo
1350 620 1582 679 adoptatio
1615 619 1722 664 licet
1752 620 1809 664 sit
1841 621 2102 666 communis
2134 623 2225 667 toti

265 689 492 742 Trinitati,
519 688 834 747 appropriatur
864 696 1021 733 tamen
1053 688 1177 731 Patri
1206 697 1255 732 ut
1288 688 1478 741 auctori,
1510 687 1626 731 Filio
1660 696 1709 731 ut
1741 685 2002 746 exemplari,
2037 687 2225 747 Spiritui

265 757 434 801 Sancto
462 765 510 799 ut
534 754 817 814 imprimenti
843 754 889 798 in
914 754 1047 799 nobis
1071 754 1209 814 hujus
1235 754 1583 799 similitudinem
1610 753 1896 813 exemplaris.

965 952 1401 1010 ARTICULUS
1444 953 1544 1009 111.
2145 967 2227 1026 ηε

415 1102 609 1141 UTRUM
639 1101 922 1141 ADOPTARI
951 1103 1035 1140 SIT
1067 1103 1345 1142 PROPRIUM
1376 1102 1701 1143 RATIONALIS
1737 1102 2078 1147 CREATURAE.

306 1228 360 1287 (3.
388 1228 500 1273 Dist.
528 1242 593 1275 10.
621 1242 659 1285 q.
683 1241 723 1273 2,
749 1233 830 1271 art.
857 1241 895 1271 2.
924 1242 977 1285 q„
990 1243 1025 1271 I.
1053 1233 1090 1271 et
1114 1242 1153 1272 2.
1181 1234 1216 1272 et
1240 1228 1311 1272 lib.
1337 1241 1380 1284 4.
1407 1227 1552 1273 Contr.
1577 1240 1616 1284 g.
1644 1233 1737 1286 cap.
1760 1241 1823 1286 17.
1839 1227 1920 1286 fin.
1943 1233 1979 1272 et
2000 1241 2064 1272 21.
2084 1226 2199 1285 stru),

355 1353 432 1397 AD
460 1365 677 1397 TERTIUM
703 1353 767 1396 sic
795 1353 1068 1411 proceditur.
1095 1353 1301 1406 Videtur,
1329 1352 1452 1411 quod
1481 1352 1688 1411 adoptari
1714 1366 1808 1396 non
1830 1352 1888 1396 sit
1907 1353 2144 1412 proprium
2165 1366 2232 1397 ra·

265 1419 448 1465 tionalis
476 1429 729 1473 creaturae3
756 1433 851 1462 non
878 1420 999 1462 enim
1028 1419 1191 1463 dicitur
1216 1421 1342 1463 Deus
1368 1429 1496 1478 pater
1522 1429 1754 1463 creaturae
1777 1419 2135 1473 rationalisjnisi
2150 1434 2232 1480 per

268 1488 584 1546 adoptionem:
613 1487 776 1530 dicitur
803 1496 956 1529 autem
982 1497 1109 1546 pater
1134 1496 1366 1530 creaturae
1385 1487 1524 1530 etiam
1540 1485 1830 1540 irrationalis,
1846 1486 2099 1538 secundum
2120 1484 2233 1532 illud

260 1555 344 1613 Job
377 1554 468 1613 38.:
499 1555 606 1610 Quis
631 1560 686 1597 est
707 1553 879 1611 pluviae
899 1559 1036 1612 pater,
1059 1551 1108 1597 'et
1138 1554 1268 1598 stillas
1293 1554 1404 1597 roris
1429 1554 1519 1611 quis
1541 1554 1721 1611 genuit?
1746 1553 1877 1612 Ergo>
1897 1553 2115 1613 adoptari
2135 1567 2235 1606 non

268 1632 336 1666 est
361 1622 598 1681 proprium
624 1619 859 1664 rationalis
887 1629 1134 1670 creaturae.

359 1702 399 1732 2.
431 1689 730 1732 PRAETEREA.
757 1687 843 1730 Per
870 1687 1167 1746 adoptionem
1194 1687 1404 1731 dicuntur
1436 1686 1575 1746 aliqui
1605 1686 1687 1732 filii
1715 1687 1828 1735 Dei:
1861 1686 1941 1732 sed
1977 1701 2076 1739 esse
2115 1686 2236 1741 filios

268 1757 358 1800 Dei
383 1756 429 1799 in
466 1755 697 1812 Scriptura
730 1756 910 1813 proprie
950 1754 1127 1798 videtur
1168 1754 1348 1798 attribui
1389 1754 1595 1813 Angelis,
1628 1755 1889 1803 ‚secundum
1919 1753 2032 1799 illud
2057 1754 2144 1814 Job
2173 1767 2233 1808 lp:

272 1823 471 1881 Quadam
497 1828 634 1866 autem
661 1822 724 1866 die
750 1837 844 1866 cum
877 1823 1104 1869 assisterent
1116 1822 1205 1880 filii
1230 1823 1315 1866 De'i
1340 1837 1484 1867 coram
1512 1823 1726 1875 Domino;
1770 1837 1881 1881 ergo
1922 1836 2016 1867 non
2043 1832 2113 1873 est
2135 1836 2236 1882 pro-

269 1892 418 1950 prium
445 1900 677 1933 creaturae
704 1888 939 1932 rationalis
966 1889 1187 1947 adoptari.

363 1971 400 2014 3.
423 1957 722 2001 PRAETEREA.
759 1955 899 2007 Quod
933 1965 999 1999 est
1031 1956 1264 2015 proprium
1298 1955 1435 2000 alicui
1464 1966 1668 2010 naturae,
1691 1956 1907 2000 convenit
1927 1956 2140 2005 omnibus
2160 1955 2238 2000 h-a-

270 2024 478 2068 bentibus
523 2033 735 2068 naturam
780 2022 932 2076 illam3
973 2023 1090 2066 sicut
1137 2023 1304 2066 risibile
1355 2025 1568 2068 convenit
1600 2023 1812 2074 omnibus
1843 2023 2138 2074 hominibus:
2157 2022 2237 2068 sed

272 2090 479 2149 adoptari
509 2103 624 2148 non,
638 2091 852 2133 convenit
877 2090 1007 2132 omni
1037 2089 1250 2133 rationali
1280 2100 1493 2145 naturae3
1532 2104 1642 2148 ergo
1681 2090 1886 2149 adoptari
1918 2104 2013 2134 non
2046 2099 2119 2138 est,
2139 2102 2239 2148 pyo-

270 2158 421 2216 prium
447 2155 682 2200 rationalis
709 2166 956 2200 creaturae.

363 2225 457 2268 SED
486 2236 682 2268 CONTRA
709 2233 790 2277 est,
817 2223 940 2281 quod
965 2222 1047 2266 filii
1079 2223 1282 2282 adoptati
1314 2233 1417 2267 sunt
1437 2224 1658 2268 haeredes
1679 2224 1783 2278 Dei,
1806 2234 1856 2268 ut
1875 2233 1998 2284 patet
2017 2223 2155 2274 Rom.
2171 2223 2238 2278 8.;

271 2292 348 2336 sed
375 2291 478 2335 talis
503 2290 760 2334 haereditas
783 2290 999 2334 convenit
1019 2290 1106 2334 soli
1127 2289 1340 2336 rationali
1362 2300 1617 2345 creaturae3
1642 2305 1752 2349 ergo
1773 2291 2011 2351 proprium
2032 2300 2102 2335 est
2121 2303 2242 2342 crea-

269 2370 398 2404 turae
430 2357 663 2402 rationalis
697 2358 914 2416 adoptari.

360 2426 650 2470 RESPONDEo
678 2425 938 2478 dicendum,
975 2425 1113 2483 quod,
1147 2425 1265 2469 sicut
1296 2425 1471 2469 dictum
1507 2435 1573 2469 est
1601 2425 1706 2482 (art.
1726 2433 1871 2484 praec.
1897 2424 1952 2475 ad
1972 2426 2048 2484 3.)‚
2080 2422 2253 2475 filiatio.
2291 2453 2294 2455 —
2341 2417 2352 2451 ἶ

273 2493 530 2551 adoptionis
557 2502 625 2536 est
652 2492 877 2551 quaedam
904 2491 1154 2536 similitudo
1181 2492 1412 2536 filiationis
1439 2492 1679 2537 naturalis:
1722 2491 1842 2540 filius
1868 2501 2023 2537 autem
2047 2491 2144 2542 Dei
2165 2503 2244 2535 na-

270 2560 475 2606 turaliter
501 2559 707 2618 procedit
733 2574 759 2602 a
784 2560 933 2612 Patre,
961 2570 1009 2603 ut
1045 2560 1234 2603 verbum
1271 2559 1593 2617 intellectuale,
1636 2574 1778 2603 unum
1821 2573 1927 2605 cum
1966 2559 2067 2618 ipso
2106 2558 2248 2610 Patre?

273 2629 488 2673 existens:
512 2627 618 2670 huic
643 2640 752 2685 ergo
774 2627 915 2670 verbo
939 2627 1160 2686 tripliciter
1176 2637 1325 2685 potest
1343 2626 1510 2685 aliquid
1530 2625 1790 2670 assimilari:
1814 2641 1894 2671 uno
1913 2625 2099 2685 quidem
2118 2624 2243 2676 modo

273 2694 528 2740 secundum
558 2694 783 2737 rationem
813 2692 1005 2747 formae,
1037 2708 1131 2737 non
1166 2704 1317 2738 autem
1345 2693 1597 2738 secundum
1618 2692 2059 2741 intellectualitatem
2079 2691 2259 2750 ipsius:-n

273 2763 391 2807 sicut
415 2761 565 2805 forma
592 2761 757 2804 domus
784 2762 977 2804 exterius
1005 2761 1277 2805 constitutae
1306 2759 1581 2804 assimilatur
1601 2759 1741 2803 verbo
1763 2758 1960 2806 mentali
1975 2757 2157 2804 artificis
2178 2771 2244 2803 se·

275 2829 475 2875 cundum
494 2829 694 2887 speciem
712 2826 903 2881 formae,
922 2841 1015 2871 non
1035 2837 1188 2871 autem
1207 2827 1459 2872 secundum
1476 2825 1942 2881 intellectualitatem;
1963 2825 2070 2885 quia
2090 2824 2245 2876 forma

274 2895 439 2940 domus
466 2895 511 2938 in
540 2894 728 2938 materia
755 2909 848 2937 non
878 2905 945 2938 est
970 2894 1279 2953 intelligibilis,
1307 2895 1426 2945 sicut
1456 2905 1552 2938 erat
1584 2896 1629 2937 in
1661 2903 1814 2939 mente
1847 2893 2054 2941 arti-ficis:
2082 2903 2130 2938 et
2150 2892 2242 2939 hoc

275 2963 418 3007 modo
444 2962 598 3006 Verbo
632 2971 818 3005 aeterno
855 2960 1128 3004 assimilatur
1161 2961 1390 3020 quaelibet
1425 2971 1645 3014 creatura,
1681 2975 1786 3004 curn
1818 2960 1875 3005 sit
1894 2960 2013 3005 facta
2030 2975 2117 3020 per
2134 2959 2245 3005 Ver-

273 3030 407 3074 bum:
432 3028 605 3074 secundo
632 3028 752 3071 modo
782 3028 1055 3071 assimilatur
1083 3038 1286 3072 creatura
1319 3029 1488 3082 Verbo,
1525 3042 1619 3071 non
1651 3027 1804 3071 solum
1837 3037 2059 3087 quantum
2091 3026 2148 3073 ad
2178 3040 2246 3078 rae-

274 3097 451 3141 tionem
476 3095 666 3149 formae,
685 3095 762 3139 sed
782 3096 920 3139 etiam
939 3105 1159 3153 quantum
1179 3095 1232 3138 ad
1252 3094 1692 3139 intellectualitatem
1714 3094 1877 3153 ipsius:
1901 3095 2019 3139 sicut
2040 3094 2251 3149 scienda,

277 3178 392 3224 quae
423 3163 474 3207 fit
505 3163 550 3206 in
584 3173 735 3206 mente
760 3161 983 3221 discipuli,
1012 3161 1286 3206 assimilatur
1308 3162 1447 3206 verbo
1471 3161 1592 3220 quod
1617 3171 1685 3206 est
1705 3163 1755 3206 in·
1772 3171 1926 3209 mente
1949 3160 2255 3220 magistuizsset

275 3233 367 3276 hoc
402 3231 542 3275 modo
577 3240 781 3275 creatura
814 3229 1063 3283 rationalis,
1097 3230 1235 3274 etiam
1268 3229 1519 3273 secundum
1553 3243 1684 3273 suam
1715 3239 1940 3284 naturam,
1971 3225 2246 3278 assimilatur
2312 3267 2314 3270 ,

276 3299 431 3343 Verbo
459 3298 571 3342 Dei:
605 3299 724 3342 tertio
761 3297 882 3340 modo
920 3295 1194 3340 assimilatur
1235 3306 1440 3341 creatura
1466 3295 1620 3340 Verbo
1652 3297 1742 3340 Dei
1774 3306 1959 3342 aeterno
1991 3293 2245 3346 secundum
2307 3321 2312 3325 «

278 3366 514 3420 unitatem,
548 3380 686 3424 quam
712 3365 848 3408 habet
881 3363 937 3408 ad
963 3364 1170 3418 Patrem3
1197 3363 1319 3422 quod
1353 3363 1538 3422 quidem
1564 3363 1622 3407 sit
1646 3378 1726 3422 per
1751 3363 1964 3423 gratiam,
1987 3371 2033 3408 et
2057 3361 2247 3412 chatim-
2311 3396 2314 3398 -
2351 3393 2352 3396 =

277 3444 394 3477 tem:
415 3433 534 3476 unde
553 3432 784 3476 Dominus
808 3441 921 3484 orat,
939 3430 1068 3488 Joan.
1094 3444 1184 3488 17.:
1209 3431 1301 3475 Sint
1323 3446 1453 3474 unum
1471 3432 1514 3474 in
1537 3432 1668 3485 nobis,
1686 3432 1789 3476 sicut
1805 3436 1840 3476 et
1854 3444 1928 3476 nos
1942 3442 2073 3477 unum
2089 3442 2245 3478 stamus:

279 3510 324 3544 et
348 3499 451 3544 talis
480 3498 748 3543 assimilatio
775 3498 950 3558 perficit
981 3498 1207 3542 rationem
1235 3497 1511 3556 adoptionis:
1542 3498 1648 3556 quia
1671 3498 1735 3542 sic
1769 3495 2028 3545 assimilatis
2059 3494 2269 3546 debetur

279 3567 536 3611 haereditas
569 3578 774 3611 aeterna:
804 3566 922 3609 unde
955 3563 1246 3609 manifestum
1282 3574 1362 3618 est,
1390 3564 1510 3623 quod
1539 3564 1744 3624 adoptari
1771 3562 1987 3609 convenit
2009 3561 2097 3608 soli
2121 3574 2265 3615 eteor-

279 3643 405 3677 turae
433 3632 658 3687 rationali,
685 3647 779 3677 non
806 3642 962 3677 tamen
990 3631 1131 3685 omni,
1158 3632 1236 3676 sed
1259 3631 1410 3675 solum
1437 3631 1622 3676 habenti
1648 3631 1932 3685 charitatem,
1959 3644 2074 3690 quae
2094 3636 2152 3680 est
2169 3628 2252 3688 defit

2331 2970 2352 3012 i!

2330 3015 2352 3064 Ξ

2323 3067 2352 3244 Ξ

2316 3415 2338 3445 ἰᾶς

2312 3449 2342 3506 ᾗ,
