2352 3926
335 178 438 232 186
837 190 1114 236 QUAESTIO
1153 189 1305 228 xvm.
1346 190 1652 230 Ana-mutus
1693 191 1766 230 vr.

327 294 561 348 haeretici,
584 294 661 338 sed
685 302 951 351 sequentem
978 292 1073 350 ejus
1098 291 1350 336 humanam
1375 291 1675 348 voluntatem,
1700 302 1746 337 et
1769 306 1863 337 non
1889 294 2194 348 resistentem„
2211 293 2285 338 vel

326 362 640 414 reluctantem,
658 361 735 404 sed
752 360 903 418 potius
919 358 1170 416 subjectam
1187 359 1367 403 divinae
1385 361 1495 418 ejus,
1519 369 1653 419 atque
1676 360 1981 419 omnipotenti
1999 359 2222 409 voluntati
2241 376 2284 404 »-

414 429 700 472 RESPONDEO
734 425 992 479 dicendum,
1019 425 1142 483 quod
1168 426 1462 470 contrarietas
1487 441 1583 470 non
1607 436 1758 486 potest
1788 440 1900 480 esse,
1935 426 2023 470 nisi
2057 426 2285 486 oppositio

325 496 579 539 attendatur
604 494 650 536 in
678 493 856 546 eodem,
885 502 929 536 et
954 492 1207 536 secundum
1233 493 1381 539 idem:
1409 494 1447 538 si
1473 503 1626 538 autem
1661 493 1914 538 secundum
1951 493 2146 548 diversa,
2169 502 2215 537 et
2238 493 2285 536 in

323 562 509 605 diversis
536 562 696 604 existat
721 560 970 616 diversitas,
996 574 1091 603 non
1116 559 1284 604 sufficit
1308 561 1399 605 hoc
1427 561 1482 604 ad
1516 562 1741 605 rationem
1782 560 2131 615 contrarietatis,-
2166 561 2287 606 sicut

321 643 406 672 nec
440 629 495 671 ad
528 628 753 671 rationem
787 627 1186 683 contradictionis3
1227 637 1335 686 puta
1376 628 1498 687 quod
1538 628 1684 673 homo
1717 628 1773 672 sit
1803 627 2007 687 pulcher,
2040 636 2122 672 aut
2149 640 2285 672 sanus

323 695 572 739 secundum
599 709 804 749 manum,
837 704 881 738 et
911 708 1006 738 non
1038 694 1292 738 secundum
1323 697 1514 754 pedem3
1542 696 1596 739 ad
1621 695 1712 740 hoc
1746 709 1856 753 ergo
1889 694 2012 754 quod
2034 695 2092 739 sit
2112 703 2287 739 contra-

322 763 456 806 rietas
488 761 778 805 voluntatum
809 762 857 804 in
889 761 1058 820 aliquo,
1080 762 1322 820 requiritur
1344 762 1494 821 primo
1517 762 1716 821 quidem,
1741 762 1863 821 quod
1890 763 2140 814 secundum
2163 762 2286 823 idem

323 828 575 872 attendatur
609 829 841 872 diversitas
867 828 1179 872 voluntatum:
1207 829 1244 873 si
1270 829 1394 873 enim
1419 829 1551 873 unius
1571 829 1783 874 voluntas
1805 829 1862 874 sit
1878 829 1934 874 de
1955 829 2108 889 aliquo
2133 828 2285 873 fiendo

321 896 575 940 secundum
608 896 855 955 quamdam
887 897 1113 940 rationem
1145 895 1463 950 universalem,
1498 906 1543 941 et
1574 896 1758 941 alterius
1788 896 2010 955 voluntas*
2034 897 2094 941 sit
2122 896 2178 940 de
2211 911 2285 940 eo-

322 963 428 1006 dem
453 977 547 1007 non
569 963 720 1007 fiendo
744 963 996 1007 secundum
1018 964 1265 1022 quamdam
1286 963 1511 1007 rationem
1533 963 1868 1022 particularem,
1888 977 1983 1008 non
2005 973 2075 1008 est
2093 963 2285 1008 omnino

324 1031 618 1075 contrarietas
643 1030 952 1074 voluntatum:
980 1040 1088 1089 puta
1114 1031 1153 1075 si
1178 1044 1256 1074 rex
1279 1030 1376 1074 vult
1402 1031 1615 1090 suspendi
1639 1030 1866 1075 latronem
1892 1040 2078 1091 propter
2110 1030 2285 1075 bonum

321 1098 568 1157 publicum,
601 1108 645 1142 et
678 1098 838 1156 aliquis
866 1098 960 1155 ejus
984 1099 1350 1157 consanguineus
1371 1098 1488 1142 nolit
1509 1112 1616 1142 eum
1637 1098 1851 1157 suspendi
1872 1108 2057 1158 propter
2078 1111 2286 1142 amorem

320 1165 561 1224 privatum,
587 1179 682 1209 non
708 1167 791 1210 erit
812 1165 1107 1209 contrarietas
1128 1164 1395 1209 voluntatis:
1418 1165 1506 1208 nisi
1525 1163 1642 1209 forte
1662 1164 1889 1209 intantum
1909 1178 1959 1209 se
1980 1164 2190 1209 extendat
2210 1178 2288 1208 vo-

320 1231 470 1277 luntas
503 1233 704 1276 hominis
737 1232 913 1291 privati,
939 1241 989 1275 ut
1018 1232 1193 1276 bonum
1233 1231 1467 1292 publicum
1507 1231 1618 1276 velit
1657 1232 1893 1291 impedire,
1918 1242 1968 1276 ut
1993 1241 2288 1278 conservetur

319 1300 492 1343 bonum
519 1301 770 1359 privatum:
797 1309 905 1343 tunc
933 1299 1056 1343 enim
1083 1299 1203 1343 circa
1229 1299 1352 1343 idem
1379 1298 1622 1343 attenditur
1647 1299 1947 1358 repugnantia
1971 1299 2285 1353 voluntatum;

317 1367 490 1412 secundo
518 1377 671 1412 autem
696 1367 936 1426 requiritur
954 1366 1011 1410 ad
1029 1366 1398 1411 contrarietatem
1424 1365 1686 1420 voluntatis,
1713 1366 1837 1425 quod
1862 1366 1920 1410 sit
1933 1367 2058 1410 circa
2073 1366 2286 1411 eamdem

319 1433 626 1489 voluntatem;
654 1434 692 1478 si
718 1435 839 1478 enim
866 1434 1011 1478 homo
1038 1433 1135 1477 vult
1161 1448 1304 1478 unum
1330 1433 1583 1477 secundum
1611 1433 1860 1492 appetitum
1892 1433 2096 1488 rationis,
2122 1442 2166 1478 et
2190 1432 2288 1477 vult

321 1501 442 1545 aliud
469 1502 720 1546 secundum
755 1502 1004 1560 appetitum
1030 1500 1311 1555 sensitivum‚
1337 1515 1432 1544 non
1460 1510 1528 1544 est
1551 1500 1627 1544 hic
1662 1499 1814 1559 aliqua
1846 1499 2167 1556 contrarietas;
2197 1499 2287 1544 nisi

318 1568 434 1614 forte
468 1569 689 1627 appetitus
716 1569 955 1613 sensitivus
987 1569 1034 1612 in
1065 1578 1243 1613 tantum
1275 1567 1547 1627 praevaleat,
1581 1567 1703 1626 quod
1743 1566 1819 1612 vel
1855 1567 2082 1623 immutet,
2116 1565 2193 1612 vel
2222 1581 2287 1612 re·
2328 1582 2332 1587 ·

318 1637 464 1680 tardet
496 1637 745 1695 appetitum
771 1636 981 1680 rationis}
1016 1636 1079 1680 sic
1114 1637 1237 1680 enim
1267 1637 1361 1695 Jam
1395 1635 1450 1679 ad
1481 1635 1628 1693 ipsam
1660 1634 1946 1680 voluntatem
1976 1635 2166 1680 rationis
2189 1649 2285 1695 per-

318 1704 492 1747 veniret
524 1703 692 1762 aliquid
725 1703 782 1747 de
814 1713 944 1747 motu
979 1704 1208 1748 contrario
1243 1704 1464 1763 appetitus
1497 1703 1724 1757 sensitivi3
1766 1703 1830 1748 sic
1871 1702 2010 1762 igitur
2039 1702 2286 1750 dicendum

321 1781 401 1824 est,
436 1771 558 1829 quod
590 1770 698 1815 licet
729 1770 941 1814 voluntas
976 1770 1207 1825 naturalis,
1241 1781 1285 1814 et
1314 1770 1524 1815 voluntas
1568 1769 1870 1814 sensualitatis
1902 1771 1949 1814 in
1981 1769 2168 1815 Christo
2211 1769 2286 1814 ali·

320 1838 426 1897 quid
460 1838 581 1881 aliud
613 1838 821 1892 voluerit,
855 1852 992 1897 quam
1025 1838 1236 1882 voluntas
1270 1838 1435 1892 divina,
1468 1847 1512 1882 et
1543 1837 1754 1882 voluntas
1787 1837 1975 1884 rationis
2006 1836 2168 1896 ipsius;
2189 1851 2284 1881 non

318 1916 473 1948 tamen
504 1904 588 1948 fuit
620 1905 771 1963 aliqua
803 1905 1099 1949 contrarietas
1131 1904 1442 1959 voluntatum3
1469 1906 1609 1964 primo
1644 1905 1843 1963 quidem,
1886 1904 1992 1963 quia
2029 1917 2178 1964 neque
2209 1918 2287 1948 vo·

319 1972 466 2016 luntas
498 1971 729 2026 naturalis,
761 1987 908 2030 neque
938 1972 1150 2016 voluntas
1173 1972 1474 2016 sensualitatis
1500 1972 1765 2029 repudiabat
1785 1970 1912 2015 illam
1935 1971 2177 2025 rationem,
2199 1970 2287 2016 sci·
2333 2024 2336 2026 q

318 2039 424 2083 licet
456 2054 543 2098 qua
577 2040 727 2082 divina
758 2039 984 2093 voluntas,
1012 2049 1056 2083 et
1080 2039 1292 2083 voluntas
1323 2039 1510 2083 rationis
1549 2039 1779 2083 humanae
1811 2039 1859 2082 in
1892 2037 2078 2082 Christo
2119 2040 2288 2097 passio-

317 2121 424 2150 nem
456 2106 661 2160 volebat;
703 2106 887 2150 volebat
926 2107 1047 2150 enirn
1092 2107 1230 2150 etiam
1270 2106 1482 2150 voluntas
1527 2105 1732 2150 absoluta
1774 2106 1822 2149 in
1863 2105 2048 2150 Christo
2089 2105 2285 2153 salutem
2347 2115 2348 2118 ’

316 2174 507 2218 humani
533 2174 733 2232 generis:
766 2173 845 2218 sed
879 2174 974 2231 ejus
1006 2188 1100 2217 non
1134 2184 1229 2218 erat
1260 2173 1378 2218 velle
1410 2174 1501 2217 hoc
1544 2174 1591 2216 in
1637 2173 1796 2217 ordine
1839 2172 1895 2216 ad
1937 2172 2086 2217 aliud:
2128 2182 2282 2217 motus

318 2251 471 2285 autem
497 2240 799 2285 sensualitatis
826 2241 882 2285 ad
907 2242 997 2284 hoc
1024 2256 1072 2285 se
1101 2242 1340 2285 extendere
1362 2255 1455 2284 non
1477 2239 1677 2294 valebat3
1698 2240 1890 2296 secundo,
1913 2241 2020 2300 quia
2039 2254 2187 2300 neque
2207 2253 2286 2284 vo·

316 2308 464 2353 luntas
491 2309 656 2362 divina,
683 2322 830 2367 neque
856 2308 1067 2352 voluntas
1099 2308 1287 2352 rationis
1318 2309 1365 2351 in
1399 2308 1584 2352 Christo
1617 2307 1963 2367 impediebatur,
1989 2317 2067 2352 aut
2090 2307 2286 2352 retarda-

315 2376 445 2420 batur
477 2390 557 2435 per
587 2375 874 2419 voluntatem
906 2375 1174 2428 naturalem,
1209 2385 1286 2419 aut
1317 2389 1396 2434 per
1429 2375 1678 2434 appetitum
1706 2374 2023 2420 sensualitatis.
2054 2373 2283 2420 'Similiter

317 2444 456 2488 etiam
480 2457 565 2487 nec
589 2457 613 2487 e
641 2443 868 2487 contrario
895 2442 1106 2486 voluntas
1140 2442 1306 2496 divina,
1333 2442 1406 2486 vel
1431 2442 1644 2486 voluntas
1671 2442 1859 2486 rationis
1884 2442 1932 2486 in
1959 2442 2147 2487 Christo
2169 2440 2285 2486 refu·

317 2510 482 2569 giebat‚
509 2520 586 2554 aut
610 2510 865 2554 retardabat
890 2519 1070 2554 motum
1094 2509 1341 2554 voluntatis
1381 2509 1598 2554 naturalis
1639 2509 1885 2564 humanae,
1911 2519 1957 2554 et
1980 2518 2162 2554 motum
2185 2523 2285 2554 sen·

316 2577 536 2622 sualitatis
562 2579 608 2621 in
635 2576 844 2632 Christ03
871 2576 1078 2635 placebat
1104 2577 1226 2620 enim
1254 2576 1439 2620 Christo
1467 2576 1719 2620 secundum
1746 2575 2031 2622 voluntatem
2063 2575 2283 2632 divinam,

318 2655 364 2690 et
389 2645 527 2689 etiam
553 2645 805 2689 secundum
830 2644 1115 2688 voluntatem
1141 2644 1343 2698 rationis,
1369 2654 1419 2687 ut
1444 2644 1656 2688 voluntas
1683 2643 1977 2688 naturalisin
2000 2644 2185 2703 ipso,<et
2206 2656 2286 2688 vo-

316 2710 465 2756 luntas
491 2711 794 2756 sensualitatis
820 2711 1072 2755 secundum
1099 2711 1306 2755 ordinem
1334 2726 1442 2755 suae
1465 2721 1652 2755 naturae
1670 2720 1985 2765 moverentur;
2001 2709 2123 2756 unde
2143 2719 2282 2770 patet,

317 2780 440 2839 quod
466 2779 512 2822 in
540 2778 727 2822 Christo
754 2777 877 2821 nulla
903 2777 986 2822 fuit
1011 2779 1324 2837 repugnantia,
1351 2778 1425 2822 vel
1453 2779 1749 2823 contrarietas
1775 2777 2080 2823 voluntatum.

407 2847 483 2891 AD
510 2860 698 2891 PRIMUM
725 2860 835 2905 ergo
863 2847 1119 2901 dicendum,
1148 2847 1269 2905 quod
1296 2847 1385 2890 hoc
1412 2847 1560 2906 ipsum
1604 2847 1725 2905 quod
1769 2845 1920 2906 aliqua
1957 2845 2172 2891 voluntas
2203 2845 2283 2891 hu-

317 2927 454 2959 mana
479 2914 524 2957 in
553 2913 740 2958 Christo
769 2913 889 2957 aliud
915 2913 1111 2966 volebat,
1139 2928 1276 2972 quam
1315 2915 1408 2972 ejus
1451 2914 1662 2958 voluntas
1705 2913 1870 2972 divina,
1910 2913 2188 2972 procedebat
2227 2927 2282 2958 ex

314 2983 412 3042 ipsa
437 2981 672 3026 voluntate
699 2981 864 3035 divina,
889 2982 1015 3039 cuius
1037 2980 1324 3039 beneplacito
1347 2991 1508 3024 natura
1531 2982 1733 3024 humana
1752 2981 1951 3026 motibus
1971 2980 2165 3040 propriis
2185 2993 2283 3025 mo—

315 3049 503 3093 vebatur
528 3049 574 3092 in
602 3048 803 3102 Christo,
830 3058 878 3092 ut
904 3049 1219 3092 Damascenus
1261 3048 1369 3091 dicit
1404 3049 1498 3107 (lib.
1525 3063 1564 3093 2.
1588 3049 1708 3093 Orth.
1727 3048 1827 3093 Fid.
1854 3055 1947 3108 cap.
1972 3062 2029 3108 15.
2056 3061 2084 3092 a
2107 3046 2213 3093 med.
2245 3052 2283 3093 et

316 3124 408 3176 cap.
435 3117 539 3176 19).

406 3184 480 3227 An
508 3195 767 3228 SECUNDUM
795 3182 1053 3235 dicendum,
1082 3182 1202 3241 quod
1230 3182 1275 3225 in
1303 3183 1433 3226 nobis
1466 3197 1545 3242 per
1578 3182 2000 3243 concupiscentiam
2027 3182 2176 3228 carnis
2194 3181 2279 3228 im-

314 3251 505 3310 peditur,
533 3260 609 3294 aut
634 3249 884 3294 retardatur
911 3249 1280 3308 concupiscentia
1307 3250 1508 3308 spiritus:
1541 3251 1663 3309 quod
1691 3251 1738 3294 in
1766 3250 1954 3296 Christo
1976 3262 2075 3294 non
2098 3248 2209 3306 fuit3
2235 3260 2280 3295 et

315 3317 418 3363 ideo
447 3318 492 3362 in
521 3317 706 3362 Christo
734 3330 827 3361 non
852 3315 936 3361 fuit
963 3317 1256 3361 contrarietas
1285 3317 1431 3361 carnis
1459 3317 1514 3361 ad
1540 3318 1765 3376 spiritum,
1792 3317 1909 3363 sicut
1933 3317 1981 3362 in
2004 3316 2151 3363 nobis.
2206 3326 2214 3342 ‘⁴

406 3386 481 3429 An
509 3397 725 3430 ‘reanum
767 3383 1023 3437 dicendum,
1066 3384 1188 3443 quod
1230 3385 1397 3442 agonia
1428 3399 1521 3428 non
1553 3383 1637 3428 fuit
1668 3386 1714 3428 in
1748 3384 1934 3429 Christo
1968 3395 2189 3444 quantum
2220 3382 2277 3428 ad

317 3463 490 3512 partem
520 3453 699 3497 animae
732 3450 1018 3505 rationalem,
1040 3452 1292 3495 secundum
1321 3451 1441 3509 quod
1466 3451 1683 3511 importat
1705 3452 2095 3497 concertationem
2119 3449 2280 3495 volun-

316 3530 461 3564 tatum
498 3534 551 3564 ex
593 3519 849 3564 diversitate
884 3518 1113 3563 rationum
1154 3518 1499 3577 procedentem;
1541 3529 1648 3577 puta
1681 3533 1787 3563 cum
1820 3518 1996 3578 aliquis,
2025 3517 2279 3564 secundum

318 3587 441 3646 quod
468 3587 584 3632 ratio
611 3586 869 3631 considerat
898 3598 1057 3639 unum,
1088 3584 1185 3629 vult
1210 3585 1315 3639 hoc,
1342 3596 1386 3630 et
1411 3585 1663 3630 secundum
1691 3585 1814 3645 quod
1852 3585 2112 3631 considerat
2141 3583 2279 3638 aliud,
