2352 3926
605 213 884 262 Qqusno
924 213 1128 254 Lxxvn.
1169 213 1478 254 umectus
1520 213 1596 252 111.
1974 198 2078 269 685

120 316 177 363 ad
203 331 361 378 agere:
388 318 495 378 quia
519 318 657 378 igitur
681 317 934 363 secundum
958 317 1188 377 praedicta
1210 315 1314 374 (art.
1332 332 1367 363 1.
1386 316 1474 375 huj.
1492 316 1551 376 q.)
1570 314 1808 375 speciebus
1824 328 2084 360 sacramen-

117 384 283 430 talibus
304 385 461 430 datum
488 394 555 430 est
579 385 733 429 divina
762 385 942 438 virtute,
979 394 1028 429 ut
1057 394 1323 429 remaneant
1348 384 1395 428 in
1422 397 1506 430 suo
1533 397 1647 437 esse,
1678 381 1802 443 quod
1834 382 2078 436 habebant,

116 452 367 497 substantia
392 452 535 512 panis,
562 462 607 496 et
630 452 724 496 vini
749 451 981 505 existente,
1009 465 1293 511 consequens
1321 461 1388 495 est
1413 450 1535 510 quod
1563 450 1703 495 etiam
1733 459 2003 495 remaneant
2034 450 2082 493 in

118 533 203 564 suo
231 533 380 578 agere,
408 529 453 564 et
476 519 581 563 ideo
607 533 796 563 omnem
823 519 1067 572 actionem,
1094 533 1230 577 quam
1255 528 1466 578 poterant
1492 532 1642 577 agere,
1668 517 1918 562 substantia
1940 519 2083 576 panis,

118 596 165 631 et
187 586 282 631 vini
307 587 538 640 existente,
564 596 755 645 possunt
779 586 918 630 etiarn
945 599 1094 644 agere,
1116 586 1366 630 substantia
1391 585 1534 644 panis,
1562 595 1607 629 et
1636 584 1731 629 vini
1755 594 2017 629 transeunte
2034 584 2083 628 in

119 667 299 714 corpus,
325 663 370 698 et
394 654 665 712 sanguinem
692 652 883 707 Christi3
911 652 1030 696 unde
1055 666 1150 696 non
1177 662 1244 696 est
1265 652 1466 706 dubium,
1483 652 1606 711 quod
1627 662 1818 710 possunt
1837 651 2083 697 immutare

119 721 345 766 exteriora
368 734 575 779 corpora.

207 788 284 832 AD
316 801 505 833 PRIMUM
537 801 647 848 ergo
681 786 940 839 dicendum,
973 785 1096 844 quod
1128 786 1304 843 species
1337 785 1707 840 sacramentales,
1739 785 1847 831 licet
1877 786 1968 830 sint
1996 784 2085 831 for-

117 868 223 900 mae
254 854 352 899 sine
385 855 576 900 materia
599 854 852 907 existentes,
874 853 1070 906 retinent
1090 863 1247 897 tamen
1274 852 1396 896 idem
1426 867 1539 907 esse,
1562 853 1682 913 quod
1710 853 1939 898 habebant
1962 853 2086 913 prius

116 922 165 966 in
196 922 401 976 materia,
433 932 478 966 et
507 922 612 966 ideo
645 921 898 965 secundum
930 933 1065 964 suum
1097 933 1194 964 esse
1228 918 1534 964 assimilantur
1559 920 1734 975 formis,
1761 934 1876 980 quae
1902 930 2009 966 sunt
2037 920 2085 965 in

118 990 325 1034 materia.

206 1056 284 1102 AD
305 1069 566 1102 SECUNDUM
600 1055 859 1114 dicendum,
887 1053 1010 1113 quod
1023 1054 1086 1098 ita
1109 1054 1229 1098 actio
1254 1053 1431 1098 formae
1458 1054 1751 1100 accidentalis
1778 1055 2003 1115 dependet
2028 1055 2082 1100 ab

119 1122 300 1168 actione
324 1121 500 1167 formae
526 1121 846 1175 substantialis,
873 1122 990 1165 sicut
1014 1135 1114 1165 esse
1142 1121 1387 1168 accidentis
1421 1120 1648 1179 dependet
1673 1123 1726 1166 ab
1755 1136 1853 1167 esse
1885 1124 2086 1167 substan-

117 1191 229 1247 tiae3
255 1201 301 1236 et
322 1190 429 1236 ideo
454 1190 571 1235 sicut
596 1190 749 1234 divina
774 1189 938 1233 virtute
966 1189 1096 1233 datur
1120 1188 1356 1247 speciebus
1383 1188 1802 1243 sacramentalibus,
1830 1199 1877 1234 ut
1910 1190 2086 1249 possint

118 1272 219 1304 esse
243 1257 340 1303 sine
356 1257 639 1314 ·substantia;
665 1257 727 1301 ita
763 1256 894 1300 datur
931 1256 1010 1310 eiS,
1042 1266 1092 1300 ut
1123 1255 1299 1314 possint
1325 1270 1460 1314 agere
1493 1257 1590 1300 sine
1622 1255 1772 1300 forma
1802 1257 2087 1302 substantiali

121 1325 285 1371 virtute
309 1325 412 1379 Dei,
440 1339 466 1369 a
492 1338 598 1384 quo,
640 1324 757 1368 sicut
782 1337 807 1367 a
833 1324 982 1382 primo
1010 1332 1188 1382 agente,
1222 1322 1448 1382 dependet
1489 1323 1639 1369 omnis
1683 1323 1802 1368 actio
1833 1323 2010 1369 formae
2042 1334 2087 1369 et

119 1391 440 1446 substantialis,
467 1401 511 1436 et
537 1390 843 1436 accidentalis.

209 1459 285 1504 AD
307 1471 525 1504 TERTmM
547 1458 806 1519 dicendum,
823 1457 946 1517 quod
971 1457 1248 1512 immutatiO,
1275 1472 1392 1517 quae
1420 1467 1487 1502 est
1513 1458 1569 1502 ad
1594 1457 1794 1502 formam
1821 1458 2088 1504 substantia-

118 1526 230 1582 lem,
259 1540 354 1571 non
378 1525 430 1571 fit
461 1541 488 1570 a
512 1525 662 1569 forma
692 1523 976 1569 substantiali
1004 1525 1284 1578 immediate,
1327 1524 1405 1569 sed
1447 1525 1752 1569 mediantibus
1793 1525 2085 1585 qualitatibus

121 1593 294 1647 activis,
321 1603 366 1638 et
389 1593 591 1653 passiviS,
625 1605 741 1652 quae
773 1601 914 1650 agunt
943 1591 990 1635 in
1021 1592 1185 1635 virtute
1217 1590 1396 1637 formae
1429 1592 1757 1646 substantialis;
1789 1592 1904 1637 haec
1933 1603 2087 1637 autem

66 1685 84 1699 ἰ
119 1661 262 1706 virtus
286 1658 644 1706 instrumentalis
670 1668 964 1704 conservatur
980 1660 1026 1702 in
1043 1659 1280 1718 speciebus
1301 1658 1706 1704 sacramentalibus
1733 1659 1886 1703 divina
1907 1660 2087 1714 virtute,

120 1728 236 1774 sicut
263 1740 307 1772 et
331 1727 454 1786 prius
480 1730 589 1781 erat,
616 1736 661 1771 et
684 1726 788 1770 ideo
815 1735 1005 1785 possunt
1046 1739 1182 1784 agere
1224 1725 1280 1769 ad
1320 1725 1521 1770 formam
1557 1726 1902 1771 substantialem
1928 1726 2088 1771 instru-

121 1793 400 1840 mentaliter:
426 1808 507 1854 per
532 1807 670 1852 quem
696 1793 889 1838 modum
916 1792 1084 1851 aliquid
1110 1802 1261 1852 potest
1287 1806 1422 1851 agere
1447 1792 1564 1837 ultra
1590 1807 1721 1838 suam
1747 1793 1968 1853 speciem,
1991 1808 2085 1839 non

122 1861 252 1922 quasi
275 1861 440 1907 virtute
464 1860 662 1920 propria,
688 1859 767 1905 sed
791 1859 956 1905 virtute
977 1858 1235 1919 principalis
1262 1860 1451 1919 agentis.

812 2008 1248 2066 ARTICULUS
1283 2009 1380 2064 1v.
1992 2037 2079 2086 459

321 2129 516 2169 UTRUM
555 2129 771 2168 SPECIES
812 2129 1274 2170 SACRAMENTALES
1314 2130 1546 2170 POSSINT
1588 2130 1886 2170 CORRUMPI.

478 2223 611 2282 (Infr.
639 2229 721 2268 art.
743 2238 780 2283 5.
814 2213 926 2284 corp.
954 2230 991 2269 et
1013 2238 1057 2281 4.
1083 2226 1198 2270 Dist.
1224 2239 1288 2270 12.
1316 2239 1353 2284 q.
1382 2241 1417 2270 1.
1444 2231 1524 2270 art.
1552 2240 1592 2271 2.
1622 2240 1659 2285 q.
1682 2241 1718 2285 3.

711 2342 717 2350 ,
744 2297 780 2335 et
805 2291 876 2336 lib.
902 2304 945 2349 4.
976 2292 1121 2337 Contr.
1152 2307 1191 2351 g.
1220 2299 1311 2351 cap.
1348 2292 1459 2351 66).

210 2394 288 2438 An
319 2405 557 2445 QUARTUM
589 2394 652 2437 sic
689 2394 962 2452 proceditur.
994 2394 1203 2448 Videtur,
1234 2396 1357 2454 quod
1389 2396 1567 2455 species
1597 2395 1951 2442 sacramentales
1989 2411 2085 2441 cor-

120 2460 273 2520 rumpi
290 2474 386 2505 non
411 2460 607 2520 possint:
635 2461 867 2520 corruptio
895 2461 1019 2506 enim
1055 2462 1221 2506 accidit
1246 2476 1326 2521 per
1356 2464 1694 2521 separationem
1725 2463 1903 2508 formae
1936 2479 1961 2509 a
1994 2479 2087 2509 ma·

122 2527 258 2573 teria:
285 2527 364 2572 sed
390 2527 579 2572 materia
601 2527 730 2586 panis
751 2542 846 2571 non
872 2538 1079 2573 remanet
1101 2529 1147 2573 in
1174 2529 1264 2573 hoc
1283 2541 1586 2588 sacramento,
1609 2531 1726 2576 sicut
1744 2546 1797 2575 ex
1819 2532 2088 2591 supradictis

123 2603 247 2654 patet
271 2595 334 2652 (q.
361 2608 419 2653 75.
461 2600 541 2638 art.
580 2595 640 2653 2.)
654 2609 671 2646 ;
700 2608 810 2653 ergo
843 2595 1110 2654 hujusmodi
1156 2597 1332 2655 species
1353 2610 1448 2641 non
1480 2609 1673 2657 possunt
1698 2599 1944 2658 corrumpi.

214 2673 256 2705 2.
299 2661 596 2706 PRAETEREA.
639 2660 780 2705 Nulla
821 2661 971 2706 forma
1019 2664 1326 2723 corrumpitur
1365 2664 1451 2708 nisi
1489 2679 1569 2723 per
1609 2665 1834 2719 accidens,
1873 2675 2087 2725 corrupto

124 2727 351 2786 subject03
374 2728 493 2771 unde
514 2726 690 2772 formae
716 2743 797 2787 per
821 2743 869 2774 se
895 2729 1188 2775 subsistentes
1213 2731 1576 2790 incorruptibiles
1597 2742 1721 2786 sunt;
1745 2733 1862 2777 sicut
1887 2743 2009 2791 patet
2039 2733 2087 2777 in

124 2794 384 2840 substantiis
402 2794 729 2853 spiritualibus:
749 2796 827 2839 sed
849 2796 1025 2855 species
1043 2797 1399 2843 sacramentales
1418 2809 1523 2843 sunt
1539 2798 1715 2843 formae
1737 2800 1834 2844 sine
1856 2800 2086 2858 subjecto;

125 2875 236 2922 ergo
260 2861 488 2920 corrumpi
512 2875 606 2907 non
632 2872 835 2920 possunt.

219 2943 256 2988 3.
283 2928 580 2973 PRAETEREA.
610 2928 659 2972 Si
685 2930 1052 2988 corrumpuntur,
1078 2941 1156 2975 aut
1177 2932 1267 2976 hoc
1288 2935 1372 2978 erit
1387 2931 1664 2986 naturaliter,
1688 2943 1764 2976 aut
1786 2933 2085 2979 miraculose:

128 2995 208 3043 sed
223 3010 319 3040 non
335 2994 623 3050 naturaliter3
640 2996 746 3055 quia
762 3010 856 3040 non
876 3007 942 3041 est
958 2996 1020 3040 ibi
1042 2999 1272 3057 assignare
1290 3000 1474 3059 aliquod
1495 2999 1797 3058 corruptionis
1814 3000 2084 3058 subjectum,

126 3063 249 3124 quod
275 3072 473 3117 maneat,
511 3063 802 3122 corruptione
832 3064 1099 3110 terminata:
1126 3066 1334 3111 similiter
1360 3068 1498 3111 etiam
1535 3080 1620 3110 nec
1648 3065 1947 3121 miraculose3
1981 3069 2087 3127 quia

127 3129 361 3185 miracula,
383 3143 500 3189 quae
522 3139 627 3174 sunt
651 3131 698 3173 in
719 3130 810 3174 hoc
828 3142 1132 3186 sacramentO,
1149 3133 1263 3178 fiunt
1278 3134 1441 3177 virtute
1461 3133 1835 3187 consecrationis,
1853 3148 1933 3193 per
1949 3149 2087 3193 quam

126 3198 300 3256 species
327 3196 680 3241 sacramentales
704 3208 1052 3243 conservantur:
1080 3214 1174 3244 non
1202 3211 1270 3245 est
1296 3212 1447 3244 autem
1470 3200 1591 3244 idern
1616 3214 1751 3244 causa
1786 3202 2090 3246 conservatio-

126 3264 213 3318 nis,
230 3275 275 3308 et
292 3263 618 3323 corruptionis3
637 3278 747 3320 ergo
765 3262 892 3308 nullo
911 3266 1051 3310 modo
1070 3268 1246 3325 species
1265 3266 1617 3311 sacramentales
1635 3269 1865 3326 corrumpi
1884 3280 2087 3326 possunt.

218 3330 313 3376 SED
340 3344 536 3376 CONTRA
555 3341 636 3386 est,
654 3332 775 3390 quod
794 3345 928 3376 sensu
946 3332 1313 3392 deprehenditur,
1335 3334 1508 3378 hostias
1531 3344 1820 3378 consecratas
1845 3336 2088 3394 putrefieri,

130 3407 175 3443 et
201 3398 445 3456 corrumpi.

217 3464 510 3518 Resmumzo,
545 3464 804 3518 dicendum,
838 3466 959 3524 quod
997 3469 1227 3527 corruptio
1266 3478 1333 3511 est
1370 3477 1521 3511 motus
1558 3482 1611 3511 ex
1648 3482 1747 3512 esse
1773 3468 1820 3511 in
1846 3481 1940 3512 non
1974 3483 2084 3516 esse.

131 3530 321 3576 Dictum
348 3542 417 3576 est
448 3541 601 3576 autem
632 3545 766 3591 supra
801 3531 901 3587 (art.
931 3536 1112 3593 praec),
1147 3534 1268 3592 quod
1301 3534 1474 3592 species
1509 3534 1861 3579 sacramentales
1893 3537 2089 3581 retinent

131 3597 254 3643 idem
271 3611 385 3653 esse,
407 3598 529 3657 quod
547 3600 668 3658 prius
685 3598 925 3653 habebant,
942 3600 1188 3645 substantia
1208 3601 1350 3659 panis,
1368 3611 1412 3645 et
1428 3601 1522 3644 vini
1539 3602 1770 3646 existente.
1783 3602 1838 3647 Et
1849 3603 1953 3647 ideo
1971 3604 2087 3648 sicut
