2352 3926
634 186 914 232 QUAESTIO
957 186 1089 225 XXII.
1130 183 1438 225 ARTICULUS
1470 170 1550 222 '1v.
1979 184 2084 239 209

116 288 280 350 ipsius:
308 287 524 333 sacerdos
551 296 705 331 autem
738 300 887 331 novae
922 286 1037 346 legis
1077 287 1124 331 in
1165 300 1360 346 persona
1400 286 1539 345 ipsius
1584 294 1810 345 operatur,
1836 285 2090 330 secundum

42 366 61 404 ᾖ
117 355 228 402 illud
256 368 296 400 2.
339 354 395 399 ad
422 354 533 399 Cor.
560 367 622 398 2.:
650 353 765 398 Nam
798 360 833 398 et
864 368 933 412 ego
971 353 1080 412 quod
1116 353 1286 406 donavi,
1331 355 1367 398 si
1402 352 1502 412 quid
1534 352 1707 407 donavi,
1734 358 1909 413 propter
1938 367 2014 397 vos
2045 355 2091 397 in

31 412 46 479 'f
111 430 294 484 persona
320 421 506 468 Christi:
534 430 579 464 et
604 420 708 465 ideo
735 434 830 464 non
857 420 1078 478 competit
1105 420 1291 465 Christo
1319 418 1533 464 effectum
1559 419 1803 465 sacerdotii
1826 421 2043 479 recipere.

42 482 44 484 ’
206 488 284 533 AD
309 500 498 534 PRIMUM
516 500 626 546 ergo
653 486 913 541 dicendum,
940 486 1063 545 quod
1091 486 1238 530 oratio
1263 486 1347 530 etsi
1371 487 1614 531 conveniat
1640 485 1968 541 sacerdotibus,
1994 501 2091 530 non

31 598 38 608 „
115 564 271 601 tamen
298 564 366 599 est
391 567 552 599 eorum
586 552 739 598 officio
775 553 981 612 propria:
1019 551 1203 596 cuilibet
1235 552 1358 596 enim
1392 554 1609 598 convenit
1641 563 1686 598 et
1715 567 1800 613 pro
1831 567 1895 608 se,
1927 562 1973 598 et
2003 567 2088 612 pro

31 625 33 627 ’
119 619 219 666 aliis
246 634 391 675 orare,
424 619 675 664 secundum
702 618 814 663 illud
840 619 1001 678 Jacobi
1033 618 1136 662 ult.:
1175 619 1306 663 Orate
1332 627 1415 678 pro
1452 621 1646 675 invicem,
1681 627 1729 666 ut
1764 620 1984 665 salvemini
1994 635 2013 674 ‚·
2048 630 2094 665 et

35 678 58 735 f
117 688 182 734 sic
207 678 364 747 posset
388 686 492 740 dici,
526 687 648 746 quod
682 686 844 740 oratio,
871 700 961 746 qua
988 685 1196 730 Christus
1230 699 1312 744 pro
1346 699 1393 729 se
1427 687 1589 740 oravit,
1615 701 1710 731 non
1742 697 1838 731 erat
1869 696 1996 733 actus
2024 701 2094 732 sa-

23 771 41 816 ‘j
118 754 308 800 cerdotii
328 755 449 814 ejus:
469 754 547 798 sed
563 753 678 797 haec
700 753 938 812 responsio
956 753 1133 797 videtur
1150 751 1330 796 excludi
1352 766 1433 811 per
1455 752 1560 807 hoc,
1585 754 1706 812 quod
1724 754 1888 813 Apost.
1913 754 2026 799 Heb.
2054 766 2090 812 5.

117 834 226 867 cum
251 820 456 866 dixisset:
487 821 549 864 Tu
567 835 604 865 es
621 819 807 864 sacerdos
830 821 873 864 in
895 827 1109 864 aeternum
1124 818 1346 864 secundum
1373 819 1560 863 ordinem
1583 820 1891 876 Melchisedech,
1915 820 2091 866 subdit:

118 888 210 946 Qui
234 889 280 932 in
302 886 441 933 diebus
463 889 604 931 carnis
627 900 723 931 suae
738 895 896 945 preces,
921 896 1022 940 etc.,
1042 895 1090 930 ut
1105 899 1241 945 supra
1269 885 1333 942 (in
1362 899 1453 944 arg.
1477 886 1536 943 1.)
1547 901 1563 938 ,·
1593 896 1638 930 et
1662 886 1724 930 ita
1749 887 1940 942 videtur,
1967 887 2091 947 quod

118 954 280 1008 oratio,
313 968 402 1013 qua
434 953 644 998 Christus
677 953 836 1006 oravit,
865 954 920 997 ad
948 954 1044 1012 ejus
1071 952 1381 997 sacerdotium
1406 953 1654 1011 pertineat:
1698 963 1743 998 et
1772 954 1878 998 ideo
1911 962 2094 1014 oportet

117 1020 285 1075 dicere,
312 1020 434 1080 quod
461 1019 538 1064 alii
562 1021 821 1065 sacerdotes
850 1018 1065 1064 effectum
1090 1019 1333 1064 sacerdotii
1360 1019 1430 1063 sui
1456 1019 1743 1078 participant,
1776 1034 1871 1064 non
1902 1021 2096 1080 inquan-

115 1096 216 1135 tum
237 1087 513 1141 sacerdotes,
535 1086 613 1131 sed
639 1087 910 1146 inquantum
927 1096 1209 1146 peccatores,
1227 1095 1277 1130 ut
1302 1085 1419 1129 infra
1445 1086 1621 1130 dicetur
1646 1086 1752 1144 (art.
1784 1102 1863 1145 seq.
1889 1103 1979 1146 arg.
2003 1089 2092 1146 1.).·

118 1152 329 1199 Christus
362 1164 516 1198 autem
547 1153 815 1213 simpliciter
845 1153 1077 1212 loquendo
1110 1162 1353 1212 peccatum
1393 1167 1488 1196 non
1521 1153 1710 1197 habuit:
1747 1153 1907 1198 habuit
1937 1164 2092 1201 tamen

117 1219 464 1271 similitudinem
490 1221 667 1280 peccati
692 1220 739 1264 in
767 1234 916 1274 carne,
945 1229 994 1264 ut
1019 1220 1182 1264 dicitur
1213 1219 1350 1263 Rom.
1386 1219 1453 1274 8.;
1487 1229 1532 1263 et
1562 1220 1667 1264 ideo
1701 1234 1796 1264 non
1828 1220 2096 1280 simpliciter

33 1341 35 1346 Ι
118 1287 391 1335 dicendum
405 1297 486 1341 est,
527 1287 650 1346 quod
681 1287 779 1346 ipse
816 1285 1031 1331 effectum
1057 1286 1302 1331 sacerdotii
1326 1287 1679 1346 participaverit,
1721 1287 1801 1331 sed
1842 1288 2095 1332 secundum

21 1381 27 1387 ψ’
81 1353 241 1414 -quid,
272 1353 448 1398 scilicet
468 1354 721 1398 secundum
738 1353 1084 1413 passibilitatem
1103 1353 1274 1407 carnis;
1294 1354 1412 1397 unde
1439 1354 1673 1426 signanter
1699 1354 1834 1398 dicit:
1861 1355 1953 1412 Qui
1966 1358 2098 1415 possit

23 1420 25 1423 ’
118 1421 239 1466 illum
262 1420 429 1466 salvum
446 1421 591 1480 facere
624 1435 650 1464 a
675 1436 769 1464 mov
772 1427 820 1465 te

172 1487 286 1533 AD
312 1500 573 1533 SECUNDUM
596 1487 856 1543 dicendum,
884 1487 1039 1546 quod
1027 1502 1075 1531 m
1098 1487 1332 1532 oblatione
1363 1487 1575 1532 sacrificii
1598 1488 1928 1547 cujuscumque
1955 1503 2098 1534 sacer-

120 1553 240 1599 dotis
262 1554 353 1598 duo
374 1564 566 1614 possunt
588 1554 880 1608 considerari,
916 1553 1092 1598 scilicet
1117 1555 1268 1614 ipsum
1294 1554 1570 1599 sacrificium
1597 1554 1818 1610 oblatum,
1847 1565 1891 1599 et
1912 1555 2096 1600 devotio

120 1619 350 1665 offerentis
366 1636 385 1675 ;·
409 1620 617 1680 proprius
646 1631 801 1665 autem
834 1619 1023 1665 effectus
1049 1621 1295 1666 sacerdotii
1328 1631 1397 1666 est
1427 1621 1489 1676 id,
1515 1623 1639 1681 quod
1672 1622 1876 1681 sequitur
1909 1637 1965 1667 ex
1995 1623 2097 1682 ipso

119 1686 369 1732 sacrificio:
398 1686 608 1731 Christus
636 1698 788 1731 autem
822 1698 1095 1732 consecutus
1124 1699 1190 1732 est
1217 1703 1297 1748 per
1324 1703 1456 1733 suam
1490 1690 1754 1748 passionem
1797 1688 1994 1749 gloriam
2033 1705 2098 1734 re-

120 1753 427 1808 surrectionis,
453 1768 547 1798 non
565 1755 694 1813 quasi
713 1769 766 1798 ex
787 1754 833 1797 vi
854 1755 1078 1809 sacrificii,
1103 1757 1225 1814 quod
1244 1754 1432 1800 offertur
1447 1770 1528 1815 per
1543 1756 1738 1800 modum
1760 1755 2099 1811 satisfactionis,

121 1819 202 1865 sed
236 1834 291 1865 ex
320 1819 419 1880 ipsa
451 1820 708 1875 devotione,
743 1836 832 1880 qua
863 1822 1116 1865 secundum
1159 1822 1427 1866 charitatem
1468 1822 1703 1867 humiliter
1734 1823 1999 1883 passionem
2030 1838 2101 1868 su-

123 1887 302 1933 stinuit'

211 1954 288 1999 An
326 1967 543 1999 TERTIUM
586 1955 844 2010 dicendum,
878 1955 1001 2014 quod
1041 1955 1186 2014 figura
1218 1971 1312 1999 non
1351 1966 1503 2015 potest
1545 1956 1800 2015 adaequare
1831 1956 2094 2012 veritatem;

121 2020 242 2066 unde
268 2021 482 2066 sacerdos
508 2021 709 2080 figuralis
740 2023 905 2066 veteris
930 2022 1045 2081 legis
1071 2037 1167 2066 non
1192 2032 1372 2082 poterat
1405 2022 1460 2066 ad
1486 2023 1605 2066 hanc
1632 2021 1965 2082 perfectionem
2003 2038 2100 2082 per-

120 2089 312 2148 tingere,
337 2098 388 2133 ut
411 2089 635 2134 sacrificio
669 2089 972 2134 satisfactorio
998 2104 1094 2134 non
1118 2089 1366 2149 indigeret:
1393 2089 1473 2134 sed
1501 2089 1713 2134 Christus
1745 2103 1840 2133 non
1878 2090 2094 2149 indiguit3

121 2155 243 2201 unde
257 2169 354 2200 non
370 2165 438 2200 est
452 2155 612 2200 similis
631 2156 746 2201 ratio
764 2157 819 2200 de
837 2167 1053 2216 utroque;
1072 2167 1117 2200 et
1131 2156 1222 2201 hoc
1238 2167 1305 2202 est
1321 2156 1444 2216 quod
1463 2156 1715 2215 Apostolus
1729 2156 1838 2200 dicit
1862 2156 1990 2213 (Heb.
2009 2158 2069 2218 7.)
2085 2174 2098 2202 .·

121 2222 213 2269 Lex
236 2222 418 2268 homines
442 2224 654 2268 constituit
667 2223 906 2278 sacerdotes,
925 2225 1214 2283 infirmitatem
1241 2224 1461 2274 habentes;
1486 2238 1620 2268 sermo
1638 2229 1775 2268 autem
1791 2224 2099 2283 jzcrisjurandi‚

122 2289 197 2349 qui
218 2295 314 2350 post
337 2289 463 2350 legem
495 2296 564 2345 est,
588 2290 726 2347 filium
757 2292 803 2334 in
829 2297 1043 2336 aeternum
1064 2291 1310 2351 perfectum.

857 2437 1294 2496 ARTICULUS
1335 2439 1405 2494 v.
2021 2465 2103 2512 134

273 2557 468 2598 UTRUM
499 2559 894 2598 SACERDOTIUM
928 2559 1147 2598 CHRISTI
1182 2559 1510 2600 PERMANEAT
1541 2562 1596 2600 IN
1627 2560 1947 2600 AETERNUM.

399 2633 520 2708 (Art.
543 2667 626 2711 seq,
651 2661 762 2711 corp.
790 2660 830 2698 et
854 2668 893 2712 q.
921 2654 984 2712 63.
1006 2659 1088 2698 art.
1109 2668 1147 2713 5.
1174 2662 1290 2714 corp.
1317 2661 1355 2699 et
1379 2669 1457 2700 1-2.
1485 2670 1524 2713 q.
1550 2655 1646 2700 106.
1675 2661 1756 2699 art.
1782 2669 1825 2711 4.

680 2726 716 2764 et
742 2735 778 2779 3.
805 2722 919 2765 Dist.
951 2735 1019 2766 22.
1053 2736 1091 2780 q.
1124 2737 1159 2767 1.
1193 2728 1274 2766 art.
1306 2737 1342 2767 1.
1375 2722 1430 2766 ad
1458 2722 1539 2779 4.).

48 2865 53 2886 r
213 2822 290 2867 An
316 2835 543 2874 QUINTUM
575 2823 640 2868 sic
667 2824 940 2883 proceditur.
967 2824 1172 2879 Videtur,
1199 2825 1321 2884 quod
1348 2825 1656 2870 sacerdotium
1680 2825 1853 2870 Christi
1878 2839 1972 2870 non
1994 2840 2093 2884 per-

125 2901 310 2935 maneat
337 2891 385 2935 in
418 2901 676 2935 aeternum:
709 2891 829 2951 quia,
871 2902 921 2936 ut
959 2891 1132 2936 dictum
1174 2902 1242 2936 est
1273 2894 1374 2949 (art.
1399 2893 1584 2952 praec),
1612 2892 1678 2937 illi
1710 2892 1799 2937 soli
1831 2892 1996 2937 effectu
2030 2906 2096 2936 sa-

0 2956 5 2999 ἓ
49 2956 76 2959 ’
127 2956 319 3002 cerdotii
347 2957 565 3017 indigent,
598 2959 675 3017 qui
706 2958 877 3003 habent
906 2957 1219 3003 infirmitatem
1256 2961 1446 3018 peccati,
1483 2974 1600 3018 quae
1637 2973 1720 3037 per
1752 2959 2001 3003 sacerdotis
2035 2972 2101 3002 sa-

0 3024 5 3043 ’·
32 3021 102 3082 Ῐ
127 3022 350 3073 orificium
377 3025 547 3083 expiari
572 3035 740 3084 potest:
768 3025 846 3070 sed
872 3025 963 3070 hoc
996 3039 1092 3069 non
1119 3026 1202 3070 erit
1223 3026 1269 3069 in
1293 3036 1553 3070 aeternum:
1582 3028 1687 3085 quia
1708 3026 1756 3070 in
1778 3025 1948 3069 sanctis
1972 3023 2099 3068 nulla

0 3100 5 3140 ’ἴ
129 3090 213 3136 erit
241 3090 494 3145 infirmitas,
521 3092 773 3136 secundum
805 3091 916 3136 illud
948 3092 1094 3136 Isaiae
1127 3090 1223 3137 6o.:
1257 3093 1442 3152 Populus
1484 3099 1575 3138 tuus
1612 3107 1747 3137 omnes
1773 3094 1904 3151 justi:
1946 3104 2102 3149 pecca-

0 3161 2 3164 ’
57 3158 67 3167 ”
104 3151 281 3202 torum
307 3168 459 3203 autem
486 3158 723 3203 infirmitas
749 3159 1031 3218 inexpiabilis
1058 3159 1165 3212 erit;
1199 3162 1298 3218 quia
1335 3161 1379 3203 in
1406 3161 1569 3218 inferno
1603 3160 1720 3204 nulla
1751 3165 1807 3203 est
1844 3157 2095 3216 redemptio;

0 3252 2 3267 2
38 3239 83 3286 51?
129 3238 240 3284 ergo
272 3225 580 3270 sacerdotium
613 3226 786 3271 Christi
815 3224 978 3270 frustra
1011 3236 1269 3270 remaneret
1300 3226 1348 3270 in
1382 3236 1632 3270 aeternum.

0 3331 3 3353 ᾗ
32 3294 110 3348 ᾖ]
219 3303 260 3335 2.
285 3290 584 3337 PRAETEREA.
619 3291 940 3338 Sacerdotium
972 3292 1143 3338 Christi
1174 3293 1417 3369 praecipue
1445 3291 1786 3336 manifestatum
1821 3301 1888 3335 est
1924 3291 1971 3334 in
2004 3290 2099 3348 ejus

0 3387 1 3421 4
31 3373 71 3417 2133
109 3356 355 3416 passione,
387 3368 433 3403 et
463 3369 627 3413 morte,
651 3359 834 3418 quando
848 3367 926 3418 per
947 3361 1178 3419 proprium
1200 3361 1442 3418 sanguinem
1474 3359 1666 3402 introivit
1692 3360 1736 3401 in
1766 3363 1927 3411 sancta,
1962 3365 2011 3400 ut
2042 3356 2104 3400 di-

71 3426 79 3454 :-
131 3422 246 3469 citur
270 3423 407 3469 Hebr.
439 3439 506 3485 9.:
540 3425 619 3469 sed
651 3426 818 3484 passio,
845 3435 890 3469 et
915 3439 1040 3469 mors
1069 3424 1239 3470 Christi
1271 3439 1364 3468 non
1393 3425 1476 3468 erit
1503 3425 1548 3467 in
1572 3434 1822 3478 aeternum,
1850 3423 2103 3468 secundum

0 3512 2 3521 ¹
130 3485 243 3536 illud
266 3489 404 3536 Rom.
430 3488 496 3535 6.:
526 3492 714 3537 Christus
745 3506 959 3551 resurgens
1000 3506 1026 3536 a
1057 3494 1235 3536 mortuis
1271 3494 1366 3549 jam
1398 3505 1481 3535 non
1509 3492 1720 3542 moritur;
1751 3503 1863 3549 ergo
1895 3489 2104 3535 sacerdo-

132 3554 249 3600 tium
281 3555 455 3602 Christi
485 3570 580 3614 non
614 3568 682 3602 est
714 3560 759 3602 in
793 3566 1041 3602 aeternum.

0 3673 5 3738 ᾧ
33 3645 73 3744 3?
321 3657 358 3692 S.
382 3643 536 3692 ‘raom
562 3658 693 3692 sama
724 3657 926 3703 Theologica.
951 3658 1034 3693 voi.
1059 3658 1122 3693 ιν.
1888 3669 1928 3701 14
