<?xml version="1.0" encoding="UTF-8"?>
<!DOCTYPE html PUBLIC "-//W3C//DTD XHTML 1.0 Transitional//EN"
    "http://www.w3.org/TR/xhtml1/DTD/xhtml1-transitional.dtd">
<html xmlns="http://www.w3.org/1999/xhtml" xml:lang="en" lang="en">
 <head>
  <title>
</title>
<meta http-equiv="Content-Type" content="text/html;charset=utf-8" />
  <meta name='ocr-system' content='tesseract 3.04.00' />
  <meta name='ocr-capabilities' content='ocr_page ocr_carea ocr_par ocr_line ocrx_word'/>
</head>
<body>
  <div class='ocr_page' id='page_1' title='image "./divithomaeaquina04thom_0833.png"; bbox 0 0 2352 3926; ppageno 0'>
   <div class='ocr_carea' id='block_1_1' title="bbox 0 0 87 270">
    <p class='ocr_par' dir='ltr' id='par_1_1' title="bbox 0 0 87 270">
     <span class='ocr_line' id='line_1_1' title="bbox 0 0 87 270; baseline 0 3656"><span class='ocrx_word' id='word_1_1' title='bbox 0 0 87 270; x_wconf 95' lang='lat' dir='ltr'> </span> 
     </span>
    </p>
   </div>
   <div class='ocr_carea' id='block_1_2' title="bbox 684 247 2153 318">
    <p class='ocr_par' dir='ltr' id='par_1_2' title="bbox 684 247 2153 318">
     <span class='ocr_line' id='line_1_2' title="bbox 684 247 2153 318; baseline 0.001 -18"><span class='ocrx_word' id='word_1_2' title='bbox 684 260 963 307; x_wconf 74' lang='lat' dir='ltr'>QUAEs‘rlo</span> <span class='ocrx_word' id='word_1_3' title='bbox 1002 260 1223 302; x_wconf 76' lang='lat' dir='ltr'>LXXXIX.</span> <span class='ocrx_word' id='word_1_4' title='bbox 1260 260 1571 302; x_wconf 73' lang='lat' dir='ltr'>ARTICULUS</span> <span class='ocrx_word' id='word_1_5' title='bbox 1608 261 1682 301; x_wconf 84' lang='lat' dir='ltr'>VI.</span> <span class='ocrx_word' id='word_1_6' title='bbox 2048 247 2153 318; x_wconf 89' lang='lat'>829</span> 
     </span>
    </p>
   </div>
   <div class='ocr_carea' id='block_1_3' title="bbox 209 362 2161 1561">
    <p class='ocr_par' dir='ltr' id='par_1_3' title="bbox 211 362 2158 625">
     <span class='ocr_line' id='line_1_3' title="bbox 300 362 2156 424; baseline 0.001 -16"><span class='ocrx_word' id='word_1_7' title='bbox 300 362 377 408; x_wconf 81' lang='lat' dir='ltr'>An</span> <span class='ocrx_word' id='word_1_8' title='bbox 403 375 663 409; x_wconf 73' lang='lat' dir='ltr'>SECUNDUM</span> <span class='ocrx_word' id='word_1_9' title='bbox 687 364 943 419; x_wconf 90' lang='lat' dir='ltr'>dicendum,</span> <span class='ocrx_word' id='word_1_10' title='bbox 969 365 1096 424; x_wconf 77' lang='lat' dir='ltr'>quod</span> <span class='ocrx_word' id='word_1_11' title='bbox 1117 377 1256 424; x_wconf 88' lang='lat' dir='ltr'>opera</span> <span class='ocrx_word' id='word_1_12' title='bbox 1287 364 1343 409; x_wconf 91' lang='lat' dir='ltr'>de</span> <span class='ocrx_word' id='word_1_13' title='bbox 1368 379 1533 424; x_wconf 82' lang='lat' dir='ltr'>genere</span> <span class='ocrx_word' id='word_1_14' title='bbox 1556 365 1783 410; x_wconf 90' lang='lat' dir='ltr'>bonorum</span> <span class='ocrx_word' id='word_1_15' title='bbox 1812 364 1910 410; x_wconf 84' lang='lat' dir='ltr'>sine</span> <span class='ocrx_word' id='word_1_16' title='bbox 1937 364 2156 409; x_wconf 85' lang='lat' dir='ltr'>charitate</span> 
     </span>
     <span class='ocr_line' id='line_1_4' title="bbox 211 428 2155 492; baseline 0.001 -18"><span class='ocrx_word' id='word_1_17' title='bbox 211 428 329 474; x_wconf 86' lang='lat' dir='ltr'>facta</span> <span class='ocrx_word' id='word_1_18' title='bbox 355 429 564 475; x_wconf 90' lang='lat' dir='ltr'>dicuntur</span> <span class='ocrx_word' id='word_1_19' title='bbox 588 440 766 477; x_wconf 88' lang='lat' dir='ltr'>mortua</span> <span class='ocrx_word' id='word_1_20' title='bbox 793 441 975 491; x_wconf 90' lang='lat' dir='ltr'>propter</span> <span class='ocrx_word' id='word_1_21' title='bbox 1000 431 1227 477; x_wconf 86' lang='lat' dir='ltr'>defectum</span> <span class='ocrx_word' id='word_1_22' title='bbox 1250 432 1492 486; x_wconf 88' lang='lat' dir='ltr'>charitatis,</span> <span class='ocrx_word' id='word_1_23' title='bbox 1511 441 1555 476; x_wconf 91' lang='lat' dir='ltr'>et</span> <span class='ocrx_word' id='word_1_24' title='bbox 1579 433 1765 492; x_wconf 87' lang='lat' dir='ltr'>gratiae,</span> <span class='ocrx_word' id='word_1_25' title='bbox 1782 432 1899 478; x_wconf 86' lang='lat' dir='ltr'>sicut</span> <span class='ocrx_word' id='word_1_26' title='bbox 1923 431 2155 492; x_wconf 86' lang='lat' dir='ltr'>principii:</span> 
     </span>
     <span class='ocr_line' id='line_1_5' title="bbox 211 497 2158 559; baseline 0.001 -18"><span class='ocrx_word' id='word_1_27' title='bbox 211 497 301 542; x_wconf 91' lang='lat' dir='ltr'>hoc</span> <span class='ocrx_word' id='word_1_28' title='bbox 328 508 481 542; x_wconf 88' lang='lat' dir='ltr'>autem</span> <span class='ocrx_word' id='word_1_29' title='bbox 511 511 604 542; x_wconf 90' lang='lat' dir='ltr'>non</span> <span class='ocrx_word' id='word_1_30' title='bbox 636 508 885 557; x_wconf 85' lang='lat' dir='ltr'>praestatur</span> <span class='ocrx_word' id='word_1_31' title='bbox 911 498 975 543; x_wconf 89' lang='lat' dir='ltr'>eis</span> <span class='ocrx_word' id='word_1_32' title='bbox 1001 513 1080 558; x_wconf 90' lang='lat' dir='ltr'>per</span> <span class='ocrx_word' id='word_1_33' title='bbox 1106 499 1433 557; x_wconf 86' lang='lat' dir='ltr'>poenitentiam</span> <span class='ocrx_word' id='word_1_34' title='bbox 1458 509 1739 559; x_wconf 86' lang='lat' dir='ltr'>sequentem,</span> <span class='ocrx_word' id='word_1_35' title='bbox 1770 509 1820 545; x_wconf 89' lang='lat' dir='ltr'>ut</span> <span class='ocrx_word' id='word_1_36' title='bbox 1850 513 1906 544; x_wconf 80' lang='lat' dir='ltr'>ex</span> <span class='ocrx_word' id='word_1_37' title='bbox 1937 498 2016 544; x_wconf 89' lang='lat' dir='ltr'>tali</span> <span class='ocrx_word' id='word_1_38' title='bbox 2041 499 2158 559; x_wconf 85' lang='lat' dir='ltr'>prin·</span> 
     </span>
     <span class='ocr_line' id='line_1_6' title="bbox 216 564 1263 625; baseline 0.003 -18"><span class='ocrx_word' id='word_1_39' title='bbox 216 564 335 624; x_wconf 90' lang='lat' dir='ltr'>cipio</span> <span class='ocrx_word' id='word_1_40' title='bbox 360 564 609 624; x_wconf 77' lang='lat' dir='ltr'>procedant</span> <span class='ocrx_word' id='word_1_41' title='bbox 625 580 636 618; x_wconf 91' lang='lat'>;</span> <span class='ocrx_word' id='word_1_42' title='bbox 655 565 772 608; x_wconf 89' lang='lat' dir='ltr'>unde</span> <span class='ocrx_word' id='word_1_43' title='bbox 790 565 905 609; x_wconf 89' lang='lat' dir='ltr'>ratio</span> <span class='ocrx_word' id='word_1_44' title='bbox 931 579 1024 609; x_wconf 89' lang='lat' dir='ltr'>non</span> <span class='ocrx_word' id='word_1_45' title='bbox 1050 566 1263 625; x_wconf 91' lang='lat' dir='ltr'>sequitur.</span> 
     </span>
    </p>

    <p class='ocr_par' dir='ltr' id='par_1_4' title="bbox 209 631 2161 1561">
     <span class='ocr_line' id='line_1_7' title="bbox 300 631 2159 692; baseline 0.001 -16"><span class='ocrx_word' id='word_1_46' title='bbox 300 631 377 676; x_wconf 83' lang='lat' dir='ltr'>An</span> <span class='ocrx_word' id='word_1_47' title='bbox 404 643 619 676; x_wconf 66' lang='lat' dir='ltr'>‘ri-:anum</span> <span class='ocrx_word' id='word_1_48' title='bbox 644 631 902 686; x_wconf 85' lang='lat' dir='ltr'>dicendum,</span> <span class='ocrx_word' id='word_1_49' title='bbox 928 632 1049 690; x_wconf 91' lang='lat' dir='ltr'>quod</span> <span class='ocrx_word' id='word_1_50' title='bbox 1080 632 1205 677; x_wconf 91' lang='lat' dir='ltr'>Deus</span> <span class='ocrx_word' id='word_1_51' title='bbox 1237 631 1499 677; x_wconf 88' lang='lat' dir='ltr'>recordatur</span> <span class='ocrx_word' id='word_1_52' title='bbox 1522 633 1764 687; x_wconf 88' lang='lat' dir='ltr'>bonorum,</span> <span class='ocrx_word' id='word_1_53' title='bbox 1781 647 1899 692; x_wconf 87' lang='lat' dir='ltr'>quae</span> <span class='ocrx_word' id='word_1_54' title='bbox 1922 633 2020 692; x_wconf 89' lang='lat' dir='ltr'>quis</span> <span class='ocrx_word' id='word_1_55' title='bbox 2045 632 2159 678; x_wconf 90' lang='lat' dir='ltr'>facit</span> 
     </span>
     <span class='ocr_line' id='line_1_8' title="bbox 209 698 2159 759; baseline 0.001 -16"><span class='ocrx_word' id='word_1_56' title='bbox 209 698 257 743; x_wconf 87' lang='lat' dir='ltr'>in</span> <span class='ocrx_word' id='word_1_57' title='bbox 283 706 400 743; x_wconf 88' lang='lat' dir='ltr'>statu</span> <span class='ocrx_word' id='word_1_58' title='bbox 425 698 614 756; x_wconf 87' lang='lat' dir='ltr'>peccati,</span> <span class='ocrx_word' id='word_1_59' title='bbox 636 712 729 742; x_wconf 90' lang='lat' dir='ltr'>non</span> <span class='ocrx_word' id='word_1_60' title='bbox 755 707 804 742; x_wconf 92' lang='lat' dir='ltr'>ut</span> <span class='ocrx_word' id='word_1_61' title='bbox 828 708 1087 743; x_wconf 87' lang='lat' dir='ltr'>remuneret</span> <span class='ocrx_word' id='word_1_62' title='bbox 1112 713 1164 743; x_wconf 90' lang='lat' dir='ltr'>ea</span> <span class='ocrx_word' id='word_1_63' title='bbox 1190 699 1237 743; x_wconf 92' lang='lat' dir='ltr'>in</span> <span class='ocrx_word' id='word_1_64' title='bbox 1252 700 1344 743; x_wconf 90' lang='lat' dir='ltr'>vita</span> <span class='ocrx_word' id='word_1_65' title='bbox 1371 710 1565 754; x_wconf 91' lang='lat' dir='ltr'>aeterna,</span> <span class='ocrx_word' id='word_1_66' title='bbox 1582 714 1698 759; x_wconf 90' lang='lat' dir='ltr'>quae</span> <span class='ocrx_word' id='word_1_67' title='bbox 1714 699 1898 745; x_wconf 90' lang='lat' dir='ltr'>debetur</span> <span class='ocrx_word' id='word_1_68' title='bbox 1918 699 2027 745; x_wconf 87' lang='lat' dir='ltr'>solis</span> <span class='ocrx_word' id='word_1_69' title='bbox 2050 714 2159 759; x_wconf 88' lang='lat' dir='ltr'>ope-</span> 
     </span>
     <span class='ocr_line' id='line_1_9' title="bbox 211 764 2158 827; baseline 0.003 -20"><span class='ocrx_word' id='word_1_70' title='bbox 211 764 332 808; x_wconf 87' lang='lat' dir='ltr'>ribus</span> <span class='ocrx_word' id='word_1_71' title='bbox 363 764 492 818; x_wconf 88' lang='lat' dir='ltr'>vivis,</span> <span class='ocrx_word' id='word_1_72' title='bbox 524 764 638 809; x_wconf 91' lang='lat' dir='ltr'>idest</span> <span class='ocrx_word' id='word_1_73' title='bbox 664 779 715 808; x_wconf 86' lang='lat' dir='ltr'>ex</span> <span class='ocrx_word' id='word_1_74' title='bbox 743 764 960 809; x_wconf 85' lang='lat' dir='ltr'>charitate</span> <span class='ocrx_word' id='word_1_75' title='bbox 986 765 1139 820; x_wconf 82' lang='lat' dir='ltr'>factis;</span> <span class='ocrx_word' id='word_1_76' title='bbox 1166 766 1244 810; x_wconf 92' lang='lat' dir='ltr'>sed</span> <span class='ocrx_word' id='word_1_77' title='bbox 1270 777 1528 811; x_wconf 88' lang='lat' dir='ltr'>remunerat</span> <span class='ocrx_word' id='word_1_78' title='bbox 1554 781 1607 811; x_wconf 90' lang='lat' dir='ltr'>ea</span> <span class='ocrx_word' id='word_1_79' title='bbox 1632 766 1875 827; x_wconf 87' lang='lat' dir='ltr'>temporali</span> <span class='ocrx_word' id='word_1_80' title='bbox 1898 780 2158 812; x_wconf 86' lang='lat' dir='ltr'>remunera-</span> 
     </span>
     <span class='ocr_line' id='line_1_10' title="bbox 210 831 2156 893; baseline 0.001 -17"><span class='ocrx_word' id='word_1_81' title='bbox 210 831 356 886; x_wconf 86' lang='lat' dir='ltr'>tione3</span> <span class='ocrx_word' id='word_1_82' title='bbox 374 831 489 875; x_wconf 90' lang='lat' dir='ltr'>sicut</span> <span class='ocrx_word' id='word_1_83' title='bbox 508 831 699 889; x_wconf 87' lang='lat' dir='ltr'>Gregor.</span> <span class='ocrx_word' id='word_1_84' title='bbox 717 831 826 875; x_wconf 88' lang='lat' dir='ltr'>dicit</span> <span class='ocrx_word' id='word_1_85' title='bbox 846 831 891 875; x_wconf 91' lang='lat' dir='ltr'>in</span> <span class='ocrx_word' id='word_1_86' title='bbox 912 832 1040 876; x_wconf 86' lang='lat' dir='ltr'>hom.</span> <span class='ocrx_word' id='word_1_87' title='bbox 1059 833 1113 876; x_wconf 93' lang='lat' dir='ltr'>de</span> <span class='ocrx_word' id='word_1_88' title='bbox 1134 833 1301 886; x_wconf 89' lang='lat' dir='ltr'>Divite,</span> <span class='ocrx_word' id='word_1_89' title='bbox 1329 843 1374 878; x_wconf 89' lang='lat' dir='ltr'>et</span> <span class='ocrx_word' id='word_1_90' title='bbox 1398 833 1571 878; x_wconf 89' lang='lat' dir='ltr'>Lazaro</span> <span class='ocrx_word' id='word_1_91' title='bbox 1597 835 1719 892; x_wconf 80' lang='lat' dir='ltr'>(quae</span> <span class='ocrx_word' id='word_1_92' title='bbox 1740 840 1794 879; x_wconf 79' lang='lat' dir='ltr'>est</span> <span class='ocrx_word' id='word_1_93' title='bbox 1817 848 1889 892; x_wconf 87' lang='lat'>40.</span> <span class='ocrx_word' id='word_1_94' title='bbox 1921 835 1966 878; x_wconf 88' lang='lat' dir='ltr'>in</span> <span class='ocrx_word' id='word_1_95' title='bbox 1991 835 2156 893; x_wconf 82' lang='lat' dir='ltr'>Evang.</span> 
     </span>
     <span class='ocr_line' id='line_1_11' title="bbox 211 898 2159 960; baseline 0.001 -17"><span class='ocrx_word' id='word_1_96' title='bbox 211 899 312 943; x_wconf 82' lang='lat' dir='ltr'>circ.</span> <span class='ocrx_word' id='word_1_97' title='bbox 327 898 468 956; x_wconf 65' lang='lat' dir='ltr'>med),</span> <span class='ocrx_word' id='word_1_98' title='bbox 493 898 615 957; x_wconf 87' lang='lat' dir='ltr'>quod</span> <span class='ocrx_word' id='word_1_99' title='bbox 644 915 668 940; x_wconf 78' lang='lat' dir='ltr'>&lt;t</span> <span class='ocrx_word' id='word_1_100' title='bbox 692 898 781 942; x_wconf 90' lang='lat' dir='ltr'>nisi</span> <span class='ocrx_word' id='word_1_101' title='bbox 805 898 930 943; x_wconf 89' lang='lat' dir='ltr'>dives</span> <span class='ocrx_word' id='word_1_102' title='bbox 954 898 1031 942; x_wconf 92' lang='lat' dir='ltr'>ille</span> <span class='ocrx_word' id='word_1_103' title='bbox 1059 898 1242 958; x_wconf 83' lang='lat' dir='ltr'>aliquod</span> <span class='ocrx_word' id='word_1_104' title='bbox 1270 901 1441 944; x_wconf 88' lang='lat' dir='ltr'>bonum</span> <span class='ocrx_word' id='word_1_105' title='bbox 1460 901 1637 958; x_wconf 88' lang='lat' dir='ltr'>egisset,</span> <span class='ocrx_word' id='word_1_106' title='bbox 1670 911 1715 945; x_wconf 91' lang='lat' dir='ltr'>et</span> <span class='ocrx_word' id='word_1_107' title='bbox 1738 901 1785 945; x_wconf 89' lang='lat' dir='ltr'>in</span> <span class='ocrx_word' id='word_1_108' title='bbox 1809 900 2036 960; x_wconf 87' lang='lat' dir='ltr'>praesenti</span> <span class='ocrx_word' id='word_1_109' title='bbox 2065 914 2159 945; x_wconf 88' lang='lat' dir='ltr'>sae·</span> 
     </span>
     <span class='ocr_line' id='line_1_12' title="bbox 212 960 2159 1028; baseline 0.002 -19"><span class='ocrx_word' id='word_1_110' title='bbox 212 964 316 1009; x_wconf 92' lang='lat' dir='ltr'>culo</span> <span class='ocrx_word' id='word_1_111' title='bbox 342 965 758 1010; x_wconf 86' lang='lat' dir='ltr'>remunerationem</span> <span class='ocrx_word' id='word_1_112' title='bbox 784 965 1043 1023; x_wconf 88' lang='lat' dir='ltr'>accepisset,</span> <span class='ocrx_word' id='word_1_113' title='bbox 1074 980 1363 1025; x_wconf 90' lang='lat' dir='ltr'>nequaquam</span> <span class='ocrx_word' id='word_1_114' title='bbox 1396 960 1703 1012; x_wconf 68' lang='lat' dir='ltr'>ei&#39;Abraham</span> <span class='ocrx_word' id='word_1_115' title='bbox 1735 968 1922 1012; x_wconf 86' lang='lat' dir='ltr'>diceret:</span> <span class='ocrx_word' id='word_1_116' title='bbox 1956 969 2159 1028; x_wconf 76' lang='lat' dir='ltr'>Recepisti</span> 
     </span>
     <span class='ocr_line' id='line_1_13' title="bbox 211 1031 2159 1093; baseline 0.001 -16"><span class='ocrx_word' id='word_1_117' title='bbox 211 1033 319 1077; x_wconf 79' lang='lat' dir='ltr'>bona</span> <span class='ocrx_word' id='word_1_118' title='bbox 342 1033 387 1076; x_wconf 84' lang='lat' dir='ltr'>in</span> <span class='ocrx_word' id='word_1_119' title='bbox 411 1033 501 1076; x_wconf 80' lang='lat' dir='ltr'>vita</span> <span class='ocrx_word' id='word_1_120' title='bbox 531 1038 651 1076; x_wconf 81' lang='lat' dir='ltr'>tua».</span> <span class='ocrx_word' id='word_1_121' title='bbox 677 1031 764 1076; x_wconf 94' lang='lat' dir='ltr'>Vel</span> <span class='ocrx_word' id='word_1_122' title='bbox 781 1033 918 1076; x_wconf 89' lang='lat' dir='ltr'>etiam</span> <span class='ocrx_word' id='word_1_123' title='bbox 944 1031 1034 1076; x_wconf 92' lang='lat' dir='ltr'>hoc</span> <span class='ocrx_word' id='word_1_124' title='bbox 1060 1042 1210 1091; x_wconf 89' lang='lat' dir='ltr'>potest</span> <span class='ocrx_word' id='word_1_125' title='bbox 1233 1033 1387 1077; x_wconf 91' lang='lat' dir='ltr'>referri</span> <span class='ocrx_word' id='word_1_126' title='bbox 1404 1034 1459 1077; x_wconf 89' lang='lat' dir='ltr'>ad</span> <span class='ocrx_word' id='word_1_127' title='bbox 1475 1034 1580 1088; x_wconf 89' lang='lat' dir='ltr'>hoc,</span> <span class='ocrx_word' id='word_1_128' title='bbox 1602 1034 1724 1093; x_wconf 89' lang='lat' dir='ltr'>quod</span> <span class='ocrx_word' id='word_1_129' title='bbox 1741 1034 1932 1093; x_wconf 90' lang='lat' dir='ltr'>patietur</span> <span class='ocrx_word' id='word_1_130' title='bbox 1951 1034 2159 1079; x_wconf 85' lang='lat' dir='ltr'>tolerabi-</span> 
     </span>
     <span class='ocr_line' id='line_1_14' title="bbox 212 1098 2158 1160; baseline 0.002 -17"><span class='ocrx_word' id='word_1_131' title='bbox 212 1098 299 1143; x_wconf 85' lang='lat' dir='ltr'>lius</span> <span class='ocrx_word' id='word_1_132' title='bbox 323 1099 572 1158; x_wconf 82' lang='lat' dir='ltr'>judicium;</span> <span class='ocrx_word' id='word_1_133' title='bbox 600 1098 717 1142; x_wconf 92' lang='lat' dir='ltr'>unde</span> <span class='ocrx_word' id='word_1_134' title='bbox 743 1099 852 1143; x_wconf 91' lang='lat' dir='ltr'>dicit</span> <span class='ocrx_word' id='word_1_135' title='bbox 875 1098 1067 1157; x_wconf 85' lang='lat' dir='ltr'>August.</span> <span class='ocrx_word' id='word_1_136' title='bbox 1095 1100 1141 1142; x_wconf 88' lang='lat' dir='ltr'>in</span> <span class='ocrx_word' id='word_1_137' title='bbox 1168 1099 1243 1143; x_wconf 89' lang='lat' dir='ltr'>lib.</span> <span class='ocrx_word' id='word_1_138' title='bbox 1270 1100 1325 1144; x_wconf 92' lang='lat' dir='ltr'>de</span> <span class='ocrx_word' id='word_1_139' title='bbox 1351 1100 1572 1144; x_wconf 86' lang='lat' dir='ltr'>Patientia</span> <span class='ocrx_word' id='word_1_140' title='bbox 1602 1104 1711 1160; x_wconf 84' lang='lat' dir='ltr'>(cap.</span> <span class='ocrx_word' id='word_1_141' title='bbox 1738 1102 1856 1157; x_wconf 87' lang='lat'>26.).·</span> <span class='ocrx_word' id='word_1_142' title='bbox 1887 1102 2034 1146; x_wconf 88' lang='lat' dir='ltr'>«Non</span> <span class='ocrx_word' id='word_1_143' title='bbox 2059 1115 2158 1160; x_wconf 89' lang='lat' dir='ltr'>pos-</span> 
     </span>
     <span class='ocr_line' id='line_1_15' title="bbox 211 1165 2158 1226; baseline 0.001 -15"><span class='ocrx_word' id='word_1_144' title='bbox 211 1179 368 1211; x_wconf 86' lang='lat' dir='ltr'>sumus</span> <span class='ocrx_word' id='word_1_145' title='bbox 391 1165 566 1210; x_wconf 87' lang='lat' dir='ltr'>dicere:</span> <span class='ocrx_word' id='word_1_146' title='bbox 594 1166 899 1210; x_wconf 86' lang='lat' dir='ltr'>Schismatico</span> <span class='ocrx_word' id='word_1_147' title='bbox 927 1165 1087 1210; x_wconf 89' lang='lat' dir='ltr'>melius</span> <span class='ocrx_word' id='word_1_148' title='bbox 1105 1165 1274 1221; x_wconf 89' lang='lat' dir='ltr'>fuisset,</span> <span class='ocrx_word' id='word_1_149' title='bbox 1301 1177 1349 1212; x_wconf 90' lang='lat' dir='ltr'>ut</span> <span class='ocrx_word' id='word_1_150' title='bbox 1375 1167 1608 1212; x_wconf 85' lang='lat' dir='ltr'>Christum</span> <span class='ocrx_word' id='word_1_151' title='bbox 1625 1170 1836 1226; x_wconf 87' lang='lat' dir='ltr'>negando</span> <span class='ocrx_word' id='word_1_152' title='bbox 1858 1168 1972 1212; x_wconf 85' lang='lat' dir='ltr'>nihil</span> <span class='ocrx_word' id='word_1_153' title='bbox 1998 1183 2158 1213; x_wconf 90' lang='lat' dir='ltr'>eorum</span> 
     </span>
     <span class='ocr_line' id='line_1_16' title="bbox 211 1232 2159 1292; baseline 0.002 -15"><span class='ocrx_word' id='word_1_154' title='bbox 211 1242 451 1292; x_wconf 84' lang='lat' dir='ltr'>pateretur,</span> <span class='ocrx_word' id='word_1_155' title='bbox 478 1246 593 1291; x_wconf 90' lang='lat' dir='ltr'>quae</span> <span class='ocrx_word' id='word_1_156' title='bbox 619 1247 776 1291; x_wconf 90' lang='lat' dir='ltr'>passus</span> <span class='ocrx_word' id='word_1_157' title='bbox 803 1242 870 1276; x_wconf 89' lang='lat' dir='ltr'>est</span> <span class='ocrx_word' id='word_1_158' title='bbox 911 1232 1193 1277; x_wconf 89' lang='lat' dir='ltr'>confitendo:</span> <span class='ocrx_word' id='word_1_159' title='bbox 1227 1234 1305 1278; x_wconf 93' lang='lat' dir='ltr'>sed</span> <span class='ocrx_word' id='word_1_160' title='bbox 1337 1235 1685 1279; x_wconf 84' lang='lat' dir='ltr'>existimandum</span> <span class='ocrx_word' id='word_1_161' title='bbox 1711 1245 1777 1279; x_wconf 91' lang='lat' dir='ltr'>est</span> <span class='ocrx_word' id='word_1_162' title='bbox 1810 1234 2088 1280; x_wconf 88' lang='lat' dir='ltr'>tolerabilius</span> <span class='ocrx_word' id='word_1_163' title='bbox 2116 1236 2159 1280; x_wconf 92' lang='lat' dir='ltr'>ei</span> 
     </span>
     <span class='ocr_line' id='line_1_17' title="bbox 209 1299 2159 1362; baseline 0.001 -18"><span class='ocrx_word' id='word_1_164' title='bbox 209 1299 410 1359; x_wconf 64' lang='lat' dir='ltr'>futurum</span> <span class='ocrx_word' id='word_1_165' title='bbox 434 1299 668 1358; x_wconf 88' lang='lat' dir='ltr'>judicium,</span> <span class='ocrx_word' id='word_1_166' title='bbox 686 1314 819 1358; x_wconf 89' lang='lat' dir='ltr'>quam</span> <span class='ocrx_word' id='word_1_167' title='bbox 848 1300 887 1344; x_wconf 90' lang='lat' dir='ltr'>si</span> <span class='ocrx_word' id='word_1_168' title='bbox 909 1300 1141 1345; x_wconf 87' lang='lat' dir='ltr'>Christum</span> <span class='ocrx_word' id='word_1_169' title='bbox 1158 1302 1384 1360; x_wconf 87' lang='lat' dir='ltr'>negando,</span> <span class='ocrx_word' id='word_1_170' title='bbox 1401 1301 1515 1345; x_wconf 89' lang='lat' dir='ltr'>nihil</span> <span class='ocrx_word' id='word_1_171' title='bbox 1531 1315 1691 1346; x_wconf 89' lang='lat' dir='ltr'>eorum</span> <span class='ocrx_word' id='word_1_172' title='bbox 1708 1312 1957 1362; x_wconf 84' lang='lat' dir='ltr'>pateretur3</span> <span class='ocrx_word' id='word_1_173' title='bbox 1983 1302 2159 1347; x_wconf 88' lang='lat' dir='ltr'>utillud</span> 
     </span>
     <span class='ocr_line' id='line_1_18' title="bbox 211 1366 2158 1427; baseline 0.002 -16"><span class='ocrx_word' id='word_1_174' title='bbox 211 1367 335 1427; x_wconf 90' lang='lat' dir='ltr'>quod</span> <span class='ocrx_word' id='word_1_175' title='bbox 361 1367 423 1412; x_wconf 86' lang='lat' dir='ltr'>ait</span> <span class='ocrx_word' id='word_1_176' title='bbox 446 1366 717 1426; x_wconf 89' lang='lat' dir='ltr'>Apostolus:</span> <span class='ocrx_word' id='word_1_177' title='bbox 745 1367 790 1412; x_wconf 84' lang='lat' dir='ltr'>Si</span> <span class='ocrx_word' id='word_1_178' title='bbox 816 1367 1023 1412; x_wconf 84' lang='lat' dir='ltr'>tradidero</span> <span class='ocrx_word' id='word_1_179' title='bbox 1050 1375 1198 1426; x_wconf 80' lang='lat' dir='ltr'>corpus</span> <span class='ocrx_word' id='word_1_180' title='bbox 1219 1383 1370 1422; x_wconf 83' lang='lat' dir='ltr'>meum,</span> <span class='ocrx_word' id='word_1_181' title='bbox 1398 1370 1460 1414; x_wconf 86' lang='lat' dir='ltr'>ita</span> <span class='ocrx_word' id='word_1_182' title='bbox 1475 1375 1523 1413; x_wconf 82' lang='lat' dir='ltr'>ut</span> <span class='ocrx_word' id='word_1_183' title='bbox 1543 1368 1730 1423; x_wconf 78' lang='lat' dir='ltr'>ardeam,</span> <span class='ocrx_word' id='word_1_184' title='bbox 1758 1369 2004 1413; x_wconf 80' lang='lat' dir='ltr'>charitatem</span> <span class='ocrx_word' id='word_1_185' title='bbox 2021 1375 2158 1415; x_wconf 80' lang='lat' dir='ltr'>autem</span> 
     </span>
     <span class='ocr_line' id='line_1_19' title="bbox 212 1433 2161 1494; baseline 0.001 -15"><span class='ocrx_word' id='word_1_186' title='bbox 212 1450 295 1479; x_wconf 81' lang='lat' dir='ltr'>non</span> <span class='ocrx_word' id='word_1_187' title='bbox 326 1435 522 1488; x_wconf 82' lang='lat' dir='ltr'>habuero,</span> <span class='ocrx_word' id='word_1_188' title='bbox 555 1435 662 1478; x_wconf 86' lang='lat' dir='ltr'>nihil</span> <span class='ocrx_word' id='word_1_189' title='bbox 684 1434 864 1494; x_wconf 77' lang='lat' dir='ltr'>prodest,</span> <span class='ocrx_word' id='word_1_190' title='bbox 897 1433 1175 1492; x_wconf 85' lang='lat' dir='ltr'>intelligatur</span> <span class='ocrx_word' id='word_1_191' title='bbox 1205 1435 1428 1492; x_wconf 88' lang='lat' dir='ltr'>pertinere</span> <span class='ocrx_word' id='word_1_192' title='bbox 1461 1435 1516 1479; x_wconf 89' lang='lat' dir='ltr'>ad</span> <span class='ocrx_word' id='word_1_193' title='bbox 1549 1449 1741 1494; x_wconf 90' lang='lat' dir='ltr'>regnum</span> <span class='ocrx_word' id='word_1_194' title='bbox 1778 1434 2014 1480; x_wconf 88' lang='lat' dir='ltr'>coelorum</span> <span class='ocrx_word' id='word_1_195' title='bbox 2050 1436 2161 1481; x_wconf 85' lang='lat' dir='ltr'>obti-</span> 
     </span>
     <span class='ocr_line' id='line_1_20' title="bbox 210 1500 1989 1561; baseline 0.001 -15"><span class='ocrx_word' id='word_1_196' title='bbox 210 1501 426 1557; x_wconf 89' lang='lat' dir='ltr'>nendum,</span> <span class='ocrx_word' id='word_1_197' title='bbox 449 1515 545 1546; x_wconf 89' lang='lat' dir='ltr'>non</span> <span class='ocrx_word' id='word_1_198' title='bbox 572 1502 627 1546; x_wconf 92' lang='lat' dir='ltr'>ad</span> <span class='ocrx_word' id='word_1_199' title='bbox 654 1502 842 1546; x_wconf 84' lang='lat' dir='ltr'>extremi</span> <span class='ocrx_word' id='word_1_200' title='bbox 867 1500 1074 1561; x_wconf 88' lang='lat' dir='ltr'>supplicii</span> <span class='ocrx_word' id='word_1_201' title='bbox 1098 1501 1316 1560; x_wconf 90' lang='lat' dir='ltr'>judicium</span> <span class='ocrx_word' id='word_1_202' title='bbox 1342 1501 1620 1547; x_wconf 86' lang='lat' dir='ltr'>tolerabilius</span> <span class='ocrx_word' id='word_1_203' title='bbox 1645 1502 1989 1548; x_wconf 88' lang='lat' dir='ltr'>subeundum».</span> 
     </span>
    </p>
   </div>
   <div class='ocr_carea' id='block_1_4' title="bbox 872 1888 1506 1966">
    <p class='ocr_par' dir='ltr' id='par_1_5' title="bbox 872 1888 1506 1966">
     <span class='ocr_line' id='line_1_21' title="bbox 872 1888 1506 1966; baseline 0 -17"><span class='ocrx_word' id='word_1_204' title='bbox 872 1888 1316 1966; x_wconf 74' lang='lat' dir='ltr'><strong>QUAESTIO</strong></span> <span class='ocrx_word' id='word_1_205' title='bbox 1365 1888 1506 1950; x_wconf 88' lang='lat' dir='ltr'>XC.</span> 
     </span>
    </p>
   </div>
   <div class='ocr_carea' id='block_1_5' title="bbox 521 2044 1840 2185">
    <p class='ocr_par' dir='ltr' id='par_1_6' title="bbox 521 2044 1840 2185">
     <span class='ocr_line' id='line_1_22' title="bbox 521 2044 1840 2095; baseline -0.001 -10"><span class='ocrx_word' id='word_1_206' title='bbox 521 2045 602 2085; x_wconf 90' lang='lat' dir='ltr'>DE</span> <span class='ocrx_word' id='word_1_207' title='bbox 631 2044 916 2086; x_wconf 92' lang='lat' dir='ltr'><strong>PARTIBUS</strong></span> <span class='ocrx_word' id='word_1_208' title='bbox 947 2044 1388 2085; x_wconf 88' lang='lat' dir='ltr'><strong>POENITENTIAE</strong></span> <span class='ocrx_word' id='word_1_209' title='bbox 1406 2045 1486 2095; x_wconf 16' lang='lat' dir='ltr'>&#39;IN</span> <span class='ocrx_word' id='word_1_210' title='bbox 1521 2044 1840 2095; x_wconf 86' lang='lat' dir='ltr'><strong>GENERALI,</strong></span> 
     </span>
     <span class='ocr_line' id='line_1_23' title="bbox 686 2131 1681 2185; baseline 0 -12"><span class='ocrx_word' id='word_1_211' title='bbox 686 2133 752 2173; x_wconf 95' lang='lat' dir='ltr'>IN</span> <span class='ocrx_word' id='word_1_212' title='bbox 784 2133 1070 2185; x_wconf 88' lang='lat' dir='ltr'><strong>QUATUOR</strong></span> <span class='ocrx_word' id='word_1_213' title='bbox 1100 2131 1430 2174; x_wconf 90' lang='lat' dir='ltr'>ARTICULOS</span> <span class='ocrx_word' id='word_1_214' title='bbox 1462 2134 1681 2175; x_wconf 86' lang='lat' dir='ltr'>DIVISA.</span> 
     </span>
    </p>
   </div>
   <div class='ocr_carea' id='block_1_6' title="bbox 209 2301 2160 2429">
    <p class='ocr_par' dir='ltr' id='par_1_7' title="bbox 209 2301 2160 2429">
     <span class='ocr_line' id='line_1_24' title="bbox 298 2301 2160 2364; baseline 0.001 -18"><span class='ocrx_word' id='word_1_215' title='bbox 298 2301 476 2347; x_wconf 90' lang='lat' dir='ltr'>Deinde</span> <span class='ocrx_word' id='word_1_216' title='bbox 497 2301 878 2346; x_wconf 87' lang='lat' dir='ltr'>considerandum</span> <span class='ocrx_word' id='word_1_217' title='bbox 905 2312 972 2347; x_wconf 89' lang='lat' dir='ltr'>est</span> <span class='ocrx_word' id='word_1_218' title='bbox 992 2303 1047 2348; x_wconf 92' lang='lat' dir='ltr'>de</span> <span class='ocrx_word' id='word_1_219' title='bbox 1072 2302 1271 2363; x_wconf 85' lang='lat' dir='ltr'>partibus</span> <span class='ocrx_word' id='word_1_220' title='bbox 1287 2302 1614 2361; x_wconf 87' lang='lat' dir='ltr'>poenitentiae;</span> <span class='ocrx_word' id='word_1_221' title='bbox 1638 2313 1682 2348; x_wconf 90' lang='lat' dir='ltr'>et</span> <span class='ocrx_word' id='word_1_222' title='bbox 1700 2304 1844 2364; x_wconf 84' lang='lat' dir='ltr'>primo</span> <span class='ocrx_word' id='word_1_223' title='bbox 1861 2303 1908 2348; x_wconf 89' lang='lat' dir='ltr'>in</span> <span class='ocrx_word' id='word_1_224' title='bbox 1930 2302 2160 2364; x_wconf 82' lang='lat' dir='ltr'>generali3</span> 
     </span>
     <span class='ocr_line' id='line_1_25' title="bbox 209 2369 979 2429; baseline -0.003 -13"><span class='ocrx_word' id='word_1_225' title='bbox 209 2370 381 2416; x_wconf 77' lang='lat' dir='ltr'>secundo</span> <span class='ocrx_word' id='word_1_226' title='bbox 406 2369 454 2414; x_wconf 92' lang='lat' dir='ltr'>in</span> <span class='ocrx_word' id='word_1_227' title='bbox 478 2369 664 2429; x_wconf 88' lang='lat' dir='ltr'>speciali</span> <span class='ocrx_word' id='word_1_228' title='bbox 689 2370 745 2415; x_wconf 92' lang='lat' dir='ltr'>de</span> <span class='ocrx_word' id='word_1_229' title='bbox 777 2369 979 2429; x_wconf 88' lang='lat' dir='ltr'>singulis.</span> 
     </span>
    </p>
   </div>
   <div class='ocr_carea' id='block_1_7' title="bbox 768 2481 1605 2544">
    <p class='ocr_par' dir='ltr' id='par_1_8' title="bbox 768 2481 1605 2544">
     <span class='ocr_line' id='line_1_26' title="bbox 768 2481 1605 2544; baseline 0 -16"><span class='ocrx_word' id='word_1_230' title='bbox 768 2481 898 2528; x_wconf 82' lang='lat' dir='ltr'>Circa</span> <span class='ocrx_word' id='word_1_231' title='bbox 916 2484 1108 2542; x_wconf 86' lang='lat' dir='ltr'>primum</span> <span class='ocrx_word' id='word_1_232' title='bbox 1133 2490 1390 2542; x_wconf 81' lang='lat' dir='ltr'>quaeruntur</span> <span class='ocrx_word' id='word_1_233' title='bbox 1415 2490 1605 2544; x_wconf 82' lang='lat' dir='ltr'>quatuor.</span> 
     </span>
    </p>
   </div>
   <div class='ocr_carea' id='block_1_8' title="bbox 300 2573 1510 2836">
    <p class='ocr_par' dir='ltr' id='par_1_9' title="bbox 300 2573 1343 2699">
     <span class='ocr_line' id='line_1_27' title="bbox 300 2573 1343 2634; baseline 0.001 -16"><span class='ocrx_word' id='word_1_234' title='bbox 300 2573 472 2618; x_wconf 86' lang='lat' dir='ltr'>Primo.</span> <span class='ocrx_word' id='word_1_235' title='bbox 498 2573 664 2619; x_wconf 89' lang='lat' dir='ltr'>Utrum</span> <span class='ocrx_word' id='word_1_236' title='bbox 688 2573 966 2633; x_wconf 89' lang='lat' dir='ltr'>poenitentia</span> <span class='ocrx_word' id='word_1_237' title='bbox 992 2573 1158 2618; x_wconf 88' lang='lat' dir='ltr'>habeat</span> <span class='ocrx_word' id='word_1_238' title='bbox 1181 2584 1343 2634; x_wconf 90' lang='lat' dir='ltr'>partes.</span> 
     </span>
     <span class='ocr_line' id='line_1_28' title="bbox 303 2640 1079 2699; baseline -0.001 -14"><span class='ocrx_word' id='word_1_239' title='bbox 303 2641 530 2686; x_wconf 86' lang='lat' dir='ltr'>Secundo.</span> <span class='ocrx_word' id='word_1_240' title='bbox 555 2641 627 2685; x_wconf 93' lang='lat' dir='ltr'>De</span> <span class='ocrx_word' id='word_1_241' title='bbox 651 2654 843 2685; x_wconf 84' lang='lat' dir='ltr'>numero</span> <span class='ocrx_word' id='word_1_242' title='bbox 869 2640 1079 2699; x_wconf 87' lang='lat' dir='ltr'>partium.</span> 
     </span>
    </p>

    <p class='ocr_par' dir='ltr' id='par_1_10' title="bbox 305 2706 981 2766">
     <span class='ocr_line' id='line_1_29' title="bbox 305 2706 981 2766; baseline 0.001 -14"><span class='ocrx_word' id='word_1_243' title='bbox 305 2706 478 2752; x_wconf 90' lang='lat' dir='ltr'>Tertio.</span> <span class='ocrx_word' id='word_1_244' title='bbox 507 2707 679 2760; x_wconf 87' lang='lat' dir='ltr'>Quales</span> <span class='ocrx_word' id='word_1_245' title='bbox 704 2717 852 2766; x_wconf 89' lang='lat' dir='ltr'>partes</span> <span class='ocrx_word' id='word_1_246' title='bbox 878 2707 981 2753; x_wconf 86' lang='lat' dir='ltr'>sint.</span> 
     </span>
    </p>

    <p class='ocr_par' dir='ltr' id='par_1_11' title="bbox 307 2774 1510 2836">
     <span class='ocr_line' id='line_1_30' title="bbox 307 2774 1510 2836; baseline 0.002 -18"><span class='ocrx_word' id='word_1_247' title='bbox 307 2774 500 2828; x_wconf 89' lang='lat' dir='ltr'>Quarto.</span> <span class='ocrx_word' id='word_1_248' title='bbox 524 2774 596 2819; x_wconf 94' lang='lat' dir='ltr'>De</span> <span class='ocrx_word' id='word_1_249' title='bbox 621 2774 842 2819; x_wconf 88' lang='lat' dir='ltr'>divisione</span> <span class='ocrx_word' id='word_1_250' title='bbox 868 2775 964 2834; x_wconf 90' lang='lat' dir='ltr'>ejus</span> <span class='ocrx_word' id='word_1_251' title='bbox 986 2774 1033 2819; x_wconf 91' lang='lat' dir='ltr'>in</span> <span class='ocrx_word' id='word_1_252' title='bbox 1058 2784 1207 2835; x_wconf 83' lang='lat' dir='ltr'>partes</span> <span class='ocrx_word' id='word_1_253' title='bbox 1225 2775 1510 2836; x_wconf 88' lang='lat' dir='ltr'>subjectivas.</span> 
     </span>
    </p>
   </div>
   <div class='ocr_carea' id='block_1_9' title="bbox 445 2950 2156 3128">
    <p class='ocr_par' dir='ltr' id='par_1_12' title="bbox 445 2950 2156 3128">
     <span class='ocr_line' id='line_1_31' title="bbox 905 2950 2156 3025; baseline 0.004 -18"><span class='ocrx_word' id='word_1_254' title='bbox 905 2950 1336 3009; x_wconf 87' lang='lat' dir='ltr'><strong>ARTICULUS</strong></span> <span class='ocrx_word' id='word_1_255' title='bbox 1379 2953 1421 3007; x_wconf 92' lang='lat' dir='ltr'>I.</span> <span class='ocrx_word' id='word_1_256' title='bbox 2072 2964 2156 3025; x_wconf 87' lang='lat'>546</span> 
     </span>
     <span class='ocr_line' id='line_1_32' title="bbox 445 3087 1935 3128; baseline -0.001 -1"><span class='ocrx_word' id='word_1_257' title='bbox 445 3087 637 3127; x_wconf 81' lang='lat' dir='ltr'>UTRUM</span> <span class='ocrx_word' id='word_1_258' title='bbox 674 3087 1081 3128; x_wconf 83' lang='lat' dir='ltr'>POENITENTIAE</span> <span class='ocrx_word' id='word_1_259' title='bbox 1113 3089 1366 3128; x_wconf 88' lang='lat' dir='ltr'>DEBEANT</span> <span class='ocrx_word' id='word_1_260' title='bbox 1399 3087 1601 3127; x_wconf 85' lang='lat' dir='ltr'>PARTES</span> <span class='ocrx_word' id='word_1_261' title='bbox 1634 3087 1935 3128; x_wconf 86' lang='lat' dir='ltr'>ASSIGNARI.</span> 
     </span>
    </p>
   </div>
   <div class='ocr_carea' id='block_1_10' title="bbox 729 3197 1648 3259">
    <p class='ocr_par' dir='ltr' id='par_1_13' title="bbox 729 3197 1648 3259">
     <span class='ocr_line' id='line_1_33' title="bbox 729 3197 1648 3259; baseline -0.001 -16"><span class='ocrx_word' id='word_1_262' title='bbox 729 3197 791 3256; x_wconf 87' lang='lat'>(4.</span> <span class='ocrx_word' id='word_1_263' title='bbox 821 3199 932 3244; x_wconf 77' lang='lat' dir='ltr'>Dist.</span> <span class='ocrx_word' id='word_1_264' title='bbox 958 3199 1024 3246; x_wconf 76' lang='lat'>16.</span> <span class='ocrx_word' id='word_1_265' title='bbox 1058 3215 1096 3259; x_wconf 88' lang='lat' dir='ltr'>q.</span> <span class='ocrx_word' id='word_1_266' title='bbox 1129 3216 1164 3245; x_wconf 84' lang='lat'>1.</span> <span class='ocrx_word' id='word_1_267' title='bbox 1197 3205 1276 3244; x_wconf 85' lang='lat' dir='ltr'>art.</span> <span class='ocrx_word' id='word_1_268' title='bbox 1303 3214 1338 3244; x_wconf 85' lang='lat'>1.</span> <span class='ocrx_word' id='word_1_269' title='bbox 1366 3213 1405 3258; x_wconf 88' lang='lat' dir='ltr'>q.</span> <span class='ocrx_word' id='word_1_270' title='bbox 1436 3213 1471 3243; x_wconf 82' lang='lat'>1.</span> <span class='ocrx_word' id='word_1_271' title='bbox 1504 3205 1541 3243; x_wconf 83' lang='lat' dir='ltr'>et</span> <span class='ocrx_word' id='word_1_272' title='bbox 1571 3198 1648 3255; x_wconf 84' lang='lat'>4.).</span> 
     </span>
    </p>
   </div>
   <div class='ocr_carea' id='block_1_11' title="bbox 218 3305 2165 3709">
    <p class='ocr_par' dir='ltr' id='par_1_14' title="bbox 218 3305 2163 3573">
     <span class='ocr_line' id='line_1_34' title="bbox 309 3305 2160 3371; baseline -0.001 -14"><span class='ocrx_word' id='word_1_273' title='bbox 309 3313 384 3357; x_wconf 86' lang='lat' dir='ltr'>An</span> <span class='ocrx_word' id='word_1_274' title='bbox 406 3324 593 3357; x_wconf 79' lang='lat' dir='ltr'><strong>PRIMUM</strong></span> <span class='ocrx_word' id='word_1_275' title='bbox 610 3305 674 3355; x_wconf 86' lang='lat' dir='ltr'>sic</span> <span class='ocrx_word' id='word_1_276' title='bbox 701 3311 971 3371; x_wconf 90' lang='lat' dir='ltr'>proceditur.</span> <span class='ocrx_word' id='word_1_277' title='bbox 992 3312 1196 3366; x_wconf 89' lang='lat' dir='ltr'>Videtur,</span> <span class='ocrx_word' id='word_1_278' title='bbox 1223 3311 1343 3371; x_wconf 91' lang='lat' dir='ltr'>quod</span> <span class='ocrx_word' id='word_1_279' title='bbox 1370 3311 1674 3370; x_wconf 87' lang='lat' dir='ltr'>poenitentiae</span> <span class='ocrx_word' id='word_1_280' title='bbox 1691 3325 1784 3355; x_wconf 90' lang='lat' dir='ltr'>non</span> <span class='ocrx_word' id='word_1_281' title='bbox 1803 3310 1995 3356; x_wconf 89' lang='lat' dir='ltr'>debeant</span> <span class='ocrx_word' id='word_1_282' title='bbox 2012 3321 2160 3370; x_wconf 89' lang='lat' dir='ltr'>partes</span> 
     </span>
     <span class='ocr_line' id='line_1_35' title="bbox 218 3378 2160 3440; baseline -0.002 -13"><span class='ocrx_word' id='word_1_283' title='bbox 218 3380 458 3440; x_wconf 84' lang='lat' dir='ltr'>assignari:</span> <span class='ocrx_word' id='word_1_284' title='bbox 492 3388 775 3424; x_wconf 84' lang='lat' dir='ltr'>sacramenta</span> <span class='ocrx_word' id='word_1_285' title='bbox 801 3379 924 3424; x_wconf 90' lang='lat' dir='ltr'>enim</span> <span class='ocrx_word' id='word_1_286' title='bbox 949 3390 1053 3425; x_wconf 87' lang='lat' dir='ltr'>sunt</span> <span class='ocrx_word' id='word_1_287' title='bbox 1076 3380 1123 3424; x_wconf 92' lang='lat' dir='ltr'>in</span> <span class='ocrx_word' id='word_1_288' title='bbox 1156 3380 1315 3439; x_wconf 82' lang='lat' dir='ltr'>quibus</span> <span class='ocrx_word' id='word_1_289' title='bbox 1348 3378 1499 3422; x_wconf 88' lang='lat' dir='ltr'>divina</span> <span class='ocrx_word' id='word_1_290' title='bbox 1529 3378 1669 3423; x_wconf 89' lang='lat' dir='ltr'>virtus</span> <span class='ocrx_word' id='word_1_291' title='bbox 1701 3378 1916 3423; x_wconf 89' lang='lat' dir='ltr'>secretius</span> <span class='ocrx_word' id='word_1_292' title='bbox 1949 3389 2160 3438; x_wconf 89' lang='lat' dir='ltr'>operatur</span> 
     </span>
     <span class='ocr_line' id='line_1_36' title="bbox 219 3445 2163 3505; baseline -0.002 -11"><span class='ocrx_word' id='word_1_293' title='bbox 219 3448 436 3494; x_wconf 86' lang='lat' dir='ltr'>salutem:</span> <span class='ocrx_word' id='word_1_294' title='bbox 468 3446 546 3491; x_wconf 90' lang='lat' dir='ltr'>sed</span> <span class='ocrx_word' id='word_1_295' title='bbox 571 3446 710 3491; x_wconf 85' lang='lat' dir='ltr'>virtus</span> <span class='ocrx_word' id='word_1_296' title='bbox 736 3446 889 3490; x_wconf 70' lang='lat' dir='ltr'>divina</span> <span class='ocrx_word' id='word_1_297' title='bbox 915 3456 982 3491; x_wconf 85' lang='lat' dir='ltr'>est</span> <span class='ocrx_word' id='word_1_298' title='bbox 1006 3461 1109 3502; x_wconf 89' lang='lat' dir='ltr'>una,</span> <span class='ocrx_word' id='word_1_299' title='bbox 1137 3457 1180 3491; x_wconf 91' lang='lat' dir='ltr'>et</span> <span class='ocrx_word' id='word_1_300' title='bbox 1204 3445 1419 3504; x_wconf 82' lang='lat' dir='ltr'>simplex3</span> <span class='ocrx_word' id='word_1_301' title='bbox 1444 3458 1537 3489; x_wconf 90' lang='lat' dir='ltr'>non</span> <span class='ocrx_word' id='word_1_302' title='bbox 1564 3459 1673 3503; x_wconf 89' lang='lat' dir='ltr'>ergo</span> <span class='ocrx_word' id='word_1_303' title='bbox 1706 3445 2023 3505; x_wconf 88' lang='lat' dir='ltr'>poenitentiae,</span> <span class='ocrx_word' id='word_1_304' title='bbox 2057 3460 2163 3490; x_wconf 89' lang='lat' dir='ltr'>cum</span> 
     </span>
     <span class='ocr_line' id='line_1_37' title="bbox 220 3513 1272 3573; baseline -0.005 -12"><span class='ocrx_word' id='word_1_305' title='bbox 220 3516 279 3561; x_wconf 84' lang='lat' dir='ltr'>sit</span> <span class='ocrx_word' id='word_1_306' title='bbox 301 3520 652 3568; x_wconf 79' lang='lat' dir='ltr'>sacramentum,</span> <span class='ocrx_word' id='word_1_307' title='bbox 678 3513 841 3558; x_wconf 88' lang='lat' dir='ltr'>debent</span> <span class='ocrx_word' id='word_1_308' title='bbox 865 3523 1013 3572; x_wconf 84' lang='lat' dir='ltr'>partes</span> <span class='ocrx_word' id='word_1_309' title='bbox 1039 3513 1272 3573; x_wconf 88' lang='lat' dir='ltr'>assignari.</span> 
     </span>
    </p>

    <p class='ocr_par' dir='ltr' id='par_1_15' title="bbox 220 3579 2165 3709">
     <span class='ocr_line' id='line_1_38' title="bbox 308 3579 2165 3635; baseline -0.002 -8"><span class='ocrx_word' id='word_1_310' title='bbox 308 3593 352 3627; x_wconf 87' lang='lat'>2.</span> <span class='ocrx_word' id='word_1_311' title='bbox 383 3581 678 3627; x_wconf 53' lang='lat' dir='ltr'>Primnum.</span> <span class='ocrx_word' id='word_1_312' title='bbox 704 3579 990 3625; x_wconf 88' lang='lat' dir='ltr'>Poenitentia</span> <span class='ocrx_word' id='word_1_313' title='bbox 1017 3589 1061 3625; x_wconf 85' lang='lat' dir='ltr'>et</span> <span class='ocrx_word' id='word_1_314' title='bbox 1085 3590 1153 3625; x_wconf 90' lang='lat' dir='ltr'>est</span> <span class='ocrx_word' id='word_1_315' title='bbox 1175 3580 1330 3633; x_wconf 89' lang='lat' dir='ltr'>virtus,</span> <span class='ocrx_word' id='word_1_316' title='bbox 1357 3589 1401 3624; x_wconf 92' lang='lat' dir='ltr'>et</span> <span class='ocrx_word' id='word_1_317' title='bbox 1432 3589 1500 3624; x_wconf 90' lang='lat' dir='ltr'>est</span> <span class='ocrx_word' id='word_1_318' title='bbox 1523 3589 1883 3624; x_wconf 86' lang='lat' dir='ltr'>sacramentum:</span> <span class='ocrx_word' id='word_1_319' title='bbox 1916 3580 1994 3624; x_wconf 86' lang='lat' dir='ltr'>sed</span> <span class='ocrx_word' id='word_1_320' title='bbox 2020 3580 2077 3635; x_wconf 86' lang='lat' dir='ltr'>ei,</span> <span class='ocrx_word' id='word_1_321' title='bbox 2103 3581 2165 3625; x_wconf 90' lang='lat' dir='ltr'>in-</span> 
     </span>
     <span class='ocr_line' id='line_1_39' title="bbox 220 3646 2164 3709; baseline -0.002 -15"><span class='ocrx_word' id='word_1_322' title='bbox 220 3656 439 3709; x_wconf 74' lang='lat' dir='ltr'>quantum</span> <span class='ocrx_word' id='word_1_323' title='bbox 465 3657 533 3693; x_wconf 90' lang='lat' dir='ltr'>est</span> <span class='ocrx_word' id='word_1_324' title='bbox 555 3649 709 3702; x_wconf 85' lang='lat' dir='ltr'>virtus,</span> <span class='ocrx_word' id='word_1_325' title='bbox 739 3661 833 3692; x_wconf 90' lang='lat' dir='ltr'>non</span> <span class='ocrx_word' id='word_1_326' title='bbox 858 3646 1142 3707; x_wconf 85' lang='lat' dir='ltr'>assignantur</span> <span class='ocrx_word' id='word_1_327' title='bbox 1165 3657 1328 3706; x_wconf 89' lang='lat' dir='ltr'>partes,</span> <span class='ocrx_word' id='word_1_328' title='bbox 1362 3660 1467 3691; x_wconf 89' lang='lat' dir='ltr'>cum</span> <span class='ocrx_word' id='word_1_329' title='bbox 1498 3646 1636 3691; x_wconf 88' lang='lat' dir='ltr'>virtus</span> <span class='ocrx_word' id='word_1_330' title='bbox 1674 3646 1730 3691; x_wconf 90' lang='lat' dir='ltr'>sit</span> <span class='ocrx_word' id='word_1_331' title='bbox 1754 3646 1932 3692; x_wconf 88' lang='lat' dir='ltr'>habitus</span> <span class='ocrx_word' id='word_1_332' title='bbox 1963 3646 2164 3707; x_wconf 87' lang='lat' dir='ltr'>quidam,</span> 
     </span>
    </p>
   </div>
  </div>
 </body>
</html>
