2352 3926
600 211 875 260 Quansrro
915 212 1099 252 Lxxrv.
1141 211 1450 252 narremus
1488 213 1542 252 v.
1951 200 1985 252 6
1987 212 2050 268 51

175 317 251 362 An
278 329 541 362 SECUNDUM
562 315 824 371 dicendum,
847 315 970 376 quod
992 316 1148 362 vinum
1170 315 1228 361 sit
1250 324 1433 362 acetum
1454 329 1535 374 per
1556 315 1911 376 corruptionem,
1939 315 2059 360 unde

85 397 181 429 non
205 383 255 428 fit
280 385 449 429 reditus
476 384 532 429 de
560 393 690 429 aceto
717 383 764 428 in
789 384 964 437 vinum,
990 393 1040 428 ut
1065 383 1228 428 dicitur
1253 384 1294 428 8.
1322 383 1521 443 Metaph.
1565 383 1667 441 (tex,
1709 382 1826 440 14.)‚·
1870 392 1915 427 et
1953 382 2058 427 ideo

84 450 203 497 sicut
226 450 283 496 de
308 466 425 510 pane
450 451 651 496 totaliter
676 461 890 511 corrupto
917 465 1011 496 non
1038 461 1188 510 potest
1215 451 1379 496 confici
1399 451 1491 496 hoc
1514 459 1868 506 sacramentum,
1889 450 1951 495 ita
1972 463 2058 494 nec

21 577 29 583 ἱ
84 519 140 563 de
166 528 312 563 aceto.
340 519 498 564 Potest
522 528 678 563 tamen
713 518 879 563 confici
905 518 960 562 de
986 518 1095 562 vino
1137 528 1390 572 acescente,
1432 518 1548 563 sicut
1574 527 1619 562 et
1644 518 1700 562 de
1726 531 1859 577 pane,
1885 516 1965 576 qui
1990 526 2059 562 est

82 585 132 630 in
156 585 232 630 via
258 585 315 630 ad
343 586 701 645 corruptionem,
728 585 836 631 licet
867 594 1028 645 peccet
1069 584 1333 640 conficiens,
1361 594 1408 629 ut
1434 587 1555 643 prius
1597 584 1769 629 dictum
1797 594 1866 629 est
1890 584 1998 644 (art.
2021 598 2059 643 3.

85 652 175 712 huj.
202 667 242 712 q.
268 652 323 697 ad
346 654 426 710 4.).

172 719 251 768 AD
278 722 499 765 'rennuit
520 719 781 773 dicendum,
807 717 927 777 quod
957 728 1226 776 agrestaest
1246 719 1294 762 in
1315 718 1389 762 via
1406 719 1729 778 generationis,
1757 727 1801 763 et
1817 718 1922 763 ideo
1945 731 2058 762 non-

85 787 194 831 dum
220 786 359 831 habet
383 786 586 845 speciem
612 786 720 840 vini,
748 796 792 830 et
817 795 1002 845 propter
1027 785 1118 829 hoc
1145 786 1201 829 de
1228 799 1282 830 ea
1307 800 1402 829 non
1427 795 1578 845 potest
1604 785 1771 830 confici
1795 785 1886 830 hoc
1913 799 2061 830 sacra-

85 862 309 897 mentum.
336 853 539 897 Mustum
567 863 720 897 autem
745 854 840 911 jam
858 852 995 897 habet
1012 852 1212 911 speciem
1229 852 1345 895 vini:
1363 867 1472 896 nam
1491 853 1587 911 ejus
1606 852 1801 897 dulcedo
1825 861 2061 898 attestatur

85 920 345 980 digesdoni,
385 935 502 981 quae
544 930 612 965 est
653 919 902 978 completio
941 934 966 963 a
1004 918 1200 964 naturali
1237 918 1404 973 calore,
1446 930 1495 964 ut
1535 920 1698 964 dicitur
1724 921 1770 964 in
1796 932 1840 975 4.
1865 920 2057 966 Meteor.

88 986 200 1048 (cap.
222 1003 259 1047 3.
281 996 440 1048 parum
467 1002 494 1031 α
511 987 693 1047 princ),
722 997 767 1033 et
791 987 896 1031 ideo
925 987 979 1031 de
1007 996 1160 1031 musto
1187 997 1338 1046 potest
1364 986 1531 1030 confici
1570 987 1661 1031 hoc
1704 998 2058 1039 sacramentum,

84 1054 192 1099 Non
217 1064 372 1099 tamen
399 1054 564 1099 debent
590 1068 704 1098 uvae
730 1054 935 1112 integrae
961 1053 1069 1098 huic
1093 1064 1381 1098 sacramento
1402 1054 1608 1109 misceri3
1627 1055 1732 1114 quia
1749 1056 1842 1114 iam
1862 1065 1982 1100 esset
1997 1054 2060 1099 ibi

85 1121 255 1181 aliquid
281 1132 459 1180 praeter
483 1122 656 1165 vinum.
683 1121 957 1168 Prohibetur
990 1121 1143 1176 etiam,
1170 1135 1227 1165 ne
1254 1131 1457 1166 mustum
1499 1122 1652 1166 statim
1695 1136 1960 1180 expressum
2002 1122 2059 1167 de

85 1202 175 1233 uva
198 1187 245 1232 in
274 1188 417 1232 calice
444 1188 674 1243 offeratur,
702 1189 807 1248 quia
832 1188 924 1232 hoc
952 1199 1020 1233 est
1044 1189 1261 1233 indecens
1278 1198 1462 1248 propter
1478 1189 1788 1247 impuritatem
1805 1189 1957 1232 musti.
1976 1190 2060 1233 Po-

83 1264 173 1300 test
197 1265 351 1300 tamen
377 1256 425 1299 in
450 1256 721 1300 necessitate
748 1255 869 1309 fieri;
897 1256 1061 1299 dicitur
1088 1255 1211 1299 enim
1239 1256 1292 1299 ab
1328 1255 1493 1300 eodem
1528 1255 1648 1314 Julio
1691 1270 1809 1316 papa
1850 1256 1950 1314 (loc.
1984 1258 2054 1302 cit.

86 1323 133 1368 in
158 1323 300 1383 a'rg.):
328 1338 353 1364 «
382 1322 431 1368 Si
455 1336 643 1367 necesse
669 1322 819 1378 fuerit,
844 1323 1002 1367 botrus
1028 1322 1075 1367 in
1102 1321 1244 1367 calice
1273 1323 1602 1383 comprimatur
1627 1340 1668 1367 n.

803 1521 1238 1580 ARTICULUS
1280 1523 1378 1577 vr.
1963 1550 2052 1595 437

506 1672 699 1712 UTRUM
736 1622 890 1719 AQUA
929 1670 1015 1711 SIT
1055 1672 1190 1711 VINO
1233 1669 1632 1711 PERMISCENDA.

386 1797 447 1856 (4.
480 1799 594 1844 Dist.
627 1814 686 1844 rr.
718 1813 756 1857 q.
789 1813 830 1843 2.
864 1804 945 1843 art.
977 1812 1020 1855 4.
1052 1813 1091 1857 q.
1124 1814 1159 1843 I.
1192 1803 1229 1842 et
1259 1813 1295 1843 r.
1331 1797 1432 1842 Cor.
1464 1812 1524 1842 Η.
1557 1796 1645 1841 lect.
1679 1795 1759 1854 6.).

174 1922 251 1967 AD
277 1934 470 1968 SEXTUM
495 1922 559 1968 sic
586 1923 861 1982 proceditur.
887 1922 1094 1977 Videtur,
1120 1922 1243 1982 quod
1271 1937 1389 1982 aqua
1404 1936 1499 1966 non
1517 1922 1574 1966 sit
1589 1921 1697 1965 vino
1716 1920 2057 1980 permiscenda:

84 1988 360 2034 sacrificium
387 1989 509 2034 enim
538 1990 711 2034 Christi
736 1990 979 2049 figuratum
1006 1990 1090 2034 fuit
1130 2004 1211 2048 per
1252 1989 1535 2033 oblationem
1576 1987 1934 2042 Melchisedech,
1977 1988 2056 2046 qui

88 2054 206 2102 Gen.
238 2068 304 2111 14.
330 2070 424 2100 non
450 2055 617 2115 legitur
642 2057 861 2102 obtulisse
887 2058 975 2101 nisi
999 2070 1183 2115 panem,
1210 2066 1255 2101 et
1279 2056 1463 2110 vinum;
1505 2070 1616 2115 ergo
1642 2056 1834 2110 videtur,
1861 2055 1984 2114 quod
2010 2054 2057 2098 in

84 2121 176 2167 hoc
203 2133 492 2168 sacramento
518 2137 612 2166 non
639 2123 801 2167 debeat
827 2123 1012 2181 adjungi
1038 2136 1170 2182 aqua.

175 2201 217 2234 2.
244 2188 541 2234 PRAETEREA.
568 2190 870 2234 Diversorum
895 2200 1291 2234 sacramentorum
1318 2189 1523 2232 diversae
1565 2197 1670 2232 sunt
1709 2189 1952 2232 materiae:
1980 2189 2060 2234 sed

87 2270 204 2316 aqua
231 2266 299 2301 est
324 2257 516 2301 materia
556 2256 795 2316 baptismi3
835 2270 945 2316 ergo
972 2270 1066 2300 non
1095 2256 1228 2300 debet
1253 2255 1426 2300 assumi
1453 2254 1508 2298 ad
1535 2256 1776 2298 materiam
1817 2255 1954 2314 hujus
1995 2269 2064 2300 sa·

86 2323 323 2368 eramenti.

111 2425 115 2428 f
178 2404 217 2450 3.
238 2390 537 2436 PRAETEREA.
564 2390 718 2445 Panis,
744 2400 790 2435 et
814 2390 974 2434 vinum
1000 2399 1106 2435 sunt
1130 2391 1322 2434 materia
1347 2390 1482 2449 hujus
1514 2389 1810 2435 sacramentiz
1837 2390 1916 2434 sed
1949 2389 2058 2449 pani

85 2454 201 2502 nihil
226 2457 508 2517 adiungitur3
534 2472 645 2516 ergo
672 2471 756 2502 nec
783 2457 892 2501 vino
921 2457 1055 2502 debet
1081 2457 1251 2516 aliquid
1278 2457 1477 2516 adiungi.

178 2524 273 2569 SED
296 2537 492 2570 CONTRA
518 2535 599 2579 est,
626 2524 749 2584 quod
767 2523 1027 2569 Alexander
1051 2525 1086 2569 I.
1114 2539 1231 2584 papa
1271 2524 1425 2568 scribit
1459 2523 1590 2584 (epist.
1623 2539 1659 2569 1.
1687 2523 1741 2568 ad
1776 2538 1914 2568 omnes
1945 2524 2053 2569 orth.

88 2598 182 2651 cap.
207 2604 250 2648 4.
279 2591 490 2650 Concil.).·
522 2608 545 2633 c<
571 2593 622 2636 In
649 2602 1045 2636 sacramentorum
1073 2591 1394 2646 oblationibus,
1428 2606 1544 2651 quae
1577 2591 1694 2636 inter
1719 2592 1964 2636 missarum
1990 2604 2060 2635 so-

88 2658 261 2703 lemnia
283 2657 491 2703 Domino
517 2658 782 2713 offeruntur,
809 2659 938 2718 panis
970 2668 1165 2714 tantum,
1193 2669 1239 2704 et
1263 2659 1424 2703 vinum
1456 2673 1575 2718 aqua
1606 2660 1881 2717 permixtum
1912 2658 1960 2702 in
1992 2671 2050 2703 sa·

90 2724 312 2770 crificium
338 2724 586 2770 offerantur
602 2722 652 2769 '›>.

177 2790 467 2836 RESPONDEO
487 2792 746 2847 dicendum,
764 2792 887 2851 quod
903 2795 1027 2848 vino,
1045 2793 1169 2852 quod
1197 2792 1385 2838 offertur
1409 2793 1457 2837 in
1482 2793 1574 2837 hoc
1601 2801 1905 2846 sacramento,
1928 2791 2062 2837 debet

91 2873 208 2919 aqua
233 2859 440 2904 misceri:
460 2861 602 2918 primo
629 2860 814 2918 quidem
846 2870 1030 2919 propter
1062 2861 1425 2915 institutionem;
1452 2860 1746 2920 probabiliter
1771 2859 1895 2903 enirn
1922 2859 2061 2903 credi·

88 2938 175 2982 tur,
202 2927 325 2986 quod
350 2926 579 2971 Dominus
599 2927 690 2971 hoc
723 2937 1064 2972 sacramentum
1096 2928 1339 2972 instituerit
1371 2928 1418 2971 in
1450 2928 1558 2971 vino
1587 2942 1703 2986 aqua
1736 2926 1960 2984 permixto
1994 2940 2057 2970 se-

89 2994 292 3040 cundum
318 3007 496 3037 morem
522 2992 641 3037 illius
666 3002 837 3048 terrae;
864 2994 982 3038 unde
1005 3004 1049 3039 et
1074 2994 1289 3039 Proverb.
1317 3010 1358 3055 9.
1387 2995 1572 3039 dicitur:
1601 2995 1736 3039 Bibite
1757 2995 1922 3048 vinum,
1945 2993 2055 3052 quod

89 3062 239 3107 miscui
262 3062 407 3105 vobi5:
433 3059 620 3114 secundo,
649 3061 752 3119 quia
789 3060 879 3105 hoc
907 3062 1122 3106 convenit
1147 3062 1551 3120 repraesentationi
1578 3061 1853 3105 Dominicae
1880 3060 2059 3118 passio-

88 3129 182 3182 nis3
209 3127 328 3171 unde
356 3127 465 3171 dixit
490 3125 750 3170 Alexander
775 3126 809 3170 Ι.
836 3141 953 3186 papa
980 3127 1082 3184 (loc.
1116 3129 1212 3186 cit.)
1228 3145 1241 3173 .·
1271 3145 1294 3170 «
1321 3129 1428 3172 Non
1466 3128 1599 3172 debet
1625 3128 1670 3170 in
1697 3126 1840 3170 calice
1867 3126 2061 3171 Domini

91 3204 169 3240 aut
183 3194 341 3238 vinum
369 3192 535 3246 solum,
555 3202 632 3237 aut
648 3206 764 3251 aqua
782 3192 881 3238 sola
898 3193 1066 3248 offerri,
1085 3195 1162 3239 sed
1181 3205 1423 3254 utrumque
1444 3195 1733 3252 permixtum,
1761 3194 1866 3252 quia
1890 3203 2061 3238 utrum-

91 3276 180 3322 que
206 3275 260 3306 ex
286 3261 425 3305 latere
453 3261 548 3317 ejus
573 3259 619 3303 in
646 3259 856 3318 passione
884 3274 965 3305 sua
991 3261 1258 3320 profluxisse
1285 3261 1450 3320 legitur
1477 3275 1526 3304 »z
1555 3262 1689 3314 tertio,
1705 3261 1810 3319 quia
1837 3261 1928 3304 hoc
1952 3275 2058 3304 con-

89 3330 214 3374 venit
239 3330 295 3373 ad
321 3327 671 3387 significandum
698 3326 912 3372 effectum
938 3329 1072 3387 hujus
1099 3329 1389 3382 sacramenti,
1417 3328 1493 3386 qui
1516 3338 1583 3372 est
1609 3329 1718 3372 unio
1745 3328 1903 3387 populi
1941 3328 2055 3372 chri-

90 3396 225 3441 stiani
242 3395 298 3440 ad
319 3396 578 3448 Christum;
601 3395 720 3453 quia,
734 3404 783 3438 ut
794 3393 937 3452 Julius
954 3395 987 3450 I.
1006 3410 1123 3455 papa
1141 3397 1249 3440 dicit
1267 3397 1332 3454 (in
1355 3395 1511 3440 decreto
1531 3409 1568 3454 7.
1587 3395 1788 3452 concil),
1810 3396 2059 3440 «videmus

89 3463 137 3507 in
164 3477 281 3523 aqua
305 3462 527 3523 populum
555 3460 762 3519 intelligi,
788 3461 834 3505 in
850 3461 959 3506 vino
975 3476 1087 3507 vero
1113 3463 1291 3507 ostendi
1317 3462 1588 3520 sanguinem
1607 3461 1804 3516 Christi3
1823 3476 1933 3520 ergo
1953 3477 2059 3507 cum

90 3529 138 3574 in
164 3529 307 3574 calice
332 3530 441 3574 vino
468 3542 586 3588 aqua
612 3528 842 3582 miscetur,
870 3521 1055 3573 Chris'to
1082 3529 1276 3589 populus
1315 3529 1536 3573 adunatur
1561 3543 1612 3572 »z
1640 3535 1804 3587 quarto,
1833 3529 1939 3588 quia
1965 3529 2057 3574 hoc

92 3597 313 3656 competit
338 3597 393 3641 ad
421 3596 635 3641 ultimum
662 3594 877 3640 effectum
902 3595 1038 3654 hujus
1068 3596 1359 3650 sacramenti,
1386 3597 1461 3655 qui
1494 3605 1562 3640 est
1592 3595 1804 3640 introitus
1832 3595 1889 3640 ad
1914 3597 2058 3641 vitam
