2352 3926
674 207 953 254 Quasi-10
995 206 1146 246 xvm.
1186 203 1493 246 Alimentus
1533 203 1589 243 11.
2010 187 2110 242 181

157 299 499 358 similitudinem
517 309 727 355 animalis
748 310 969 355 venenosi
994 311 1090 354 sine
1115 324 1308 364 veneno,
1330 319 1380 355 ut
1405 310 1525 369 Aug.
1548 307 1657 353 dicit
1674 307 1767 366 (lib.
1785 322 1820 353 r.
1842 306 1888 352 de
1906 307 2115 352 Peccator

78 390 97 441 ᾗ
157 376 338 435 Men'tis,
365 384 402 423 et
427 379 578 423 Remis.
603 386 694 437 cap.
713 376 801 437 32.)
823 390 957 435 super
974 376 1083 421 illud
1096 377 1225 434 Joan.
1257 391 1316 435 3.:
1340 377 1455 422 Sicut
1478 376 1680 421 exaltavit
1706 376 1864 434 Moyses
1887 379 2113 434 serpentem

6 455 7 458 ’
154 445 203 491 tsi
215 444 395 497 desert&
423 458 533 503 ergo
558 443 605 487 in
632 443 818 488 Christo
840 457 934 487 non
960 442 1044 487 fuit
1067 442 1278 487 voluntas
1305 443 1620 487 sensualitatis.

68 536 101 563 ,1,,
247 524 285 571 3.
311 511 607 556 PRAETEREA.
630 509 856 555 Voluntas
877 509 1078 569 sequitur
1101 519 1326 563 naturam,
1344 520 1392 554 ut
1413 511 1585 554 dictum
1611 519 1679 554 est
1703 508 1806 567 (art.
1828 507 2014 568 praec.).·
2033 507 2113 552 sed

153 577 202 623 in
227 577 414 623 Christo
438 591 533 622 non
558 577 641 622 fuit
665 577 751 622 nisi
767 591 857 621 una
875 587 1034 621 natura
1060 586 1236 636 praeter
1261 577 1483 630 divinam3
1511 590 1622 635 ergo
1645 576 1691 620 in
1715 576 1901 621 Christo
1917 588 2012 619 non
2029 573 2113 618 fuit

74 681 79 690 ,
153 645 239 690 nisi
265 659 353 689 una
378 644 589 690 voluntas
613 645 828 688 humana.

82 706 91 767 ,ᾖ
245 711 339 757 SED
365 724 561 757 CONTRA
583 721 664 766 est,
691 711 812 771 quod
830 711 1045 755 Ambros.
1073 711 1181 755 dicit
1206 711 1252 754 in
1279 724 1318 754 2.
1347 711 1403 754 ad
1432 711 1702 755 Gratianum
1725 711 1938 769 Imperat.
1965 713 2040 768 (sc.
2066 709 2114 754 de

152 778 256 825 Fide
279 786 370 839 cap.
396 780 479 839 3.).·
510 794 534 820 «
559 778 663 822 Mea
689 788 757 822 est
786 777 1011 832 voluntas,
1038 792 1176 837 quam
1209 771 1340 822 suam
1364 777 1493 821 dicit:
1522 778 1627 836 quia
1652 786 1701 821 ut
1726 777 1886 831 homo,
1913 777 2114 836 suscepit

60 883 78 907 4,
151 845 380 891 tristitiam
405 859 559 890 meam
583 860 624 889 »ε
639 859 694 889 ex
705 859 796 905 quo
814 845 943 889 datur
958 845 1164 903 intelligi,
1191 844 1312 904 quod
1330 844 1509 888 tristitia
1536 844 1756 903 pertineat
1783 844 1837 888 ad
1859 844 2111 889 humanam

152 911 438 957 voluntatem
463 913 510 956 in
537 912 725 967 Chisto;
751 912 829 957 sed
855 912 1032 956 tristitia
1048 912 1239 970 pertinet
1258 912 1312 955 ad
1334 911 1688 965 sensualitatem,
1708 922 1756 955 ut
1775 911 1822 955 in
1840 924 1880 955 2.
1906 912 2113 956 habitum

154 986 223 1027 est
249 979 305 1040 (q.
327 994 388 1040 23.
415 986 498 1025 art.
529 992 565 1023 1.
588 985 625 1024 et
644 995 680 1039 3.
707 986 747 1024 et
770 994 808 1038 q.
835 994 896 1039 25.
929 985 1009 1024 art.
1036 994 1070 1025 1.
1097 986 1135 1025 et
1160 995 1197 1038 q.
1221 994 1278 1039 35.
1306 985 1386 1024 art.
1414 995 1448 1024 1.
1477 985 1516 1024 et
1541 980 1620 1038 2.);
1650 993 1759 1038 ergo
1786 979 1962 1023 videtur
1989 979 2111 1038 quod

151 1045 200 1091 in
221 1044 408 1091 Christo
434 1046 491 1091 sit
510 1046 722 1091 voluntas
747 1046 1050 1091 sensualitatis
1076 1056 1254 1106 praeter
1277 1045 1562 1090 voluntatem
1588 1046 1788 1090 rationis.

69 1164 75 1170 ,
161 1135 167 1139 ·
240 1112 528 1160 ΒΕεΡοΝῡΕο
556 1114 813 1168 dicendum,
830 1114 967 1173 quod,
990 1113 1105 1158 sicut
1126 1113 1409 1173 praedictum
1436 1123 1504 1158 est
1530 1112 1629 1170 (art.
1650 1114 1831 1172 praee),
1858 1112 1996 1157 Filius
2021 1112 2113 1157 Dei

72 1199 77 1201 ’
143 1180 404 1226 ‘humanam
428 1191 639 1226 naturam
666 1181 909 1240 assumpsit
931 1195 1036 1224 cum
1059 1180 1285 1235 omnibus,
1308 1195 1424 1240 quae
1450 1180 1677 1240 pertinent
1703 1180 1757 1224 ad
1784 1179 2110 1238 perfectionem

150 1247 292 1308 ipsius
314 1259 524 1294 naturae:
550 1249 596 1292 in
621 1249 825 1292 humana
859 1258 1012 1293 autem
1045 1258 1206 1293 natura
1239 1247 1484 1292 includitur
1506 1248 1644 1292 etiam
1679 1258 1840 1292 natura
1879 1246 2114 1301 animalis3

67 1313 71 1320 “
152 1315 270 1360 sicut
292 1315 340 1360 in
364 1316 517 1376 specie
541 1314 786 1360 includitur
811 1330 982 1374 genus;
1009 1315 1128 1360 unde
1156 1325 1350 1375 oportet,
1376 1315 1499 1374 quod
1531 1315 1670 1359 Filius
1695 1315 1785 1359 Dei
1818 1314 2113 1373 assumpserit

52 1414 76 1432 0
153 1396 259 1428 cum
283 1383 484 1429 humana
516 1393 678 1428 natura
710 1383 848 1428 etiam
875 1398 942 1437 ea,
970 1398 1085 1442 quae
1111 1384 1336 1443 pertinent
1363 1383 1418 1427 ad
1444 1382 1772 1441 perfectionem
1803 1392 1991 1426 naturae
2020 1381 2113 1424 ani-

152 1450 309 1498 malis:
343 1451 463 1498 inter
497 1466 612 1512 quae
649 1461 717 1496 est
752 1451 974 1511 appetitus
1001 1451 1257 1504 sensitivus,
1293 1450 1371 1509 qui
1403 1449 1670 1494 sensualitas
1708 1449 1895 1494 dicitur:
1930 1458 1973 1493 et
2003 1448 2110 1493 ideo

63 1532 66 1539 ’
152 1527 333 1578 oportet
371 1518 536 1574 dicere,
569 1518 690 1578 quod
730 1518 778 1562 in
811 1518 996 1563 Christo
1029 1517 1113 1562 fuit
1143 1517 1364 1562 sensualis
1403 1517 1641 1576 appetitus,
1682 1517 1776 1561 sive
1812 1515 2108 1561 sensualitas:

151 1585 387 1631 sciendum
413 1595 483 1632 est
506 1587 659 1640 etiarn,
681 1585 803 1645 quod
829 1578 1110 1640 sensualitas,
1136 1585 1232 1629 sive
1249 1584 1468 1629 sensualis
1496 1585 1732 1644 appetitus,
1754 1585 2025 1644 inquantum
2043 1594 2111 1628 est

150 1663 283 1698 natus
323 1653 506 1699 obedire
545 1653 725 1707 rationi,
762 1653 924 1698 dicitur
964 1652 1186 1696 rationale
1222 1667 1301 1711 per
1335 1652 1745 1711 participationem,
1781 1661 1831 1695 ut
1870 1661 1994 1711 patet
2031 1665 2111 1710 per

150 1719 323 1766 Philos.
354 1734 391 1766 1.
423 1720 525 1766 Eth.
555 1720 664 1781 (cap.
690 1720 803 1778 ult),
830 1730 874 1764 et
899 1720 1004 1779 quia
1035 1719 1245 1764 voluntas
1265 1729 1331 1763 est
1356 1719 1403 1762 in
1424 1718 1614 1774 ratione,
1640 1729 1690 1763 ut
1715 1719 1885 1763 dictum
1912 1728 1980 1762 est
2004 1717 2106 1775 (art.

60 1838 63 1842 ⁴
142 1789 324 1847 praec),
357 1788 455 1848 pari
484 1787 661 1832 ratione
693 1797 843 1846 potest
867 1786 970 1840 dici,
998 1787 1119 1846 quod
1146 1786 1413 1831 sensualitas
1445 1786 1502 1830 sit
1531 1786 1741 1830 voluntas
1773 1800 1853 1845 per
1876 1785 2110 1845 participa-

59 1857 75 1877 ³
148 1854 337 1901 tionem.

48 1959 74 1982 ,4
237 1922 313 1967 AD
339 1935 527 1969 PRIMUM
553 1937 663 1982 ergo
691 1922 948 1976 dicendum,
982 1922 1103 1981 quod
1136 1922 1250 1966 ratio
1283 1921 1362 1966 illa
1387 1921 1591 1981 procedit
1617 1921 1671 1965 de
1697 1920 1933 1965 voluntate
1960 1934 2106 1965 essen-

149 1988 315 2035 tialiter
340 1990 471 2046 dicta,
490 2005 605 2050 quae
621 2004 715 2035 non
739 2000 806 2034 est
830 1990 915 2034 nisi
937 1990 983 2033 in
1009 2000 1135 2049 parte
1153 1989 1450 2034 intellectiva:
1470 1989 1547 2034 sed
1566 1989 1775 2033 voluntas
1793 1988 2105 2048 participative

149 2055 271 2148 dicta
295 2066 444 2117 potest
464 2071 562 2103 esse
587 2058 633 2101 in
659 2066 783 2117 parte
809 2057 1037 2111 sensitiva,
1063 2057 1332 2116 inquantum
1360 2057 1513 2100 obedit
1532 2056 1711 2100 rationi.

58 2113 92 2130 ”
196 2120 315 2171 AD
341 2138 601 2171 SECUNDUM
618 2125 875 2179 dicendum,
893 2124 1014 2184 quod
1032 2123 1297 2169 sensualitas
1324 2123 1603 2182 significatur
1619 2139 1700 2183 per
1721 2133 1992 2183 serpentem,
2014 2137 2108 2166 non

63 2183 102 2212 ”
97 2191 370 2266 ,kquantum
406 2194 461 2237 ad
496 2203 705 2237 naturam
732 2192 1050 2246 sensualitatis,
1077 2206 1214 2251 quam
1243 2191 1453 2236 Christus
1480 2192 1737 2251 assumpsit,
1774 2193 1853 2236 sed
1886 2201 2104 2250 quantum

99 2244 214 2316 ad
226 2261 567 2320 corruptionem
589 2260 775 2314 fomitis,
807 2274 922 2319 quae
949 2259 995 2303 in
1022 2259 1208 2305 Christo
1234 2273 1328 2302 non
1353 2258 1449 2304 fuit.

157 2327 197 2350 ‘⁹'
208 2327 313 2372 AD
341 2338 556 2372 TERTIUM
587 2326 845 2380 dicendum,
879 2327 1001 2386 quod
1036 2326 1112 2369 ubi
1145 2336 1212 2370 est
1246 2341 1389 2369 unum
1427 2336 1610 2385 propter
1643 2325 1848 2380 alterum,
1875 2325 1936 2369 ibi
1962 2339 2104 2369 unum

77 2431 101 2443 .,
148 2397 325 2440 tentum
360 2409 458 2440 esse
492 2395 693 2450 videtur;
729 2396 846 2439 sicut
880 2393 1155 2454 superficies,
1191 2408 1306 2452 quae
1344 2403 1413 2438 est
1447 2394 1633 2438 visibilis
1669 2408 1749 2452 per
1784 2393 2005 2446 colorem,
2039 2403 2107 2436 est

51 2477 106 2504 a
113 2468 291 2507 mum
315 2461 490 2507 visibile
517 2475 622 2506 cum
649 2461 824 2506 colore:
852 2471 896 2506 et
921 2461 1128 2506 similiter
1153 2461 1257 2520 quia
1284 2460 1550 2505 sensualitas
1572 2475 1666 2505 non
1693 2461 1854 2505 dicitur
1880 2460 2108 2514 voluntas,

63 2517 110 2561 ὅ
126 2526 237 2574 nisi
274 2531 380 2589 quia
418 2529 655 2589 participat
683 2528 968 2573 voluntatem
1010 2528 1212 2582 rationis,
1248 2528 1364 2572 sicut
1399 2538 1467 2572 est
1507 2539 1597 2572 una
1628 2538 1788 2573 natura
1819 2528 2022 2573 humana
2058 2528 2104 2571 in

102 2594 351 2664 Christe,
375 2597 438 2641 ita
463 2596 601 2641 etiam
626 2595 807 2656 ponitur
831 2610 920 2640 una
947 2595 1157 2640 voluntas
1183 2595 1422 2639 humana‘
1411 2610 1458 2640 m
1485 2595 1686 2640 Christo.

58 2730 97 2795 ἶ
830 2759 1263 2817 ARTICULUS
1306 2760 1406 2815 ΠΙ.
1453 2798 1456 2799 ⁷
2022 2773 2104 2819 116

407 2894 599 2935 UTRUM
640 2895 696 2935 IN
738 2895 975 2934 CHRISTO
1010 2895 1245 2935 FUERINT
1288 2896 1435 2934 DUAE
1476 2895 1842 2935 VOLUNTATES

779 2978 1052 3023 QUANTUM
1087 2980 1159 3015 AD
1190 2978 1492 3016 RATIONEM.

486 3086 632 3147 (Supr.
675 3094 758 3132 art.
802 3102 842 3132 2.
885 3087 938 3131 ad
979 3102 1018 3132 2.
1059 3094 1095 3132 et
1136 3088 1236 3146 infr.
1278 3095 1360 3132 art.
1404 3103 1445 3144 4.
1487 3094 1523 3132 et
1560 3103 1596 3146 5.
1641 3096 1752 3146 corp.

585 3159 622 3199 et
632 3169 668 3213 3.
686 3155 791 3198 Dist.
810 3169 873 3214 17.
892 3161 971 3199 art.
993 3167 1029 3198 Ι.
1048 3170 1085 3213 q.
1100 3169 1136 3214 3.
1155 3162 1190 3199 et
1207 3163 1340 3214 opusc.
1356 3170 1394 3199 2.
1414 3164 1506 3225 cap.
1524 3157 1648 3214 230).

243 3261 320 3307 ΑΒ
345 3274 560 3308 TERTIUM
585 3263 649 3308 sic
672 3265 943 3323 proceditur.
962 3265 1164 3318 Videtur,
1192 3266 1313 3324 quod
1335 3266 1380 3309 in
1409 3266 1594 3309 Christo
1622 3264 1786 3308 fuerint
1807 3264 1921 3308 duae
1947 3264 2106 3308 volun-

15 3386 18 3390 .
156 3335 270 3373 tates
293 3339 512 3388 quantum
540 3329 594 3374 ad
619 3331 868 3375 rationem:
896 3331 1003 3376 dicit
1029 3332 1152 3375 enim
1169 3333 1384 3376 Damasc.
1403 3333 1448 3376 in
1468 3344 1506 3376 2.
1526 3331 1600 3375 lib.
1631 3331 1773 3387 (Orth.
1797 3331 1888 3375 Fid.
1917 3340 2007 3390 cap.
2034 3346 2102 3377 22.

25 3400 98 3434 -ἓέθ
155 3398 194 3441 εἰ
214 3393 288 3447 lib.
292 3409 351 3457 3.
376 3404 467 3456 cap.
488 3411 552 3454 14.
586 3403 623 3442 et
654 3398 755 3455 18),
779 3399 900 3456 quod
926 3398 1076 3458 duplex
1107 3409 1174 3443 est
1198 3399 1398 3443 hominis
1423 3399 1658 3451 voluntas;
1686 3397 1858 3442 scilicet
1882 3404 2007 3442 natat
2009 3399 2102 3453 al1s,

157 3473 279 3518 quae
302 3472 494 3506 vocatur
524 3463 732 3519 θέλησις;
769 3474 813 3508 et
842 3463 1053 3509 voluntas
1104 3466 1340 3519 rationalis,
1374 3479 1488 3523 quae
1524 3474 1713 3508 vocatur
1758 3465 1990 3521 βούλησιςε
2025 3465 2104 3510 sed

77 3542 105 3591 1,
130 3519 395 3603 'Christus
382 3541 429 3573 m
445 3528 647 3573 humana
661 3540 820 3574 natura
840 3530 999 3576 habuit
1024 3532 1238 3591 quidquid
1257 3532 1312 3575 ad
1330 3530 1655 3590 perfectionem
1671 3531 1901 3576 humanae
1918 3542 2104 3576 naturae

83 3659 87 3667 ‚
120 3594 122 3596 ’
157 3589 372 3650 pertinen
401 3606 512 3653 ergo
537 3606 725 3655 utraque
741 3597 1072 3655 praedictarum
1089 3597 1375 3642 voluntatum
1400 3596 1515 3641 fuit
1505 3612 1550 3640 in
1569 3597 1768 3642 Christo.
