2352 3926
653 200 932 247 QUAESTIO
974 199 1086 238 XXI.
1126 197 1434 239 ARTICULUS
1473 197 1528 236 11.
1971 194 2073 233 201

75 345 77 352 ,
114 303 223 365 quia
248 312 375 348 recto
402 302 540 347 corde
565 300 663 345 vult
679 314 778 345 esse
798 301 1055 355 hominem,
1082 311 1127 346 et
1148 301 1204 345 ad
1225 301 1379 345 Deum
1401 298 1565 358 dirigit,
1592 297 1762 342 subdit:
1790 296 2080 341 Verumtamen

48 363 49 367 ¹
113 384 199 417 non
220 371 327 415 sicut
350 383 421 427 ego
447 368 560 423 volo,
586 367 653 413 sed
676 368 780 412 sicut
805 373 866 411 tu:
896 381 947 411 ac
976 367 1014 410 si
1045 367 1187 412 dicat:
1213 365 1330 411 Vide
1355 376 1400 410 te
1425 366 1471 410 in
1499 379 1588 419 me,
1621 364 1727 424 quia
1752 372 1882 423 potes
1911 361 2079 422 aliquid

114 436 351 499 proprium
376 434 508 489 velle,
536 434 620 479 etsi
640 434 766 478 Deus
793 432 914 477 aliud
934 432 1045 477 velit
1071 449 1111 476 ».

204 503 281 547 An
301 514 490 547 mmm
516 514 627 560 ergo
654 498 913 553 dicendum,
940 499 1062 558 quod
1090 513 1196 543 caro
1224 498 1393 543 exultat
1417 499 1463 542 in
1491 499 1645 542 Deum
1670 499 1842 559 vivum,
1874 510 1970 540 non
1996 509 2077 556 per

42 566 58 624 ‘j
117 578 271 614 actum
297 568 444 613 carnis
471 567 792 612 ascendentem
817 566 864 610 in
889 566 1057 619 Deum,
1084 565 1162 609 sed
1196 579 1276 624 per
1308 565 1656 609 redundantiam
1692 578 1718 608 a
1751 564 1889 608 corde
1914 563 1961 607 in
1989 577 2084 607 car·

113 649 254 690 nem;
280 635 551 694 inquantum
578 633 798 693 appetitus
824 633 1066 677 sensitivus
1092 634 1293 691 sequitur
1319 642 1499 676 motum
1526 633 1746 691 appetitus
1769 630 2018 675 rationalis.

43 701 47 704 ’
206 702 283 746 An
315 713 576 746 SECUNDUM
602 699 861 753 dicendum,
888 698 1011 758 quod
1036 698 1143 742 licet
1169 698 1437 742 sensualitas
1464 698 1553 741 hoc
1580 698 1789 752 voluerit,
1816 697 1939 758 quod
1965 697 2080 742 ratio

37 778 45 810 ς
117 768 321 830 petebat:
347 768 437 812 hoc
464 777 619 812 tamen
646 766 820 810 orando
847 776 999 826 petere
1026 779 1121 809 non
1148 774 1243 809 erat
1268 764 1585 818 sensualitatis,
1613 765 1691 808 sed
1714 765 1917 819 rationis,
1944 774 1994 809 ut
2019 763 2080 808 di-

30 825 42 849 '²
119 845 245 881 ctum
274 845 341 880 est
367 835 432 891 (in
458 841 570 894 corp.
598 833 720 891 art).

206 902 284 946 AD
311 913 527 946 TERTmM
555 900 814 954 dicendum,
843 899 964 958 quod
991 898 1100 942 unio
1127 898 1174 942 in
1201 911 1397 956 persona
1429 907 1496 941 est
1527 898 1778 941 secundum
1807 911 1905 942 esse
1932 911 2085 957 perso-

39 958 41 961 ¹
118 967 238 1023 nale,
265 968 388 1028 quod
410 969 602 1027 pertinet
629 967 683 1010 ad
710 966 961 1026 quamlibet
976 976 1153 1025 partem
1169 965 1400 1008 humanae
1421 975 1629 1008 naturae:
1658 964 1736 1008 sed
1755 964 1964 1008 ascensio
1988 978 2086 1008 ora-

38 1049 40 1053 ’
117 1035 256 1082 tionis
278 1045 347 1080 est
366 1049 447 1094 per
465 1045 633 1088 actum,
651 1034 728 1093 qui
749 1048 843 1077 non
866 1034 1080 1077 convenit
1096 1032 1184 1076 nisi
1205 1032 1385 1085 rationi,
1403 1041 1453 1075 ut
1470 1031 1643 1075 dictum
1661 1041 1728 1075 est
1743 1031 1811 1089 (in
1829 1039 1943 1091 corp.
1961 1037 2040 1076 art.
2037 1033 2082 1091 ),·

118 1103 239 1148 unde
263 1116 359 1147 non
386 1111 431 1146 et
454 1100 616 1146 similis
643 1101 772 1145 ratio.

833 1276 1268 1334 ARTICULUS
1313 1276 1411 1331 III.
2004 1291 2085 1335 128

306 1414 501 1454 UTRUM
534 1414 732 1453 FUERIT
767 1414 1112 1454 CONVENIENS
1147 1413 1429 1452 CHRISTUM
1462 1412 1567 1452 PRO
1602 1413 1663 1450 SE
1698 1412 1893 1452 ORARE.

408 1524 463 1583 (3.
490 1524 604 1569 Dist.
630 1537 694 1583 17.
721 1529 804 1568 art.
830 1539 863 1581 3.
886 1538 924 1582 q.
948 1538 986 1568 2.
1014 1529 1053 1569 et
1077 1531 1215 1583 opusc.
1239 1537 1278 1582 7.
1305 1530 1343 1568 et
1361 1523 1486 1580 Joan.
1513 1537 1577 1568 12.
1605 1522 1694 1568 lect.
1720 1523 1802 1580 4.).

211 1634 288 1678 AD
315 1645 530 1678 TERTtUM
556 1633 620 1678 sic
646 1633 919 1693 proceditur.
946 1633 1150 1687 Videtur,
1178 1633 1300 1692 quod
1324 1633 1510 1678 Christo
1532 1646 1627 1677 non
1649 1631 1784 1677 fuerit
1806 1633 2083 1678 conveniens

122 1715 207 1761 pro
232 1714 282 1746 se
308 1714 463 1746 orare:
490 1700 599 1744 dicit
624 1700 748 1744 enim
775 1699 973 1744 Hilarius
999 1701 1046 1744 in
1078 1714 1142 1745 ιο.
1165 1700 1220 1744 de
1244 1699 1407 1744 Trinit.
1432 1701 1530 1758 (cir.
1543 1701 1664 1759 fin.).·
1691 1716 1715 1741 ι(
1739 1701 1861 1744 Cum
1883 1701 1968 1744 sibi
1988 1715 2082 1744 non

122 1767 365 1828 proficeret
400 1767 732 1827 deprecationis
769 1781 936 1821 sermo,
964 1768 1019 1811 ad
1045 1767 1301 1826 profectum
1333 1777 1489 1811 tamen
1521 1777 1704 1811 nostrae
1735 1766 1843 1811 fidei
1874 1766 2088 1826 loqueba-

118 1843 195 1879 tur
215 1851 267 1890 »ς
293 1834 358 1879 sic
385 1847 495 1893 ergo
514 1834 714 1888 videtur,
741 1835 863 1893 quod
893 1834 1100 1879 Christus
1127 1848 1221 1878 non
1248 1834 1345 1888 sibi,
1373 1834 1451 1878 sed
1477 1834 1609 1878 nobis
1636 1834 1846 1879 oraverit.

211 1915 250 1947 2.
278 1901 576 1947 PRAETEREA.
602 1900 766 1946 Nullus
794 1911 907 1955 orat,
934 1901 1022 1945 nisi
1046 1915 1130 1959 pro
1158 1915 1213 1945 eo
1242 1901 1362 1960 quod
1388 1900 1507 1945 vult:
1536 1902 1656 1960 quia,
1679 1901 1796 1945 sicut
1819 1901 1991 1945 dictum
2020 1911 2088 1946 est

0 1951 40 2004 ³?
117 1969 220 2026 (art.
246 1981 283 2012 1.
307 1969 393 2028 huj.
417 1968 495 2028 q.),
515 1967 662 2012 oratio
683 1977 751 2012 est
769 1968 994 2027 quaedam
1013 1967 1252 2027 explicatio
1270 1968 1517 2012 voluntatis
1535 1966 1614 2025 per
1630 1969 1784 2012 Deum
1800 1967 2080 2027 implendae:

118 2035 198 2081 sed
221 2035 430 2080 Christus
446 2034 631 2079 volebat
645 2035 738 2094 pati
759 2049 813 2079 ea
831 2035 946 2094 quae'
968 2035 1242 2094 patiebatur:
1263 2035 1371 2078 dicit
1389 2035 1512 2079 enim
1530 2035 1812 2094 Augustinus
1832 2034 1901 2078 26.
1923 2044 2083 2079 contra

28 2085 48 2124 ⁵¹
118 2101 270 2147 Faust.
296 2104 394 2161 (cir.
406 2103 481 2161 fin.
498 2102 611 2156 lib.):
634 2102 829 2147 «Homo
855 2102 1138 2162 plerumque,
1156 2105 1238 2146 etsi
1256 2102 1402 2155 molit,
1420 2102 1646 2156 irascitur3
1670 2103 1752 2146 etsi
1773 2102 1903 2155 nolit,
1922 2102 2085 2146 contri-

44 2173 46 2178 “
119 2178 281 2225 statur3
301 2171 385 2215 etsi
402 2169 532 2224 nolit,
546 2169 736 2224 dormit;
755 2169 838 2213 etsi
854 2169 984 2223 nolit,
998 2170 1150 2224 esurit,
1163 2183 1214 2213 ac
1233 2169 1346 2214 sitit:
1365 2168 1441 2213 ille
1461 2177 1613 2213 autem
1634 2169 1828 2226 (scilicet
1842 2170 2088 2226 Christus),

30 2234 53 2290 J
121 2237 280 2281 omnia
305 2237 391 2281 ista
415 2235 537 2290 fecit,
565 2237 670 2296 quia
695 2235 842 2280 voluit
867 2252 919 2290 »3
947 2250 1056 2295 ergo
1085 2236 1127 2280 ei
1152 2250 1247 2280 non
1275 2236 1564 2295 competebat
1591 2250 1674 2295 pro
1702 2236 1854 2294 seipso
1882 2250 2028 2281 orare.

214 2317 251 2363 3.
277 2303 575 2349 PRAETEREA.
605 2302 862 2362 Cyprianus
890 2303 998 2347 dicit
1023 2305 1070 2347 in
1095 2302 1170 2346 lib.
1191 2303 1246 2347 de
1275 2302 1500 2348 Oratione
1527 2303 1775 2346 Dominica
1803 2303 2029 2362 (aliquant.
2065 2319 2089 2347 a

115 2371 255 2431 princ.
262 2370 311 2424 ):
342 2386 366 2412 α
391 2370 524 2415 Pacis
560 2371 737 2424 doctor,
773 2379 818 2413 et
854 2371 1041 2414 unitatis
1079 2370 1298 2429 magister
1333 2369 1481 2413 noluit
1518 2369 1767 2428 sigillatim,
1802 2380 1847 2414 et
1877 2370 2088 2429 privatim

120 2451 279 2498 preces
304 2436 415 2491 fieri,
442 2447 491 2481 ut
516 2437 630 2496 quis,
658 2450 765 2480 cum
798 2447 1020 2495 precatur,
1053 2451 1136 2496 pro
1163 2451 1211 2481 se
1236 2446 1415 2481 tanturn
1447 2447 1657 2496 precetur
1679 2451 1730 2480 »ε
1764 2437 1843 2481 sed
1879 2437 2089 2482 Christus

39 2509 47 2535 ’-
119 2503 232 2549 illud
257 2503 477 2563 implevit,
504 2504 627 2563 quod
653 2503 823 2557 docuit,
851 2504 1104 2548 secundum
1130 2503 1241 2547 illud
1268 2504 1372 2547 Act.
1401 2517 1451 2548 1.:
1484 2504 1629 2563 Coepit
1648 2505 1764 2561 Iesus
1777 2505 1938 2563 facere,
1963 2511 1999 2549 et
2022 2505 2089 2549 do·

120 2585 237 2624 cerm·
266 2584 376 2630 ergo
403 2570 613 2615 Christus
638 2585 874 2630 nunquam
901 2585 984 2630 pro
1011 2584 1059 2614 se
1087 2570 1188 2615 solo
1212 2572 1370 2615 oravit.

212 2638 307 2683 SED
340 2651 535 2683 CONTRA
558 2648 638 2693 est,
665 2639 787 2697 quod
813 2638 909 2696 ipse
935 2638 1164 2682 Dominus
1191 2638 1366 2682 orando
1393 2637 1500 2682 dicit
1516 2638 1646 2696 Joan.
1675 2651 1763 2696 17.:
1791 2639 1998 2692 Clarisica
2015 2640 2090 2684 Fi-

12 2692 15 2694 *
30 2710 31 2713 ’
124 2703 230 2749 lium
257 2712 386 2749 tuum.

44 2811 70 2835 .·›.·
210 2771 499 2816 Responnno
527 2771 786 2825 dicendum,
814 2771 936 2830 quod
971 2771 1180 2816 Christus
1213 2785 1295 2830 pro
1323 2786 1369 2816 se
1397 2774 1543 2816 oravit
1574 2772 1822 2832 dupliciter:
1854 2788 1937 2817 uno
1969 2772 2089 2816 modo

125 2837 418 2897 exprimendo
447 2837 660 2883 affectum
687 2838 1006 2893 sensualitatis,
1032 2849 1081 2882 ut
1106 2852 1240 2898 supra
1263 2838 1436 2883 dictum
1459 2848 1526 2883 est
1545 2838 1644 2895 (art.
1662 2842 1844 2898 praeca),
1862 2839 1935 2883 vel
1954 2840 2090 2883 etiam

37 2933 57 2965 ⁴3«
123 2903 369 2950 voluntatis
394 2905 627 2964 simplicis,
654 2919 771 2964 quae
797 2906 1112 2949 consideratur
1139 2916 1187 2949 ut
1211 2916 1397 2960 natura3
1425 2907 1543 2950 sicut
1569 2920 1675 2950 cum
1703 2907 1850 2950 oravit
1883 2921 1908 2950 a
1943 2921 1990 2950 se
2019 2919 2089 2949 ca-

124 2970 261 3016 licem
285 2973 510 3032 passionis
534 2972 793 3017 transferri:
818 2974 901 3018 alio
929 2972 1050 3016 modo
1079 2973 1375 3032 exprimendo
1404 2972 1620 3017 affectum
1645 2972 1892 3017 voluntatis
1927 2972 2089 3016 delibe-

12 3032 57 3099 ³21¹.
127 3047 263 3092 ratae,
291 3053 406 3099 quae
433 3039 746 3084 consideratur
772 3050 821 3084 ut
845 3039 987 3093 rati03
1012 3039 1128 3083 sicut
1156 3054 1260 3083 cum
1284 3040 1411 3098 petiit
1433 3040 1629 3098 gloriam
1654 3039 2018 3083 resurrectionis:
2047 3049 2092 3082 et

127 3104 218 3150 hoc
248 3103 595 3150 rationabiliter:
630 3106 747 3150 sicut
779 3106 1107 3152 enimrdictum
1140 3117 1207 3150 est
1233 3107 1336 3164 (art.
1369 3122 1404 3152 1.
1433 3107 1519 3165 huj.
1547 3122 1584 3165 q.
1613 3107 1666 3150 ad
1687 3122 1721 3151 1.
1722 3107 1761 3163 ),
1792 3106 2001 3149 Christus
2034 3105 2090 3148 ad

126 3170 217 3216 hoc
243 3172 308 3216 uti
331 3171 477 3216 voluit
502 3173 710 3217 oratione
743 3173 800 3216 ad
833 3173 1031 3226 Patrem,
1065 3183 1114 3216 ut
1145 3173 1277 3217 nobis
1311 3173 1436 3217 daret
1470 3173 1731 3232 exemplum
1765 3172 1939 3225 orandi,
1967 3181 2012 3215 et
2037 3182 2087 3215 ut

126 3238 387 3283 ostenderet
416 3239 599 3283 Patrem
631 3253 766 3284 suum
793 3253 890 3284 esse
917 3250 1167 3293 auctorem,
1201 3254 1226 3284 a
1259 3254 1350 3299 quo
1384 3250 1428 3284 et
1461 3239 1745 3283 aeternaliter
1772 3238 1993 3297 processit
2025 3252 2091 3282 se-

127 3305 327 3348 cundum
353 3305 553 3349 divinam
579 3316 804 3358 naturam,
842 3317 886 3350 et
922 3307 1175 3351 secundum
1210 3317 1421 3351 naturam
1457 3307 1708 3349 humanam
1747 3306 1799 3348 ab
1841 3319 1897 3348 eo
1939 3305 2089 3358 habet,

129 3370 344 3430 quidquid
369 3372 478 3415 boni
503 3372 661 3416 habet:
690 3373 805 3416 sicut
831 3382 983 3417 autem
1010 3374 1056 3416 in
1082 3373 1285 3417 humana
1310 3383 1469 3417 natura
1493 3372 1717 3431 quaedam
1743 3372 1863 3415 bona
1891 3371 2090 3416 habebat

13 3454 17 3462 ·
45 3447 55 3487 ,’
131 3449 159 3480 a
185 3437 317 3481 Patre
349 3439 444 3496 jam
475 3448 713 3497 percepta;
745 3439 807 3482 ita
841 3441 978 3483 etiam
1013 3441 1277 3499 expectabat
1304 3441 1356 3483 ab
1390 3453 1445 3483 eo
1479 3438 1703 3497 quaedam
1730 3439 1850 3482 bona
1882 3439 2090 3482 nondum

132 3502 301 3557 habita,
337 3504 416 3548 sed
452 3504 766 3563 percipienda:
800 3515 845 3549 et
875 3505 980 3550 ideo
1013 3506 1129 3550 sicut
1161 3521 1242 3565 pro
1276 3506 1407 3549 bonis
1438 3507 1530 3563 jam
1563 3505 1785 3564 perceptis
1811 3505 1857 3548 in
1889 3504 2092 3549 humana

129 3579 291 3614 natura
306 3570 472 3629 gratias
489 3571 653 3629 agebat
669 3571 806 3625 Patri,
828 3573 1205 3631 recognoscendo
1235 3586 1342 3616 eum
1366 3581 1615 3624 auctorem,
1634 3581 1682 3614 ut
1706 3581 1826 3629 patet
1844 3571 2003 3616 Matth.
2019 3571 2088 3616 26.
