2352 3926
0 1182 50 1359 i

615 206 895 254 QuAsssrto
935 207 1008 245 VI.
1050 206 1357 246 ART1CULus
1396 205 1473 244 111.
1964 205 2034 260 77

124 336 127 337 ⁷
164 307 259 358 SED
281 321 476 356 CONTRA
504 318 585 364 est,
611 307 735 368 quod
761 308 977 352 Damasc.
1007 308 1115 352 dicit
1131 309 1198 366 (in
1218 322 1260 365 4.
1280 309 1351 353 lib.
1379 307 1501 354 Orth.
1523 306 1619 352 Fid.
1642 314 1734 368 cap.
1757 306 1841 365 6.).·
1866 323 1890 348 «
1912 306 2036 360 Non,

81 386 132 424 ut
153 378 339 439 quidam
364 376 658 429 mentiuntur,
685 384 788 419 ante
815 389 933 428 eam,
960 388 1076 434 quae
1103 384 1170 419 est
1195 389 1248 419 ex
1274 375 1477 434 Virgine,
1504 373 1882 428 incarnationem,
1912 372 2040 417 intel-

82 445 226 492 lectus
251 453 320 490 est
343 444 494 488 unitus
518 443 622 487 Deo
647 441 802 486 Verbo
829 441 909 500 [al.
935 441 1073 499 vero]‚
1110 450 1156 485 et
1181 454 1234 484 ex
1259 451 1366 486 tunc
1392 451 1582 485 vocatus
1609 450 1677 485 est
1703 440 1912 486 Christus
1937 457 1978 484 n.

162 511 452 557 RESPONDEO
470 510 729 563 dicendum,
747 509 869 585 quod
889 508 1115 567 Origenes
1133 508 1284 584 posuit
1309 508 1354 551 in
1372 522 1456 552 suo
1474 509 1704 553 Periarch.
1723 507 1818 565 (lib.
1835 524 1872 554 ι.
1888 514 1979 567 cap.
1999 520 2038 566 7.

74 580 168 626 aet8.
180 584 220 625 et
234 579 305 624 lib.
323 593 362 624 2.
381 584 471 637 cap.
493 577 554 632 8.)
581 589 742 620 omnes
770 576 946 619 animas
965 589 990 618 a
1007 575 1230 634 principio
1256 573 1393 618 fuisse
1421 585 1608 629 creatas,
1627 575 1743 620 inter
1765 589 1876 635 quas
1899 574 2039 619 etiam

23 641 33 675 ’π
48 695 56 701 ,
73 646 227 708 posuit
251 645 454 690 animam
471 643 644 688 Christi
666 652 890 687 creatam:
914 642 993 686 sed
1015 642 1106 686 hoc
1130 641 1315 700 quidem
1343 650 1411 685 est
1431 641 1773 696 inconveniens,
1790 641 1830 687 si
1845 651 2042 702 ponatur

11 705 30 766 s*
74 712 198 774 quod
222 711 357 757 fuerit
380 721 488 756 tunc
515 720 682 764 creata,
709 710 787 755 sed
814 723 909 754 non
935 708 1088 754 statim
1113 707 1269 753 Verbo
1296 707 1444 752 unita:
1473 708 1579 767 quia
1605 719 1882 768 sequeretur,
1915 707 2039 768 quod

14 791 36 840 ῃ]
76 779 231 825 anima
245 778 323 824 illa
342 777 585 838 aliquando
605 777 838 821 habuisset
862 776 1094 836 propriam
1120 775 1458 820 subsistentiam
1475 775 1571 819 sine
1588 775 1765 830 Verbo;
1784 786 1828 821 et
1845 775 1910 821 sic
1933 788 2042 820 cum

24 842 33 896 ζ
75 846 231 893 fuisset
255 859 282 890 a
306 845 461 890 Verbo
489 854 735 903 assumpta,
760 842 835 888 vel
855 857 950 887 non
978 852 1096 887 esset
1119 841 1244 886 facta
1269 842 1379 885 unio
1407 842 1662 886 secundum
1688 843 2042 896 subsistentiam,

4 910 33 945 ''-
76 913 150 960 vel
175 922 387 973 corrupta
417 911 577 956 fuisset
606 911 895 955 subsistentia
928 910 1108 954 animae
1140 909 1470 968 praeexistens:
1497 910 1689 954 similiter
1722 910 1860 954 etiam
1887 920 1956 955 est
1979 910 2044 955 in·

1 979 31 1038 ‘r
78 980 370 1034 conveniens,
388 979 427 1024 si
447 988 644 1037 ponatur
661 977 783 1037 quod
811 979 964 1021 anima
990 975 1069 1021 illa
1092 975 1227 1020 fuerit
1245 991 1269 1020 a
1287 975 1511 1035 principio
1528 975 1684 1020 Verbo
1702 977 1842 1031 unita,
1865 987 1910 1021 et
1925 987 2044 1036 post-

23 1047 270 1103 modum
294 1047 342 1092 in
368 1056 497 1092 utero
523 1045 724 1105 Virginis
750 1045 998 1098 incarnata,
1033 1043 1138 1103 quia
1169 1044 1235 1088 sic
1263 1045 1357 1102 ejus
1385 1043 1538 1087 anima
1563 1043 1789 1088 videretur
1817 1058 1914 1088 esse
1947 1058 2041 1089 non

14 1108 283 1178 &jvsdem
312 1124 501 1159 naturae
535 1127 639 1158 cum
670 1112 852 1166 nostris,
885 1126 1000 1171 quae
1033 1110 1171 1155 simul
1203 1120 1425 1164 creantur,
1460 1110 1568 1154 dum
1604 1111 1868 1170 corporibus
1900 1111 2044 1155 infun-

78 1183 259 1238 duntur,
284 1181 405 1227 unde
430 1181 528 1225 Leo
554 1180 677 1238 Papa
696 1179 840 1223 dicit
829 1194 875 1223 1n
892 1179 1031 1237 Epist.
1060 1178 1126 1236 (Η
1131 1178 1164 1235 .)
1192 1178 1247 1222 ad
1268 1178 1517 1236 Julianum,
1543 1178 1665 1237 quod
1696 1194 1719 1219 «
1740 1191 1835 1222 non
1859 1178 2043 1223 alterius

77 1259 265 1297 naturae
290 1258 388 1294 erat
412 1261 520 1292 caro
546 1248 657 1306 ejus,
685 1261 823 1306 quam
855 1256 1034 1300 nostra;
1060 1259 1145 1289 nec
1173 1245 1263 1289 alio
1291 1244 1373 1300 illi,
1399 1259 1538 1304 quam
1565 1245 1755 1289 caeteris
1781 1245 2046 1291 hominibus

80 1317 235 1364 anima
259 1325 328 1361 est
350 1314 574 1375 principio
602 1315 815 1373 inspirata
841 1330 882 1357 ».

170 1384 247 1429 AD
271 1395 461 1428 PRIMUM
487 1395 597 1440 ergo
623 1381 882 1434 dicendum,
909 1380 1044 1439 quod,
1072 1379 1188 1424 sicut
1213 1394 1348 1439 supra
1375 1379 1548 1423 dictum
1581 1389 1649 1424 est
1676 1380 1775 1436 (art.
1802 1396 1838 1425 1.
1861 1380 1948 1439 huj.
1967 1380 2046 1439 q),

83 1451 237 1497 anima
262 1449 435 1495 Christi
459 1447 623 1492 dicitur
647 1461 746 1492 esse
772 1447 976 1492 medium
1008 1447 1054 1491 in
1090 1447 1260 1491 unione
1294 1447 1441 1491 carnis
1476 1447 1531 1490 ad
1556 1447 1762 1491 Verbum
1794 1448 2047 1491 secundum

84 1517 292 1565 ordinem
316 1525 531 1560 naturae:
557 1528 652 1559 non
680 1523 833 1558 autem
859 1522 1040 1572 oportet
1065 1527 1120 1558 ex
1143 1514 1250 1568 hoc,
1273 1514 1396 1573 quod
1422 1513 1556 1558 fuerit
1577 1515 1782 1559 medium
1809 1529 1863 1559 ex
1886 1515 2045 1559 ordine

83 1583 318 1645 temporis.

174 1652 252 1697 AD
268 1661 527 1696 SECUNDUM
552 1647 811 1701 dicendum,
838 1648 976 1706 quod,
1002 1648 1118 1692 sicut
1144 1647 1239 1692 Leo
1266 1648 1428 1707 Papa
1416 1663 1463 1692 in
1486 1648 1648 1693 eadem
1671 1649 1810 1727 Epist.
1832 1650 1934 1708 (loc.
1957 1651 2046 1709 cit.)

86 1719 210 1773 dicit,
236 1718 389 1762 anima
415 1715 586 1761 Christi
612 1714 791 1759 excellit
815 1725 994 1759 nostras
1022 1715 1197 1758 animas
1223 1730 1306 1759 non
1332 1715 1568 1760 diversitate
1588 1719 1764 1774 generis,
1782 1717 1848 1762 sed
1861 1718 2051 1762 sublimi-

87 1791 170 1833 tata
191 1785 386 1830 virtutis:
412 1792 480 1827 est
505 1782 628 1827 enim
664 1782 869 1839 ejusdem
906 1783 1084 1840 generis
1123 1796 1228 1827 cum
1261 1783 1427 1827 nostris
1461 1783 1721 1828 animabus:
1756 1785 1835 1828 sed
1868 1783 2051 1828 excellit

18 1892 25 1907 ,
86 1852 223 1898 etiam
259 1849 449 1910 angelos
479 1848 731 1895 secundum
771 1849 1101 1908 plenitudinem
1142 1850 1327 1908 gratiae,
1365 1860 1409 1894 et
1439 1851 1659 1895 veritatis:
1697 1852 1862 1896 modus
1896 1861 2049 1895 autem

16 1930 18 1932 ’
88 1918 329 1965 creationis
344 1916 590 1976 respondet
607 1916 787 1959 animae
804 1916 1056 1960 secundum
1073 1917 1398 1975 proprietatem
1415 1918 1485 1961 sui
1502 1919 1695 1976 generis,
1713 1933 1767 1962 ex
1789 1933 1880 1978 quo
1897 1919 2049 1973 habet,

11 1989 30 2004 ·’
88 2000 195 2032 cum
219 1986 278 2030 sit
294 1984 504 2046 corporis
529 1982 693 2036 forma,
719 1992 769 2027 ut
795 1993 971 2027 creetur
997 1982 1134 2027 simul
1166 1983 1274 2026 dum
1309 1984 1491 2042 corpori
1521 1984 1782 2039 infunditur,
1809 1995 1854 2030 et
1875 1986 2050 2040 unitur3

20 2054 209 2115 {quod
234 2066 330 2098 non
366 2051 588 2111 competit
623 2049 812 2108 angelis,
849 2050 926 2109 qui
958 2060 1063 2094 sunt
1096 2050 1372 2094 substantiae
1405 2051 1596 2095 omnino
1625 2066 1650 2095 a
1677 2053 1942 2112 corporibus
1980 2053 2053 2097 ab·

10 2128 29 2181 g
86 2120 278 2167 solutae.

174 2188 253 2234 AD
285 2199 501 2232 TERTIUM
533 2185 792 2239 dicendum,
819 2184 941 2244 quod
969 2185 1024 2229 de
1050 2184 1330 2244 plenitudine
1358 2185 1531 2230 Christi
1557 2200 1719 2231 omnes
1744 2187 1958 2232 homines
1984 2201 2055 2232 ac-

21 2237 258 2328 {cipiunt
281 2254 535 2301 secundum
560 2253 712 2307 fidem,
740 2267 877 2312 quam
899 2252 1105 2297 habent
1094 2267 1140 2296 m
1166 2253 1340 2312 ipsum:
1367 2253 1531 2297 dicitur
1556 2254 1679 2298 enim
1706 2255 1842 2299 Rom.
1870 2270 1906 2314 3.
1930 2254 2053 2315 quod

25 2318 247 2392 institia
271 2324 356 2368 Dei
377 2329 435 2367 est
453 2330 535 2382 per
543 2321 674 2380 fidem
694 2321 791 2377 Jesu
823 2319 982 2364 Christi
1015 2322 1059 2364 in
1099 2335 1254 2373 omnes,
1288 2326 1324 2365 et
1353 2328 1478 2380 super
1510 2336 1661 2376 omnes,
1700 2324 1773 2380 qui
1808 2322 1980 2368 credunt
2009 2324 2055 2367 in

33 2391 249 2452 ipsum.-
275 2390 392 2434 sicut
417 2400 571 2434 ati-tem
596 2403 682 2432 nos
707 2388 754 2431 in
780 2388 929 2447 ipsum
957 2388 1183 2432 credimus
1209 2400 1259 2432 ut
1283 2389 1328 2432 in
1355 2390 1447 2446 jam
1474 2399 1656 2433 natum:
1681 2390 1742 2434 ita
1764 2391 1937 2450 antiqui
1959 2404 2056 2435 cre-

0 2464 39 2512 ιζςς,
74 2457 297 2503 ,ἀὶἀεωηῐ
326 2457 373 2501 in
403 2456 555 2515 ipsum
587 2466 636 2499 ut
666 2455 712 2499 in
743 2455 1047 2499 nasciturum:
1075 2455 1264 2500 habentes
1290 2458 1400 2500 enim
1426 2457 1613 2501 eumdem
1634 2459 1832 2517 spiritum
1848 2458 1952 2517 fidei
1973 2474 2056 2503 cre-

0 2532 55 2585 ss.
87 2524 235 2579 dimus,
269 2533 319 2568 ut
348 2523 511 2568 dicitur
543 2535 582 2566 2.
616 2522 672 2566 ad
707 2522 816 2566 Cor.
849 2533 911 2576 4.:
946 2523 1084 2566 habet
1116 2533 1268 2566 autem
1303 2523 1428 2577 fides,
1461 2538 1578 2583 quae
1610 2535 1678 2568 est
1713 2526 1758 2568 in
1802 2525 2054 2580 Christum,

86 2591 301 2638 virtutem
326 2590 599 2651 justificandi
624 2604 677 2634 ex
703 2589 942 2648 proposito
970 2590 1141 2648 gratiae
1167 2590 1269 2644 Dei,
1306 2591 1558 2635 secundum
1591 2591 1703 2635 illud
1739 2592 1874 2636 Rom.
1901 2605 1965 2648 4.:
1998 2595 2056 2638 Ei

31 2665 51 2715 j
89 2660 163 2720 qui
186 2673 269 2704 non
291 2664 504 2718 operatur,
531 2657 709 2702 credenti
740 2663 879 2701 autem
910 2659 956 2700 in
987 2672 1080 2701 eum
1107 2659 1179 2716 qui
1200 2659 1400 2717 justificat
1425 2660 1620 2719 impium,
1642 2659 1737 2715 fides
1761 2667 1981 2719 reputatur
2002 2660 2055 2704 ad

84 2727 293 2786 justitiam
307 2724 528 2771 secundum
539 2726 802 2784 propositum
822 2725 984 2782 gratiae
1001 2725 1085 2767 Dei
1096 2739 1112 2776 ;
1138 2725 1259 2768 unde
1277 2725 1382 2783 quia
1399 2726 1490 2769 hoc
1514 2727 1801 2785 propositum
1829 2738 1895 2771 est
1918 2737 2056 2771 aeter-

24 2791 218 2852 ⁴anutn,
241 2792 357 2838 nihil
377 2792 602 2851 prohibet,
624 2805 704 2851 per
725 2790 863 2834 fidem
874 2791 980 2849 Jesu
1001 2791 1174 2836 Christi
1191 2791 1367 2851 aliquos
1384 2793 1630 2852 justificari,
1649 2794 1786 2838 etiam
1809 2804 2054 2854 antequam

0 2913 5 2939 ᾖ
49 2870 65 2902 1.
93 2861 189 2921 ejus
206 2860 367 2905 ,anima
393 2870 510 2904 esset
535 2857 670 2918 plena
698 2858 856 2917 gratia,
883 2868 927 2903 et
951 2858 1153 2903 veritate.

787 3005 1223 3064 ARTICULUS
1264 3008 1360 3063 IV.
1991 3035 2051 3079 40

216 3123 220 3128 ¹
250 3130 445 3170 UTRUM
477 3129 623 3170 CARO
657 3129 875 3169 CHRISTI
908 3129 1106 3167 FUERIT
1140 3130 1292 3169 PRIUS
1325 3131 1360 3168 A
1391 3131 1568 3170 VERBO
1603 3131 1904 3181 ASSUMPTA,

765 3203 924 3250 QUAM
956 3204 1164 3243 ANIMAE
1196 3205 1385 3243 UNITA.

717 3290 862 3348 (Locis
900 3297 1028 3350 supra
1069 3297 1151 3335 art.
1188 3306 1224 3351 3.
1267 3292 1437 3349 citatis).

184 3396 226 3442 A
271 3388 524 3446 (QUARTUM
550 3394 614 3439 sic
640 3395 913 3453 proceditur.
950 3393 1154 3448 Videtur,
1188 3395 1309 3453 quod
1353 3410 1459 3439 caro
1504 3395 1673 3439 Christi
1709 3394 1841 3438 fuerit
1876 3394 1998 3453 prius
2030 3407 2057 3439 a

93 3461 216 3509 Verb
282 3471 537 3522 assumpta,
578 3475 717 3521 quam
759 3462 937 3506 animae
982 3461 1128 3505 unita:
1162 3462 1269 3505 dicit
1301 3462 1422 3505 enim
1457 3462 1646 3519 August.
1681 3461 1725 3503 in
1758 3460 1832 3505 lib.
1866 3461 1921 3504 de
1947 3461 2055 3506 Fide

40 3530 154 3576 wad
178 3529 424 3608 Pff'stap.
457 3530 572 3586 18.).·
605 3545 630 3572 «
660 3529 939 3574 Firmissime
971 3538 1090 3583 tene,
1132 3538 1175 3573 et
1215 3528 1472 3572 nullatenus
1514 3528 1702 3580 dubites,
1743 3541 1837 3571 non
1871 3542 2056 3572 carnem

54 3613 58 3616 ’
98 3597 271 3648 Christi
295 3598 392 3643 sine
417 3596 650 3642 divinitate
676 3605 948 3656 conceptam
974 3596 1020 3641 in
1048 3605 1175 3641 utero
1198 3595 1397 3654 Virginis
1422 3595 1684 3654 priusquam
1706 3595 2008 3654 susciperetur
2031 3609 2057 3640 a
