<?xml version="1.0" encoding="UTF-8"?>
<!DOCTYPE html PUBLIC "-//W3C//DTD XHTML 1.0 Transitional//EN"
    "http://www.w3.org/TR/xhtml1/DTD/xhtml1-transitional.dtd">
<html xmlns="http://www.w3.org/1999/xhtml" xml:lang="en" lang="en">
 <head>
  <title>
</title>
<meta http-equiv="Content-Type" content="text/html;charset=utf-8" />
  <meta name='ocr-system' content='tesseract 3.04.00' />
  <meta name='ocr-capabilities' content='ocr_page ocr_carea ocr_par ocr_line ocrx_word'/>
</head>
<body>
  <div class='ocr_page' id='page_1' title='image "./divithomaeaquina04thom_0276.png"; bbox 0 0 2352 3926; ppageno 0'>
   <div class='ocr_carea' id='block_1_1' title="bbox 250 219 1709 286">
    <p class='ocr_par' dir='ltr' id='par_1_1' title="bbox 250 219 1709 286">
     <span class='ocr_line' id='line_1_1' title="bbox 250 219 1709 286; baseline 0.001 -17"><span class='ocrx_word' id='word_1_1' title='bbox 250 229 357 286; x_wconf 88' lang='lat'>272</span> <span class='ocrx_word' id='word_1_2' title='bbox 758 227 1035 274; x_wconf 84' lang='lat' dir='ltr'><strong>QUAESTIO</strong></span> <span class='ocrx_word' id='word_1_3' title='bbox 1074 228 1226 269; x_wconf 70' lang='lat' dir='ltr'>xxm.</span> <span class='ocrx_word' id='word_1_4' title='bbox 1266 219 1575 270; x_wconf 67' lang='lat' dir='ltr'>Ani-munus</span> <span class='ocrx_word' id='word_1_5' title='bbox 1614 230 1709 271; x_wconf 87' lang='lat' dir='ltr'>vn.</span> 
     </span>
    </p>
   </div>
   <div class='ocr_carea' id='block_1_2' title="bbox 250 329 2212 461">
    <p class='ocr_par' dir='ltr' id='par_1_2' title="bbox 250 329 2212 461">
     <span class='ocr_line' id='line_1_2' title="bbox 250 329 2212 393; baseline 0.002 -19"><span class='ocrx_word' id='word_1_6' title='bbox 250 346 338 390; x_wconf 88' lang='lat' dir='ltr'>que</span> <span class='ocrx_word' id='word_1_7' title='bbox 366 331 555 375; x_wconf 89' lang='lat' dir='ltr'>materia</span> <span class='ocrx_word' id='word_1_8' title='bbox 582 329 767 374; x_wconf 89' lang='lat' dir='ltr'>illorum</span> <span class='ocrx_word' id='word_1_9' title='bbox 794 330 1070 388; x_wconf 84' lang='lat' dir='ltr'>sanguinum</span> <span class='ocrx_word' id='word_1_10' title='bbox 1096 341 1278 391; x_wconf 87' lang='lat' dir='ltr'>sumpta</span> <span class='ocrx_word' id='word_1_11' title='bbox 1302 331 1458 387; x_wconf 88' lang='lat' dir='ltr'>fuerit;</span> <span class='ocrx_word' id='word_1_12' title='bbox 1485 333 1603 377; x_wconf 91' lang='lat' dir='ltr'>sicut</span> <span class='ocrx_word' id='word_1_13' title='bbox 1622 347 1707 377; x_wconf 89' lang='lat' dir='ltr'>nec</span> <span class='ocrx_word' id='word_1_14' title='bbox 1733 333 1824 378; x_wconf 92' lang='lat' dir='ltr'>hoc</span> <span class='ocrx_word' id='word_1_15' title='bbox 1850 332 1984 378; x_wconf 89' lang='lat' dir='ltr'>refert</span> <span class='ocrx_word' id='word_1_16' title='bbox 2005 333 2053 378; x_wconf 90' lang='lat' dir='ltr'>in</span> <span class='ocrx_word' id='word_1_17' title='bbox 2078 348 2212 393; x_wconf 89' lang='lat' dir='ltr'>gene-</span> 
     </span>
     <span class='ocr_line' id='line_1_3' title="bbox 250 397 2150 461; baseline 0.002 -18"><span class='ocrx_word' id='word_1_18' title='bbox 250 399 425 443; x_wconf 88' lang='lat' dir='ltr'><strong>ratione</strong></span> <span class='ocrx_word' id='word_1_19' title='bbox 453 398 649 442; x_wconf 91' lang='lat' dir='ltr'>aliorum</span> <span class='ocrx_word' id='word_1_20' title='bbox 674 397 933 452; x_wconf 89' lang='lat' dir='ltr'>hominurn,</span> <span class='ocrx_word' id='word_1_21' title='bbox 951 397 1068 442; x_wconf 91' lang='lat' dir='ltr'>sicut</span> <span class='ocrx_word' id='word_1_22' title='bbox 1092 398 1140 442; x_wconf 91' lang='lat' dir='ltr'>in</span> <span class='ocrx_word' id='word_1_23' title='bbox 1165 398 1312 458; x_wconf 88' lang='lat' dir='ltr'>prima</span> <span class='ocrx_word' id='word_1_24' title='bbox 1327 411 1453 458; x_wconf 89' lang='lat' dir='ltr'>parte</span> <span class='ocrx_word' id='word_1_25' title='bbox 1479 400 1652 445; x_wconf 89' lang='lat' dir='ltr'>dictum</span> <span class='ocrx_word' id='word_1_26' title='bbox 1679 410 1747 445; x_wconf 92' lang='lat' dir='ltr'>est</span> <span class='ocrx_word' id='word_1_27' title='bbox 1774 400 1831 459; x_wconf 88' lang='lat' dir='ltr'>(q.</span> <span class='ocrx_word' id='word_1_28' title='bbox 1857 402 1947 446; x_wconf 84' lang='lat'>118.</span> <span class='ocrx_word' id='word_1_29' title='bbox 1969 406 2051 447; x_wconf 79' lang='lat' dir='ltr'>art.</span> <span class='ocrx_word' id='word_1_30' title='bbox 2075 403 2150 461; x_wconf 92' lang='grc'><strong><em>1.).</em></strong></span> 
     </span>
    </p>
   </div>
   <div class='ocr_carea' id='block_1_3' title="bbox 917 577 2212 654">
    <p class='ocr_par' dir='ltr' id='par_1_3' title="bbox 917 577 2212 654">
     <span class='ocr_line' id='line_1_4' title="bbox 917 577 2212 654; baseline 0.005 -22"><span class='ocrx_word' id='word_1_31' title='bbox 917 577 1353 636; x_wconf 90' lang='lat' dir='ltr'>ARTICULUS</span> <span class='ocrx_word' id='word_1_32' title='bbox 1392 579 1519 635; x_wconf 91' lang='lat' dir='ltr'>VII.</span> <span class='ocrx_word' id='word_1_33' title='bbox 2127 606 2212 654; x_wconf 91' lang='lat'>174</span> 
     </span>
    </p>
   </div>
   <div class='ocr_carea' id='block_1_4' title="bbox 286 712 2173 753">
    <p class='ocr_par' dir='ltr' id='par_1_4' title="bbox 286 712 2173 753">
     <span class='ocr_line' id='line_1_5' title="bbox 286 712 2173 753; baseline 0.001 -2"><span class='ocrx_word' id='word_1_34' title='bbox 286 713 478 751; x_wconf 88' lang='lat' dir='ltr'><strong>UTRUM</strong></span> <span class='ocrx_word' id='word_1_35' title='bbox 519 713 664 751; x_wconf 92' lang='lat' dir='ltr'>CARO</span> <span class='ocrx_word' id='word_1_36' title='bbox 708 712 926 752; x_wconf 82' lang='lat' dir='ltr'>CHRISTI</span> <span class='ocrx_word' id='word_1_37' title='bbox 967 714 1023 753; x_wconf 88' lang='lat' dir='ltr'>IN</span> <span class='ocrx_word' id='word_1_38' title='bbox 1064 714 1326 753; x_wconf 90' lang='lat' dir='ltr'>PATRIBUS</span> <span class='ocrx_word' id='word_1_39' title='bbox 1368 714 1567 753; x_wconf 90' lang='lat' dir='ltr'>FUERIT</span> <span class='ocrx_word' id='word_1_40' title='bbox 1610 713 1865 752; x_wconf 86' lang='lat' dir='ltr'>PECCATO</span> <span class='ocrx_word' id='word_1_41' title='bbox 1908 713 2173 753; x_wconf 83' lang='lat' dir='ltr'>OBNOXIA.</span> 
     </span>
    </p>
   </div>
   <div class='ocr_carea' id='block_1_5' title="bbox 958 825 1516 884">
    <p class='ocr_par' dir='ltr' id='par_1_5' title="bbox 958 825 1516 884">
     <span class='ocr_line' id='line_1_6' title="bbox 958 825 1516 884; baseline 0 -16"><span class='ocrx_word' id='word_1_42' title='bbox 958 825 1012 884; x_wconf 85' lang='lat'>(3.</span> <span class='ocrx_word' id='word_1_43' title='bbox 1035 826 1147 870; x_wconf 84' lang='lat' dir='ltr'>Dist.</span> <span class='ocrx_word' id='word_1_44' title='bbox 1165 841 1200 884; x_wconf 81' lang='lat'>3.</span> <span class='ocrx_word' id='word_1_45' title='bbox 1219 840 1257 884; x_wconf 86' lang='lat' dir='ltr'>q.</span> <span class='ocrx_word' id='word_1_46' title='bbox 1278 839 1321 883; x_wconf 89' lang='lat'>4.</span> <span class='ocrx_word' id='word_1_47' title='bbox 1340 831 1420 869; x_wconf 81' lang='lat' dir='ltr'>art.</span> <span class='ocrx_word' id='word_1_48' title='bbox 1443 825 1516 884; x_wconf 85' lang='grc'><strong><em>1.).</em></strong></span> 
     </span>
    </p>
   </div>
   <div class='ocr_carea' id='block_1_6' title="bbox 248 935 2352 3687">
    <p class='ocr_par' dir='ltr' id='par_1_6' title="bbox 248 935 2216 1198">
     <span class='ocr_line' id='line_1_7' title="bbox 339 935 2216 996; baseline -0.001 -14"><span class='ocrx_word' id='word_1_49' title='bbox 339 937 415 982; x_wconf 87' lang='lat' dir='ltr'>AD</span> <span class='ocrx_word' id='word_1_50' title='bbox 449 949 693 982; x_wconf 82' lang='lat' dir='ltr'>SEPTIMUM</span> <span class='ocrx_word' id='word_1_51' title='bbox 725 938 788 981; x_wconf 89' lang='lat' dir='ltr'>sic</span> <span class='ocrx_word' id='word_1_52' title='bbox 815 937 1088 995; x_wconf 84' lang='lat' dir='ltr'>proceditur.</span> <span class='ocrx_word' id='word_1_53' title='bbox 1114 937 1318 991; x_wconf 90' lang='lat' dir='ltr'>Videtur,</span> <span class='ocrx_word' id='word_1_54' title='bbox 1346 938 1468 996; x_wconf 90' lang='lat' dir='ltr'>quod</span> <span class='ocrx_word' id='word_1_55' title='bbox 1496 951 1602 981; x_wconf 89' lang='lat' dir='ltr'>caro</span> <span class='ocrx_word' id='word_1_56' title='bbox 1631 936 1803 981; x_wconf 87' lang='lat' dir='ltr'>Christi</span> <span class='ocrx_word' id='word_1_57' title='bbox 1833 935 1880 980; x_wconf 87' lang='lat' dir='ltr'>in</span> <span class='ocrx_word' id='word_1_58' title='bbox 1913 936 2109 995; x_wconf 83' lang='lat' dir='ltr'>antiquis</span> <span class='ocrx_word' id='word_1_59' title='bbox 2139 950 2216 996; x_wconf 87' lang='lat' dir='ltr'>pa-</span> 
     </span>
     <span class='ocr_line' id='line_1_8' title="bbox 248 1003 2215 1063; baseline -0.001 -14"><span class='ocrx_word' id='word_1_60' title='bbox 248 1005 389 1049; x_wconf 89' lang='lat' dir='ltr'>tribus</span> <span class='ocrx_word' id='word_1_61' title='bbox 416 1014 608 1062; x_wconf 89' lang='lat' dir='ltr'>peccato</span> <span class='ocrx_word' id='word_1_62' title='bbox 635 1004 802 1048; x_wconf 92' lang='lat' dir='ltr'>infecta</span> <span class='ocrx_word' id='word_1_63' title='bbox 834 1019 930 1049; x_wconf 90' lang='lat' dir='ltr'>non</span> <span class='ocrx_word' id='word_1_64' title='bbox 955 1005 1110 1050; x_wconf 85' lang='lat' dir='ltr'>fuerit:</span> <span class='ocrx_word' id='word_1_65' title='bbox 1139 1005 1299 1049; x_wconf 90' lang='lat' dir='ltr'>dicitur</span> <span class='ocrx_word' id='word_1_66' title='bbox 1329 1005 1452 1049; x_wconf 86' lang='lat' dir='ltr'>enim</span> <span class='ocrx_word' id='word_1_67' title='bbox 1480 1004 1585 1063; x_wconf 89' lang='lat' dir='ltr'>Sap.</span> <span class='ocrx_word' id='word_1_68' title='bbox 1621 1017 1660 1062; x_wconf 94' lang='lat'>7.</span> <span class='ocrx_word' id='word_1_69' title='bbox 1695 1003 1818 1062; x_wconf 91' lang='lat' dir='ltr'>quod</span> <span class='ocrx_word' id='word_1_70' title='bbox 1844 1003 1892 1047; x_wconf 90' lang='lat' dir='ltr'>in</span> <span class='ocrx_word' id='word_1_71' title='bbox 1918 1003 2121 1048; x_wconf 90' lang='lat' dir='ltr'>divinam</span> <span class='ocrx_word' id='word_1_72' title='bbox 2146 1017 2215 1048; x_wconf 87' lang='lat' dir='ltr'>sa-</span> 
     </span>
     <span class='ocr_line' id='line_1_9' title="bbox 249 1069 2215 1131; baseline 0 -17"><span class='ocrx_word' id='word_1_73' title='bbox 249 1071 468 1131; x_wconf 84' lang='lat' dir='ltr'>pientiam</span> <span class='ocrx_word' id='word_1_74' title='bbox 490 1072 596 1116; x_wconf 82' lang='lat' dir='ltr'>nihil</span> <span class='ocrx_word' id='word_1_75' title='bbox 612 1073 879 1131; x_wconf 85' lang='lat' dir='ltr'>inquinatum</span> <span class='ocrx_word' id='word_1_76' title='bbox 896 1075 1100 1118; x_wconf 81' lang='lat' dir='ltr'>incurrit:</span> <span class='ocrx_word' id='word_1_77' title='bbox 1122 1072 1330 1116; x_wconf 88' lang='lat' dir='ltr'>Christus</span> <span class='ocrx_word' id='word_1_78' title='bbox 1350 1082 1503 1116; x_wconf 88' lang='lat' dir='ltr'>autem</span> <span class='ocrx_word' id='word_1_79' title='bbox 1526 1081 1591 1115; x_wconf 91' lang='lat' dir='ltr'>est</span> <span class='ocrx_word' id='word_1_80' title='bbox 1613 1071 1701 1114; x_wconf 91' lang='lat' dir='ltr'>Dei</span> <span class='ocrx_word' id='word_1_81' title='bbox 1724 1071 1958 1129; x_wconf 86' lang='lat' dir='ltr'>sapientia,</span> <span class='ocrx_word' id='word_1_82' title='bbox 1977 1080 2026 1114; x_wconf 90' lang='lat' dir='ltr'>ut</span> <span class='ocrx_word' id='word_1_83' title='bbox 2051 1069 2215 1115; x_wconf 88' lang='lat' dir='ltr'>dicitur</span> 
     </span>
     <span class='ocr_line' id='line_1_10' title="bbox 256 1135 1958 1198; baseline 0 -16"><span class='ocrx_word' id='word_1_84' title='bbox 256 1152 291 1183; x_wconf 94' lang='lat'>1.</span> <span class='ocrx_word' id='word_1_85' title='bbox 320 1138 376 1183; x_wconf 89' lang='lat' dir='ltr'>ad</span> <span class='ocrx_word' id='word_1_86' title='bbox 404 1138 614 1183; x_wconf 86' lang='lat' dir='ltr'>Corinth.</span> <span class='ocrx_word' id='word_1_87' title='bbox 644 1153 708 1193; x_wconf 88' lang='lat'>1.;</span> <span class='ocrx_word' id='word_1_88' title='bbox 735 1153 846 1198; x_wconf 86' lang='lat' dir='ltr'>ergo</span> <span class='ocrx_word' id='word_1_89' title='bbox 874 1154 981 1183; x_wconf 91' lang='lat' dir='ltr'>caro</span> <span class='ocrx_word' id='word_1_90' title='bbox 1010 1141 1105 1198; x_wconf 89' lang='lat' dir='ltr'>ejus</span> <span class='ocrx_word' id='word_1_91' title='bbox 1132 1154 1367 1198; x_wconf 86' lang='lat' dir='ltr'>nunquam</span> <span class='ocrx_word' id='word_1_92' title='bbox 1389 1148 1579 1197; x_wconf 90' lang='lat' dir='ltr'>peccato</span> <span class='ocrx_word' id='word_1_93' title='bbox 1606 1138 1841 1196; x_wconf 88' lang='lat' dir='ltr'>inquinata</span> <span class='ocrx_word' id='word_1_94' title='bbox 1861 1135 1958 1182; x_wconf 90' lang='lat' dir='ltr'>fuit.</span> 
     </span>
    </p>

    <p class='ocr_par' dir='ltr' id='par_1_7' title="bbox 248 1200 2214 1466">
     <span class='ocr_line' id='line_1_11' title="bbox 341 1200 2214 1265; baseline 0 -15"><span class='ocrx_word' id='word_1_95' title='bbox 341 1219 382 1250; x_wconf 89' lang='lat'>2.</span> <span class='ocrx_word' id='word_1_96' title='bbox 403 1200 707 1251; x_wconf 48' lang='lat' dir='ltr'>&#39;PRAETEREm</span> <span class='ocrx_word' id='word_1_97' title='bbox 733 1206 950 1251; x_wconf 88' lang='lat' dir='ltr'>Damasc.</span> <span class='ocrx_word' id='word_1_98' title='bbox 979 1207 1087 1251; x_wconf 89' lang='lat' dir='ltr'>dicit</span> <span class='ocrx_word' id='word_1_99' title='bbox 1111 1208 1215 1265; x_wconf 81' lang='lat' dir='ltr'>in-3.</span> <span class='ocrx_word' id='word_1_100' title='bbox 1243 1206 1319 1250; x_wconf 90' lang='lat' dir='ltr'>lib.</span> <span class='ocrx_word' id='word_1_101' title='bbox 1347 1207 1490 1263; x_wconf 79' lang='lat' dir='ltr'>(Orth.</span> <span class='ocrx_word' id='word_1_102' title='bbox 1513 1206 1607 1250; x_wconf 86' lang='lat' dir='ltr'>Fid.</span> <span class='ocrx_word' id='word_1_103' title='bbox 1630 1211 1711 1249; x_wconf 87' lang='lat' dir='ltr'>art.</span> <span class='ocrx_word' id='word_1_104' title='bbox 1738 1220 1777 1249; x_wconf 89' lang='lat'>2.</span> <span class='ocrx_word' id='word_1_105' title='bbox 1802 1219 1828 1248; x_wconf 86' lang='lat' dir='ltr'>a</span> <span class='ocrx_word' id='word_1_106' title='bbox 1848 1204 1952 1249; x_wconf 74' lang='lat' dir='ltr'>med.</span> <span class='ocrx_word' id='word_1_107' title='bbox 1979 1210 2016 1249; x_wconf 80' lang='lat' dir='ltr'>et</span> <span class='ocrx_word' id='word_1_108' title='bbox 2036 1211 2128 1264; x_wconf 78' lang='lat' dir='ltr'>cap.</span> <span class='ocrx_word' id='word_1_109' title='bbox 2154 1219 2214 1250; x_wconf 88' lang='grc'><strong><em>11.</em></strong></span> 
     </span>
     <span class='ocr_line' id='line_1_12' title="bbox 250 1271 2214 1334; baseline -0.001 -16"><span class='ocrx_word' id='word_1_110' title='bbox 250 1288 277 1319; x_wconf 87' lang='lat' dir='ltr'>a</span> <span class='ocrx_word' id='word_1_111' title='bbox 286 1274 451 1334; x_wconf 83' lang='lat' dir='ltr'>princ.)</span> <span class='ocrx_word' id='word_1_112' title='bbox 470 1274 591 1333; x_wconf 93' lang='lat' dir='ltr'>quod</span> <span class='ocrx_word' id='word_1_113' title='bbox 611 1274 820 1318; x_wconf 89' lang='lat' dir='ltr'>Christus</span> <span class='ocrx_word' id='word_1_114' title='bbox 839 1275 1058 1333; x_wconf 86' lang='lat' dir='ltr'>primitias</span> <span class='ocrx_word' id='word_1_115' title='bbox 1075 1284 1258 1318; x_wconf 90' lang='lat' dir='ltr'>nostrae</span> <span class='ocrx_word' id='word_1_116' title='bbox 1274 1284 1461 1317; x_wconf 88' lang='lat' dir='ltr'>naturae</span> <span class='ocrx_word' id='word_1_117' title='bbox 1480 1272 1744 1330; x_wconf 90' lang='lat' dir='ltr'>assumpsit:</span> <span class='ocrx_word' id='word_1_118' title='bbox 1771 1271 1850 1316; x_wconf 90' lang='lat' dir='ltr'>sed</span> <span class='ocrx_word' id='word_1_119' title='bbox 1866 1271 1913 1315; x_wconf 92' lang='lat' dir='ltr'>in</span> <span class='ocrx_word' id='word_1_120' title='bbox 1929 1272 2077 1329; x_wconf 90' lang='lat' dir='ltr'>primo</span> <span class='ocrx_word' id='word_1_121' title='bbox 2095 1281 2214 1316; x_wconf 84' lang='lat' dir='ltr'>statu</span> 
     </span>
     <span class='ocr_line' id='line_1_13' title="bbox 251 1336 2214 1399; baseline -0.002 -14"><span class='ocrx_word' id='word_1_122' title='bbox 251 1355 358 1385; x_wconf 91' lang='lat' dir='ltr'>caro</span> <span class='ocrx_word' id='word_1_123' title='bbox 385 1341 588 1384; x_wconf 90' lang='lat' dir='ltr'>humana</span> <span class='ocrx_word' id='word_1_124' title='bbox 614 1355 709 1385; x_wconf 94' lang='lat' dir='ltr'>non</span> <span class='ocrx_word' id='word_1_125' title='bbox 736 1351 832 1386; x_wconf 90' lang='lat' dir='ltr'>erat</span> <span class='ocrx_word' id='word_1_126' title='bbox 857 1351 1046 1399; x_wconf 90' lang='lat' dir='ltr'>peccato</span> <span class='ocrx_word' id='word_1_127' title='bbox 1064 1340 1253 1395; x_wconf 89' lang='lat' dir='ltr'>infecta;</span> <span class='ocrx_word' id='word_1_128' title='bbox 1281 1354 1390 1399; x_wconf 88' lang='lat' dir='ltr'>ergo</span> <span class='ocrx_word' id='word_1_129' title='bbox 1410 1353 1516 1383; x_wconf 89' lang='lat' dir='ltr'>caro</span> <span class='ocrx_word' id='word_1_130' title='bbox 1546 1338 1717 1383; x_wconf 87' lang='lat' dir='ltr'>Christi</span> <span class='ocrx_word' id='word_1_131' title='bbox 1737 1353 1832 1382; x_wconf 92' lang='lat' dir='ltr'>non</span> <span class='ocrx_word' id='word_1_132' title='bbox 1848 1337 1932 1382; x_wconf 87' lang='lat' dir='ltr'>fuit</span> <span class='ocrx_word' id='word_1_133' title='bbox 1946 1336 2113 1387; x_wconf 85' lang='lat' dir='ltr'>infecta</span> <span class='ocrx_word' id='word_1_134' title='bbox 2128 1351 2214 1383; x_wconf 86' lang='lat' dir='ltr'>nec</span> 
     </span>
     <span class='ocr_line' id='line_1_14' title="bbox 248 1408 967 1466; baseline -0.001 -14"><span class='ocrx_word' id='word_1_135' title='bbox 248 1408 296 1452; x_wconf 90' lang='lat' dir='ltr'>in</span> <span class='ocrx_word' id='word_1_136' title='bbox 322 1409 490 1462; x_wconf 89' lang='lat' dir='ltr'>Adam,</span> <span class='ocrx_word' id='word_1_137' title='bbox 516 1423 600 1451; x_wconf 91' lang='lat' dir='ltr'>nec</span> <span class='ocrx_word' id='word_1_138' title='bbox 628 1408 725 1452; x_wconf 90' lang='lat' dir='ltr'>aliis</span> <span class='ocrx_word' id='word_1_139' title='bbox 755 1410 967 1466; x_wconf 88' lang='lat' dir='ltr'>patribus.</span> 
     </span>
    </p>

    <p class='ocr_par' dir='ltr' id='par_1_8' title="bbox 250 1467 2215 1803">
     <span class='ocr_line' id='line_1_15' title="bbox 272 1467 2214 1534; baseline -0.001 -15"><span class='ocrx_word' id='word_1_140' title='bbox 272 1467 276 1472; x_wconf 72' lang='grc'><strong>’</strong></span> <span class='ocrx_word' id='word_1_141' title='bbox 343 1490 381 1534; x_wconf 82' lang='lat'>3.</span> <span class='ocrx_word' id='word_1_142' title='bbox 408 1476 706 1520; x_wconf 79' lang='lat' dir='ltr'>PRAETEREA.</span> <span class='ocrx_word' id='word_1_143' title='bbox 734 1477 927 1534; x_wconf 86' lang='lat' dir='ltr'>August.</span> <span class='ocrx_word' id='word_1_144' title='bbox 947 1476 1056 1520; x_wconf 90' lang='lat' dir='ltr'>dicit</span> <span class='ocrx_word' id='word_1_145' title='bbox 1086 1490 1150 1520; x_wconf 91' lang='lat' dir='ltr'>1o.</span> <span class='ocrx_word' id='word_1_146' title='bbox 1171 1489 1306 1534; x_wconf 90' lang='lat' dir='ltr'>super</span> <span class='ocrx_word' id='word_1_147' title='bbox 1333 1474 1500 1519; x_wconf 87' lang='lat' dir='ltr'>Genes.</span> <span class='ocrx_word' id='word_1_148' title='bbox 1520 1473 1576 1518; x_wconf 92' lang='lat' dir='ltr'>ad</span> <span class='ocrx_word' id='word_1_149' title='bbox 1593 1473 1773 1517; x_wconf 88' lang='lat' dir='ltr'>literam</span> <span class='ocrx_word' id='word_1_150' title='bbox 1798 1473 1910 1532; x_wconf 85' lang='lat' dir='ltr'>(cap.</span> <span class='ocrx_word' id='word_1_151' title='bbox 1931 1487 2002 1518; x_wconf 82' lang='lat'>20.</span> <span class='ocrx_word' id='word_1_152' title='bbox 2024 1485 2051 1517; x_wconf 88' lang='lat' dir='ltr'>a</span> <span class='ocrx_word' id='word_1_153' title='bbox 2071 1470 2214 1530; x_wconf 51' lang='lat' dir='ltr'>med),</span> 
     </span>
     <span class='ocr_line' id='line_1_16' title="bbox 251 1539 2215 1602; baseline -0.001 -16"><span class='ocrx_word' id='word_1_154' title='bbox 251 1542 374 1602; x_wconf 92' lang='lat' dir='ltr'>quod</span> <span class='ocrx_word' id='word_1_155' title='bbox 396 1551 597 1585; x_wconf 82' lang='lat' dir='ltr'>«natura</span> <span class='ocrx_word' id='word_1_156' title='bbox 622 1543 825 1586; x_wconf 91' lang='lat' dir='ltr'>humana</span> <span class='ocrx_word' id='word_1_157' title='bbox 851 1557 1031 1602; x_wconf 91' lang='lat' dir='ltr'>semper</span> <span class='ocrx_word' id='word_1_158' title='bbox 1056 1543 1214 1587; x_wconf 88' lang='lat' dir='ltr'>habuit</span> <span class='ocrx_word' id='word_1_159' title='bbox 1232 1557 1338 1586; x_wconf 90' lang='lat' dir='ltr'>cum</span> <span class='ocrx_word' id='word_1_160' title='bbox 1353 1541 1542 1586; x_wconf 89' lang='lat' dir='ltr'>vulnere</span> <span class='ocrx_word' id='word_1_161' title='bbox 1560 1540 1761 1584; x_wconf 91' lang='lat' dir='ltr'>vulneris</span> <span class='ocrx_word' id='word_1_162' title='bbox 1779 1539 2056 1583; x_wconf 87' lang='lat' dir='ltr'>medicinam</span> <span class='ocrx_word' id='word_1_163' title='bbox 2072 1554 2115 1593; x_wconf 83' lang='lat'>»3</span> <span class='ocrx_word' id='word_1_164' title='bbox 2136 1540 2215 1584; x_wconf 87' lang='lat' dir='ltr'>sed</span> 
     </span>
     <span class='ocr_line' id='line_1_17' title="bbox 250 1606 2215 1669; baseline -0.001 -17"><span class='ocrx_word' id='word_1_165' title='bbox 250 1610 295 1653; x_wconf 92' lang='lat' dir='ltr'>id</span> <span class='ocrx_word' id='word_1_166' title='bbox 324 1610 446 1668; x_wconf 92' lang='lat' dir='ltr'>quod</span> <span class='ocrx_word' id='word_1_167' title='bbox 479 1620 547 1653; x_wconf 92' lang='lat' dir='ltr'>est</span> <span class='ocrx_word' id='word_1_168' title='bbox 576 1609 811 1663; x_wconf 89' lang='lat' dir='ltr'>infectum,</span> <span class='ocrx_word' id='word_1_169' title='bbox 844 1624 939 1653; x_wconf 91' lang='lat' dir='ltr'>non</span> <span class='ocrx_word' id='word_1_170' title='bbox 965 1620 1114 1669; x_wconf 88' lang='lat' dir='ltr'>potest</span> <span class='ocrx_word' id='word_1_171' title='bbox 1139 1625 1237 1654; x_wconf 89' lang='lat' dir='ltr'>esse</span> <span class='ocrx_word' id='word_1_172' title='bbox 1269 1609 1468 1653; x_wconf 91' lang='lat' dir='ltr'>vulneris</span> <span class='ocrx_word' id='word_1_173' title='bbox 1501 1607 1743 1660; x_wconf 88' lang='lat' dir='ltr'>medicina,</span> <span class='ocrx_word' id='word_1_174' title='bbox 1775 1606 1855 1650; x_wconf 90' lang='lat' dir='ltr'>sed</span> <span class='ocrx_word' id='word_1_175' title='bbox 1887 1606 2034 1666; x_wconf 89' lang='lat' dir='ltr'>magis</span> <span class='ocrx_word' id='word_1_176' title='bbox 2065 1606 2215 1665; x_wconf 89' lang='lat' dir='ltr'>ipsum</span> 
     </span>
     <span class='ocr_line' id='line_1_18' title="bbox 251 1672 2215 1736; baseline -0.002 -15"><span class='ocrx_word' id='word_1_177' title='bbox 251 1677 424 1735; x_wconf 87' lang='lat' dir='ltr'>indiget</span> <span class='ocrx_word' id='word_1_178' title='bbox 445 1677 697 1731; x_wconf 90' lang='lat' dir='ltr'>medicina;</span> <span class='ocrx_word' id='word_1_179' title='bbox 726 1690 836 1735; x_wconf 89' lang='lat' dir='ltr'>ergo</span> <span class='ocrx_word' id='word_1_180' title='bbox 864 1692 1044 1736; x_wconf 88' lang='lat' dir='ltr'>semper</span> <span class='ocrx_word' id='word_1_181' title='bbox 1077 1679 1122 1721; x_wconf 91' lang='lat' dir='ltr'>in</span> <span class='ocrx_word' id='word_1_182' title='bbox 1147 1688 1307 1721; x_wconf 88' lang='lat' dir='ltr'>natura</span> <span class='ocrx_word' id='word_1_183' title='bbox 1333 1677 1536 1719; x_wconf 87' lang='lat' dir='ltr'>humana</span> <span class='ocrx_word' id='word_1_184' title='bbox 1562 1674 1646 1719; x_wconf 88' lang='lat' dir='ltr'>fuit</span> <span class='ocrx_word' id='word_1_185' title='bbox 1671 1674 1840 1733; x_wconf 91' lang='lat' dir='ltr'>aliquid</span> <span class='ocrx_word' id='word_1_186' title='bbox 1860 1688 1956 1718; x_wconf 90' lang='lat' dir='ltr'>non</span> <span class='ocrx_word' id='word_1_187' title='bbox 1979 1672 2215 1727; x_wconf 87' lang='lat' dir='ltr'>infectum,</span> 
     </span>
     <span class='ocr_line' id='line_1_19' title="bbox 253 1743 1570 1803; baseline -0.002 -15"><span class='ocrx_word' id='word_1_188' title='bbox 253 1757 308 1788; x_wconf 87' lang='lat' dir='ltr'>ex</span> <span class='ocrx_word' id='word_1_189' title='bbox 334 1758 425 1802; x_wconf 91' lang='lat' dir='ltr'>quo</span> <span class='ocrx_word' id='word_1_190' title='bbox 453 1744 751 1802; x_wconf 90' lang='lat' dir='ltr'>postmodum</span> <span class='ocrx_word' id='word_1_191' title='bbox 779 1754 847 1788; x_wconf 90' lang='lat' dir='ltr'>est</span> <span class='ocrx_word' id='word_1_192' title='bbox 873 1759 1038 1803; x_wconf 91' lang='lat' dir='ltr'>corpus</span> <span class='ocrx_word' id='word_1_193' title='bbox 1067 1745 1239 1789; x_wconf 86' lang='lat' dir='ltr'>Christi</span> <span class='ocrx_word' id='word_1_194' title='bbox 1262 1743 1526 1788; x_wconf 89' lang='lat' dir='ltr'>formatum.</span> <span class='ocrx_word' id='word_1_195' title='bbox 1567 1767 1570 1771; x_wconf 32' lang='grc' dir='ltr'><em>ι</em></span> 
     </span>
    </p>

    <p class='ocr_par' dir='ltr' id='par_1_9' title="bbox 252 1805 2220 2205">
     <span class='ocr_line' id='line_1_20' title="bbox 343 1805 2215 1870; baseline -0.001 -16"><span class='ocrx_word' id='word_1_196' title='bbox 343 1810 437 1854; x_wconf 77' lang='lat' dir='ltr'>SED</span> <span class='ocrx_word' id='word_1_197' title='bbox 462 1823 658 1855; x_wconf 81' lang='lat' dir='ltr'>CONTRA</span> <span class='ocrx_word' id='word_1_198' title='bbox 681 1821 762 1865; x_wconf 91' lang='lat' dir='ltr'>est,</span> <span class='ocrx_word' id='word_1_199' title='bbox 785 1812 906 1870; x_wconf 92' lang='lat' dir='ltr'>quod</span> <span class='ocrx_word' id='word_1_200' title='bbox 931 1826 1094 1870; x_wconf 90' lang='lat' dir='ltr'>corpus</span> <span class='ocrx_word' id='word_1_201' title='bbox 1129 1812 1323 1856; x_wconf 88' lang='lat' dir='ltr'>Christis</span> <span class='ocrx_word' id='word_1_202' title='bbox 1354 1825 1449 1854; x_wconf 92' lang='lat' dir='ltr'>non</span> <span class='ocrx_word' id='word_1_203' title='bbox 1481 1808 1671 1853; x_wconf 88' lang='lat' dir='ltr'>refertur</span> <span class='ocrx_word' id='word_1_204' title='bbox 1693 1807 1748 1852; x_wconf 90' lang='lat' dir='ltr'>ad</span> <span class='ocrx_word' id='word_1_205' title='bbox 1771 1807 1938 1862; x_wconf 87' lang='lat' dir='ltr'>Adam,</span> <span class='ocrx_word' id='word_1_206' title='bbox 1961 1816 2005 1852; x_wconf 90' lang='lat' dir='ltr'>et</span> <span class='ocrx_word' id='word_1_207' title='bbox 2025 1806 2082 1852; x_wconf 88' lang='lat' dir='ltr'>ad</span> <span class='ocrx_word' id='word_1_208' title='bbox 2100 1805 2215 1853; x_wconf 86' lang='lat' dir='ltr'>alios</span> 
     </span>
     <span class='ocr_line' id='line_1_21' title="bbox 252 1874 2216 1938; baseline -0.002 -17"><span class='ocrx_word' id='word_1_209' title='bbox 252 1887 416 1937; x_wconf 89' lang='lat' dir='ltr'>patres,</span> <span class='ocrx_word' id='word_1_210' title='bbox 434 1878 521 1922; x_wconf 90' lang='lat' dir='ltr'>nisi</span> <span class='ocrx_word' id='word_1_211' title='bbox 537 1878 767 1922; x_wconf 86' lang='lat' dir='ltr'>mediante</span> <span class='ocrx_word' id='word_1_212' title='bbox 786 1893 979 1937; x_wconf 84' lang='lat' dir='ltr'>corpore</span> <span class='ocrx_word' id='word_1_213' title='bbox 994 1878 1268 1938; x_wconf 87' lang='lat' dir='ltr'>B.Virginis,</span> <span class='ocrx_word' id='word_1_214' title='bbox 1281 1878 1336 1922; x_wconf 90' lang='lat' dir='ltr'>de</span> <span class='ocrx_word' id='word_1_215' title='bbox 1349 1892 1438 1937; x_wconf 90' lang='lat' dir='ltr'>qua</span> <span class='ocrx_word' id='word_1_216' title='bbox 1457 1890 1642 1920; x_wconf 90' lang='lat' dir='ltr'>carnem</span> <span class='ocrx_word' id='word_1_217' title='bbox 1668 1875 1934 1934; x_wconf 87' lang='lat' dir='ltr'>assumpsit:</span> <span class='ocrx_word' id='word_1_218' title='bbox 1953 1874 2032 1919; x_wconf 87' lang='lat' dir='ltr'>sed</span> <span class='ocrx_word' id='word_1_219' title='bbox 2050 1888 2216 1933; x_wconf 86' lang='lat' dir='ltr'>corpus</span> 
     </span>
     <span class='ocr_line' id='line_1_22' title="bbox 254 1941 2217 2004; baseline -0.001 -16"><span class='ocrx_word' id='word_1_220' title='bbox 254 1945 303 1988; x_wconf 92' lang='lat' dir='ltr'>B.</span> <span class='ocrx_word' id='word_1_221' title='bbox 331 1945 532 2004; x_wconf 88' lang='lat' dir='ltr'>Virginis</span> <span class='ocrx_word' id='word_1_222' title='bbox 565 1955 715 1990; x_wconf 90' lang='lat' dir='ltr'>totum</span> <span class='ocrx_word' id='word_1_223' title='bbox 739 1944 824 1990; x_wconf 90' lang='lat' dir='ltr'>fuit</span> <span class='ocrx_word' id='word_1_224' title='bbox 849 1946 895 1989; x_wconf 93' lang='lat' dir='ltr'>in</span> <span class='ocrx_word' id='word_1_225' title='bbox 929 1945 1140 2004; x_wconf 88' lang='lat' dir='ltr'>originali</span> <span class='ocrx_word' id='word_1_226' title='bbox 1170 1955 1361 2004; x_wconf 89' lang='lat' dir='ltr'>peccato</span> <span class='ocrx_word' id='word_1_227' title='bbox 1391 1953 1681 2002; x_wconf 88' lang='lat' dir='ltr'>conceptum,</span> <span class='ocrx_word' id='word_1_228' title='bbox 1708 1953 1758 1987; x_wconf 94' lang='lat' dir='ltr'>ut</span> <span class='ocrx_word' id='word_1_229' title='bbox 1788 1956 1923 2001; x_wconf 89' lang='lat' dir='ltr'>supra</span> <span class='ocrx_word' id='word_1_230' title='bbox 1948 1941 2122 1987; x_wconf 91' lang='lat' dir='ltr'>dictum</span> <span class='ocrx_word' id='word_1_231' title='bbox 2148 1951 2217 1986; x_wconf 87' lang='lat' dir='ltr'>est</span> 
     </span>
     <span class='ocr_line' id='line_1_23' title="bbox 253 2008 2219 2072; baseline -0.002 -17"><span class='ocrx_word' id='word_1_232' title='bbox 253 2012 315 2070; x_wconf 89' lang='lat' dir='ltr'>(q.</span> <span class='ocrx_word' id='word_1_233' title='bbox 337 2026 401 2069; x_wconf 84' lang='lat'>14.</span> <span class='ocrx_word' id='word_1_234' title='bbox 429 2019 509 2056; x_wconf 83' lang='lat' dir='ltr'>art.</span> <span class='ocrx_word' id='word_1_235' title='bbox 529 2027 564 2071; x_wconf 84' lang='lat'>3.</span> <span class='ocrx_word' id='word_1_236' title='bbox 589 2013 642 2056; x_wconf 87' lang='lat' dir='ltr'>ad</span> <span class='ocrx_word' id='word_1_237' title='bbox 668 2025 705 2056; x_wconf 86' lang='grc'><strong><em>1.</em></strong></span> <span class='ocrx_word' id='word_1_238' title='bbox 732 2020 771 2058; x_wconf 87' lang='lat' dir='ltr'>et</span> <span class='ocrx_word' id='word_1_239' title='bbox 795 2029 832 2072; x_wconf 90' lang='lat' dir='ltr'>q.</span> <span class='ocrx_word' id='word_1_240' title='bbox 856 2027 924 2072; x_wconf 90' lang='lat'>27.</span> <span class='ocrx_word' id='word_1_241' title='bbox 957 2021 1039 2058; x_wconf 82' lang='lat' dir='ltr'>art.</span> <span class='ocrx_word' id='word_1_242' title='bbox 1066 2014 1142 2069; x_wconf 90' lang='lat'>2.)‚</span> <span class='ocrx_word' id='word_1_243' title='bbox 1177 2023 1221 2056; x_wconf 89' lang='lat' dir='ltr'>et</span> <span class='ocrx_word' id='word_1_244' title='bbox 1252 2013 1315 2056; x_wconf 92' lang='lat' dir='ltr'>ita</span> <span class='ocrx_word' id='word_1_245' title='bbox 1342 2013 1480 2056; x_wconf 89' lang='lat' dir='ltr'>etiam</span> <span class='ocrx_word' id='word_1_246' title='bbox 1514 2010 1766 2055; x_wconf 88' lang='lat' dir='ltr'>secundum</span> <span class='ocrx_word' id='word_1_247' title='bbox 1797 2009 1920 2068; x_wconf 92' lang='lat' dir='ltr'>quod</span> <span class='ocrx_word' id='word_1_248' title='bbox 1952 2008 2036 2053; x_wconf 92' lang='lat' dir='ltr'>fuit</span> <span class='ocrx_word' id='word_1_249' title='bbox 2066 2009 2113 2053; x_wconf 91' lang='lat' dir='ltr'>in</span> <span class='ocrx_word' id='word_1_250' title='bbox 2143 2021 2219 2068; x_wconf 91' lang='lat' dir='ltr'>pa-</span> 
     </span>
     <span class='ocr_line' id='line_1_24' title="bbox 252 2075 2220 2139; baseline -0.001 -17"><span class='ocrx_word' id='word_1_251' title='bbox 252 2079 408 2132; x_wconf 89' lang='lat' dir='ltr'>tribus,</span> <span class='ocrx_word' id='word_1_252' title='bbox 434 2078 518 2123; x_wconf 89' lang='lat' dir='ltr'>fuit</span> <span class='ocrx_word' id='word_1_253' title='bbox 543 2090 732 2138; x_wconf 90' lang='lat' dir='ltr'>peccato</span> <span class='ocrx_word' id='word_1_254' title='bbox 760 2081 1036 2134; x_wconf 81' lang='lat' dir='ltr'>obnoxium3</span> <span class='ocrx_word' id='word_1_255' title='bbox 1064 2094 1173 2139; x_wconf 89' lang='lat' dir='ltr'>ergo</span> <span class='ocrx_word' id='word_1_256' title='bbox 1198 2094 1303 2124; x_wconf 82' lang='lat' dir='ltr'>caro</span> <span class='ocrx_word' id='word_1_257' title='bbox 1332 2079 1518 2132; x_wconf 88' lang='lat' dir='ltr'>Christi,</span> <span class='ocrx_word' id='word_1_258' title='bbox 1541 2077 1794 2122; x_wconf 92' lang='lat' dir='ltr'>secundum</span> <span class='ocrx_word' id='word_1_259' title='bbox 1820 2076 1942 2136; x_wconf 93' lang='lat' dir='ltr'>quod</span> <span class='ocrx_word' id='word_1_260' title='bbox 1967 2075 2052 2120; x_wconf 89' lang='lat' dir='ltr'>fuit</span> <span class='ocrx_word' id='word_1_261' title='bbox 2075 2077 2124 2120; x_wconf 88' lang='lat' dir='ltr'>in</span> <span class='ocrx_word' id='word_1_262' title='bbox 2143 2090 2220 2136; x_wconf 88' lang='lat' dir='ltr'>pa·</span> 
     </span>
     <span class='ocr_line' id='line_1_25' title="bbox 253 2145 973 2205; baseline 0.003 -16"><span class='ocrx_word' id='word_1_263' title='bbox 253 2146 407 2200; x_wconf 90' lang='lat' dir='ltr'>tribus,</span> <span class='ocrx_word' id='word_1_264' title='bbox 433 2145 518 2190; x_wconf 90' lang='lat' dir='ltr'>fuit</span> <span class='ocrx_word' id='word_1_265' title='bbox 543 2156 733 2205; x_wconf 86' lang='lat' dir='ltr'>peccato</span> <span class='ocrx_word' id='word_1_266' title='bbox 761 2147 973 2191; x_wconf 84' lang='lat' dir='ltr'>obnoxia.</span> 
     </span>
    </p>

    <p class='ocr_par' dir='ltr' id='par_1_10' title="bbox 251 2209 2352 3687">
     <span class='ocr_line' id='line_1_26' title="bbox 342 2209 2216 2273; baseline -0.002 -16"><span class='ocrx_word' id='word_1_267' title='bbox 342 2213 631 2258; x_wconf 74' lang='lat' dir='ltr'>RESPONDEo</span> <span class='ocrx_word' id='word_1_268' title='bbox 675 2214 932 2269; x_wconf 88' lang='lat' dir='ltr'>dicendum,</span> <span class='ocrx_word' id='word_1_269' title='bbox 970 2215 1092 2273; x_wconf 93' lang='lat' dir='ltr'>quod</span> <span class='ocrx_word' id='word_1_270' title='bbox 1127 2229 1233 2258; x_wconf 90' lang='lat' dir='ltr'>cum</span> <span class='ocrx_word' id='word_1_271' title='bbox 1271 2214 1480 2267; x_wconf 88' lang='lat' dir='ltr'>dicimus,</span> <span class='ocrx_word' id='word_1_272' title='bbox 1518 2212 1769 2265; x_wconf 88' lang='lat' dir='ltr'>Christum,</span> <span class='ocrx_word' id='word_1_273' title='bbox 1800 2209 1876 2255; x_wconf 88' lang='lat' dir='ltr'>vel</span> <span class='ocrx_word' id='word_1_274' title='bbox 1902 2224 2088 2255; x_wconf 88' lang='lat' dir='ltr'>carnem</span> <span class='ocrx_word' id='word_1_275' title='bbox 2119 2210 2216 2268; x_wconf 81' lang='lat' dir='ltr'>ejus</span> 
     </span>
     <span class='ocr_line' id='line_1_27' title="bbox 251 2277 2217 2340; baseline -0.001 -18"><span class='ocrx_word' id='word_1_276' title='bbox 251 2278 390 2323; x_wconf 88' lang='lat' dir='ltr'>fuisse</span> <span class='ocrx_word' id='word_1_277' title='bbox 423 2282 469 2323; x_wconf 90' lang='lat' dir='ltr'>in</span> <span class='ocrx_word' id='word_1_278' title='bbox 495 2280 663 2334; x_wconf 89' lang='lat' dir='ltr'>Adam,</span> <span class='ocrx_word' id='word_1_279' title='bbox 691 2291 734 2324; x_wconf 92' lang='lat' dir='ltr'>et</span> <span class='ocrx_word' id='word_1_280' title='bbox 755 2281 801 2324; x_wconf 93' lang='lat' dir='ltr'>in</span> <span class='ocrx_word' id='word_1_281' title='bbox 829 2281 927 2325; x_wconf 90' lang='lat' dir='ltr'>aliis</span> <span class='ocrx_word' id='word_1_282' title='bbox 954 2283 1169 2340; x_wconf 88' lang='lat' dir='ltr'>patribus,</span> <span class='ocrx_word' id='word_1_283' title='bbox 1194 2295 1514 2340; x_wconf 87' lang='lat' dir='ltr'>comparamus</span> <span class='ocrx_word' id='word_1_284' title='bbox 1541 2281 1706 2338; x_wconf 89' lang='lat' dir='ltr'>ipsum,</span> <span class='ocrx_word' id='word_1_285' title='bbox 1728 2277 1803 2323; x_wconf 91' lang='lat' dir='ltr'>vel</span> <span class='ocrx_word' id='word_1_286' title='bbox 1825 2291 2011 2323; x_wconf 88' lang='lat' dir='ltr'>carnem</span> <span class='ocrx_word' id='word_1_287' title='bbox 2037 2279 2134 2336; x_wconf 79' lang='lat' dir='ltr'>ejus</span> <span class='ocrx_word' id='word_1_288' title='bbox 2159 2277 2217 2322; x_wconf 90' lang='lat' dir='ltr'>ad</span> 
     </span>
     <span class='ocr_line' id='line_1_28' title="bbox 252 2344 2220 2407; baseline -0.001 -17"><span class='ocrx_word' id='word_1_289' title='bbox 252 2347 419 2400; x_wconf 91' lang='lat' dir='ltr'>Adam,</span> <span class='ocrx_word' id='word_1_290' title='bbox 452 2357 496 2390; x_wconf 89' lang='lat' dir='ltr'>et</span> <span class='ocrx_word' id='word_1_291' title='bbox 523 2347 578 2390; x_wconf 91' lang='lat' dir='ltr'>ad</span> <span class='ocrx_word' id='word_1_292' title='bbox 597 2347 711 2391; x_wconf 89' lang='lat' dir='ltr'>alios</span> <span class='ocrx_word' id='word_1_293' title='bbox 733 2358 901 2407; x_wconf 88' lang='lat' dir='ltr'>patres:</span> <span class='ocrx_word' id='word_1_294' title='bbox 926 2348 1219 2393; x_wconf 88' lang='lat' dir='ltr'>manifestum</span> <span class='ocrx_word' id='word_1_295' title='bbox 1246 2359 1399 2392; x_wconf 88' lang='lat' dir='ltr'>autem</span> <span class='ocrx_word' id='word_1_296' title='bbox 1422 2357 1502 2401; x_wconf 83' lang='lat' dir='ltr'>est,</span> <span class='ocrx_word' id='word_1_297' title='bbox 1535 2347 1658 2406; x_wconf 91' lang='lat' dir='ltr'>quod</span> <span class='ocrx_word' id='word_1_298' title='bbox 1691 2346 1780 2390; x_wconf 89' lang='lat' dir='ltr'>alia</span> <span class='ocrx_word' id='word_1_299' title='bbox 1800 2345 1886 2390; x_wconf 86' lang='lat' dir='ltr'>fuit</span> <span class='ocrx_word' id='word_1_300' title='bbox 1916 2344 2118 2390; x_wconf 88' lang='lat' dir='ltr'>conditio</span> <span class='ocrx_word' id='word_1_301' title='bbox 2145 2358 2220 2403; x_wconf 82' lang='lat' dir='ltr'>pa-</span> 
     </span>
     <span class='ocr_line' id='line_1_29' title="bbox 251 2411 2218 2475; baseline -0.002 -16"><span class='ocrx_word' id='word_1_302' title='bbox 251 2424 388 2468; x_wconf 89' lang='lat' dir='ltr'>trum,</span> <span class='ocrx_word' id='word_1_303' title='bbox 415 2424 460 2458; x_wconf 90' lang='lat' dir='ltr'>et</span> <span class='ocrx_word' id='word_1_304' title='bbox 486 2413 574 2458; x_wconf 91' lang='lat' dir='ltr'>alia</span> <span class='ocrx_word' id='word_1_305' title='bbox 607 2414 802 2469; x_wconf 91' lang='lat' dir='ltr'>Christi;</span> <span class='ocrx_word' id='word_1_306' title='bbox 829 2430 937 2459; x_wconf 90' lang='lat' dir='ltr'>nam</span> <span class='ocrx_word' id='word_1_307' title='bbox 964 2426 1112 2475; x_wconf 89' lang='lat' dir='ltr'>patres</span> <span class='ocrx_word' id='word_1_308' title='bbox 1144 2416 1324 2460; x_wconf 91' lang='lat' dir='ltr'>fuerunt</span> <span class='ocrx_word' id='word_1_309' title='bbox 1359 2415 1550 2473; x_wconf 70' lang='lat' dir='ltr'>subJecti</span> <span class='ocrx_word' id='word_1_310' title='bbox 1575 2423 1791 2473; x_wconf 87' lang='lat' dir='ltr'>peccato:</span> <span class='ocrx_word' id='word_1_311' title='bbox 1819 2411 2030 2457; x_wconf 89' lang='lat' dir='ltr'>Christus</span> <span class='ocrx_word' id='word_1_312' title='bbox 2063 2421 2218 2457; x_wconf 86' lang='lat' dir='ltr'>autem</span> 
     </span>
     <span class='ocr_line' id='line_1_30' title="bbox 251 2479 2218 2542; baseline -0.001 -17"><span class='ocrx_word' id='word_1_313' title='bbox 251 2482 336 2526; x_wconf 90' lang='lat' dir='ltr'>fuit</span> <span class='ocrx_word' id='word_1_314' title='bbox 362 2482 553 2526; x_wconf 91' lang='lat' dir='ltr'>omnino</span> <span class='ocrx_word' id='word_1_315' title='bbox 587 2496 612 2526; x_wconf 88' lang='lat' dir='ltr'>a</span> <span class='ocrx_word' id='word_1_316' title='bbox 639 2492 829 2542; x_wconf 90' lang='lat' dir='ltr'>peccato</span> <span class='ocrx_word' id='word_1_317' title='bbox 855 2484 1087 2527; x_wconf 88' lang='lat' dir='ltr'>immunis.</span> <span class='ocrx_word' id='word_1_318' title='bbox 1115 2484 1352 2542; x_wconf 80' lang='lat' dir='ltr'>Dupliciter</span> <span class='ocrx_word' id='word_1_319' title='bbox 1378 2496 1488 2541; x_wconf 89' lang='lat' dir='ltr'>ergo</span> <span class='ocrx_word' id='word_1_320' title='bbox 1515 2484 1560 2526; x_wconf 91' lang='lat' dir='ltr'>in</span> <span class='ocrx_word' id='word_1_321' title='bbox 1583 2482 1670 2525; x_wconf 90' lang='lat' dir='ltr'>hac</span> <span class='ocrx_word' id='word_1_322' title='bbox 1698 2479 2042 2539; x_wconf 88' lang='lat' dir='ltr'>comparatione</span> <span class='ocrx_word' id='word_1_323' title='bbox 2067 2492 2218 2525; x_wconf 87' lang='lat' dir='ltr'>errare</span> 
     </span>
     <span class='ocr_line' id='line_1_31' title="bbox 255 2546 2217 2608; baseline -0.001 -15"><span class='ocrx_word' id='word_1_324' title='bbox 255 2550 501 2608; x_wconf 86' lang='lat' dir='ltr'>contingit:</span> <span class='ocrx_word' id='word_1_325' title='bbox 519 2565 600 2593; x_wconf 84' lang='lat' dir='ltr'>uno</span> <span class='ocrx_word' id='word_1_326' title='bbox 619 2550 754 2605; x_wconf 85' lang='lat' dir='ltr'>modo,</span> <span class='ocrx_word' id='word_1_327' title='bbox 779 2561 827 2594; x_wconf 94' lang='lat' dir='ltr'>ut</span> <span class='ocrx_word' id='word_1_328' title='bbox 844 2551 1142 2595; x_wconf 88' lang='lat' dir='ltr'>attribuamus</span> <span class='ocrx_word' id='word_1_329' title='bbox 1162 2550 1365 2604; x_wconf 88' lang='lat' dir='ltr'>Christo,</span> <span class='ocrx_word' id='word_1_330' title='bbox 1383 2550 1456 2594; x_wconf 91' lang='lat' dir='ltr'>vel</span> <span class='ocrx_word' id='word_1_331' title='bbox 1484 2549 1609 2592; x_wconf 89' lang='lat' dir='ltr'>carni</span> <span class='ocrx_word' id='word_1_332' title='bbox 1632 2550 1727 2606; x_wconf 87' lang='lat' dir='ltr'>ejus</span> <span class='ocrx_word' id='word_1_333' title='bbox 1751 2546 2078 2600; x_wconf 88' lang='lat' dir='ltr'>conditionem,</span> <span class='ocrx_word' id='word_1_334' title='bbox 2100 2559 2217 2605; x_wconf 83' lang='lat' dir='ltr'>quae</span> 
     </span>
     <span class='ocr_line' id='line_1_32' title="bbox 253 2613 2217 2676; baseline -0.002 -15"><span class='ocrx_word' id='word_1_335' title='bbox 253 2617 338 2661; x_wconf 87' lang='lat' dir='ltr'>fuit</span> <span class='ocrx_word' id='word_1_336' title='bbox 361 2618 408 2660; x_wconf 92' lang='lat' dir='ltr'>in</span> <span class='ocrx_word' id='word_1_337' title='bbox 435 2617 658 2675; x_wconf 86' lang='lat' dir='ltr'>patribus:</span> <span class='ocrx_word' id='word_1_338' title='bbox 692 2629 800 2676; x_wconf 90' lang='lat' dir='ltr'>puta</span> <span class='ocrx_word' id='word_1_339' title='bbox 826 2618 864 2662; x_wconf 88' lang='lat' dir='ltr'>si</span> <span class='ocrx_word' id='word_1_340' title='bbox 890 2618 1110 2671; x_wconf 90' lang='lat' dir='ltr'>dicamus,</span> <span class='ocrx_word' id='word_1_341' title='bbox 1137 2619 1259 2676; x_wconf 93' lang='lat' dir='ltr'>quod</span> <span class='ocrx_word' id='word_1_342' title='bbox 1293 2617 1501 2661; x_wconf 89' lang='lat' dir='ltr'>Christus</span> <span class='ocrx_word' id='word_1_343' title='bbox 1529 2618 1575 2660; x_wconf 92' lang='lat' dir='ltr'>in</span> <span class='ocrx_word' id='word_1_344' title='bbox 1609 2615 1760 2659; x_wconf 89' lang='lat' dir='ltr'>Adam</span> <span class='ocrx_word' id='word_1_345' title='bbox 1787 2613 2007 2673; x_wconf 88' lang='lat' dir='ltr'>peccavit,</span> <span class='ocrx_word' id='word_1_346' title='bbox 2038 2614 2144 2672; x_wconf 87' lang='lat' dir='ltr'>quia</span> <span class='ocrx_word' id='word_1_347' title='bbox 2169 2613 2217 2658; x_wconf 87' lang='lat' dir='ltr'>in</span> 
     </span>
     <span class='ocr_line' id='line_1_33' title="bbox 255 2679 2216 2743; baseline -0.002 -16"><span class='ocrx_word' id='word_1_348' title='bbox 255 2697 310 2728; x_wconf 91' lang='lat' dir='ltr'>eo</span> <span class='ocrx_word' id='word_1_349' title='bbox 338 2683 491 2742; x_wconf 90' lang='lat' dir='ltr'>aliquo</span> <span class='ocrx_word' id='word_1_350' title='bbox 519 2683 661 2728; x_wconf 91' lang='lat' dir='ltr'>modo</span> <span class='ocrx_word' id='word_1_351' title='bbox 687 2683 793 2739; x_wconf 84' lang='lat' dir='ltr'>fuit3</span> <span class='ocrx_word' id='word_1_352' title='bbox 821 2685 943 2743; x_wconf 93' lang='lat' dir='ltr'>quod</span> <span class='ocrx_word' id='word_1_353' title='bbox 971 2695 1038 2729; x_wconf 90' lang='lat' dir='ltr'>est</span> <span class='ocrx_word' id='word_1_354' title='bbox 1061 2684 1248 2738; x_wconf 90' lang='lat' dir='ltr'>falsum;</span> <span class='ocrx_word' id='word_1_355' title='bbox 1277 2685 1382 2743; x_wconf 88' lang='lat' dir='ltr'>quia</span> <span class='ocrx_word' id='word_1_356' title='bbox 1407 2697 1501 2727; x_wconf 93' lang='lat' dir='ltr'>non</span> <span class='ocrx_word' id='word_1_357' title='bbox 1528 2697 1584 2727; x_wconf 92' lang='lat' dir='ltr'>eo</span> <span class='ocrx_word' id='word_1_358' title='bbox 1611 2681 1752 2726; x_wconf 91' lang='lat' dir='ltr'>modo</span> <span class='ocrx_word' id='word_1_359' title='bbox 1785 2680 1833 2725; x_wconf 90' lang='lat' dir='ltr'>in</span> <span class='ocrx_word' id='word_1_360' title='bbox 1867 2693 1924 2724; x_wconf 87' lang='lat' dir='ltr'>eo</span> <span class='ocrx_word' id='word_1_361' title='bbox 1954 2679 2052 2734; x_wconf 84' lang='lat' dir='ltr'>fuit,</span> <span class='ocrx_word' id='word_1_362' title='bbox 2085 2688 2135 2723; x_wconf 91' lang='lat' dir='ltr'>ut</span> <span class='ocrx_word' id='word_1_363' title='bbox 2159 2679 2216 2724; x_wconf 92' lang='lat' dir='ltr'>ad</span> 
     </span>
     <span class='ocr_line' id='line_1_34' title="bbox 256 2746 2216 2811; baseline -0.003 -15"><span class='ocrx_word' id='word_1_364' title='bbox 256 2751 493 2796; x_wconf 89' lang='lat' dir='ltr'>Christum</span> <span class='ocrx_word' id='word_1_365' title='bbox 520 2762 760 2810; x_wconf 90' lang='lat' dir='ltr'>peccatum</span> <span class='ocrx_word' id='word_1_366' title='bbox 793 2752 920 2795; x_wconf 86' lang='lat' dir='ltr'>Adae</span> <span class='ocrx_word' id='word_1_367' title='bbox 953 2753 1228 2811; x_wconf 83' lang='lat' dir='ltr'>perveniret3</span> <span class='ocrx_word' id='word_1_368' title='bbox 1263 2752 1367 2810; x_wconf 90' lang='lat' dir='ltr'>quia</span> <span class='ocrx_word' id='word_1_369' title='bbox 1399 2765 1493 2795; x_wconf 92' lang='lat' dir='ltr'>non</span> <span class='ocrx_word' id='word_1_370' title='bbox 1525 2749 1754 2793; x_wconf 89' lang='lat' dir='ltr'>derivatur</span> <span class='ocrx_word' id='word_1_371' title='bbox 1786 2748 1840 2793; x_wconf 88' lang='lat' dir='ltr'>ab</span> <span class='ocrx_word' id='word_1_372' title='bbox 1874 2760 1931 2792; x_wconf 89' lang='lat' dir='ltr'>eo</span> <span class='ocrx_word' id='word_1_373' title='bbox 1963 2746 2216 2791; x_wconf 82' lang='lat' dir='ltr'>secundum</span> 
     </span>
     <span class='ocr_line' id='line_1_35' title="bbox 255 2815 2217 2877; baseline -0.001 -15"><span class='ocrx_word' id='word_1_374' title='bbox 255 2820 653 2877; x_wconf 87' lang='lat' dir='ltr'>concupiscentiae</span> <span class='ocrx_word' id='word_1_375' title='bbox 678 2819 845 2876; x_wconf 90' lang='lat' dir='ltr'>legem,</span> <span class='ocrx_word' id='word_1_376' title='bbox 867 2820 960 2863; x_wconf 87' lang='lat' dir='ltr'>sive</span> <span class='ocrx_word' id='word_1_377' title='bbox 987 2820 1239 2863; x_wconf 90' lang='lat' dir='ltr'>secundum</span> <span class='ocrx_word' id='word_1_378' title='bbox 1255 2820 1480 2863; x_wconf 88' lang='lat' dir='ltr'>rationem</span> <span class='ocrx_word' id='word_1_379' title='bbox 1498 2816 1782 2871; x_wconf 89' lang='lat' dir='ltr'>seminalem,</span> <span class='ocrx_word' id='word_1_380' title='bbox 1808 2826 1858 2860; x_wconf 89' lang='lat' dir='ltr'>ut</span> <span class='ocrx_word' id='word_1_381' title='bbox 1881 2829 2017 2875; x_wconf 87' lang='lat' dir='ltr'>supra</span> <span class='ocrx_word' id='word_1_382' title='bbox 2042 2815 2217 2861; x_wconf 88' lang='lat' dir='ltr'>dictum</span> 
     </span>
     <span class='ocr_line' id='line_1_36' title="bbox 256 2883 2218 2946; baseline -0.002 -15"><span class='ocrx_word' id='word_1_383' title='bbox 256 2896 324 2931; x_wconf 88' lang='lat' dir='ltr'>est</span> <span class='ocrx_word' id='word_1_384' title='bbox 342 2891 442 2942; x_wconf 85' lang='lat' dir='ltr'>(art.</span> <span class='ocrx_word' id='word_1_385' title='bbox 462 2894 604 2945; x_wconf 85' lang='lat' dir='ltr'>praec.</span> <span class='ocrx_word' id='word_1_386' title='bbox 627 2886 682 2931; x_wconf 89' lang='lat' dir='ltr'>ad</span> <span class='ocrx_word' id='word_1_387' title='bbox 712 2903 747 2932; x_wconf 91' lang='grc'><strong><em>1.</em></strong></span> <span class='ocrx_word' id='word_1_388' title='bbox 775 2894 814 2932; x_wconf 82' lang='lat' dir='ltr'>et</span> <span class='ocrx_word' id='word_1_389' title='bbox 834 2903 872 2946; x_wconf 88' lang='lat' dir='ltr'>q.</span> <span class='ocrx_word' id='word_1_390' title='bbox 899 2900 956 2946; x_wconf 82' lang='lat'>15.</span> <span class='ocrx_word' id='word_1_391' title='bbox 981 2893 1063 2932; x_wconf 87' lang='lat' dir='ltr'>art.</span> <span class='ocrx_word' id='word_1_392' title='bbox 1091 2903 1125 2932; x_wconf 87' lang='grc'><strong><em>1.</em></strong></span> <span class='ocrx_word' id='word_1_393' title='bbox 1150 2887 1203 2931; x_wconf 88' lang='lat' dir='ltr'>ad</span> <span class='ocrx_word' id='word_1_394' title='bbox 1224 2888 1303 2945; x_wconf 88' lang='lat'>2.).</span> <span class='ocrx_word' id='word_1_395' title='bbox 1329 2887 1430 2931; x_wconf 89' lang='lat' dir='ltr'>Alio</span> <span class='ocrx_word' id='word_1_396' title='bbox 1452 2886 1572 2936; x_wconf 84' lang='lat' dir='ltr'>modo</span> <span class='ocrx_word' id='word_1_397' title='bbox 1601 2884 1825 2943; x_wconf 90' lang='lat' dir='ltr'>contingit</span> <span class='ocrx_word' id='word_1_398' title='bbox 1846 2896 2012 2937; x_wconf 87' lang='lat' dir='ltr'>errare,</span> <span class='ocrx_word' id='word_1_399' title='bbox 2038 2883 2076 2928; x_wconf 87' lang='lat' dir='ltr'>si</span> <span class='ocrx_word' id='word_1_400' title='bbox 2099 2883 2218 2928; x_wconf 85' lang='lat' dir='ltr'>attri-</span> 
     </span>
     <span class='ocr_line' id='line_1_37' title="bbox 253 2950 2219 3013; baseline -0.002 -15"><span class='ocrx_word' id='word_1_401' title='bbox 253 2954 446 2999; x_wconf 89' lang='lat' dir='ltr'>buamus</span> <span class='ocrx_word' id='word_1_402' title='bbox 474 2954 513 2998; x_wconf 89' lang='lat' dir='ltr'>ei</span> <span class='ocrx_word' id='word_1_403' title='bbox 532 2953 654 3013; x_wconf 92' lang='lat' dir='ltr'>quod</span> <span class='ocrx_word' id='word_1_404' title='bbox 681 2964 784 2998; x_wconf 87' lang='lat' dir='ltr'>actu</span> <span class='ocrx_word' id='word_1_405' title='bbox 810 2953 893 2998; x_wconf 90' lang='lat' dir='ltr'>fuit</span> <span class='ocrx_word' id='word_1_406' title='bbox 918 2956 964 2998; x_wconf 93' lang='lat' dir='ltr'>in</span> <span class='ocrx_word' id='word_1_407' title='bbox 992 2955 1204 3013; x_wconf 91' lang='lat' dir='ltr'>patribus,</span> <span class='ocrx_word' id='word_1_408' title='bbox 1233 2954 1543 2997; x_wconf 89' lang='lat' dir='ltr'>conditionem</span> <span class='ocrx_word' id='word_1_409' title='bbox 1566 2952 1751 3006; x_wconf 89' lang='lat' dir='ltr'>Christi,</span> <span class='ocrx_word' id='word_1_410' title='bbox 1768 2950 1842 2995; x_wconf 92' lang='lat' dir='ltr'>vel</span> <span class='ocrx_word' id='word_1_411' title='bbox 1863 2950 2011 2995; x_wconf 81' lang='lat' dir='ltr'>carnis</span> <span class='ocrx_word' id='word_1_412' title='bbox 2028 2951 2150 3010; x_wconf 73' lang='lat' dir='ltr'>eju83</span> <span class='ocrx_word' id='word_1_413' title='bbox 2167 2959 2219 2995; x_wconf 87' lang='lat' dir='ltr'>ut</span> 
     </span>
     <span class='ocr_line' id='line_1_38' title="bbox 254 3016 2215 3081; baseline -0.002 -15"><span class='ocrx_word' id='word_1_414' title='bbox 254 3021 429 3066; x_wconf 89' lang='lat' dir='ltr'>scilicet</span> <span class='ocrx_word' id='word_1_415' title='bbox 450 3021 555 3081; x_wconf 88' lang='lat' dir='ltr'>quia</span> <span class='ocrx_word' id='word_1_416' title='bbox 582 3035 689 3066; x_wconf 89' lang='lat' dir='ltr'>caro</span> <span class='ocrx_word' id='word_1_417' title='bbox 719 3021 903 3075; x_wconf 89' lang='lat' dir='ltr'>Christi,</span> <span class='ocrx_word' id='word_1_418' title='bbox 930 3021 1182 3065; x_wconf 91' lang='lat' dir='ltr'>secundum</span> <span class='ocrx_word' id='word_1_419' title='bbox 1215 3021 1337 3079; x_wconf 92' lang='lat' dir='ltr'>quod</span> <span class='ocrx_word' id='word_1_420' title='bbox 1370 3021 1415 3064; x_wconf 92' lang='lat' dir='ltr'>in</span> <span class='ocrx_word' id='word_1_421' title='bbox 1445 3020 1629 3065; x_wconf 86' lang='lat' dir='ltr'>Christo</span> <span class='ocrx_word' id='word_1_422' title='bbox 1661 3019 1758 3073; x_wconf 86' lang='lat' dir='ltr'>fuit,</span> <span class='ocrx_word' id='word_1_423' title='bbox 1788 3032 1885 3063; x_wconf 92' lang='lat' dir='ltr'>non</span> <span class='ocrx_word' id='word_1_424' title='bbox 1909 3016 1994 3063; x_wconf 83' lang='lat' dir='ltr'>fuit</span> <span class='ocrx_word' id='word_1_425' title='bbox 2024 3026 2215 3076; x_wconf 68' lang='lat' dir='ltr'>peccato</span> 
     </span>
     <span class='ocr_line' id='line_1_39' title="bbox 255 3083 2216 3147; baseline -0.003 -13"><span class='ocrx_word' id='word_1_426' title='bbox 255 3089 467 3144; x_wconf 90' lang='lat' dir='ltr'>obnoxia,</span> <span class='ocrx_word' id='word_1_427' title='bbox 492 3089 556 3133; x_wconf 89' lang='lat' dir='ltr'>ita</span> <span class='ocrx_word' id='word_1_428' title='bbox 582 3089 720 3134; x_wconf 90' lang='lat' dir='ltr'>etiam</span> <span class='ocrx_word' id='word_1_429' title='bbox 751 3089 797 3132; x_wconf 91' lang='lat' dir='ltr'>in</span> <span class='ocrx_word' id='word_1_430' title='bbox 829 3089 996 3142; x_wconf 88' lang='lat' dir='ltr'>Adam,</span> <span class='ocrx_word' id='word_1_431' title='bbox 1030 3098 1074 3132; x_wconf 89' lang='lat' dir='ltr'>et</span> <span class='ocrx_word' id='word_1_432' title='bbox 1104 3088 1149 3132; x_wconf 89' lang='lat' dir='ltr'>in</span> <span class='ocrx_word' id='word_1_433' title='bbox 1184 3087 1282 3131; x_wconf 89' lang='lat' dir='ltr'>aliis</span> <span class='ocrx_word' id='word_1_434' title='bbox 1308 3087 1505 3147; x_wconf 87' lang='lat' dir='ltr'>patribus</span> <span class='ocrx_word' id='word_1_435' title='bbox 1537 3086 1669 3131; x_wconf 88' lang='lat' dir='ltr'>fuerit</span> <span class='ocrx_word' id='word_1_436' title='bbox 1702 3086 1851 3145; x_wconf 90' lang='lat' dir='ltr'>aliqua</span> <span class='ocrx_word' id='word_1_437' title='bbox 1883 3100 1986 3146; x_wconf 87' lang='lat' dir='ltr'>pars</span> <span class='ocrx_word' id='word_1_438' title='bbox 2011 3083 2216 3144; x_wconf 82' lang='lat' dir='ltr'>corporis</span> 
     </span>
     <span class='ocr_line' id='line_1_40' title="bbox 254 3149 2218 3216; baseline -0.003 -15"><span class='ocrx_word' id='word_1_439' title='bbox 254 3158 365 3215; x_wconf 88' lang='lat' dir='ltr'>ejus,</span> <span class='ocrx_word' id='word_1_440' title='bbox 393 3170 508 3216; x_wconf 85' lang='lat' dir='ltr'>quae</span> <span class='ocrx_word' id='word_1_441' title='bbox 534 3169 628 3200; x_wconf 89' lang='lat' dir='ltr'>non</span> <span class='ocrx_word' id='word_1_442' title='bbox 653 3155 737 3201; x_wconf 86' lang='lat' dir='ltr'>fuit</span> <span class='ocrx_word' id='word_1_443' title='bbox 762 3166 952 3215; x_wconf 90' lang='lat' dir='ltr'>peccato</span> <span class='ocrx_word' id='word_1_444' title='bbox 980 3156 1191 3209; x_wconf 85' lang='lat' dir='ltr'>obnoxia,</span> <span class='ocrx_word' id='word_1_445' title='bbox 1218 3169 1271 3199; x_wconf 84' lang='lat' dir='ltr'>ex</span> <span class='ocrx_word' id='word_1_446' title='bbox 1298 3169 1385 3214; x_wconf 91' lang='lat' dir='ltr'>qua</span> <span class='ocrx_word' id='word_1_447' title='bbox 1412 3155 1707 3214; x_wconf 90' lang='lat' dir='ltr'>postmodum</span> <span class='ocrx_word' id='word_1_448' title='bbox 1736 3166 1902 3214; x_wconf 84' lang='lat' dir='ltr'>corpus</span> <span class='ocrx_word' id='word_1_449' title='bbox 1928 3152 2102 3199; x_wconf 84' lang='lat' dir='ltr'>Christi</span> <span class='ocrx_word' id='word_1_450' title='bbox 2123 3149 2218 3202; x_wconf 77' lang='lat' dir='ltr'>for-</span> 
     </span>
     <span class='ocr_line' id='line_1_41' title="bbox 255 3217 2217 3283; baseline -0.003 -15"><span class='ocrx_word' id='word_1_451' title='bbox 255 3234 476 3269; x_wconf 88' lang='lat' dir='ltr'>maretur:</span> <span class='ocrx_word' id='word_1_452' title='bbox 493 3225 608 3269; x_wconf 89' lang='lat' dir='ltr'>sicut</span> <span class='ocrx_word' id='word_1_453' title='bbox 626 3224 810 3283; x_wconf 88' lang='lat' dir='ltr'>quidam</span> <span class='ocrx_word' id='word_1_454' title='bbox 838 3233 1108 3283; x_wconf 87' lang='lat' dir='ltr'>posuerunt:</span> <span class='ocrx_word' id='word_1_455' title='bbox 1137 3222 1259 3281; x_wconf 94' lang='lat' dir='ltr'>quod</span> <span class='ocrx_word' id='word_1_456' title='bbox 1286 3222 1470 3281; x_wconf 87' lang='lat' dir='ltr'>quidem</span> <span class='ocrx_word' id='word_1_457' title='bbox 1498 3235 1596 3266; x_wconf 91' lang='lat' dir='ltr'>esse</span> <span class='ocrx_word' id='word_1_458' title='bbox 1613 3235 1708 3265; x_wconf 90' lang='lat' dir='ltr'>non</span> <span class='ocrx_word' id='word_1_459' title='bbox 1734 3230 1906 3280; x_wconf 86' lang='lat' dir='ltr'>potest:</span> <span class='ocrx_word' id='word_1_460' title='bbox 1923 3221 2082 3281; x_wconf 82' lang='lat' dir='ltr'>primo,</span> <span class='ocrx_word' id='word_1_461' title='bbox 2110 3217 2217 3278; x_wconf 87' lang='lat' dir='ltr'>quia</span> 
     </span>
     <span class='ocr_line' id='line_1_42' title="bbox 255 3286 2216 3348; baseline -0.004 -10"><span class='ocrx_word' id='word_1_462' title='bbox 255 3307 361 3338; x_wconf 86' lang='lat' dir='ltr'>caro</span> <span class='ocrx_word' id='word_1_463' title='bbox 379 3291 553 3338; x_wconf 87' lang='lat' dir='ltr'>Christi</span> <span class='ocrx_word' id='word_1_464' title='bbox 569 3306 663 3336; x_wconf 92' lang='lat' dir='ltr'>non</span> <span class='ocrx_word' id='word_1_465' title='bbox 681 3291 763 3335; x_wconf 86' lang='lat' dir='ltr'>fuit</span> <span class='ocrx_word' id='word_1_466' title='bbox 779 3291 1029 3336; x_wconf 89' lang='lat' dir='ltr'>secundum</span> <span class='ocrx_word' id='word_1_467' title='bbox 1048 3289 1216 3348; x_wconf 90' lang='lat' dir='ltr'>aliquid</span> <span class='ocrx_word' id='word_1_468' title='bbox 1244 3290 1473 3347; x_wconf 88' lang='lat' dir='ltr'>signatum</span> <span class='ocrx_word' id='word_1_469' title='bbox 1491 3289 1536 3332; x_wconf 91' lang='lat' dir='ltr'>in</span> <span class='ocrx_word' id='word_1_470' title='bbox 1554 3289 1720 3343; x_wconf 89' lang='lat' dir='ltr'>Adam,</span> <span class='ocrx_word' id='word_1_471' title='bbox 1739 3298 1783 3332; x_wconf 89' lang='lat' dir='ltr'>et</span> <span class='ocrx_word' id='word_1_472' title='bbox 1806 3288 1854 3333; x_wconf 88' lang='lat' dir='ltr'>in</span> <span class='ocrx_word' id='word_1_473' title='bbox 1881 3286 1978 3333; x_wconf 86' lang='lat' dir='ltr'>aliis</span> <span class='ocrx_word' id='word_1_474' title='bbox 2001 3286 2216 3346; x_wconf 86' lang='lat' dir='ltr'>patribus,</span> 
     </span>
     <span class='ocr_line' id='line_1_43' title="bbox 255 3353 2214 3419; baseline -0.003 -15"><span class='ocrx_word' id='word_1_475' title='bbox 255 3360 376 3419; x_wconf 92' lang='lat' dir='ltr'>quod</span> <span class='ocrx_word' id='word_1_476' title='bbox 404 3369 554 3418; x_wconf 90' lang='lat' dir='ltr'>potest</span> <span class='ocrx_word' id='word_1_477' title='bbox 579 3358 792 3417; x_wconf 90' lang='lat' dir='ltr'>distingui</span> <span class='ocrx_word' id='word_1_478' title='bbox 821 3373 846 3402; x_wconf 86' lang='lat' dir='ltr'>a</span> <span class='ocrx_word' id='word_1_479' title='bbox 873 3357 1046 3416; x_wconf 87' lang='lat' dir='ltr'>reliqua</span> <span class='ocrx_word' id='word_1_480' title='bbox 1073 3359 1168 3414; x_wconf 83' lang='lat' dir='ltr'>ejus</span> <span class='ocrx_word' id='word_1_481' title='bbox 1189 3371 1338 3410; x_wconf 90' lang='lat' dir='ltr'>carne,</span> <span class='ocrx_word' id='word_1_482' title='bbox 1362 3357 1478 3400; x_wconf 91' lang='lat' dir='ltr'>sicut</span> <span class='ocrx_word' id='word_1_483' title='bbox 1495 3370 1655 3415; x_wconf 92' lang='lat' dir='ltr'>purum</span> <span class='ocrx_word' id='word_1_484' title='bbox 1677 3356 1729 3399; x_wconf 92' lang='lat' dir='ltr'>ab</span> <span class='ocrx_word' id='word_1_485' title='bbox 1751 3356 1958 3415; x_wconf 82' lang='lat' dir='ltr'>impuro:</span> <span class='ocrx_word' id='word_1_486' title='bbox 1984 3353 2102 3399; x_wconf 77' lang='lat' dir='ltr'>sicut</span> <span class='ocrx_word' id='word_1_487' title='bbox 2121 3354 2214 3412; x_wconf 87' lang='lat' dir='ltr'>jam</span> 
     </span>
     <span class='ocr_line' id='line_1_44' title="bbox 256 3418 2352 3486; baseline -0.003 -15"><span class='ocrx_word' id='word_1_488' title='bbox 256 3441 390 3486; x_wconf 88' lang='lat' dir='ltr'>supra</span> <span class='ocrx_word' id='word_1_489' title='bbox 418 3427 587 3471; x_wconf 89' lang='lat' dir='ltr'>dictum</span> <span class='ocrx_word' id='word_1_490' title='bbox 617 3436 684 3471; x_wconf 90' lang='lat' dir='ltr'>est</span> <span class='ocrx_word' id='word_1_491' title='bbox 704 3426 802 3484; x_wconf 84' lang='lat' dir='ltr'>(loc.</span> <span class='ocrx_word' id='word_1_492' title='bbox 831 3427 896 3470; x_wconf 85' lang='lat' dir='ltr'>cit.</span> <span class='ocrx_word' id='word_1_493' title='bbox 899 3425 950 3482; x_wconf 93' lang='lat'>):</span> <span class='ocrx_word' id='word_1_494' title='bbox 977 3424 1163 3477; x_wconf 68' lang='lat' dir='ltr'>secundo,</span> <span class='ocrx_word' id='word_1_495' title='bbox 1183 3424 1285 3482; x_wconf 87' lang='lat' dir='ltr'>quia</span> <span class='ocrx_word' id='word_1_496' title='bbox 1307 3438 1410 3467; x_wconf 89' lang='lat' dir='ltr'>cum</span> <span class='ocrx_word' id='word_1_497' title='bbox 1425 3437 1531 3467; x_wconf 88' lang='lat' dir='ltr'>caro</span> <span class='ocrx_word' id='word_1_498' title='bbox 1550 3423 1752 3467; x_wconf 86' lang='lat' dir='ltr'>humana</span> <span class='ocrx_word' id='word_1_499' title='bbox 1774 3430 1964 3481; x_wconf 88' lang='lat' dir='ltr'>peccato</span> <span class='ocrx_word' id='word_1_500' title='bbox 1989 3418 2216 3466; x_wconf 82' lang='lat' dir='ltr'>inficiatur</span> <span class='ocrx_word' id='word_1_501' title='bbox 2351 3479 2352 3483; x_wconf 10' lang='grc' dir='ltr'><strong>Ἰ</strong></span> 
     </span>
     <span class='ocr_line' id='line_1_45' title="bbox 258 3486 2352 3554; baseline -0.003 -15"><span class='ocrx_word' id='word_1_502' title='bbox 258 3509 310 3539; x_wconf 87' lang='lat' dir='ltr'>ex</span> <span class='ocrx_word' id='word_1_503' title='bbox 337 3496 442 3548; x_wconf 90' lang='lat' dir='ltr'>hoc,</span> <span class='ocrx_word' id='word_1_504' title='bbox 467 3494 587 3554; x_wconf 91' lang='lat' dir='ltr'>quod</span> <span class='ocrx_word' id='word_1_505' title='bbox 616 3504 682 3538; x_wconf 88' lang='lat' dir='ltr'>est</span> <span class='ocrx_word' id='word_1_506' title='bbox 707 3508 786 3552; x_wconf 90' lang='lat' dir='ltr'>per</span> <span class='ocrx_word' id='word_1_507' title='bbox 813 3491 1231 3551; x_wconf 88' lang='lat' dir='ltr'>concupiscentiam</span> <span class='ocrx_word' id='word_1_508' title='bbox 1260 3500 1496 3549; x_wconf 85' lang='lat' dir='ltr'>concepta,</span> <span class='ocrx_word' id='word_1_509' title='bbox 1515 3490 1631 3534; x_wconf 89' lang='lat' dir='ltr'>sicut</span> <span class='ocrx_word' id='word_1_510' title='bbox 1655 3500 1751 3534; x_wconf 85' lang='lat' dir='ltr'>tota</span> <span class='ocrx_word' id='word_1_511' title='bbox 1779 3502 1886 3534; x_wconf 88' lang='lat' dir='ltr'>caro</span> <span class='ocrx_word' id='word_1_512' title='bbox 1914 3487 2104 3548; x_wconf 70' lang='lat' dir='ltr'>alieuius</span> <span class='ocrx_word' id='word_1_513' title='bbox 2135 3486 2218 3533; x_wconf 84' lang='lat' dir='ltr'>ho·</span> <span class='ocrx_word' id='word_1_514' title='bbox 2348 3487 2352 3524; x_wconf 72' lang='lat' dir='ltr'>l</span> 
     </span>
     <span class='ocr_line' id='line_1_46' title="bbox 259 3553 2215 3621; baseline -0.003 -15"><span class='ocrx_word' id='word_1_515' title='bbox 259 3562 393 3606; x_wconf 89' lang='lat' dir='ltr'>minis</span> <span class='ocrx_word' id='word_1_516' title='bbox 420 3577 498 3621; x_wconf 89' lang='lat' dir='ltr'>per</span> <span class='ocrx_word' id='word_1_517' title='bbox 526 3561 942 3620; x_wconf 81' lang='lat' dir='ltr'>concupiscentiam</span> <span class='ocrx_word' id='word_1_518' title='bbox 970 3558 1238 3617; x_wconf 88' lang='lat' dir='ltr'>concipitur,</span> <span class='ocrx_word' id='word_1_519' title='bbox 1266 3559 1325 3601; x_wconf 85' lang='lat' dir='ltr'>ita</span> <span class='ocrx_word' id='word_1_520' title='bbox 1353 3558 1487 3601; x_wconf 86' lang='lat' dir='ltr'>etiam</span> <span class='ocrx_word' id='word_1_521' title='bbox 1523 3567 1619 3602; x_wconf 87' lang='lat' dir='ltr'>tota</span> <span class='ocrx_word' id='word_1_522' title='bbox 1645 3566 1834 3615; x_wconf 88' lang='lat' dir='ltr'>peccato</span> <span class='ocrx_word' id='word_1_523' title='bbox 1860 3555 2133 3615; x_wconf 86' lang='lat' dir='ltr'>inquinatur.</span> <span class='ocrx_word' id='word_1_524' title='bbox 2159 3553 2215 3601; x_wconf 90' lang='lat' dir='ltr'>Et</span> 
     </span>
     <span class='ocr_line' id='line_1_47' title="bbox 258 3620 2214 3687; baseline -0.004 -12"><span class='ocrx_word' id='word_1_525' title='bbox 258 3630 361 3675; x_wconf 89' lang='lat' dir='ltr'>ideo</span> <span class='ocrx_word' id='word_1_526' title='bbox 387 3630 630 3675; x_wconf 85' lang='lat' dir='ltr'>dicendum</span> <span class='ocrx_word' id='word_1_527' title='bbox 658 3639 738 3682; x_wconf 89' lang='lat' dir='ltr'>est,</span> <span class='ocrx_word' id='word_1_528' title='bbox 761 3628 883 3687; x_wconf 89' lang='lat' dir='ltr'>quod</span> <span class='ocrx_word' id='word_1_529' title='bbox 909 3636 1005 3672; x_wconf 85' lang='lat' dir='ltr'>tota</span> <span class='ocrx_word' id='word_1_530' title='bbox 1028 3640 1135 3670; x_wconf 81' lang='lat' dir='ltr'>caro</span> <span class='ocrx_word' id='word_1_531' title='bbox 1163 3626 1453 3684; x_wconf 85' lang='lat' dir='ltr'>antiquorum</span> <span class='ocrx_word' id='word_1_532' title='bbox 1480 3635 1660 3684; x_wconf 87' lang='lat' dir='ltr'>patrum</span> <span class='ocrx_word' id='word_1_533' title='bbox 1678 3623 1759 3669; x_wconf 87' lang='lat' dir='ltr'>fuit</span> <span class='ocrx_word' id='word_1_534' title='bbox 1780 3633 1971 3683; x_wconf 85' lang='lat' dir='ltr'>peccato</span> <span class='ocrx_word' id='word_1_535' title='bbox 1995 3620 2214 3680; x_wconf 71' lang='lat' dir='ltr'>obnoxia3</span> 
     </span>
    </p>
   </div>
  </div>
 </body>
</html>
