2352 3926
282 205 389 275 238
784 217 1063 264 Quasssno
1104 218 1276 257 xxvn.
1317 218 1626 259 ARTmuLus
1666 220 1743 260 111.

370 321 445 364 AD
472 333 688 365 TERTIUM
716 319 974 374 dicendum,
1008 321 1129 379 quod
1154 320 1343 381 Spiritus
1370 320 1565 367 Sanctus
1581 322 1628 366 in
1647 323 1696 367 B.
1714 322 1904 383 Virgine
1922 323 2128 385 duplicem
2144 338 2247 384 pur-

281 388 513 446 gationem
541 387 667 431 fecit:
696 401 826 430 unam
845 387 1030 445 quidem
1052 388 1182 446 quasi
1198 390 1586 448 praeparatoriam
1603 390 1659 434 ad
1678 388 1849 435 Christi
1868 392 2245 452 conceptionem3

279 468 395 514 quae
422 469 514 497 non
540 453 622 497 fuit
641 453 694 496 ab
713 453 862 512 aliqua
875 454 1135 512 impuritate
1159 455 1334 514 culpae,
1356 456 1430 500 vel
1446 455 1634 509 fomitis,
1653 457 1731 500 sed
1750 467 1952 502 mentem
1969 459 2065 516 ejus
2091 461 2246 519 tnagis

280 521 325 564 in
356 535 498 563 unum
526 520 763 578 colligens,
792 531 835 564 et
862 535 887 563 a
910 520 1200 566 multitudine
1227 522 1490 568 sustollens:
1518 538 1628 567 nam
1651 533 1695 567 et
1712 523 1862 582 angeli
1884 525 2067 584 purgari
2092 519 2246 571 dibun-

279 597 363 641 tur‚
391 588 436 630 in
455 588 616 645 quibus
633 587 759 630 nulla
775 588 1013 646 impuritas
1031 589 1272 644 invenitur,
1285 600 1334 634 ut
1349 590 1542 650 Dionys.
1561 590 1670 634 dicit
1691 588 1731 634 6.
1753 605 1849 650 cap.
1868 584 1990 636 Eccl.
2009 590 2245 638 Hierarch.

283 654 440 710 (versus
455 655 535 712 fin.
534 654 588 710 ).·
617 654 747 698 aliam
773 669 883 698 vero
910 655 1234 714 purgationem
1260 667 1472 716 operatus
1499 668 1567 701 est
1591 657 1638 701 in
1661 671 1715 701 ea
1733 657 1926 717 Spiritus
1946 657 2141 704 Sanctus
2157 673 2250 704 me-

282 722 431 764 diante
461 721 760 779 conceptione
789 721 974 777 Christi,
1002 737 1117 782 quae
1146 733 1213 767 est
1239 723 1431 783 Spiritus
1460 724 1617 768 Sancti
1643 738 1783 784 opus;
1810 733 1854 770 et
1879 725 2133 770 secundum
2153 725 2246 770 hoc

280 797 429 847 potest
457 788 559 841 dici,
588 789 709 846 quod
737 790 947 848 purgavit
975 804 1079 834 eam
1104 790 1305 835 totaliter
1332 806 1357 835 a
1383 791 1559 836 fomite.

979 953 1414 1011 ARTICULUS
1456 955 1551 1010 IV.
2070 1001 2072 1004 .
2161 986 2239 1032 155

334 1087 524 1126 UTRUM
564 1089 664 1126 PER
705 1089 1018 1143 HUJUSMODI
1059 1091 1600 1130 SANCTIFICATIONEM
1639 1091 1836 1129 FUERIT
1879 1074 2212 1132 CONSECUTA

898 1172 973 1210 UT
1013 1173 1287 1217 NUNQUAM
1328 1173 1630 1219 PECCARET.

494 1282 545 1339 (3.
573 1282 685 1325 Dist.
708 1296 743 1340 3.
768 1297 806 1340 q.
833 1298 868 1327 1.
896 1288 976 1326 art.
1003 1297 1043 1327 2.
1071 1298 1108 1341 q.
1135 1298 1167 1340 3.
1194 1290 1231 1327 et
1257 1284 1367 1327 Dist.
1395 1299 1449 1342 13.
1478 1299 1516 1342 q.
1543 1299 1578 1328 ι.
1602 1289 1682 1327 art.
1710 1298 1752 1329 2.
1777 1298 1816 1342 q.
1846 1295 1886 1329 r.
1912 1291 2028 1343 corp.

279 1353 318 1392 et
341 1360 383 1404 4.
411 1348 523 1392 Dist.
550 1348 591 1393 6.
619 1363 656 1407 q.
684 1361 721 1392 1.
746 1355 824 1393 art.
844 1365 878 1394 1.
898 1364 936 1408 q.
954 1364 994 1394 2.
1013 1358 1125 1408 corp.
1151 1357 1189 1395 et
1214 1358 1349 1409 opusc.
1368 1365 1404 1408 3.
1433 1358 1522 1409 cap.
1542 1363 1640 1408 224.
1658 1356 1697 1394 et
1721 1357 1856 1410 opusc.
1880 1363 1919 1410 7.
1942 1357 2034 1410 cap.
2049 1349 2092 1396 6.
2103 1352 2248 1411 princ.

1005 1423 1043 1462 et
1068 1425 1206 1476 opusc.
1235 1417 1307 1462 60.
1335 1425 1424 1476 cap.
1449 1417 1523 1476 3.).

368 1526 444 1571 AD
463 1540 700 1577 QUARTUM
727 1528 791 1572 sic
818 1528 1090 1588 proceditur.
1118 1527 1323 1585 Videtur,
1358 1528 1480 1587 quod
1507 1541 1587 1586 per
1609 1527 2020 1574 sanctificationem
2043 1528 2093 1574 in
2118 1538 2249 1575 utero

279 1607 374 1638 non
399 1593 533 1638 fuerit
560 1595 608 1638 Β.
636 1595 780 1654 Virgo
807 1606 1095 1654 praeservata
1119 1595 1172 1639 ab
1201 1595 1330 1639 omni
1355 1604 1546 1653 peccato
1575 1594 1764 1649 actuali3
1787 1595 1908 1655 quia,
1925 1605 1975 1640 ut
1991 1595 2164 1640 dictum
2183 1606 2253 1642 est

280 1661 385 1718 (art.
403 1669 546 1721 praec.
544 1662 586 1720 ),
605 1673 709 1721 post
725 1663 923 1722 primam
940 1662 1353 1707 sanctificationem
1374 1663 1523 1706 fomes
1540 1663 1719 1720 peccati
1736 1663 1955 1708 remansit
1969 1663 2017 1707 in
2033 1661 2248 1723 Virgine:

281 1739 432 1773 motus
462 1741 614 1774 autem
635 1730 824 1785 fomitis,
842 1731 1021 1775 etiamsi
1038 1731 1264 1775 rationem
1282 1730 1560 1788 praeveniat,
1583 1739 1652 1773 est
1673 1732 1916 1788 peccatum
1932 1730 2127 1785 veniale,
2142 1727 2254 1776 licet

280 1796 578 1855 levissimum,
611 1809 660 1842 ut
687 1798 878 1857 August.
908 1799 1016 1842 dicit
1040 1798 1086 1841 in
1113 1797 1189 1842 lib.
1208 1798 1263 1841 de
1282 1795 1445 1841 Trinit.
1461 1813 1471 1851 ;
1490 1811 1602 1855 ergo
1620 1797 1665 1840 in
1684 1797 1733 1840 B.
1754 1796 1943 1856 Virgine
1963 1796 2049 1842 fuit
2064 1796 2250 1858 aliquod

281 1874 521 1923 peccatum
546 1865 740 1910 veniale.

371 1944 411 1974 2.
438 1932 736 1977 PRAETEREA.
760 1933 907 1991 Super
924 1932 1035 1976 illud
1053 1933 1163 1976 Luc.
1182 1945 1247 1975 2.:
1275 1932 1414 1976 Tuam
1435 1933 1561 1991 ipsius
1583 1933 1774 1975 animam
1783 1932 2060 1991 pertransibit
2071 1931 2248 1991 gladius,

282 1997 391 2041 dicit
416 1998 535 2056 Aug.
570 2000 616 2042 in
648 2000 724 2044 lib.
754 2000 866 2052 QQ.
898 2000 1080 2052 veteris,
1114 2009 1157 2042 et
1187 1998 1299 2042 novi
1332 1997 1620 2042 Testamenti
1652 1998 1713 2057 (q.
1747 2012 1804 2058 73.
1838 2000 1914 2043 cir.
1947 1997 2090 2057 med),
2127 1999 2251 2059 quod

286 2080 309 2104 ‹<
323 2065 373 2107 Β.
396 2066 540 2123 Virgo
563 2067 610 2109 in
632 2077 779 2110 morte
801 2067 994 2110 Domini
1016 2076 1199 2125 stupore
1222 2066 1424 2124 quodam
1447 2065 1667 2109 dubitavit
1683 2080 1732 2109 »z
1756 2065 1834 2109 sed
1858 2065 2061 2110 dubitare
2083 2065 2139 2110 de
2161 2066 2250 2111 fide

282 2141 521 2189 peccatum
551 2143 640 2189 est;
669 2148 779 2192 ergo
807 2134 856 2177 B.
883 2134 1028 2192 Virgo
1045 2148 1138 2177 non
1157 2132 1240 2176 fuit
1257 2142 1543 2192 praeservata
1569 2133 1788 2176 immunis
1812 2132 1865 2176 ab
1889 2133 2018 2176 omni
2042 2143 2249 2193 peccato·

375 2214 411 2258 3.
439 2199 735 2245 PRAETEREA.
761 2200 999 2260 Chrysost.
1027 2215 1160 2259 super
1185 2201 1346 2244 Mattn.
1380 2212 1444 2244 12.
1475 2199 1605 2256 (hom.
1632 2214 1694 2259 45.
1720 2209 1876 2258 parum
1895 2214 1922 2244 a
1930 2199 2095 2260 princ.)
2115 2214 2250 2260 expo-

281 2281 393 2311 nens
420 2266 559 2310 illud:
588 2269 694 2312 Ecce
720 2274 855 2312 mater
881 2274 967 2323 tua,
994 2274 1030 2311 et
1046 2269 1207 2326 fratres
1233 2269 1293 2312 tui
1308 2268 1419 2326 foris
1442 2273 1567 2321 stant,
1610 2273 1847 2325 quaerentes
1873 2273 1925 2323 te,
1954 2266 2085 2312 dicit:
2123 2267 2250 2312 «Ma-

280 2333 496 2377 nifestum
524 2343 604 2389 est,
632 2335 753 2393 quod
781 2334 933 2378 solum
961 2349 1014 2378 ex
1039 2349 1157 2378 vana
1184 2333 1329 2393 gloria
1355 2333 1444 2377 hoc
1479 2332 1768 2378 faciebant».
1802 2333 1858 2378 Et
1883 2333 2014 2392 Joan.
2042 2346 2083 2378 2.
2115 2348 2251 2394 super

280 2400 419 2444 illud:
458 2401 609 2444 Vinum
635 2416 719 2445 non
752 2402 913 2455 habent,
954 2402 1062 2444 dicit
1096 2401 1219 2445 idern
1257 2400 1495 2460 Chrysost.
1523 2401 1654 2458 (hom.
1681 2416 1750 2446 20.
1779 2402 1822 2445 in
1842 2401 1967 2458 Joan.
2005 2402 2082 2446 cir.
2119 2401 2249 2460 med.)

282 2469 405 2527 quod
441 2469 665 2513 «volebat
691 2480 739 2513 ut
763 2470 856 2527 jam
889 2469 1134 2512 hominum
1163 2468 1356 2526 gratiam
1389 2468 1667 2522 conciliaret,
1702 2478 1746 2512 et
1780 2468 1981 2528 seipsam
2009 2467 2251 2513 clariorem

282 2534 432 2579 facere
454 2550 534 2594 per
558 2536 749 2580 Filium:
780 2546 824 2580 et
848 2535 1051 2579 fortassis
1079 2536 1184 2594 quid
1211 2536 1464 2579 humanum
1493 2535 1758 2593 patiebatur,
1786 2535 2179 2594 quemadmodum
2205 2544 2251 2580 et

283 2601 440 2647 fratres
459 2604 554 2661 ejus
573 2604 773 2647 dicentes
787 2618 797 2647 ε
811 2602 1051 2647 Manifesta
1069 2603 1266 2662 teipsum
1279 2602 1452 2645 mundo
1469 2619 1492 2643 »
1516 2618 1527 2656 ;
1546 2611 1589 2645 et
1605 2612 1708 2660 post
1725 2616 1871 2662 pauca
1893 2602 2066 2647 subdit:
2092 2602 2254 2647 «Non-

285 2669 395 2713 dum
421 2670 558 2724 enim,
586 2685 722 2729 quam
751 2670 1003 2729 oportebat,
1027 2670 1082 2714 de
1106 2684 1161 2714 eo
1181 2669 1447 2727 opinionem
1470 2669 1706 2713 habebat»
1727 2684 1736 2713 :
1756 2668 1879 2728 quod
1902 2678 2050 2723 totum
2073 2678 2253 2714 constat

284 2751 382 2781 esse
407 2747 648 2797 peccatum
667 2754 678 2793 3
697 2752 806 2796 ergo
821 2738 870 2782 B.
895 2737 1031 2796 Virgo
1046 2751 1137 2781 non
1158 2736 1240 2780 fuit
1262 2747 1548 2795 praeservata
1572 2737 1790 2781 immunis
1814 2736 1867 2780 ab
1892 2736 2022 2781 omni
2042 2745 2248 2796 peccato.

375 2804 469 2849 SED
497 2818 692 2850 CONTRA
720 2815 800 2859 est,
818 2805 939 2864 quod
968 2805 1087 2863 Aug.
1115 2804 1222 2848 dicit
1239 2804 1284 2847 in
1303 2803 1377 2847 lib.
1397 2804 1451 2847 de
1477 2804 1666 2858 Natura,
1690 2813 1734 2847 et
1752 2803 1911 2848 Gratia
1933 2803 2046 2864 (cap.
2064 2803 2132 2864 36.
2150 2809 2247 2851 ante

283 2871 444 2929 med.):
473 2872 585 2916 «De
614 2872 782 2916 Sancta
805 2871 994 2930 Virgine
1021 2872 1166 2915 Maria
1193 2881 1376 2930 propter
1402 2872 1631 2916 honorem
1658 2871 1828 2916 Christi
1846 2869 2023 2915 nullam
2046 2884 2249 2930 prorsus,

285 2952 390 2983 cum
424 2940 478 2983 de
505 2941 702 2998 peccatis
731 2939 889 2997 agitur,
917 2939 1083 2983 habere
1110 2938 1217 2983 volo
1245 2939 1578 2998 quaestionem,
1605 2939 1710 2983 inde
1739 2939 1863 2983 enim
1895 2938 2082 2994 scimus,
2121 2937 2244 2999 quod

286 3009 326 3051 ei
353 3006 453 3067 plus
480 3008 651 3066 gratiae
679 3007 899 3051 collatum
925 3007 1058 3051 fuerit
1080 3007 1135 3051 ad
1161 3007 1437 3050 vincendum
1465 3021 1518 3050 ex
1537 3007 1665 3050 omni
1691 3016 1816 3066 parte
1843 3015 2100 3066 peccatum,
2125 3004 2249 3066 quod

285 3076 543 3135 concipere,
571 3090 622 3119 ac
651 3089 807 3134 parere
841 3075 1006 3118 meruit
1032 3088 1152 3127 eum,
1177 3089 1312 3133 quem
1333 3084 1509 3118 constat
1525 3073 1703 3118 nullum
1720 3074 1931 3118 habuisse
1949 3082 2250 3133 peccatum».

373 3144 662 3189 REsPonoEo
698 3142 957 3195 dicendum,
996 3141 1117 3200 quod
1144 3141 1262 3193 illos,
1290 3155 1405 3200 quos
1432 3141 1558 3185 Deus
1586 3142 1640 3185 ad
1670 3140 1837 3200 aliquid
1865 3139 2007 3201 eligit,
2033 3140 2095 3185 ita
2127 3151 2251 3200 prae-

283 3222 423 3273 parat,
451 3221 494 3255 et
522 3209 733 3268 disponit,
761 3219 810 3253 ut
837 3209 891 3252 ad
918 3209 976 3262 id,
1001 3209 1055 3252 ad
1079 3208 1200 3267 quod
1224 3208 1463 3266 eliguntur,
1490 3208 1776 3253 inveniantur
1802 3208 1971 3262 idonei,
1997 3206 2251 3269 secundum

284 3281 395 3325 illud
424 3292 462 3323 2.
492 3278 547 3321 ad
575 3277 785 3322 Corinth.
818 3292 878 3336 3.:
903 3277 1070 3321 Idoneus
1088 3291 1158 3321 nos
1169 3278 1271 3335 fecit
1292 3278 1503 3321 ministros
1520 3278 1620 3320 novi
1646 3277 1908 3321 Testamenti.
1938 3275 2079 3320 Beata
2097 3283 2250 3319 autem

285 3347 428 3406 Virgo
456 3345 537 3389 fuit
565 3346 710 3389 electa
737 3344 962 3398 divinitus,
990 3354 1038 3387 ut
1065 3354 1182 3388 esset
1208 3353 1352 3387 mater
1378 3343 1489 3388 Dei:
1518 3353 1561 3387 et
1587 3343 1690 3386 ideo
1718 3356 1812 3386 non
1839 3351 1908 3387 est
1933 3340 2247 3394 dubitandum,

285 3414 392 3474 quin
419 3414 544 3458 Deus
570 3427 649 3472 per
675 3426 804 3456 suam
833 3411 1024 3470 gratiam
1051 3425 1153 3455 eam
1182 3410 1235 3454 ad
1262 3410 1352 3454 hoc
1376 3410 1589 3454 idoneam
1616 3410 1822 3463 reddidit,
1849 3408 2101 3454 secundum
2125 3403 2249 3468 quod

286 3481 492 3540 Angelus
511 3481 564 3525 ad
586 3494 687 3525 earn
708 3479 814 3524 dicit
831 3478 983 3523 Lucae
1008 3492 1066 3523 1.:
1087 3479 1288 3523 Invenisti
1301 3479 1483 3536 gratiam
1496 3478 1605 3537 apud
1624 3479 1786 3522 Deum:
1808 3491 1894 3522 ecce
1911 3476 2132 3536 concipies,
2146 3482 2248 3520 etc.:

286 3562 378 3592 non
409 3558 559 3593 autem
587 3547 743 3592 suisset
761 3546 925 3591 idonea
954 3556 1098 3590 mater
1123 3545 1224 3598 Dei,
1253 3545 1286 3588 si
1317 3555 1550 3603 peccasset
1566 3544 1809 3604 aliquando
1829 3560 1838 3589 :
1859 3554 1957 3589 tum
1975 3540 2081 3603 quia
2096 3541 2248 3587 honor

288 3626 526 3677 parentum
555 3615 776 3660 redundat
800 3615 845 3658 in
872 3613 1065 3674 prolem,
1092 3612 1340 3658 secundum
1375 3612 1485 3657 illud
1518 3613 1733 3657 Proverb.
1767 3623 1855 3671 17.:
1885 3610 2038 3658 Gloria
2051 3609 2248 3672 filiorum

2325 3201 2352 3473 ,ψεΜηΔώηῑή-ᾉμ
2344 3150 2352 3169 ι..
2334 3051 2352 3128 „situ
2347 2941 2352 2953 ..
