2352 3926
222 372 301 406 bare
319 372 487 407 debuerit.

109 424 144 460 6.
166 423 221 459 De
236 423 443 459 sufficientia
465 423 606 459 illorum
621 431 918 469 argumentorum.

0 555 15 592 4¹5„
397 556 639 600 QUAESTIO
672 526 763 592 LVI.

0 591 21 670 Ξ
248 637 300 674 De
321 639 508 680 causalitate
529 640 763 675 murronis
788 638 918 677 Christi.

217 771 455 808 surrectionis.

104 837 138 863 2.
156 825 282 863 Utrum
298 827 344 862 sit
359 837 462 863 causa
478 834 616 862 nostrae
632 826 905 872 justificationis.

321 959 642 1003 QUAESTIO
677 960 831 997 LVII.

376 1042 428 1077 De
450 1043 628 1079 “conum
653 1041 784 1078 Christi.

105 1133 146 1160 ι.
162 1123 287 1160 Utrum
297 1123 404 1159 fuerit
419 1126 646 1168 conveniens,
659 1125 835 1160 Christum
851 1126 1051 1162 ascendere.

0 1187 17 1254 ἓ.
102 1186 136 1212 2.
162 1175 358 1211 Secundum
368 1188 469 1222 quam
483 1185 639 1211 naturam
656 1179 842 1212 conveniat
853 1179 920 1212 sibi
930 1189 1051 1212 ascen-

212 1229 283 1264 sio.

105 1290 136 1325 3.
160 1279 286 1314 Utrum
301 1281 439 1327 propria
457 1281 584 1315 virtute
601 1282 809 1319 ascenderit.

214 1395 308 1419 reos.

217 1497 403 1526 creaturas.

212 1601 352 1628 nostrae
369 1594 505 1629 salutis.

378 1727 623 1770 QUAESTIO
646 1728 775 1764 LVIII.

198 1809 250 1844 De
272 1810 403 1844 sessione
430 1809 550 1844 Christi
572 1810 616 1844 aa
639 1810 802 1844 dexteram
826 1811 946 1846 Patris.

102 1902 132 1927 t.
157 1890 282 1926 Utrum
305 1892 424 1926 sedeat
439 1892 482 1926 ad
499 1892 674 1927 dexteram
689 1893 815 1926 Patris.

97 1954 132 1979 a.
157 1943 281 1979 Utrum
305 1946 492 1980 conveniat
520 1946 554 1979 ei
585 1945 778 1980 secundum
810 1945 963 1979 divinam
988 1956 1047 1980 na·

0 1745 12 1818 Ξ

0 1810 16 1908 Ξ

0 1917 11 1957 Ε

0 1977 17 2106 ἱ
99 2059 131 2093 3.
155 2004 323 2083 Umm
297 2049 484 2084 conveniat
499 2050 566 2083 sibi
583 2050 774 2084 secundum
790 2049 990 2084 humanam.

0 2103 39 2252 ξ
96 2112 132 2145 4.
156 2100 282 2136 Utrum
297 2101 366 2136 hoc
383 2102 430 2135 sit
451 2103 627 2147 proprium
644 2101 788 2139 Christi.

0 2258 21 2328 Ξ

391 2234 634 2276 QUAESTIO
659 2234 754 2270 LIX.

283 2315 334 2353 De
351 2314 530 2364 judiciaria
548 2325 702 2366 potestate
729 2317 864 2355 Christi.

98 2411 130 2436 t.
154 2399 280 2436 Utrum
291 2401 474 2446 judiciaria
483 2409 640 2447 potestas
653 2402 701 2435 sit
715 2401 935 2436 attribuenda
946 2399 1046 2435 Chri-

94 2515 129 2541 2.
152 2461 279 2540 Usa&
293 2505 482 2539 conveniat
491 2505 573 2547 sibi,
585 2504 777 2539 secundum
787 2505 882 2551 quod
893 2504 1014 2539 homo.

97 2568 129 2601 3.
154 2556 281 2591 Utrum
302 2566 380 2591 eam
395 2567 439 2591 ex
453 2557 588 2591 meritis
602 2558 650 2591 sit
664 2557 823 2602 adeptus.

204 2668 363 2706 respectu
379 2661 537 2695 omnium
552 2660 747 2695 hominum.

96 2722 128 2756 ς.
153 2711 278 2747 Utrum
294 2719 429 2757 praeter
441 2712 733 2758 judicium,·quod
749 2714 822 2758 agit
847 2714 951 2747 etiam
975 2713 1044 2748 hoc

203 2772 374 2810 tempore,
398 2765 444 2799 sit
466 2765 716 2810 expectandum
749 2765 844 2799 aliud
875 2766 1043 2811 judicium

2 2848 22 2857 Α,
202 2816 398 2851 universale
414 2827 475 2862 per
489 2817 602 2862 ipsum
618 2816 786 2852 futurum.

10 2862 18 2866 ”
93 2868 126 2903 6.
149 2866 276 2903 Utrum
298 2869 373 2913 ejus
385 2869 566 2913 judiciaria
579 2877 736 2914 potestas
751 2870 855 2903 etiam
871 2870 915 2904 ad
926 2870 1043 2916 Ange-

204 2920 260 2954 los
274 2930 312 2954 se
329 2921 504 2955 extendat.

393 3045 637 3087 QUAESTIO
660 3047 738 3082 Lx.

179 3124 230 3160 De
254 3125 490 3161 Summanus.-
517 3127 606 3172 Qm’d
628 3128 670 3160 sit
693 3126 947 3166 Sacramentum.

10 3239 15 3248 ,,
93 3218 124 3243 t.
141 3207 265 3243 Utrum
282 3218 534 3244 sacramentum
551 3211 597 3244 sit
612 3211 648 3243 in
664 3222 791 3256 genere
809 3212 914 3256 signi.

8 3262 24 3301 J
90 3270 125 3295 2.
141 3258 267 3294 Utrum
281 3271 387 3295 omne
402 3263 542 3307 signum
558 3263 609 3296 rei
632 3273 750 3297 sacrae
773 3264 820 3297 sit
843 3274 1038 3298 sacramen·

201 3319 289 3346 tum.

21 3391 28 3406 ,Δ
90 3373 122 3408 3.
140 3362 265 3397 Utrum
280 3372 533 3399 sacramentum
549 3367 596 3400 sit
619 3367 759 3412 signum
776 3368 879 3401 unius
895 3369 945 3401 rei
962 3375 1037 3402 tan-

18 3454 27 3459 „
199 3424 288 3457 tum,
304 3414 359 3450 vel
376 3415 538 3461 plurium.

11 3477 21 3496 ι
87 3477 123 3511 4.
141 3466 266 3501 Utrum
282 3476 534 3502 sacramentum
550 3470 597 3504 sit
619 3471 772 3516 signum,
797 3472 890 3517 quod
913 3479 968 3506 est
983 3482 1037 3505 res

200 3518 390 3555 sensibilis.

7 3569 35 3622 ¹?ss
91 3578 124 3614 5
140 3570 265 3623 Utrum
277 3571 321 3606 ad
333 3579 586 3607 sacramenttm
609 3575 801 3619 requiratur
809 3574 1037 3609 determinata

200 3632 256 3656 res
270 3622 457 3657 sensibilis.
496 3633 500 3637 ·

111 328 145 366 5.
169 319 295 356 Utrum
317 320 605 355 resurrectionum
626 329 724 354 suam
744 320 958 365 argumentis
973 331 1055 366 pro-

109 733 140 759 t.
164 721 289 758 Utrum
299 721 507 757 resurrectio
521 719 651 756 Christi
667 722 713 756 sit
727 731 830 757 causa
845 729 984 756 nostrae
1000 732 1053 757 re·

99 1342 136 1375 4.
161 1330 284 1368 Utrum
299 1332 495 1367 ascenderit
508 1343 612 1379 super
634 1345 757 1368 cmm
781 1333 902 1369 coelos
926 1345 1050 1381 corpo-

30 1454 60 1476 χ
103 1445 136 1480 5.
161 1435 286 1471 Utrum
324 1437 519 1472 ascenderit
556 1448 660 1484 super
697 1449 820 1473 omnes
853 1439 1050 1484 spirituales

21 1531 30 1553 ‘³'
101 1540 134 1575 6.
158 1540 214 1576 De
226 1540 352 1577 effectu
362 1542 579 1576 ascensionis
601 1541 746 1585 Christi,
758 1550 874 1576 utrum
887 1543 934 1576 sit
947 1554 1051 1578 causa

731 218 902 258 INDEX
941 218 1178 259 TERTIAE
1219 219 1430 260 PARTIS.
2006 220 2065 258 11

1124 321 1157 354 6.
1175 321 1298 355 Utrum
1311 322 1354 354 ad
1370 328 1622 355 sacramentum
1638 321 1830 366 requiratur
1843 320 2071 365 significatio,

1235 385 1321 417 quae
1340 381 1393 406 est
1409 384 1468 418 per
1483 373 1598 407 verba.

1122 434 1156 468 7.
1174 424 1298 458 Utrum
1323 426 1540 470 requirantur
1555 425 1783 459 determinata
1798 425 1913 459 verba.

1123 476 1155 509 8.
1174 475 1297 510 Utrum
1313 476 1384 510 illis
1399 478 1513 511 verbis
1530 477 1643 522 possit
1661 476 1791 523 aliquid
1806 476 1899 519 addi,
1916 476 1971 511 vel
1989 478 2069 511 sub·

1233 528 1335 565 trahi.

1415 654 1659 695 QUAESTIO
1682 656 1777 695 LXI.

1311 737 1362 772 De
1384 739 1564 773 necessitate
1589 738 1878 776 Sacramentum.

1124 825 1154 849 1.
1181 813 1305 848 Utrum
1330 822 1546 849 sacramenta
1561 815 1691 850 fuerint
1707 816 1904 851 necessaria
1918 815 1964 851 ad
1977 814 2069 851 salu·

1231 874 1303 900 tem
1327 867 1525 902 humanam.

1121 929 1153 953 2.
1180 918 1304 953 Utrum
1328 918 1457 952 fuerint
1472 920 1669 954 necessaria
1687 921 1724 955 in
1740 929 1831 955 statu
1848 929 1927 955 ante
1944 931 2069 967 pecca·

1232 979 1319 1006 tum.

1122 1034 1152 1067 3.
1179 1022 1303 1058 Utrum
1326 1023 1456 1058 fuerint
1473 1026 1669 1060 necessaria
1686 1026 1722 1058 in
1740 1033 1834 1059 statu
1849 1033 1930 1071 post
1946 1036 2069 1071 pecca-

1232 1084 1306 1109 tum
1322 1085 1402 1110 ante
1420 1075 1610 1110 Christum.

1118 1139 1151 1172 4.
1178 1127 1303 1162 Utrum
1319 1128 1448 1162 fuerint
1463 1130 1659 1163 necessaria
1680 1137 1762 1175 post
1786 1128 1916 1164 Christi
1941 1130 2067 1165 adven·

1230 1189 1317 1215 tum.

1402 1308 1646 1348 QUAESTIO
1670 1308 1788 1344 LXII.

1244 1390 1294 1425 Dc
1317 1391 1427 1438 effectu
1445 1391 1623 1438 principali
1648 1391 1938 1433 Summanum,

1460 1445 1515 1490 qui
1539 1450 1584 1478 est
1603 1445 1722 1490 gratia.

1121 1538 1151 1562 1.
1169 1526 1294 1561 Utrum
1310 1534 1526 1560 sacramenta
1543 1537 1654 1560 novae
1672 1526 1760 1571 legis
1777 1527 1848 1560 sint
1873 1537 1976 1560 causa
1992 1537 2068 1572 gra-

1230 1580 1313 1614 tiae.

1117 1643 1149 1667 2.
1167 1631 1292 1666 Utrum
1318 1632 1429 1677 gratia
1451 1630 1709 1665 sacramentalis
1733 1630 1862 1676 aliquid
1885 1630 1987 1665 addat
2010 1641 2068 1665 su-

1229 1695 1289 1730 per
1304 1684 1450 1729 gratiam
1465 1685 1644 1725 virtutum,
1663 1692 1698 1717 et
1714 1684 1898 1717 donorum.

1119 1748 1151 1781 3.
1168 1736 1292 1770 Utrum
1312 1743 1527 1769 sacramenta
1544 1737 1747 1769 contineant
1763 1737 1921 1780 gratiam.

1115 1800 1150 1832 4.
1170 1788 1293 1822 Utrum
1317 1789 1364 1821 sit
1387 1789 1423 1820 in
1445 1788 1496 1820 eis
1521 1786 1636 1832 aliqua
1658 1788 1767 1821 virtus
1791 1788 1835 1821 ad
1859 1787 2067 1822 causandam

1228 1841 1385 1885 gratiam.

1118 1902 1148 1935 5.
1167 1892 1293 1926 Utrum
1309 1892 1390 1926 talis
1406 1893 1515 1927 virtus
1539 1892 1576 1925 in
1600 1892 1827 1925 sacramentis
1852 1892 2025 1927 derivetur
2047 1903 2067 1926 a

1227 1946 1390 1989 passione
1409 1943 1552 1980 Christi.

1116 1996 1149 2030 6.
1167 1995 1290 2030 Utrum
1315 2004 1528 2030 sacramenta
1551 1997 1678 2031 veteris
1702 1996 1792 2043 legis
1816 1996 1962 2043 gratiam
1987 2007 2066 2030 cau-

1227 2057 1354 2083 sarent.

1391 2175 1635 2216 QUAESTIO
1660 2175 1794 2210 LXIII.

1166 2258 1217 2294 Dc
1240 2259 1350 2306 effectu
1374 2259 1664 2300 Sacramentorum,
1689 2260 1744 2303 qui
1767 2265 1812 2292 est
1835 2258 2009 2294 character.

1117 2354 1147 2377 1.
1171 2343 1297 2378 Utrum
1322 2355 1364 2377 ex
1387 2343 1612 2376 sacramentis
1629 2349 1790 2376 causetur
1805 2342 1982 2376 character
2005 2342 2067 2376 ali-

1225 2397 1303 2441 quis
1319 2397 1355 2429 in
1371 2396 1498 2429 anima.

1113 2457 1145 2484 2,
1172 2447 1268 2487 Quid
1283 2449 1329 2481 sit
1345 2447 1404 2480 ille
1422 2447 1608 2481 character.

1114 2511 1145 2544 3.
1173 2499 1279 2545 Cujus
1296 2501 1342 2534 sit
1358 2500 1546 2534 character.

1111 2563 1144 2595 4.
1172 2551 1214 2585 In
1231 2563 1301 2598 quo
1317 2553 1364 2586 sit
1376 2553 1468 2586 sicut
1484 2554 1520 2586 in
1545 2551 1717 2596 subjecto.

93 2620 128 2653 4.
150 2608 275 2643 Utrum
300 2609 373 2654 ejus
389 2616 545 2655 potestas
567 2609 748 2653 judiciaria
771 2610 817 2642 sit
839 2609 1044 2645 universalis
1114 2613 1145 2647 5·
1171 2604 1296 2638 Utrum
1313 2606 1356 2638 sit
1374 2604 1585 2638 indelebilis.
1919 2629 1923 2632 -

1111 2657 1144 2690 6.
1170 2656 1294 2691 Utrum
1319 2658 1438 2691 omnia
1466 2664 1683 2691 sacramenta
1713 2657 1911 2702 imprimant
1942 2655 2061 2690 chara-

1223 2717 1350 2743 cterem
1355 2735 1364 2744 ·

1385 2835 1628 2876 QUAESTIO
1652 2835 1780 2871 LXIV.

1342 2918 1392 2952 Dc
1416 2929 1510 2952 causa
1534 2918 1824 2953 Sacramentum.

1134 3012 1163 3036 1.
1183 3000 1308 3035 Utrum
1324 3000 1422 3035 solus
1438 3001 1533 3034 Deus
1558 3001 1703 3035 interius
1720 3009 1880 3047 operetur
1896 3002 1931 3034 in
1948 3011 2060 3034 sacra·

1241 3054 1379 3087 mentis.

1130 3117 1163 3140 2.
1190 3105 1313 3139 Utrum
1338 3106 1511 3140 institutio
1529 3113 1823 3140 sacramentorum
1845 3106 1890 3138 sit
1907 3103 2022 3138 solum
2039 3115 2060 3137 a

1240 3159 1331 3192 Deo.

1130 3221 1160 3254 3.
1187 3211 1239 3243 De
1256 3218 1443 3255 potestate,
1462 3221 1563 3255 quam
1577 3209 1737 3242 Christus
1755 3209 1875 3241 habuit
1890 3209 1925 3241 in
1943 3218 2056 3242 sacra-

1241 3263 1380 3296 mentis.

1127 3326 1160 3358 4.
1188 3314 1313 3348 Utrum
1337 3314 1432 3347 illam
1456 3321 1665 3359 potestatem
1690 3313 1843 3358 potuerit
1866 3311 1942 3345 aliis
1961 3323 2057 3346 com-

1240 3367 1431 3402 municare.

1130 3428 1161 3461 5.
1187 3418 1310 3452 Utrum
1321 3426 1476 3463 potestas
1489 3417 1672 3451 ministerii
1687 3417 1722 3449 in
1736 3418 1961 3450 sacramentis
1974 3427 2057 3451 con-

1239 3471 1356 3504 veniat
1373 3470 1486 3505 malis.

1128 3522 1160 3556 6.
1186 3521 1311 3555 Utrum
1324 3521 1406 3555 mali
1417 3529 1563 3565 peccent
1579 3520 1812 3564 dispensando
1826 3528 2053 3554 sacramenta.

1125 3583 1159 3618 7.
1186 3573 1310 3607 Utrum
1324 3573 1449 3618 Angeli
1459 3573 1596 3617 possint
1609 3582 1685 3605 esse
1699 3572 1847 3606 ministri
1861 3582 2054 3606 sacramen-

1240 3634 1369 3661 torum.
