2352 3926
293 234 320 289 3
331 233 399 288 52
821 230 1101 276 QUAESTIO
1142 231 1251 270 xm.
1294 215 1602 270 ARTICUILUS
1643 232 1716 271 Ν.

289 334 464 378 tionem
491 342 748 392 operentur,
775 332 898 391 quod
925 332 1120 391 pertinet
1145 332 1238 377 ad'
1226 347 1412 378 manem
1436 333 1656 392 gloriarm
1683 336 1807 380 tertio
1824 333 2030 394 perduxit
2049 334 2256 381 tentatio-

289 416 397 446 nem
425 401 479 444 ad
507 401 565 454 id,
593 401 715 471 quod
747 401 840 458 iam
866 413 961 443 non
989 409 1057 444 est
1082 400 1386 459 spiritualium
1419 402 1637 455 virorum,
1669 402 1748 445 sed
1782 402 2048 457 carnalium,
2080 400 2256 448 scilicet

290 478 339 512 ut
365 468 557 521 divitias,
585 477 629 510 et
654 457 851 525 gloriam
887 467 1046 510 mundi
1084 468 1413 527 concupiscant
1437 482 1581 526 usque
1618 467 1674 511 ad
1710 478 2026 528 contemptum
2061 466 2185 526 Dei&
2212 480 2256 515 et

289 535 430 578 ideo'
420 549 466 577 in
493 534 650 592 primis
678 533 850 576 duabus
877 534 1202 579 tentationibus
1219 536 1352 579 dixit:
1384 536 1429 580 Si
1446 537 1580 580 Filius
1596 536 1680 581 Dei
1696 550 1748 590 es,
1764 549 1860 580 non
1877 547 2031 581 autem
2046 537 2093 581 in
2108 530 2256 593 tertia,

290 616 405 660 quae
432 615 526 644 non
553 611 702 659 potest
730 601 974 645 convenire
1001 602 1307 660 spiritualibus
1340 602 1460 656 viris,
1488 603 1563 661 qui
1597 612 1701 646 sunt
1731 616 1812 661 per
1844 602 2159 679 adoptionem
2172 603 2256 648 filii

287 669 390 721 Dei,
417 670 533 712 sicut
558 667 674 711 duae
701 667 900 726 primae.
926 668 997 712 his
1026 678 1178 713 autem
1202 669 1527 713 tentationibus
1555 669 1766 713 Christus
1792 669 1953 713 restitit
1976 669 2252 715 testimoniis

288 735 417 792 legis,
449 748 544 778 non
581 745 805 793 potestate
842 735 1033 789 virtutis,
1063 746 1159 780 «ut
1193 736 1284 780 hoc
1318 737 1418 795 ipso
1446 745 1490 780 et
1515 736 1615 794 plus
1652 736 1894 780 hominem
1919 736 2182 790 honoraret,
2213 746 2258 782 et

288 802 600 846 adversarium
626 801 726 860 plus
754 802 947 860 puniret,
975 817 1082 846 cum
1108 802 1254 847 hostis
1282 803 1462 861 generis
1487 803 1679 846 humani
1705 817 1798 847 non
1826 803 1956 862 quasi
1980 817 2007 847 a
2031 796 2257 858 Deo‚1sed

291 870 420 929 quasi
438 869 491 913 ab
510 869 701 913 homine
717 870 973 913 vinceretur
991 886 1033 923 >›,
1046 871 1163 914 sicut
1179 870 1288 915 dicit
1308 871 1405 914 Leo
1423 871 1548 928 Papa
1568 870 1706 926 (serm.
1724 886 1760 915 1.
1777 870 1823 915 de
1843 869 2061 929 Quadrag.
2077 878 2169 931 cap.
2183 871 2256 930 3.).

379 937 455 981 An
488 950 677 981 PRIMUM
709 950 820 995 ergo
849 937 1109 992 dicendum,
1142 938 1263 996 quod
1295 938 1360 981 uti
1385 937 1652 981 necessariis
1679 937 1735 981 ad
1762 938 2138 982 sustentationem
2161 951 2257 989 non

291 1013 358 1048 est
383 1013 623 1062 peccatum
652 1003 810 1063 gulae3
837 1005 915 1048 sed
939 1004 1062 1062 quod
1085 1019 1139 1048 ex
1162 1005 1385 1049 desiderio
1406 1005 1541 1062 hujus
1563 1004 1903 1049 sustentationis
1924 1003 2070 1050 homo
2088 1003 2257 1065 aliquid

289 1071 600 1115 inordinatum
626 1070 776 1125 faciat,
804 1071 859 1114 ad
885 1071 1047 1115 vitium
1066 1071 1200 1130 gulae
1218 1072 1442 1130 pertinere
1462 1081 1633 1129 potest:
1663 1081 1731 1115 est
1757 1082 1911 1115 autern
1931 1071 2256 1126 inordinatum,

290 1138 412 1197 quod
440 1137 615 1197 aliquis,
642 1138 719 1182 ubi
745 1147 895 1197 potest
920 1153 1130 1182 recursus
1162 1139 1320 1182 haberi
1355 1139 1410 1181 ad
1443 1139 1647 1181 humana
1680 1139 1894 1192 subsidia,
1920 1153 2003 1198 pro
2031 1138 2134 1182 solo
2161 1152 2260 1183 cor-

288 1219 400 1264 pore
427 1204 738 1258 sustentando,
765 1205 1041 1249 miraculose
1075 1205 1156 1249 sibi
1192 1206 1345 1249 cibum
1380 1219 1598 1263 quaerere
1630 1205 1763 1250 velit:
1798 1205 1918 1249 unde
1953 1215 1997 1249 et
2026 1204 2257 1259 Dominus

289 1273 391 1317 filiis
417 1272 559 1317 Israel
583 1272 858 1316 miraculose
892 1287 1062 1316 manna
1094 1274 1300 1332 praebuit
1331 1274 1377 1317 in
1412 1274 1607 1326 deserto,
1635 1273 1712 1315 ubi
1744 1272 2080 1317 aliundecibus
2101 1272 2259 1317 haberi

287 1355 382 1385 non
408 1350 605 1400 poterat:
630 1351 674 1385 et
694 1340 904 1385 similiter
922 1340 1132 1384 Christus
1150 1341 1195 1383 in
1213 1340 1392 1384 deserto
1411 1340 1563 1384 turbas
1581 1339 1705 1398 pavit
1721 1338 2012 1394 miraculose,
2029 1339 2105 1391 ubi
2129 1338 2259 1384 aliter

288 1408 378 1452 cibi
401 1408 558 1452 haberi
582 1422 678 1452 non
704 1417 937 1467 poterant:
965 1407 1044 1451 sed
1073 1407 1283 1451 Christus
1312 1407 1366 1451 ad
1394 1406 1757 1451 subveniendum
1781 1405 1895 1450 fami
1920 1416 2100 1467 poterat
2124 1405 2255 1451 aliter

287 1475 373 1519 sibi
397 1475 651 1534 providere,
678 1489 817 1534 quam
849 1474 1070 1518 miracula
1102 1474 1343 1528 faciendo3
1376 1474 1492 1517 sicut
1526 1483 1570 1517 et
1594 1474 1795 1532 Joannes
1830 1474 2031 1532 Baptista
2061 1467 2262 1528 fecit,'1it

288 1542 454 1601 legitur
478 1542 640 1586 Matth.
672 1556 725 1601 3.,
751 1541 826 1585 vel
852 1542 991 1585 etiam
1019 1541 1072 1585 ad
1100 1541 1206 1586 loca
1239 1542 1447 1600 proxima
1473 1541 1786 1600 properando:
1821 1551 1867 1586 et
1880 1541 2001 1586 ·ideo
2025 1537 2264 1601 reputabat

288 1609 510 1663 diabolus,
537 1609 660 1685 quod
688 1608 899 1653 Christus
925 1618 1150 1667 peccaret,
1177 1609 1215 1652 si
1242 1608 1297 1653 ad
1325 1608 1687 1653 subveniendum
1721 1605 1835 1652 fami
1859 1606 2082 1653 miracula
2105 1607 2258 1653 facere

290 1686 544 1730 attentaret,
571 1676 609 1720 si
635 1686 755 1720 esset
779 1690 917 1735 purus
942 1676 1105 1719 homo.

380 1743 455 1787 AD
489 1756 751 1788 SECUNDUM
777 1743 1036 1796 dicendum,
1063 1742 1186 1802 quod
1212 1757 1292 1802 per
1317 1742 1689 1787 humiliationem
1712 1743 1983 1788 exteriorem
2003 1741 2262 1802 frequenter

290 1812 466 1870 quaerit
502 1811 663 1870 aliquis
701 1810 913 1869 gloriam,
948 1825 1038 1869 qua
1069 1810 1289 1855 exaltetur
1316 1811 1437 1854 circa
1463 1810 1715 1869 spiritualia
1746 1810 1892 1856 bona:
1917 1810 2046 1855 unde
2063 1809 2258 1870 August.

291 1879 400 1923 dicit
423 1879 471 1922 in
497 1878 572 1922 lib,
601 1891 641 1923 2.
668 1877 724 1921 de
752 1877 976 1922 Sermone
1003 1878 1196 1921 Domini
1221 1878 1268 1921 in
1296 1888 1454 1922 monte
1479 1877 1589 1937 (cap.
1606 1892 1670 1922 12.
1691 1885 1851 1937 parum
1868 1876 2088 1936 aprina-J·
2110 1891 2135 1918 α
2151 1874 2259 1920 Ani-

290 1945 668 1990 madvertendum
696 1955 777 1998 est,
803 1959 898 1988 non
923 1945 970 1988 in
998 1944 1099 1989 solo
1122 1960 1274 1989 rerum
1298 1959 1623 2004 corporearum
1644 1945 1807 1999 nitore,
1826 1954 1960 2004 atque
1977 1957 2163 2003 pompa,
2180 1943 2259 1988 sed

292 2014 430 2057 etiarn
455 2013 502 2056 in
527 2013 637 2071 ipsis
663 2013 871 2056 sordibus
904 2012 1125 2057 luctuosis
1152 2027 1250 2057 esse
1277 2027 1412 2072 posse
1453 2015 1717 2071 jactantiam
1739 2029 1790 2058 »ε
1819 2022 1864 2057 et
1889 2012 1945 2056 ad
1970 2012 2062 2056 hoc
2089 2011 2260 2071 signifi-

292 2081 490 2124 candum
515 2079 723 2124 diabolus
751 2079 937 2124 Christo
965 2081 1118 2134 suasit,
1146 2090 1195 2123 ut
1222 2081 1276 2124 ad
1304 2080 1615 2139 quaerendum
1642 2079 1840 2139 gloriam
1858 2078 2142 2139 spiritualem
2159 2092 2251 2123 cor>

291 2147 506 2208 poraliter
533 2147 732 2191 mitteret
758 2161 807 2190 se
835 2147 1066 2191 deorsum.

380 2215 456 2259 AD
480 2227 696 2259 TERTIUM
719 2214 978 2268 dicendum,
1008 2214 1130 2273 quod
1159 2215 1351 2269 divitias,
1379 2225 1423 2259 et
1448 2215 1651 2259 honores
1678 2214 1838 2258 mundi
1864 2223 2076 2274 appetere
2102 2224 2262 2273 pecca-

289 2293 388 2327 tum
415 2291 495 2335 est,
523 2281 704 2340 quando
728 2281 994 2339 hujusmodi
1019 2282 1276 2325 inordinate
1297 2291 1594 2341 appetuntur:
1621 2282 1712 2325 hoc
1733 2291 1886 2325 autem
1906 2281 2152 2341 praecipue
2170 2293 2262 2324 rna-

290 2348 528 2393 nifestatur
549 2362 603 2392 ex
623 2348 729 2401 hoc,
749 2348 871 2406 quod
890 2362 972 2405 pro
992 2348 1256 2406 hujusmodi
1281 2349 1583 2407 adipiscendis
1609 2349 1755 2392 homo
1773 2347 1943 2408 aliquid
1964 2347 2261 2392 inhonestum

290 2416 422 2461 facit:
457 2426 500 2460 et
524 2415 628 2459 ideo
655 2429 748 2458 non
775 2414 856 2458 fuit
881 2425 1122 2459 contentus
1145 2415 1352 2460 diabolus
1375 2417 1646 2475 persuadere
1665 2416 1961 2475 cupiditatem
1985 2415 2261 2468 divitiarum,

292 2493 336 2529 et
351 2484 605 2528 honorum:
624 2483 702 2527 sed
724 2482 899 2526 induxit
918 2483 972 2525 ad
992 2483 1098 2536 hoc,
1117 2484 1239 2542 quod
1258 2493 1442 2542 propter
1458 2483 1723 2541 hujusmodi
1742 2482 2034 2542 adipiscenda
2051 2481 2262 2528 Christus

293 2567 399 2597 eum
426 2547 660 2605 adoraret3
688 2551 809 2610 quod
837 2562 903 2595 est
929 2552 1183 2595 maximum
1209 2551 1373 2605 scelus,
1402 2562 1444 2595 et
1473 2561 1630 2595 contra
1645 2552 1824 2595 Deum:
1850 2565 1936 2595 nec
1953 2550 2105 2596 solum
2128 2549 2261 2595 dixit:

295 2621 342 2665 Si
373 2619 618 2664 adoraveris
652 2633 729 2670 me,
768 2618 846 2661 sed
884 2618 1080 2662 addidit:
1120 2618 1167 2663 Si
1201 2618 1372 2663 cadens.-
1401 2619 1519 2677 quia,
1552 2628 1602 2662 ut
1634 2618 1742 2662 dicit
1776 2618 1992 2663 Ambros.
2022 2617 2127 2678 (sup.
2158 2616 2264 2662 illud

295 2687 397 2732 Luc.
424 2699 496 2743 4.:
524 2686 665 2729 Duxit
684 2685 803 2729 illum
825 2686 870 2728 in
892 2691 1084 2739 montem,
1101 2685 1214 2742 eta),
1246 2686 1422 2728 «habet
1441 2685 1628 2728 ambitio
1652 2681 2260 2744 domesticum-periculum:

294 2764 344 2798 ut
369 2753 492 2798 enim
513 2753 773 2796 dominetur
795 2752 908 2806 aliis,
927 2753 1048 2811 prius
1067 2753 1218 2805 servit,
1233 2762 1276 2796 ct
1294 2763 1505 2796 curvatur
1523 2752 1758 2811 obsequio,
1776 2762 1827 2795 ut
1842 2752 2020 2796 honore
2047 2751 2261 2806 donetur;

294 2829 340 2866 et
364 2821 473 2864 dum
499 2819 597 2863 vult
622 2833 720 2863 esse
754 2819 1006 2873 sublimior,
1033 2819 1082 2863 fit
1107 2820 1341 2863 remissior
1359 2836 1406 2873 »3
1436 2830 1478 2863 et
1505 2818 1712 2863 similiter
1744 2819 1883 2863 etiam
1915 2818 1961 2863 in
1994 2817 2265 2877 praeceden-

291 2888 410 2933 tibus
434 2887 760 2932 tentationibus
788 2900 841 2929 ex
869 2887 1068 2946 appetitu
1095 2889 1227 2931 unius
1255 2887 1431 2946 peccati
1458 2889 1503 2930 in
1531 2886 1653 2930 aliud
1686 2895 1928 2945 peccatum
1954 2886 2170 2930 inducere
2196 2895 2265 2930 est

295 2965 510 3008 conatus3
537 2954 653 2998 sicut
678 2968 732 2997 ex
759 2954 982 2997 desiderio
1008 2953 1095 2997 cibi
1123 2964 1313 2998 conatus
1341 2964 1407 2997 est
1432 2954 1647 2997 inducere
1675 2954 1719 2997 in
1737 2954 1987 2998 vanitatem
2009 2953 2106 2998 sine
2124 2965 2263 2997 causa

294 3021 514 3067 miracula
539 3020 748 3074 faciendi,
776 3031 818 3064 et
842 3035 895 3064 ex
919 3020 1163 3078 cupiditate
1187 3020 1359 3079 gloriae
1383 3031 1573 3065 conatus
1597 3031 1664 3065 est
1686 3021 1900 3065 inducere
1919 3019 1974 3064 ad
1992 3019 2261 3065 tentandum

294 3091 448 3134 Deum
474 3102 554 3148 per
579 3087 908 3148 praecipitium.

385 3158 461 3202 AD
480 3169 718 3207 QUARTUM
745 3156 1003 3208 dicendum,
1032 3154 1168 3214 quod,
1197 3156 1312 3199 sicut
1339 3155 1446 3198 dicit
1473 3155 1688 3200 Ambros.
1715 3169 1850 3215 super
1876 3155 1987 3200 Luc.
2016 3151 2128 3214 (cap.
2149 3167 2193 3212 4.
2218 3168 2275 3201 m

295 3224 417 3270 illud:
445 3218 502 3269 Et
527 3228 813 3269 consummata
846 3225 961 3266 omni
994 3222 1106 3279 eta),
1140 3238 1162 3262 «
1190 3237 1283 3265 non
1313 3222 1495 3266 dixisset
1522 3223 1769 3282 Scriptura,
1796 3222 1918 3302 quod
1946 3230 2278 3276 consummata·

297 3292 425 3336 omni
442 3291 706 3343 tentatione,
718 3290 924 3334 diabolus
943 3290 1127 3333 recessit
1146 3289 1197 3332 ab
1213 3288 1307 3342 illo,
1321 3290 1403 3332 nisi
1424 3290 1469 3332 in
1486 3290 1626 3333 tribus
1643 3290 1903 3349 praemissis
1922 3299 2040 3335 esset
2055 3286 2297 3334 omnium*-

297 3360 486 3404 materia
514 3357 805 3402 delictorum:
835 3358 939 3416 quia
968 3371 1131 3400 causae
1160 3356 1464 3400 tentationum
1491 3371 1654 3401 causae
1683 3368 1785 3401 sunt
1811 3357 2109 3435 cupiditatum
2131 3373 2154 3399 >³
2183 3353 2266 3429 sci

297 3427 403 3471 licet
433 3443 455 3467 «
483 3426 630 3470 carnis
658 3425 918 3476 oblectatio,
947 3438 1046 3482 spe
1076 3423 1263 3481 gloriae,
1292 3434 1334 3467 et
1362 3425 1549 3469 aviditas
1577 3425 1806 3483 potentiae
1830 3440 1870 3468 ».

388 3495 463 3537 An
498 3506 725 3543 QUINTUM
753 3492 1012 3546 dicendum,
1039 3491 1175 3549 quod,
1202 3490 1318 3534 sicut
1346 3491 1538 3549 August.
1568 3492 1712 3535 dicit
1703 3506 1746 3535 m
1775 3491 1850 3535 lib.
1879 3503 1918 3535 2
1942 3489 1999 3535 de
2021 3473 2299 3536 consensis*

300 3560 515 3616 Evangel·
546 3560 657 3619 (Ulp-
686 3560 790 3619 16),
813 3559 1077 3603 «incertum
1105 3567 1186 3610 est,
1209 3557 1315 3616 quid
1342 3557 1464 3615 prius
1490 3558 1661 3602 factum
1685 3559 1755 3610 sit,
1778 3568 1927 3603 utrum
1955 3570 2096 3617 regna
2117 3556 2276 3614 τεπιβζ

300 3627 429 3686 prius
450 3627 763 3671 demonstrata
790 3626 878 3671 sint
904 3625 959 3680 ei,
987 3635 1029 3669 et
1055 3634 1213 3684 postea
1237 3624 1282 3668 in
1305 3625 1598 3684 pinnaculum
1622 3625 1780 3684 templi
1806 3625 1983 3669 locatus
2004 3625 2076 3679 sit,
2093 3637 2150 3668 an
2167 3618 2274 3669 hoe

2328 3140 2352 3160 ³⁴1
2322 2839 2352 3131 Qssfflmffheffffimzkfan
2345 2800 2352 2823 ,ω
2345 2774 2352 2790 „r
2350 2721 2352 2727 .
