2352 3926
3 2794 15 2841 ‘t

2 2868 17 2928 ς,

636 209 915 256 QUABSTIO
954 210 1180 252 Lxxxm.
1220 212 1528 254 ARTICULUS
1568 213 1641 254 VI.
2002 217 2105 273 773

853 446 1286 505 ARTICULUS
1319 448 1419 505 v1.
2031 479 2114 526 509

414 580 601 621 UTRUM
626 582 816 621 POSSIT
839 583 1229 623 SUFFICIENTER
1258 584 1500 624 OCCURRI
1520 585 1858 625 DEFECTIBUS

256 662 419 702 CIRCA
459 663 918 704 CELEBRATIONEM
957 665 1122 718 HUJUS
1164 666 1511 705 SACRAMENTI
1551 667 2020 719 OCCURRENTIBUS‚

629 746 887 785 STATUTA
924 747 1225 786 ECCLESIAE
1265 747 1648 789 OBSERVANDO.

796 855 858 913 (4.
883 856 997 901 Dist.
1023 872 1079 916 13.
1106 858 1152 901 in
1177 860 1351 918 exposit.
1378 859 1476 916 lit).

243 981 321 1027 An
347 994 539 1027 SEXTUM
564 981 628 1026 sic
654 981 928 1042 proceditur.
954 982 1161 1039 Videtur,
1187 984 1310 1043 quod
1335 999 1430 1029 non
1455 985 1598 1045 possit
1622 985 1897 1042 sufficienter
1934 987 2111 1032 occurri

153 1045 417 1103 defectibus,
439 1049 517 1108 qui
534 1049 654 1093 circa
672 1049 1028 1095 celebrationem
1050 1051 1186 1110 hujus
1207 1053 1480 1096 sacramenti
1499 1063 1758 1107 occurrunt,
1776 1063 1942 1099 statuta
1958 1054 2113 1099 Eccle-

152 1115 251 1164 siae
276 1115 591 1161 observando:
620 1116 844 1174 contingit
869 1117 993 1161 enirn
1020 1118 1308 1177 quandoque,
1335 1119 1458 1177 quod
1489 1121 1702 1164 sacerdos
1736 1132 1838 1165 ante
1871 1135 2110 1166 consecra-

152 1183 344 1237 tionem,
370 1181 444 1227 vel
468 1194 572 1241 post
596 1184 802 1238 moritur,
829 1184 902 1228 vel
930 1184 1166 1239 alienatur,
1189 1185 1262 1230 vel
1288 1186 1440 1244 aliqua
1463 1186 1551 1230 alia
1571 1187 1832 1233 infirmitate
1853 1189 2111 1248 impeditur,

151 1263 211 1295 ne
235 1261 574 1295 sacramentum
599 1265 780 1295 sumere
807 1251 963 1309 possit,
992 1261 1037 1296 et
1061 1252 1249 1296 missam
1275 1253 1512 1312 perficere3
1531 1268 1640 1312 ergo
1662 1254 1852 1308 videtur,
1873 1256 1995 1315 quod
2016 1270 2111 1300 non

151 1319 295 1377 possit
317 1316 499 1376 impleri
523 1327 741 1362 statutum
767 1318 1015 1372 Ecclesiae,
1041 1333 1132 1378 quo
1159 1320 1445 1379 praecipitur,
1462 1321 1584 1380 quod
1602 1322 1815 1366 sacerdos
1838 1336 2110 1367 consecrans

152 1397 237 1429 suo
262 1383 486 1429 sacrificio
514 1385 840 1430 communicet.

240 1464 281 1496 2.
298 1451 596 1499 PRAETEREA.
625 1451 866 1512 Contingit
886 1453 1174 1513 quandoque,
1197 1454 1319 1514 quod
1342 1455 1554 1500 sacerdos
1578 1466 1680 1500 ante
1699 1457 2109 1513 consecrationem,

150 1517 225 1564 vel
249 1528 355 1578 post
379 1519 542 1564 recolit
567 1534 615 1564 se
642 1519 811 1578 aliquid
839 1521 1108 1575 comedisse,
1149 1521 1223 1565 vel
1259 1521 1436 1575 bibisse,
1474 1522 1547 1567 vel
1574 1523 1710 1567 etiam
1755 1523 1891 1568 alicui
1920 1534 2109 1584 peccato

149 1586 335 1631 mortali
358 1586 605 1645 subjacere,
632 1587 706 1631 vel
731 1587 870 1632 etiam
897 1589 1381 1643 excommunicationi,
1409 1591 1535 1647 cujus
1561 1590 1684 1648 prius
1711 1591 1983 1636 memoriam
2013 1606 2109 1636 non

148 1651 358 1697 habebat.
384 1653 586 1698 Necesse
613 1664 680 1698 est
707 1668 833 1713 ergo,
860 1655 982 1713 quod
1007 1654 1085 1699 ille
1111 1657 1187 1713 qui
1214 1665 1282 1699 est
1306 1656 1353 1699 in
1378 1655 1459 1699 tali
1484 1656 1675 1700 articulo
1704 1658 1988 1712 constitutus,
2009 1672 2111 1716 pec-

149 1729 223 1764 cet
246 1719 500 1765 mortaliter
525 1731 684 1778 contra
709 1730 927 1766 statutum
952 1721 1187 1767 Ecclesiae
1212 1721 1399 1777 facienS,
1420 1723 1515 1767 sive
1537 1734 1701 1779 sumat,
1720 1725 1815 1769 sive
1832 1739 1926 1769 non
1943 1737 2107 1772 sumat.
2169 1731 2173 1737 “

242 1800 278 1845 3.
305 1786 602 1833 PRAETEREA.
621 1787 861 1847 Contingit
887 1789 1177 1848 quandoque,
1203 1791 1325 1849 quod
1352 1790 1398 1834 in
1425 1790 1618 1835 calicem
1641 1805 1813 1846 musca,
1834 1792 1908 1836 vel
1925 1807 2108 1848 aranea,

147 1853 221 1898 vel
246 1853 432 1913 aliquod
464 1855 636 1899 animal
659 1870 944 1901 venenosum
972 1857 1090 1901 cadit
1116 1867 1219 1915 post
1240 1858 1661 1912 consecrationem3
1683 1858 1757 1902 vel
1779 1859 1918 1903 etiam
1940 1874 2110 1918 cogno·

147 1921 234 1966 scit
252 1921 466 1966 sacerdos
492 1922 625 1966 calici
649 1937 880 1967 venenum
907 1938 1006 1968 esse
1032 1924 1292 1968 immissum
1319 1925 1372 1968 ab
1397 1924 1549 1984 aliquo
1573 1924 1804 1970 malevolo
1828 1941 1964 1971 causa
1991 1929 2109 1972 occi-

147 1986 283 2032 dendi
306 1987 482 2047 ipsum:
508 1989 555 2032 in
583 2003 674 2048 quo
702 2004 809 2034 casu
832 1990 871 2034 si
896 2001 1059 2044 sumat,
1087 1991 1263 2035 videtur
1291 1991 1542 2036 mortaliter
1560 2006 1749 2050 peccare
1768 2007 1815 2037 se
1837 1994 2106 2048 occidendo,

145 2053 222 2099 vel
243 2054 399 2100 Deum
423 2057 662 2101 tentando:
690 2057 899 2102 similiter
923 2057 962 2102 si
992 2072 1087 2102 non
1112 2069 1279 2113 sumat,
1311 2069 1472 2118 peccat
1509 2070 1667 2104 contra
1699 2070 1917 2104 statutum
1950 2061 2106 2106 Eccle-

146 2121 242 2168 siae
266 2122 463 2179 faciens3
489 2138 600 2183 ergo
626 2125 804 2169 videtur
830 2139 928 2170 esse
960 2125 1214 2185 perplexus,
1241 2136 1286 2171 et
1316 2126 1544 2185 subjectus
1576 2128 1836 2172 necessitati
1865 2129 2104 2188 peccandi3

148 2189 272 2248 quod
298 2199 366 2235 est
395 2190 740 2237 inconveniens.

234 2269 278 2312 4.
304 2257 604 2304 PRAETEREA.
632 2259 874 2318 Contingit
899 2259 1188 2319 quandoque,
1216 2261 1337 2319 quod
1364 2275 1444 2319 per
1465 2260 1793 2319 negligentiam
1816 2263 2009 2307 ministri
2031 2273 2107 2307 aut

147 2337 264 2383 aqua
289 2338 385 2368 non
411 2325 595 2384 ponitur
620 2326 668 2370 in
694 2326 853 2381 calice,
886 2336 963 2371 aut
986 2327 1125 2371 etiam
1149 2342 1235 2371 nec
1257 2328 1430 2382 vinum,
1467 2338 1510 2372 et
1535 2328 1626 2372 hoc
1653 2329 1866 2374 sacerdos
1892 2330 2104 2386 advertit3

146 2405 257 2450 ergo
282 2391 330 2436 in
355 2391 446 2436 hoc
473 2392 614 2437 etiam
641 2407 749 2438 casu
774 2394 952 2438 videtur
982 2408 1082 2439 esse
1114 2394 1369 2454 perplexus,
1396 2395 1492 2440 sive
1519 2406 1670 2440 sumat
1695 2410 1861 2455 corpus
1886 2398 1983 2441 sine
2009 2411 2106 2441 san-

144 2459 297 2519 guine,
322 2460 453 2519 quasi
475 2460 797 2519 imperfectum
821 2460 994 2506 faciens
1010 2461 1300 2518 sacrificium,
1322 2463 1418 2507 sive
1433 2477 1529 2507 non
1551 2474 1702 2508 sumat
1718 2478 1804 2508 nec
1822 2478 2002 2523 corpus,
2018 2478 2102 2509 nec

145 2527 430 2587 sanguinem.

238 2608 277 2652 5.
300 2595 598 2641 PRAETEREA.
621 2595 862 2655 Contingit
887 2596 1175 2656 quandoque,
1203 2597 1327 2656 quod
1352 2598 1565 2643 sacerdos
1583 2612 1677 2642 non
1693 2597 1855 2643 recolit
1872 2613 1921 2643 se
1938 2598 2103 2644 dixisse

145 2662 283 2707 verba
308 2662 679 2717 consecrationis,
704 2663 779 2708 vel
804 2664 943 2724 etiam
969 2664 1072 2718 alia,
1098 2678 1214 2724 quae
1245 2665 1294 2708 in
1331 2665 1637 2710 celebratione
1663 2665 1796 2724 hujus
1823 2666 2098 2710 sacramenti

144 2728 354 2774 dicuntur
369 2745 381 2784 ;
395 2730 572 2775 videtur
592 2744 703 2789 ergo
728 2745 919 2791 peccare
940 2731 987 2775 in
1011 2731 1104 2776 hoc
1121 2746 1244 2786 casu,
1261 2732 1357 2777 sive
1382 2733 1563 2777 reiteret
1588 2732 1723 2776 verba
1740 2747 1875 2791 super
1891 2732 2102 2776 eamdem

144 2796 399 2851 materiam,
426 2811 542 2856 quae
567 2796 684 2842 forte
715 2799 811 2856 jam
837 2798 1023 2853 dixerat,
1049 2799 1145 2844 sive
1171 2809 1322 2843 utatur
1347 2813 1464 2859 pane
1487 2810 1532 2844 et
1556 2799 1664 2843 vino
1691 2813 1786 2843 non
1813 2801 2102 2854 consecratis,

144 2863 273 2923 quasi
294 2864 586 2909 consecratis.

230 2929 272 2976 6.
298 2931 594 2977 PRAETEREA.
623 2931 862 2991 Contingit
887 2931 1159 2992 quandoque
1188 2944 1370 2992 propter
1400 2933 1555 2993 frigus,
1587 2932 1709 2992 quod
1742 2933 1968 2978 sacerdoti
1994 2932 2102 2977 dila-

142 2997 261 3043 bitur
285 2998 436 3044 hostia
477 2999 525 3043 in
563 2998 770 3053 calicem,
797 3001 891 3044 sive
933 3010 1036 3045 ante
1062 2999 1350 3055 fractionem,
1381 3001 1475 3045 sive
1501 3010 1624 3060 post3
1651 3001 1698 3044 in
1735 3000 1826 3044 hoc
1860 3014 1969 3059 ergo
1993 3015 2101 3046 casu

141 3078 236 3110 non
260 3066 426 3124 poterit
450 3066 664 3111 sacerdos
685 3067 821 3111 ritum
849 3066 1080 3111 Ecclesiae
1099 3067 1390 3127 implere‚vel
1414 3069 1468 3112 de
1484 3068 1582 3126 ipsa
1607 3067 1843 3122 fractione,
1861 3067 1934 3112 vel
1960 3069 2098 3112 etiam

143 3131 199 3177 de
219 3132 311 3177 hoc
337 3133 460 3192 quod
486 3131 586 3178 sola
611 3133 741 3178 tertia
768 3148 871 3193 pars
897 3134 1102 3179 mittatur
1127 3137 1173 3179 in
1201 3135 1406 3179 calicem.

231 3211 272 3257 7.
299 3199 595 3245 Falernum.
624 3200 865 3259 Contingit
902 3202 1192 3260 quandoque,
1221 3202 1343 3260 quod
1376 3215 1455 3260 per
1490 3201 1825 3259 negligentiam
1851 3200 2100 3247 sac'erdotis

141 3266 327 3325 sanguis
355 3265 525 3311 Christi
557 3266 815 3321 effunditur,
848 3268 921 3312 vel
948 3269 1085 3313 etiam
1113 3269 1235 3327 quod
1261 3268 1473 3312 sacerdos
1495 3278 1834 3312 sacramentum
1866 3279 2099 3328 sumptum

139 3333 301 3388 vomit,
327 3343 405 3377 aut
430 3334 566 3378 etiam
599 3335 722 3393 quod
758 3334 936 3379 hostiae
974 3347 1270 3380 consecratae
1302 3335 1476 3380 tamdiu
1510 3347 1848 3390 conservantur,
1881 3346 1930 3380 ut
1955 3347 2101 3395 putre-

142 3399 265 3454 fiant,
290 3399 365 3444 vel
386 3401 523 3444 etiam
551 3414 576 3443 a
603 3401 804 3445 muribus
828 3402 1140 3456 corrodantur,
1167 3403 1241 3446 vel
1259 3403 1395 3446 etiam
1421 3402 1809 3461 qualitercumque
1827 3403 2097 3462 perdantur:

141 3467 188 3511 in
219 3467 380 3526 quibus
406 3467 583 3511 casibus
605 3481 700 3512 non
721 3467 898 3512 videtur
922 3483 1058 3527 posse
1079 3469 1185 3514 huic
1213 3479 1501 3513 sacramento
1529 3468 1676 3512 debita
1702 3470 1955 3514 reverentia
1982 3471 2098 3514 exbi-

140 3532 237 3577 beri
266 3533 530 3578 secundum·
546 3532 777 3578 Ecclesiae
804 3543 993 3589 statuta3
1018 3549 1113 3579 non
1135 3535 1311 3579 videtur
1334 3549 1460 3593 ergo,
1486 3536 1608 3594 quod
1636 3535 1705 3580 his
1732 3535 1996 3591 defectibuS,
2017 3550 2096 3582 seu

140 3599 352 3658 periculis
378 3600 558 3645 occurri
582 3602 739 3660 possit,
765 3599 901 3646 salvis
926 3601 1160 3647 Ecclesiae
1187 3602 1377 3647 statutis.
