2352 3926
738 172 1015 219 QUAESTIO
1053 171 1179 211 va.
1219 171 1528 213 ARTICULUS
1568 171 1646 210 111.
2065 171 2094 226 5
2102 173 2171 228 49

301 285 344 319 2.
369 273 668 321 PRAETEREA.
690 274 914 334 Digniora
939 285 1224 320 sacramenta
1241 289 1340 321 esse
1355 275 1580 329 videntur,
1603 288 1719 334 quae
1741 287 1822 333 per
1842 274 2068 332 majorem
2093 274 2176 317 mi-

210 339 402 385 nistrum
430 340 748 387 conferuntur:
771 341 850 386 sed
877 353 1216 387 sacramentum
1258 342 1634 396 confirmationis,
1668 351 1712 386 et
1737 351 2078 385 sacramentum
2105 355 2175 385 or-

212 406 329 452 dinis
364 421 461 452 non
498 406 793 453 conferuntur
824 408 911 453 nisi
944 423 1023 468 per
1056 409 1339 468 episcopum,
1377 410 1454 468 qui
1487 419 1554 454 est
1599 410 1748 468 major
1779 408 1998 462 minister,
2032 422 2170 467 quarn

213 473 409 534 simplex
427 475 659 530 sacerdos,
686 490 766 534 per
792 489 930 534 quem
956 475 1186 520 confertur
1211 476 1524 521 Eucharistiae
1549 485 1915 530 sacramentum3
1952 489 2062 534 ergo
2096 473 2174 519 illa

211 553 496 586 sacramenta
523 552 627 586 sunt
651 542 846 600 potiora.

305 622 341 666 3.
368 608 666 654 Parae-renni.
695 609 992 653 Sacramenta
1024 618 1152 652 tanto
1175 619 1278 653 sunt
1305 610 1499 668 potiora,
1518 619 1687 668 quanto
1707 610 1932 665 majorem
1957 609 2172 654 virtutem

210 674 404 720 habent:
423 675 500 720 sed
520 675 744 734 quaedam
761 685 1048 719 sacramenta
1065 676 1332 734 imprimunt
1350 677 1678 730 characterem,
1705 676 1879 721 scilicet
1904 677 2171 735 baptismus,

210 741 516 796 confirmatio,
541 752 586 786 et
611 742 745 787 ordo:
774 741 896 801 quod
913 755 1008 785 non
1030 741 1138 786 facit
1163 742 1471 798 Eucharistia3
1500 757 1610 802 ergo
1643 743 1721 786 illa
1755 754 2042 788 sacramenta
2068 754 2173 788 sunt

209 809 404 868 potiora.

296 887 339 932 4.
365 876 662 921 PRAETEREA.
690 875 806 920 Illud
833 876 1009 920 videtur
1031 890 1127 920 esse
1155 877 1320 936 potius,
1349 892 1403 922 ex
1430 892 1520 936 quo
1550 877 1638 921 alia
1665 878 1938 936 dependent,
1967 888 2011 923 et
2034 892 2130 923 non
2149 893 2173 923 e

210 956 457 988 converso:
484 943 563 987 sed
600 956 655 987 ex
689 943 916 1002 baptismo
953 943 1178 1002 dependet
1202 944 1511 990 Eucharistia:
1543 959 1637 989 non
1674 946 1797 989 enim
1829 956 1979 1003 potest
2011 945 2173 1005 aliquis

208 1007 540 1054 Eucharistiam
568 1010 790 1070 accipere,
816 1010 901 1055 nisi
923 1010 1058 1055 fuerit
1079 1011 1353 1070 baptizatus,
1387 1026 1497 1071 ergo
1529 1012 1781 1071 baptismus
1808 1022 1876 1056 est
1906 1014 2058 1072 potior
2088 1013 2175 1057 Eu·

207 1075 435 1121 charistia.

298 1142 394 1188 sm>
425 1156 621 1189 CONTRA
637 1154 719 1199 est,
736 1145 859 1204 quod
880 1145 1131 1205 Dionysius
1150 1146 1259 1190 dicit
1278 1161 1316 1204 3.
1335 1161 1432 1206 cap.
1455 1146 1580 1191 Eccl.
1604 1146 1728 1192 Hier.
1756 1146 1928 1206 (parum
1946 1162 1973 1191 α
1990 1148 2173 1206 princ),

208 1201 343 1268 quod⁸
361 1226 386 1252 «
405 1225 500 1255 non
527 1211 753 1271 contingit
779 1211 979 1272 aliquem
1019 1213 1177 1272 perfici
1201 1213 1483 1272 perfectione
1509 1215 1809 1269 hierarchica,
1841 1214 1929 1258 nisi
1959 1229 2039 1272 per
2065 1214 2174 1259 divi-

206 1276 446 1322 nissimam
471 1278 806 1324 Eucharistiam
827 1296 880 1335 »3
914 1295 1025 1340 ergo
1051 1281 1142 1326 hoc
1170 1291 1510 1326 sacramentum
1537 1291 1605 1326 est
1635 1281 1927 1341 potissimum
1960 1281 2170 1325 omnium

209 1342 418 1388 aliorum.

295 1410 585 1457 Responnro
608 1413 867 1468 dicendum,
895 1415 1018 1474 quod
1049 1415 1317 1475 simpliciter
1346 1415 1594 1475 loquendo,
1627 1425 1965 1460 sacramentum
1997 1414 2172 1459 Eucha-

206 1477 358 1522 ristiae
384 1488 451 1523 est
473 1480 762 1538 potissimum
778 1482 895 1526 inter
912 1481 999 1526 alia
1016 1494 1325 1528 sacramenta:
1354 1483 1476 1542 quod
1499 1483 1684 1542 quidem
1712 1483 1933 1542 tripliciter
1960 1492 2170 1541 apparet:

199 1547 344 1605 primo
366 1546 551 1605 quidem
578 1562 632 1592 ex
658 1562 729 1604 eo,
755 1549 876 1608 quod
902 1550 950 1593 in
977 1564 1033 1594 eo
1053 1551 1331 1606 continetur;
1354 1565 1463 1595 nam
1485 1551 1531 1594 in
1550 1560 1839 1595 sacramento
1856 1549 2169 1594 Eucharistiae

208 1611 466 1657 continetur
489 1613 586 1673 ipse
613 1615 823 1660 Christus
851 1617 1228 1671 substantialiter;
1255 1619 1302 1661 in
1328 1618 1427 1662 aliis
1454 1628 1606 1661 autem
1640 1617 1937 1661 sacramentis
1970 1618 2170 1660 contine·

207 1689 280 1723 tur
305 1680 530 1738 quaedam
555 1682 696 1726 virtus
722 1683 1078 1729 instrumentalis
1112 1686 1378 1744 participata
1406 1700 1431 1729 a
1460 1685 1659 1738 Christ0,
1697 1695 1746 1728 ut
1776 1699 1829 1728 ex
1865 1698 2000 1743 supra
2037 1684 2168 1727 dictis

207 1756 331 1805 patet
350 1747 408 1805 (q.
436 1748 505 1792 62.
524 1755 605 1794 art.
624 1763 665 1806 4.
689 1750 743 1794 ad
757 1751 843 1808 3.),·
867 1765 1046 1811 semper
1064 1762 1214 1796 autem
1235 1754 1355 1811 quod
1375 1762 1443 1796 est
1460 1767 1539 1811 per
1562 1752 1820 1804 essentiam,
1838 1752 1987 1809 potius
2009 1760 2075 1794 est
2097 1764 2168 1806 eo,

209 1813 331 1872 quod
357 1824 426 1858 est
441 1829 520 1873 per
536 1817 953 1876 participationem:
979 1819 1151 1863 secundo
1179 1820 1268 1863 hoc
1298 1830 1483 1878 apparet
1501 1835 1552 1863 ex
1581 1820 1739 1863 ordine
1772 1828 2167 1862 sacramentorum

209 1880 264 1924 ad
280 1879 502 1936 invicem;
526 1897 637 1926 nam
664 1885 820 1928 omnia
843 1884 931 1929 alia
959 1896 1245 1931 sacramenta
1269 1887 1470 1930 ordinari
1494 1887 1704 1930 videntur
1723 1886 1778 1929 ad
1806 1886 1895 1929 hoc
1914 1899 2172 1929 sacramen-

206 1956 320 2001 tum,
337 1948 455 1992 sicut
479 1950 535 1993 ad
553 1949 715 1995 finem:
739 1951 1031 1996 manifestum
1055 1963 1123 1998 est
1145 1954 1283 2007 enim,
1301 1954 1423 2012 quod
1442 1964 1780 1998 sacramentum
1801 1952 1971 1996 ordinis
1993 1953 2171 1996 ordina-

205 2022 280 2058 tur
296 2014 351 2058 ad
369 2014 679 2061 Eucharistiae
706 2020 1122 2064 consecrationem:
1146 2031 1484 2065 sacramentum
1501 2034 1610 2064 vero
1629 2020 1843 2078 baptismi
1859 2019 2093 2063 ordinatur
2112 2018 2168 2062 ad

207 2079 518 2127 Eucharistiae
543 2085 885 2143 receptionem3
918 2087 963 2131 in
991 2102 1081 2146 quo
1116 2088 1254 2132 etiam
1292 2087 1522 2147 perficitur
1560 2087 1720 2146 aliquis
1749 2101 1828 2145 per
1863 2086 2173 2130 confirmatio-

206 2161 330 2202 nem,
355 2158 406 2193 ut
429 2163 524 2194 non
548 2162 757 2196 vereatur
788 2167 836 2197 se
869 2154 1133 2199 subtrahere
1176 2170 1202 2198 a
1242 2155 1321 2199 tali
1362 2165 1678 2199 sacramento:
1721 2169 1800 2214 per
1836 2154 2165 2214 poenitentiam

208 2214 361 2270 etiam,
383 2226 428 2260 et
448 2227 700 2263 extremam
731 2221 999 2265 unctionem
1025 2232 1318 2281 praeparatur
1342 2223 1489 2266 homo
1518 2223 1573 2265 ad
1601 2222 1737 2280 digne
1769 2221 2044 2265 sumendum
2075 2234 2172 2264 cor-

206 2295 290 2341 pus
316 2281 511 2328 Christi:
545 2286 892 2331 matrimonium
918 2290 1055 2333 etiarn
1082 2289 1247 2334 saltem
1279 2303 1360 2333 sua
1394 2289 1727 2347 significatione
1762 2288 1942 2346 attingit
1976 2288 2067 2332 hoc
2100 2302 2167 2332 sa-

208 2360 507 2406 cramentum,
531 2352 800 2411 inquantum
827 2355 1052 2414 significat
1078 2357 1452 2415 conjunctionem
1479 2356 1665 2410 Christi,
1694 2365 1738 2400 et
1763 2354 2011 2409 Ecclesiae,
2038 2356 2166 2413 cujus

208 2416 355 2461 unitas
389 2431 470 2477 per
508 2432 846 2465 sacramentum
887 2422 1199 2468 Eucharistiae
1233 2423 1476 2483 figuratur3
1519 2422 1638 2467 unde
1679 2432 1724 2467 et
1763 2421 2015 2481 Apostolus
2059 2421 2169 2465 dicit

209 2481 375 2542 Ephe&
411 2498 462 2542 5.:
493 2486 809 2532 Sacramentum
835 2489 910 2534 hoc
931 2505 1132 2551 magnum
1164 2497 1218 2535 est
1228 2506 1244 2543 ;
1279 2506 1348 2549 ego
1375 2497 1514 2535 autem
1546 2491 1637 2535 dico
1669 2492 1714 2534 in
1748 2489 1928 2543 Christo,
1961 2495 1999 2534 et
2023 2491 2068 2533 in
2090 2490 2171 2533 Ec-

211 2548 363 2595 clesia.-
409 2555 529 2597 tertio
554 2553 646 2598 hoc
673 2566 861 2615 apparet
891 2571 947 2601 ex
981 2558 1069 2601 ritu
1100 2568 1520 2602 sacramentorum:
1547 2571 1655 2601 nam
1696 2555 1789 2601 fere
1829 2556 1986 2600 omnia
2023 2570 2171 2600 sacra-

211 2626 366 2663 menta
389 2618 436 2662 in
461 2618 744 2666 Eucharistia
782 2634 1174 2679 consummantur,
1210 2634 1260 2669 ut
1299 2625 1551 2684 Dionysius
1592 2624 1702 2668 dicit
1733 2638 1830 2683 cap.
1872 2638 1909 2682 3.
1947 2622 2173 2667 Ecclesia-

211 2683 352 2728 sticae
393 2684 627 2733 Hierarch.
677 2688 772 2745 (cir.
803 2691 984 2750 princ),
1010 2692 1125 2736 sicut
1166 2702 1302 2751 patet,
1340 2692 1463 2751 quod
1502 2691 1698 2735 ordinati
1734 2691 2093 2743 communicant,
2128 2698 2171 2733 et

213 2750 353 2795 etiam
386 2751 612 2811 baptizati,
644 2757 684 2799 si
716 2757 806 2802 sint
836 2757 991 2804 adulti.
1017 2758 1231 2803 Aliorum
1269 2770 1422 2804 autem
1458 2768 1851 2804 sacramentorum
1886 2757 2168 2817 comparatio

214 2817 268 2861 ad
291 2817 488 2862 invicem
514 2830 662 2879 potest
687 2837 787 2868 esse
814 2824 1064 2884 multiplex.
1087 2826 1208 2870 Nam
1235 2826 1281 2870 in
1313 2827 1387 2870 via
1413 2826 1692 2871 necessitatis
1724 2826 1975 2883 baptismus
2002 2834 2069 2868 est
2094 2837 2172 2882 po-

210 2884 439 2929 tissimum
465 2899 879 2936 sacramentorum:
908 2892 953 2935 in
985 2893 1059 2936 via
1086 2904 1239 2937 autem
1272 2893 1564 2953 perfectionis
1597 2902 1933 2938 sacramentum
1968 2891 2168 2935 ordinis:

213 2951 553 2997 medio.autem
588 2956 729 3000 modo
771 2971 820 3002 se
851 2958 988 3003 habet
1021 2970 1360 3004 sacramentum
1398 2960 1788 3005 confirmationis:
1831 2969 2171 3002 sacramentum

212 3032 324 3063 vero
350 3020 673 3077 poenitentiae,
699 3033 745 3067 et
774 3034 1003 3071 extremae
1031 3027 1260 3072 unctionis
1295 3038 1399 3072 sunt
1432 3026 1656 3071 inferioris
1684 3026 1848 3085 gradus
1878 3039 1900 3068 a
1935 3024 2176 3083 praedictis

214 3087 532 3131 sacramentis:
559 3088 680 3147 quia,
706 3089 823 3135 sicut
843 3092 1016 3136 dictum
1042 3104 1109 3138 est
1134 3095 1231 3150 (art.
1252 3110 1286 3139 1.
1305 3095 1392 3153 huj.
1421 3109 1456 3153 q.
1458 3095 1496 3150 ),
1516 3094 1781 3137 ordinantur
1809 3092 1863 3135 ad
1891 3092 2032 3135 vitam
2060 3090 2173 3135 chri-

215 3153 423 3207 stianam,
450 3167 543 3198 non
589 3169 669 3214 per
700 3170 763 3210 se,
788 3157 869 3202 sed
896 3159 1026 3217 quasi
1063 3174 1143 3219 per
1184 3161 1411 3215 accidens,
1449 3160 1623 3205 scilicet
1648 3160 1693 3202 in
1726 3158 1979 3202 remedium
2025 3172 2175 3217 super-

214 3219 436 3264 venientis
466 3219 697 3266 defectus:
724 3222 840 3268 inter
866 3238 982 3283 quae
1007 3235 1162 3271 tamen
1190 3237 1391 3272 extrema
1429 3228 1585 3271 unctio
1609 3236 1900 3284 comparatur
1932 3224 1988 3268 ad
2020 3225 2174 3284 poeni-

213 3287 419 3342 tentiam,
441 3288 559 3332 sicut
603 3288 891 3335 confirmatio
923 3292 979 3335 ad
1015 3292 1317 3352 baptismum;
1345 3295 1405 3338 ita
1443 3294 1618 3338 scilicet
1643 3292 1764 3350 quod
1802 3292 2080 3351 poenitentia
2106 3302 2174 3337 est

215 3354 402 3413 majoris
428 3355 724 3410 necessitatis,
751 3357 829 3401 sed
856 3368 1057 3403 extrema
1079 3362 1234 3405 unctio
1263 3371 1332 3405 est
1363 3360 1549 3417 majoris
1576 3358 1880 3417 perfectionis.

304 3421 382 3466 An
406 3434 596 3467 ramum
622 3436 733 3480 ergo
757 3422 1017 3481 dicendum,
1044 3426 1166 3485 quod
1195 3427 1538 3471 matrimonium
1573 3426 1806 3469 ordinatur
1843 3425 1899 3469 ad
1926 3439 2173 3470 commune

215 3486 392 3532 bonurn
424 3487 746 3548 corporaliter:
779 3489 858 3534 sed
884 3490 1058 3536 bonurn
1086 3506 1335 3538 commune
1358 3491 1590 3552 spirituale
1613 3493 1751 3537 totius
1778 3491 2012 3538 Ecclesiae
2037 3493 2178 3539 conti-

214 3562 349 3600 netur
378 3554 732 3600 substantialiter
754 3555 801 3600 in
827 3558 927 3616 ipso
952 3557 1263 3604 Eucharistiae
1290 3568 1595 3605 sacramento.
