2352 3926
0 1708 4 1716 ψ
0 1415 17 1679 ..Γ-..μ-Μμὲ ηη
0 1245 8 1300 ψ-..
0 1220 6 1232 «¹
0 1191 10 1208 ψ
0 1161 6 1177 ,ψ
8 1139 10 1141 ,

658 208 936 259 Qum-rto
977 207 1141 249 Lxxx-
1181 204 1489 249 Alimentus
1528 207 1581 246 v.
1982 204 2084 261 723

837 403 1273 466 ARTICULUS
1311 406 1384 463 V.
2005 418 2091 473 482

138 537 332 584 UTRUM
350 541 640 583 ACCEDERE
659 542 734 582 AD
753 542 871 582 Hoc
888 541 1303 582 'SACRAMENTUM
1324 540 1440 580 CUM
1463 537 1835 580 CONSCIENTIA
1855 532 2094 579 PECCATI

534 626 619 664 SIT
654 625 1022 664 GRAVISSIMUM
1055 625 1278 663 OMNIUM
1310 624 1696 663 PECCATORUM.

615 734 676 793 (4.
694 735 807 780 Dist.
825 749 866 793 9.
884 740 965 779 art.
978 750 1015 793 3.
1034 749 1071 793 q.
1088 749 1125 793 3.
1143 739 1180 779 et
1196 750 1230 779 Ι.
1252 735 1350 779 Cor.
1368 749 1427 779 11.
1446 734 1533 778 lect.
1549 734 1620 792 5.).

227 846 305 893 An
330 860 559 899 Qum’rtm
584 848 649 893 sic
673 847 949 907 proceditur.
970 846 1172 900 Videtur,
1195 846 1317 906 quod
1335 845 1552 891 accedere
1571 845 1626 890 ad
1642 845 1734 890 hoc
1753 852 2095 889 sacramentum

141 928 248 959 cum
273 915 554 959 conscientia
578 914 754 974 peccati
788 914 846 959 sit
870 913 1191 971 gravissimum
1226 913 1435 961 omnium
1471 922 1782 971 peccatorum.
1818 911 1943 956 Dicit
1972 911 2098 956 enim

140 981 302 1041 Apost.
334 995 374 1028 1.
409 983 467 1026 ad
505 982 614 1027 Cor.
646 995 733 1026 11.:
759 981 1023 1040 Quicumque
1054 980 1372 1025 manducaverit
1384 987 1556 1040 panem,
1583 986 1621 1024 et
1647 981 1796 1024 biberit
1821 979 1991 1024 calicem
2013 979 2101 1022 Do-

140 1049 248 1093 mini
266 1047 447 1108 indigne,
468 1063 561 1094 reus
578 1050 659 1093 erit
689 1050 888 1106 corporis,
912 1054 948 1093 et
971 1049 1183 1107 sanguinis
1213 1048 1396 1092 Domini
1407 1062 1423 1100 ,·
1453 1046 1607 1092 Gloss.
1635 1047 1792 1103 (interl.
1819 1047 1994 1106 implic.)
2020 1044 2101 1089 ibi-

141 1115 272 1161 dem:
303 1131 326 1158 α
346 1115 439 1160 hoc
462 1125 543 1170 est,
570 1129 623 1160 ac
659 1115 698 1160 si
724 1115 961 1160 Christum
1002 1115 1236 1169 occiderit,
1260 1115 1472 1174 punietur
1494 1130 1545 1159 »z
1573 1114 1651 1158 sed
1693 1122 1934 1173 peccatum
1970 1111 2103 1157 Chri·

141 1188 263 1228 stum
299 1182 607 1227 occidentium
642 1182 820 1227 videtur
851 1182 990 1228 fuisse
1025 1182 1368 1242 gravissimum;
1394 1195 1505 1240 ergo
1532 1190 1577 1225 et
1601 1180 1691 1225 hoc
1719 1191 1975 1240 peccatum,
2007 1192 2099 1238 quo

141 1247 303 1309 aliquis
328 1264 435 1294 cum
462 1249 743 1295 conscientia
767 1250 943 1309 peccati
970 1249 1026 1294 ad
1044 1261 1250 1295 mensam
1267 1248 1442 1294 Christi
1468 1247 1657 1302 accedit,
1679 1247 1856 1292 videtur
1882 1261 1980 1292 esse
2002 1259 2100 1306 gra-

142 1330 394 1362 vissimum.

231 1396 274 1428 2.
308 1382 607 1429 Pastinum..
647 1384 835 1429 Hieron.
878 1384 987 1428 dicit
1021 1386 1067 1429 in
1094 1383 1293 1443 quadam
1326 1381 1522 1443 epistola
1556 1383 1670 1441 (hab,
1707 1382 1845 1443 quoad
1862 1387 2032 1442 partem
2057 1382 2104 1425 in

142 1452 257 1511 epist.
284 1450 339 1495 ad
362 1451 518 1497 Ocean.
546 1450 595 1496 de
637 1451 735 1496 Vita
758 1450 909 1496 Cleric.
931 1453 1040 1496 inter
1075 1453 1161 1509 ejus
1192 1459 1255 1510 ορ.
1291 1451 1522 1509 ascititia):
1552 1466 1576 1492 (ε
1599 1449 1727 1502 Quid
1758 1449 1840 1494 tibi
1873 1462 1980 1494 cum
2005 1448 2097 1493 foe·

145 1517 296 1572 minis,
323 1518 402 1576 qui
426 1517 482 1562 ad
523 1517 663 1562 altare
699 1531 806 1562 cum
830 1518 934 1563 Deo
966 1517 1212 1562 fabularis?
1233 1517 1321 1572 dic,
1341 1517 1568 1572 sacerdos,
1593 1517 1682 1571 dic,
1699 1516 1878 1570 clerice,
1911 1515 2104 1575 qualiter

144 1584 315 1630 eisdem
339 1583 471 1629 labiis
493 1584 658 1629 Filium
679 1586 767 1630 Dei
786 1585 1022 1640 oscularis,
1049 1585 1210 1645 quibus
1236 1583 1467 1630 osculatus
1485 1599 1531 1629 es
1548 1584 1668 1628 labia
1690 1583 1972 1628 meretricis?
1997 1597 2104 1627 cum

137 1651 268 1712 Juda,
293 1650 453 1696 osculo
475 1651 642 1696 Filium
667 1652 868 1696 hominis
892 1652 1032 1697 tradis
1052 1667 1104 1695 »ε
1133 1661 1177 1696 et
1214 1652 1278 1696 sic
1309 1652 1486 1696 videtur
1520 1650 1771 1696 fornicator
1803 1651 1859 1695 ad
1892 1664 2099 1695 mensam

146 1717 319 1764 Christi
335 1718 562 1763 accedens
587 1732 793 1778 peccare,
820 1719 938 1763 sicut
958 1719 1097 1777 Judas
1133 1719 1354 1778 peccavit,
1382 1719 1509 1777 cujus
1545 1728 1786 1778 peccatum
1819 1717 1903 1762 fuit
1939 1717 2108 1777 gravis·

146 1785 337 1831 simum:
361 1785 442 1831 sed
469 1785 613 1830 multa
640 1785 731 1845 alia
753 1797 941 1845 peccata
968 1796 1073 1831 sunt
1094 1786 1319 1845 graviora,
1346 1800 1484 1845 quam
1510 1795 1751 1845 peccatum
1776 1784 2106 1839 fornicationis,

146 1861 190 1897 et
226 1853 467 1912 praecipue
502 1863 745 1912 peccatum
780 1853 1080 1908 infidelitatis;
1116 1867 1229 1912 ergo
1263 1853 1501 1912 cujuslibet
1525 1853 1778 1912 peccatoris
1812 1852 1870 1897 ad
1895 1865 2104 1897 mensam

147 1919 320 1966 christi
342 1920 598 1965 accedentis
624 1929 865 1980 peccatum
892 1930 961 1965 est
985 1920 1321 1979 gravissimum.

237 2000 275 2045 3.
302 1987 600 2033 PRAETERBA.
617 1988 775 2047 ‘Magis
802 1998 870 2033 est
896 1987 1215 2032 abominabilis
1237 1989 1340 2032 Deo
1367 1987 1658 2032 immunditia
1684 1986 1941 2046 spiritualis,
1967 2001 2106 2047 quarn

147 2053 421 2113 corporalis:
453 2054 532 2099 sed
557 2055 596 2099 si
621 2056 721 2114 quis
745 2057 988 2114 projiceret
1009 2069 1174 2114 corpus
1199 2054 1371 2100 Christi
1395 2055 1442 2098 in
1469 2054 1630 2109 lutum,
1657 2054 1731 2099 vel
1757 2053 2106 2113 sterquilinium,

146 2120 467 2181 gtavissimum
491 2131 773 2180 reputaretur
794 2123 889 2179 ejus
907 2131 1172 2180 peccatum;
1199 2135 1312 2179 ergo
1331 2122 1511 2181 gravius
1533 2131 1707 2180 peccat,
1734 2121 1772 2165 si
1788 2121 1937 2180 ipsum
1956 2129 2107 2165 sumat

147 2202 254 2232 cum
278 2197 488 2246 peccato,
515 2189 636 2247 quod
663 2198 731 2232 est
755 2188 1046 2232 immunditia
1072 2187 1344 2248 spiritualis;
1377 2202 1489 2247 ergo
1515 2189 1605 2232 hoc
1639 2198 1881 2248 peccatum
1914 2197 1981 2232 est
2012 2201 2109 2247 gra-

146 2255 401 2300 vissimum.

235 2322 333 2368 SED
360 2335 556 2367 CONTRA
583 2332 666 2376 est,
701 2322 824 2381 quod
861 2336 994 2382 super
1026 2321 1137 2367 illud
1166 2322 1297 2381 Joan.
1331 2323 1494 2380 15.:,Si
1519 2337 1605 2367 non
1639 2324 1853 2376 venissem,
1886 2327 1922 2366 et
1953 2321 2110 2366 locutus

146 2390 203 2435 eis
224 2404 310 2434 non
324 2390 746 2449 fuissem,·peccatum
772 2404 857 2434 non
878 2389 1090 2443 haberent,
1118 2389 1227 2434 dicit
1248 2390 1440 2449 August,
1459 2390 1603 2448 (tract.
1620 2390 1691 2448 89.
1709 2391 1754 2433 in
1764 2390 1888 2446 Joan.
1908 2403 1934 2433 a
1943 2387 2110 2448 princ.)

147 2456 239 2501 hoc
263 2455 612 2516 intelligendum
633 2470 731 2501 esse
749 2457 803 2501 de
821 2466 1011 2516 peccato
1037 2456 1329 2512 infidelitatis,
1357 2471 1448 2516 quo
1474 2466 1683 2502 tenentur
1711 2465 1874 2501 cuncta
1895 2465 2108 2516 peccata:

150 2532 194 2569 et
215 2522 283 2567 ita
306 2523 484 2568 videtur
508 2523 600 2568 hoc
625 2534 868 2584 peccatum
892 2536 988 2568 non
1015 2516 1114 2568 egse
1140 2524 1475 2583 gravissimum,
1503 2525 1581 2569 sed
1604 2524 1751 2584 magis
1777 2534 2018 2583 peccatum
2048 2523 2111 2566 in-

148 2589 396 2636 fidelitatis.

239 2656 528 2703 Rnsvormzo
565 2657 823 2712 dicendum,
860 2659 998 2717 quod,
1031 2658 1147 2703 sicut
1191 2659 1238 2702 in
1274 2671 1315 2703 2.
1354 2658 1525 2703 dictum
1558 2667 1627 2703 est
1661 2658 1760 2717 (1—2.
1792 2673 1831 2716 q.
1861 2671 1920 2717 73.
1954 2662 2037 2702 art.
2065 2655 2107 2701 6.

150 2730 188 2771 et
212 2738 296 2770 2-2.
323 2738 364 2783 q.
409 2737 470 2783 73.
507 2730 589 2769 art.
616 2726 693 2784 3.),
726 2724 945 2784 dupliciter
977 2723 1161 2784 aliquod
1195 2736 1436 2785 peccatum
1471 2735 1622 2785 potest
1653 2726 1742 2770 dici
1779 2725 1960 2782 gravius
1994 2722 2112 2767 alio:

150 2805 233 2836 uno
274 2790 396 2835 modo
428 2804 508 2850 per
549 2804 622 2835 se:
663 2791 748 2836 alio
789 2791 911 2837 modo
948 2806 1029 2851 per
1065 2793 1291 2837 accidens.
1326 2793 1414 2836 Per
1446 2806 1494 2837 se
1531 2793 1715 2852 quidem
1756 2790 2007 2836 secundum
2046 2803 2113 2834 ra-

150 2858 326 2903 tionem
348 2871 456 2902 suae
473 2857 655 2917 speciei,
672 2871 790 2917 quae
817 2858 1058 2913 attenditur
1075 2873 1129 2903 ex
1146 2869 1271 2918 parte
1289 2860 1469 2918 objecti,
1486 2869 1531 2904 et
1546 2859 1800 2903 secundum
1815 2857 1922 2911 hoc,
1938 2865 2110 2915 quanto

151 2925 197 2971 id
222 2934 382 2970 contra
408 2923 529 2984 quod
556 2934 783 2983 peccatur,
810 2935 877 2969 est
901 2926 1064 2983 majus,
1091 2935 1219 2970 tanto
1241 2936 1483 2986 peccatum
1510 2936 1577 2970 est
1603 2925 1810 2983 gravius-‚3
1838 2934 1882 2968 et
1913 2923 2019 2982 quia
2051 2922 2114 2967 di-

150 2992 315 3037 vinitas
358 2991 528 3036 Christi
565 3001 631 3035 est
663 2992 811 3048 major
847 2991 1130 3037 humanitate
1167 2993 1322 3052 ipsius,
1359 3002 1404 3037 et
1439 2993 1535 3052 ipsa
1560 2992 1821 3035 humanitas
1847 3000 1914 3035 est
1945 2990 2111 3049 potior,

153 3073 292 3119 quam
317 3067 602 3103 sacramenta
627 3057 939 3111 humanitatis,
965 3058 1069 3102 inde
1096 3068 1164 3104 est
1188 3060 1310 3118 quod
1338 3060 1605 3119 gravissima
1631 3067 1818 3116 peccata
1844 3067 1961 3111 sunt,
1995 3070 2111 3116 quae

154 3125 501 3171 committuntur
525 3124 572 3169 in
600 3125 743 3183 ipsam
772 3124 1077 3180 divinitatem3
1104 3126 1220 3170 sicut
1246 3137 1314 3170 est
1340 3136 1580 3185 peccatum
1606 3124 1897 3178 infidelitatis,
1923 3134 1970 3168 et
2000 3123 2113 3168 blas-

153 3193 378 3253 phemiae.
406 3191 656 3237 Secundario
689 3200 843 3235 autem
875 3203 982 3235 sunt
1008 3194 1162 3250 gravia
1198 3203 1401 3251 peccata,
1431 3206 1547 3251 quae
1575 3191 1924 3235 committuntur
1956 3191 2003 3235 in
2034 3191 2116 3235 hu-

154 3260 420 3304 manitatem
463 3258 659 3312 Christi;
695 3258 814 3302 unde
853 3268 895 3309 et
929 3259 1089 3304 Matth.
1134 3272 1199 3303 12.
1237 3260 1423 3304 dicitur:
1453 3260 1542 3315 Qui
1574 3258 1727 3304 dixerit
1757 3259 1932 3303 verbum
1968 3264 2114 3303 contra

154 3327 313 3373 Filium
328 3328 523 3380 hominis,
545 3327 779 3370 remittetur
803 3326 841 3369 ei
851 3339 868 3377 ‚·
895 3327 968 3384 qui
994 3332 1129 3371 autem
1152 3326 1306 3370 dixerit
1323 3328 1496 3370 verbum
1514 3333 1660 3370 contra
1674 3326 1883 3385 Spiritum
1900 3325 2114 3378 Sanctum,

154 3408 239 3438 non
271 3394 556 3438 remitteturei
588 3407 715 3451 neque
746 3393 790 3435 in
822 3391 896 3436 boc
920 3393 1096 3447 saeculo,
1120 3407 1246 3451 neque
1268 3395 1311 3436 in
1334 3393 1501 3451 futuro⁸
1532 3393 1670 3436 Tertio
1698 3402 1852 3435 autem
1878 3391 1984 3436 loco
2011 3401 2116 3435 sunt

155 3469 500 3519 peccata,-quae
531 3459 879 3503 committuntur
905 3469 1063 3502 contra
1089 3469 1389 3512 sacramenta,
1418 3471 1533 3517 quae
1571 3459 1795 3517 pertinent
1827 3459 1883 3503 ad
1908 3457 2117 3502 humani-

155 3534 298 3572 tatem
324 3525 522 3581 Christi;
546 3524 592 3570 et
616 3534 721 3585 post
743 3525 856 3569 haec
884 3534 988 3570 sunt
1012 3525 1102 3570 alia
1116 3536 1305 3585 peccata
1332 3535 1491 3569 contra
1514 3539 1648 3584 puras
1672 3535 1916 3570 creaturas.
1937 3524 2024 3569 Per
2046 3537 2115 3569 ac·

159 3592 314 3637 cidens
340 3602 490 3638 autem
518 3606 661 3636 unum
686 3601 928 3652 peccatum
954 3601 1021 3636 est
1046 3592 1229 3652 gravius
1257 3591 1348 3636 alio
1375 3605 1429 3636 ex
1446 3602 1573 3651 parte
1600 3592 1856 3651 peccantis;
1882 3602 1991 3651 puta
2015 3605 2117 3651 pec-
