2352 3926
368 316 610 360 QUAESTIO
634 315 805 352 XXXVI.

299 408 350 442 Da
370 406 629 454 manifestationc
655 406 774 442 Christi
795 409 879 443 nati.

114 496 145 533 i.
163 496 287 532 Utrum
307 497 469 531 nativitas
485 495 615 531 Christi
632 497 788 531 debuerit
803 507 879 530 esse
897 497 1059 531 omnibus

224 548 422 585 manifesta.
679 580 681 582 .
882 573 886 578 -

113 600 147 636 ’3.
163 600 289 635 Utrum
312 601 468 635 debuerit
485 600 656 646 aliquibus
674 601 900 636 manifestari.

114 663 146 697 3.
165 651 303 693 Quibus
318 652 531 687 manifestari
548 654 716 686 debuerit.

110 716 146 748 4.
165 704 290 739 Utrum
308 705 463 739 debuerit
478 706 552 751 ipse
568 715 605 738 se
618 705 852 748 manifestare,
870 704 927 740 vel
939 705 1059 750 potius

224 756 437 791 manifestari
453 769 514 802 per
529 756 629 791 alios.

114 819 145 854 ς.
163 809 229 843 Per
242 808 357 855 qualia
371 809 583 844 manifestari
600 809 770 845 debuerit.

112 861 147 895 6.
157 857 217 895 *De
232 861 354 895 ordine
369 861 676 896 manifestationis.

111 922 147 958 7.
162 912 216 947 De
232 908 346 956 scena}
362 924 424 959 per
437 924 539 959 quam
555 913 776 948 manifestata
791 914 858 948 fuit
881 914 955 959 ejus
970 913 1059 947 nati-

224 965 327 1000 vitas.

112 1016 148 1051 8.
162 1016 215 1051 De
225 1018 448 1052 veneratione
458 1017 654 1064 Magorum,
668 1019 726 1064 qui
735 1029 796 1064 per
807 1017 944 1053 stellam
960 1017 1059 1052 Chri-

224 1069 270 1103 sti
285 1070 472 1105 navitatem
489 1077 744 1116 cognoverunt.

357 1201 602 1242 QUAESTIO
626 1203 816 1239 XXXVII.

179 1289 232 1326 De
254 1291 408 1338 legalibus
427 1293 512 1327 eirca
529 1299 662 1340 puerum
681 1293 792 1338 sesiam
814 1293 998 1328 observati-r.

115 1382 147 1407 t.
171 1372 298 1408 Utrum
313 1373 465 1409 voluerit
480 1375 692 1409 circumcidi⁴

17 1455 31 1476 1
112 1435 146 1460 a.
171 1424 296 1460 Utrum
318 1426 422 1460 fuerit
445 1427 693 1462 convenienter
724 1427 757 1461 ei
788 1438 918 1461 nomen
947 1428 1059 1474 impo-

114 1540 146 1574 3.
171 1488 470 1565 Uttiitilrlndebuerit
486 1531 603 1565 offerri
617 1533 654 1565 in
669 1530 815 1577 templo.

111 1593 146 1626 4.
171 1581 297 1617 Utrum
320 1593 429 1618 mater
444 1584 511 1617 Dei
535 1584 691 1617 debuerit
705 1583 883 1630 purganda
905 1583 949 1617 ad
970 1591 1062 1620 tem,-

224 1634 321 1680 plum
334 1636 513 1670 accedere.
650 1636 653 1639 ’

344 1769 589 1811 QUAESTIO
613 1769 822 1804 XXXVIII.

390 1859 442 1894 De
450 1860 618 1907 ‚baptimao
637 1859 665 1904 J
663 1860 787 1896 oannis.

115 1960 145 1983 1.
164 1949 288 1984 Utrum
304 1951 517 1985 conveniens
532 1950 649 1992 fuerit,
667 1950 761 1995 quod
771 1949 928 1995 joannes
945 1950 1059 1995 bapti-

223 2010 327 2036 zaret.
784 2019 789 2023 ¹

112 2065 147 2089 2.
164 2053 288 2088 Utrum
304 2053 364 2088 ille
379 2054 571 2101 baptismus
585 2054 691 2089 fuerit
706 2065 727 2088 a
741 2054 833 2089 Deo.

112 2117 145 2149 3.
162 2105 288 2141 Utrum
304 2106 492 2140 contulerit
507 2108 666 2152 gratiam.

108 2168 145 2201 4.
162 2156 287 2192 Utrum
302 2158 362 2192 alii
377 2167 512 2204 praeter
527 2158 704 2192 Christum
720 2158 784 2192 illo
802 2159 975 2204 baptismo
1000 2158 1061 2192 de-

197 2234 199 2237 ·
221 2210 360 2244 buerint
374 2212 552 2256 baptizari.

113 2272 144 2305 5.
161 2261 288 2297 Utrum
308 2263 500 2308 baptismus
523 2262 582 2297 ille
607 2274 743 2297 cessare
766 2264 936 2306 debuerit,
962 2262 1061 2297 Chri-

223 2323 280 2349 sto
297 2315 486 2361 baptizato.

112 2367 145 2401 6.
163 2365 288 2401 Utrum
304 2368 467 2413 baptizati
477 2368 803 2414 baptismoJoannis
811 2375 930 2402 essent
939 2375 1062 2413 postea

225 2419 420 2465 baptizandi
435 2420 607 2466 baptismo
625 2419 768 2454 Christi.

313 2554 606 2595 QUAESTIO
641 2555 859 2591 XXXIX.

348 2644 414 2679 ¹De
438 2645 652 2691 baptizatione
678 2643 810 2679 Christi.

115 2742 145 2768 ι.
161 2732 288 2768 Utrum
305 2733 464 2768 Christus
479 2735 635 2769 debuerit
651 2734 830 2780 baptizari.

112 2795 144 2819 2.
164 2785 289 2820 Utrum
305 2786 462 2821 debuerit
477 2787 642 2833 baptizari
658 2787 830 2832 baptismo
842 2786 1004 2833 Joanuis.

115 2848 148 2881 3.
163 2837 217 2872 De
233 2846 389 2884 tempore
405 2839 580 2884 baptismi.

111 2901 147 2932 4.
164 2888 219 2923 De
236 2889 318 2924 loco
334 2891 506 2936 baptismi.

114 2952 146 2985 5.
162 2942 216 2976 De
232 2953 275 2976 eo
292 2943 387 2989 quod
402 2951 484 2977 sunt
499 2944 532 2976 ei
549 2944 639 2977 coeli
656 2945 776 2989 aperti.

113 2994 145 3029 6.
163 2994 216 3028 De
243 2994 389 3040 Spiritus
417 2995 535 3029 Sancti
561 2998 776 3042 apparitione
800 2997 836 3030 in
861 2997 975 3042 specie
1001 3007 1060 3030 co-

223 3046 374 3081 lumbae.

110 3108 147 3144 7.
163 3097 289 3134 Utrum
304 3099 365 3134 illa
380 3099 543 3134 columba
558 3100 663 3135 fuerit
679 3112 797 3136 verum
814 3101 954 3136 animal.

35 3154 38 3155 ’
111 3150 146 3187 8.
162 3148 216 3184 De
231 3162 320 3187 voce
335 3153 468 3197 paterni
483 3154 692 3188 testimonii.

361 3341 367 3347 .
412 3286 655 3327 QUAEs'rlo
680 3287 754 3323 XL.

293 3372 345 3408 De
365 3374 459 3410 modo
479 3378 724 3412 conversationis
748 3376 880 3413 ebrini.

118 3473 150 3498 t.
174 3462 298 3498 Utrum
314 3461 474 3498 Christus
490 3464 647 3500 debuerit
670 3466 861 3501 solitariam
875 3468 983 3502 vitam
1000 3467 1060 3501 du-

226 3526 317 3558 cere,
333 3526 378 3550 an
394 3516 484 3550 inter
498 3516 660 3552 homines
676 3520 887 3554 conversari.

54 3589 56 3591 >
115 3575 150 3626 ξ.
174 3566 299 3603 Utrum
310 3567 468 3602 debuerit
475 3577 647 3604 austeram
658 3571 765 3604 vitam
775 3571 899 3605 ducere
912 3572 948 3605 in
965 3571 1060 3613 cibo,

226 3628 263 3654 et
278 3627 378 3665 potu,
394 3627 430 3654 et
444 3621 586 3663 vestitu,
602 3632 648 3656 an
658 3622 741 3678 aliia
757 3633 991 3657 communem.

737 200 905 256 'mnssx
947 216 1189 256 TERTIAE
1233 218 1438 257 PARTIS.
2044 220 2075 274 9

1131 329 1161 362 3.
1187 319 1310 353 Utrum
1328 319 1485 354 debuerit
1500 319 1634 364 abjecte
1654 320 1770 354 vivere
1794 319 1831 353 in
1845 318 1916 354 hoc
1932 320 2078 362 mundo,

1240 383 1283 405 an
1301 373 1336 405 in
1352 372 1496 413 divitiis,
1514 380 1549 405 et
1570 372 1716 405 honore.

1128 435 1161 465 4.
1188 422 1312 457 Utrum
1338 424 1494 458 debuerit
1510 425 1624 458 vivere
1641 424 1831 458 secundum
1847 423 1975 470 legem.

1359 551 1680 590 QUAESTIO
1717 549 1845 586 XLI.

1405 633 1454 666 De
1480 636 1650 668 tentatione
1677 633 1808 669 Christi.

1130 720 1160 743 1.
1185 709 1309 743 Utrum
1335 710 1548 743 conveniens
1565 698 1682 752 fuerit}
1701 709 1878 744 Christum
1894 710 2035 744 tentari.

1126 772 1160 796 2.
1186 762 1239 795 De
1255 761 1337 795 loco
1354 762 1573 796 tentationis.

1128 825 1158 858 3.
1185 813 1238 847 De
1254 821 1410 859 tempore
1426 815 1645 848 tentationis.

1126 877 1160 909 4.
1185 866 1238 899 De
1254 866 1376 909 modo,
1393 874 1429 899 et
1445 867 1564 900 ordine
1581 868 1799 902 tentationi&

1359 992 1662 1033 QUAESTIO
1702 992 1849 1028 XLII.

1417 1075 1468 1109 De
1490 1075 1636 1110 doctrina
1661 1074 1791 1110 Christi.

1129 1161 1160 1185 x.
1178 1149 1304 1184 Utrum
1319 1149 1479 1183 Christus
1495 1150 1650 1184 debuerit
1673 1150 1868 1196 praedicare
1885 1150 2000 1184 solum
2013 1150 2079 1197 Ju-

1240 1204 1348 1244 daeis,
1364 1202 1420 1237 vel
1438 1203 1541 1236 etiam
1559 1202 1769 1236 Gentilibus.

1127 1267 1160 1290 2.
1179 1255 1303 1289 Utrum
1320 1257 1355 1288 in
1372 1266 1434 1288 sua
1448 1256 1706 1300 praedicatione
1729 1256 1887 1289 debuerit
1910 1256 2078 1290 turbatio-

1239 1319 1318 1341 nem
1327 1308 1538 1353 Judaeorum
1555 1308 1675 1341 vitare.

1130 1371 1160 1404 3.
1178 1360 1303 1394 Utrum
1317 1360 1474 1393 debuerit
1482 1360 1679 1405 praedicare
1691 1359 1842 1405 publice,
1853 1360 1909 1394 vel
1922 1360 2074 1395 occulte.

1127 1424 1162 1456 4.
1181 1412 1304 1447 Utrum
1322 1412 1478 1445 debuerit
1502 1411 1626 1446 docere
1650 1411 1731 1446 solo
1747 1412 1868 1454 verbo,
1892 1412 1948 1447 vel
1972 1414 2077 1446 etiam

1241 1466 1386 1510 scripto.

1405 1592 1648 1633 QUAESTIO
1674 1591 1807 1627 XLIII.
1830 1617 1837 1623 .

1211 1675 1262 1709 De
1283 1675 1449 1709 miraculis
1471 1687 1492 1709 a
1517 1674 1643 1710 Christo
1659 1674 1761 1722 factis
1783 1675 1820 1708 in
1841 1674 1997 1721 generali.

1132 1775 1162 1798 1.
1181 1763 1305 1797 Utrum
1323 1762 1484 1796 Christus
1501 1763 1659 1797 debuerit
1675 1761 1842 1796 miracula
1857 1762 1986 1796 facere.

1128 1826 1161 1849 2.
1180 1815 1304 1849 Utrum
1321 1815 1443 1848 fecerit
1459 1826 1499 1848 ea
1514 1816 1641 1849 virtute
1658 1814 1786 1848 divina.

1129 1879 1161 1911 3.
1180 1868 1262 1908 Quo
1278 1876 1434 1913 tempore
1451 1868 1618 1912 inceperit
1634 1867 1799 1900 miracula
1814 1867 1940 1900 facere.

1127 1930 1160 1962 4.
1179 1920 1304 1954 Utrum
1327 1931 1388 1965 per
1403 1919 1567 1953 miracula
1591 1919 1695 1952 fuerit
1710 1918 1920 1953 sufficienter
1935 1926 2078 1952 ostensa

1239 1974 1313 2017 ejus
1329 1973 1503 2007 divinitas.

1396 2099 1640 2140 QUAESTIO
1676 2099 1806 2135 XLIV.

1300 2180 1351 2216 De
1372 2182 1538 2216 miraculis
1563 2181 1684 2216 Christi
1705 2183 1742 2216 in
1762 2181 1907 2228 speciali.

1131 2277 1160 2300 1.
1178 2266 1232 2299 De
1248 2265 1439 2307 miraculis,
1463 2277 1550 2312 quae
1573 2266 1732 2300 Christus
1757 2266 1842 2300 fecit
1865 2267 1957 2300 circa
1980 2267 2079 2312 spiri-

1239 2318 1351 2352 tuales
1381 2319 1607 2361 substantias,
1640 2327 1755 2352 utrum
1790 2319 1918 2352 fuerint
1951 2329 2079 2353 conve-

1240 2372 1384 2405 nientia.

1128 2434 1159 2457 2.
1179 2423 1232 2456 De
1248 2423 1438 2465 miraculis,
1456 2435 1543 2469 quae
1560 2422 1721 2457 Christus
1739 2423 1824 2457 fecit
1848 2424 1939 2457 circa
1964 2423 2079 2457 coele·

1239 2477 1306 2509 stia
1323 2487 1482 2521 corpora.

1129 2538 1161 2572 3.
1180 2528 1234 2561 De
1261 2528 1451 2571 miraculis,
1481 2539 1567 2574 quae
1596 2527 1757 2561 Christus
1779 2527 1865 2562 fecit
1890 2529 1982 2562 circa
2011 2528 2078 2561 ho-

1239 2581 1364 2613 mines.

1127 2643 1161 2675 4.
1179 2632 1232 2665 De
1249 2632 1438 2675 miraculis,
1456 2643 1542 2678 quae
1559 2632 1720 2667 Christus
1735 2632 1819 2667 fecit
1835 2633 1927 2666 circa
1942 2633 2078 2666 irratio·

1240 2684 1336 2718 nales
1355 2693 1540 2719 creaturas.

1412 2808 1656 2852 QUAESTIO
1681 2811 1789 2846 XLV.

1351 2893 1402 2927 De
1427 2892 1702 2939 transfiguratione
1729 2891 1859 2927 Christi.

1131 2987 1160 3009 1.
1186 2975 1311 3010 Utrum
1336 2976 1548 3010 conveniens
1564 2975 1680 3017 fuerit,
1700 2974 1875 3008 Christum
1891 2973 2074 3018 transfigu-

1240 3029 1318 3061 rari.

1127 3091 1160 3114 2.
1186 3079 1309 3114 Utrum
1326 3080 1464 3114 claritas
1488 3079 1802 3124 transfigurationis
1820 3078 1923 3111 fuerit
1939 3076 2076 3111 claritas

1239 3132 1407 3177 gloriosa.

1131 3195 1160 3228 3.
1185 3184 1310 3218 Utrum
1327 3185 1576 3219 convenienter
1591 3184 1730 3217 adducti
1747 3183 1874 3216 fuerint
1886 3189 1993 3215 testes
2011 3181 2075 3214 hu·

1237 3237 1390 3281 jusmodi
1406 3237 1731 3282 transfigurationis.

1126 3299 1160 3331 4.
1186 3288 1239 3321 De
1256 3289 1460 3323 testimonio
1478 3297 1639 3334 paternae
1656 3288 1769 3321 vocis.

1352 3414 1652 3457 QUAESTIO
1688 3411 1848 3447 XLVI.

1420 3495 1470 3530 De
1488 3496 1632 3542 passione
1659 3493 1790 3528 Christi.

1154 3582 1184 3606 1.
1209 3571 1333 3606 Utrum
1358 3571 1570 3605 conveniens
1595 3569 1711 3610 fuerit,
1730 3567 1907 3602 Christum
1923 3567 1994 3613 pati
2010 3577 2073 3613 pro

1261 3623 1465 3657 liberatione
1482 3622 1675 3655 hominum.
