2352 3926
336 211 445 266 260
860 224 1140 271 QUAESTIO
1178 225 1310 265 xxx.
1350 224 1658 266 ARTICULUs
1698 226 1772 265 1v.

335 338 610 388 conceptum
636 327 683 370 in
709 327 800 371 hoc
828 327 949 386 quod
973 327 1104 371 dixit.
1130 328 1340 372 Dominus
1362 334 1519 382 tecum;
1540 339 1584 374 et
1604 328 1938 389 praenuntiavit
1952 329 2182 376 honorem
2194 345 2301 386 con-

333 406 614 455 sequentem,
639 409 744 438 cum
770 394 902 438 dixit:
930 394 1150 439 Benedicta
1176 401 1220 440 tu
1255 397 1300 439 in
1331 396 1605 450 mulieribus;
1639 395 1812 441 secundo
1850 405 2004 441 autem
2038 388 2300 445 intendeBat

334 477 437 507 eam
463 463 683 506 instruere
710 461 765 504 de
788 463 1006 521 mysterio
1036 461 1376 517 incarnationis,
1404 462 1525 522 quod
1556 463 1605 507 in
1638 477 1691 507 ea
1718 472 1814 507 erat
1845 462 2167 523 implendum,
2175 466 2301 527 quod

334 530 518 589 quidem
543 529 651 573 fecit
675 528 1036 588 praenuntiando
1065 539 1356 588 conceptum,
1381 540 1425 574 et
1450 540 1647 589 partum,
1673 529 1852 574 dicens:
1886 531 1992 576 Ecce
2023 533 2226 592 concipies
2253 534 2300 578 in

332 605 464 652 utero,
494 607 593 651 etc„
626 607 671 641 et
704 596 987 642 ostendendo
1020 597 1288 656 dignitatem
1322 596 1462 657 prolis
1497 606 1764 657 conceptae,
1796 611 1901 642 cum
1937 597 2070 643 dixit:
2101 598 2189 645 Hic
2220 602 2302 646 erit

332 680 520 724 magnus,
546 675 646 719 etc.,
675 674 719 709 et
744 664 882 708 etiam
899 665 1256 709 demonstrando
1284 665 1476 709 modum
1495 664 1825 724 conceptionis,
1841 678 1949 709 cum
1970 664 2098 710 dixit:
2120 665 2301 726 Spiritus

334 734 510 778 Sanctus
533 734 792 798 superveniet
816 733 861 775 in
884 738 946 784 te;
981 733 1098 776 tertio
1126 732 1390 776 intendebat
1417 735 1623 776 animum
1650 733 1747 791 ejus
1772 731 1989 776 inducere
2021 731 2078 776 ad
2111 746 2300 779 consen-

331 815 448 854 sum,
472 800 592 859 quod
617 799 802 859 quidem
828 798 933 844 fecit
957 798 1167 858 exemplo
1195 799 1442 854 Elisabeth,
1462 809 1506 844 et
1526 800 1703 844 ratione
1727 813 1780 843 ex
1798 797 1951 843 divina
1966 800 2301 860 omnipotentia

336 878 531 926 sumpta.

422 935 498 979 An
523 947 713 980 PRIMUM
731 948 842 992 ergo
870 933 1128 988 dicendum,
1152 933 1275 992 quod
1294 935 1450 978 animo
1467 933 1633 977 humili
1648 932 1764 977 nihil
1786 943 1853 978 est
1877 931 2142 988 mirabilius,
2160 947 2299 993 quam

334 1002 512 1046 auditus
539 1016 647 1045 suae
675 1000 994 1046 excellentiae:
1023 1001 1265 1045 admiratio
1289 1011 1444 1045 autem
1471 1001 1670 1045 maxime
1690 1000 1991 1044 attentionem
2009 999 2152 1045 animi
2170 999 2299 1045 facit:

334 1081 378 1114 et
403 1070 507 1113 ideo
535 1068 725 1128 angelus
751 1068 913 1113 volens
940 1078 1146 1112 mentem
1173 1067 1374 1126 Virginis
1407 1078 1626 1112 attentam
1653 1068 1841 1112 reddere
1868 1067 1925 1112 ad
1951 1067 2158 1113 auditum
2186 1069 2302 1113 tanti

335 1137 556 1197 mysterii,
585 1137 638 1180 ab
667 1137 762 1194 ejus
784 1135 918 1179 laude
944 1136 1126 1194 incepit.

422 1204 498 1248 AD
542 1217 804 1248 SECUNDUM
848 1203 1107 1258 dicendum,
1152 1203 1274 1262 quod
1316 1203 1531 1248 Ambros.
1575 1217 1784 1262 expresse
1820 1203 1928 1248 dicit
1959 1218 2095 1263 super
2126 1204 2300 1249 Lucam

329 1273 442 1331 (cap.
465 1288 500 1316 1.
522 1280 644 1331 super
666 1270 795 1315 illud:
838 1271 1059 1327 Quomodo
1076 1271 1151 1329 fiet
1176 1270 1284 1314 istud
1302 1272 1341 1328 Ρ)
1371 1271 1494 1329 quod
1521 1271 1570 1314 B.
1598 1271 1743 1328 Virgo
1771 1270 1826 1314 de
1851 1270 2000 1315 verbis
2027 1270 2179 1330 angeli
2203 1286 2300 1316 non

329 1339 573 1384 dubitavit:
602 1338 708 1382 dicit
736 1340 886 1382 enim:
919 1353 942 1378 <c
968 1337 1319 1396 Temperantior
1347 1347 1414 1381 est
1440 1337 1612 1380 Mariae
1640 1337 1893 1395 responsio,
1916 1351 2056 1396 quam
2077 1338 2216 1393 verba
2236 1354 2303 1384 sa-

330 1407 549 1451 cerdotis:
576 1406 693 1449 haec
722 1405 802 1449 ait:
836 1404 1058 1462 Quomodo
1076 1406 1150 1463 fiet
1175 1405 1322 1449 istud?
1350 1404 1430 1447 Ille
1457 1404 1709 1462 respondit:
1744 1404 1856 1448 Unde
1874 1405 1948 1449 hoc
1961 1407 2094 1449 sciam
2111 1406 2133 1451 Ρ
2152 1405 2304 1466 Negat

327 1474 404 1519 ille
437 1488 484 1518 se
518 1473 717 1526 credere,
745 1473 823 1531 qui
849 1481 989 1530 negat
1013 1486 1062 1515 se
1089 1470 1230 1516 scire:
1258 1472 1344 1515 ista
1366 1486 1414 1516 se
1442 1470 1592 1515 facere
1618 1470 1867 1530 profitetur,
1892 1485 1978 1516 nec
2006 1471 2180 1517 dubitat
2201 1487 2302 1518 esse

325 1541 601 1593 faciendum,
630 1539 752 1598 quod
796 1538 1034 1597 quomodo
1076 1538 1173 1582 fieri
1214 1539 1369 1597 possit,
1406 1537 1592 1596 inquirit
1617 1553 1672 1591 »3
1699 1538 1894 1597 August.
1935 1548 2092 1584 tamen
2123 1539 2304 1587 videtur

328 1609 491 1661 dicere,
520 1607 642 1666 quod
664 1606 955 1649 dubitaverit:
986 1605 1093 1648 dicit
1116 1605 1238 1648 enim
1265 1605 1311 1648 in
1338 1604 1413 1648 lib.
1448 1604 1559 1658 QQ.
1577 1604 1770 1659 Veteris,
1798 1615 1843 1650 et
1863 1605 1986 1651 Novi
2014 1605 2140 1652 Test.
2160 1608 2223 1668 (q.
2239 1622 2302 1668 51.

329 1677 428 1720 circ.
448 1674 630 1734 princ.):
671 1673 985 1731 «Ambigenti
1013 1673 1187 1716 Mariae
1221 1672 1275 1716 de
1311 1682 1534 1731 conceptu
1570 1672 1918 1731 possibilitatem
1950 1673 2140 1733 angelus
2175 1689 2303 1734 prae-

329 1743 450 1786 dicat
466 1757 507 1795 »3
526 1741 605 1785 sed
623 1740 724 1784 talis
752 1740 972 1783 dubitatio
994 1739 1141 1798 magis
1161 1749 1228 1783 est
1257 1739 1585 1793 admirationiS,
1610 1754 1748 1798 quam
1771 1739 2122 1786 incredulitatis:
2141 1751 2186 1787 et
2197 1742 2303 1787 ideo

328 1808 647 1869 probationem
691 1806 880 1865 angelus
921 1806 1108 1860 inducit,
1137 1821 1232 1850 non
1267 1806 1322 1850 ad
1357 1805 1651 1850 auferendam
1682 1806 2012 1863 infidelitatem,
2044 1808 2124 1853 sed
2155 1811 2304 1869 magis

329 1876 385 1920 ad
417 1874 748 1920 removendam
774 1875 869 1933 ejus
898 1874 1262 1918 admirationem.

420 1943 496 1987 AD
517 1955 734 1987 TERTIUM
753 1941 1011 1997 dicendum,
1039 1941 1176 1999 quod,
1204 1941 1320 1984 sicut
1342 1939 1555 1985 Ambros.
1576 1940 1684 1984 dicit
1700 1940 1746 1984 in
1774 1941 1979 1986 Hexame
2009 1942 2150 2003 (impl.
2167 1943 2236 1990 lib.
2265 1958 2305 2004 5,

329 2019 422 2071 cap.
441 2026 506 2056 ro.
524 2016 560 2055 et
582 2018 674 2069 sup.
698 2009 802 2053 illud
820 2009 923 2052 Luc.
949 2024 1013 2053 1.:
1037 2010 1256 2067 Exurgens
1273 2009 1422 2052 Maria
1438 2023 1454 2060 ,⁰
1482 2014 1518 2053 et
1549 2016 1641 2068 cap.
1665 2010 1706 2054 8.
1730 2017 1823 2068 sup.
1849 2009 1986 2054 illud:
2006 2009 2157 2057 Adhuc
2177 2026 2222 2056 ιο
2249 2012 2306 2057 lo-

331 2080 511 2138 quente),
531 2094 553 2119 «
565 2077 622 2120 ob
633 2077 724 2120 hoc
739 2074 910 2120 multae
928 2074 1101 2120 steriles
1114 2085 1399 2134 pepererunt,
1411 2085 1460 2119 ut
1469 2085 1621 2134 partus
1646 2075 1853 2119 credatur
1865 2076 2066 2135 Virginis
2080 2092 2121 2132 »ς
2139 2088 2185 2123 et
2199 2078 2304 2124 ideo

332 2155 583 2205 conceptus
609 2143 842 2188 Elisabeth
869 2142 1032 2187 sterilis
1057 2143 1298 2196 inducitur,
1326 2157 1419 2186 non
1447 2143 1576 2201 quasi
1602 2142 1831 2187 sufficiens
1863 2153 2200 2202 argumentum,
2225 2147 2306 2193 sed

333 2213 462 2274 quasi
495 2213 726 2271 quoddam
753 2210 945 2269 figurale
970 2209 1257 2268 exemplum3
1285 2219 1330 2252 et
1355 2209 1458 2252 ideo
1483 2209 1538 2252 ad
1571 2208 1971 2254 confirmationem
1996 2211 2133 2270 hujus
2158 2226 2307 2258 exem-

331 2280 396 2340 pli
421 2279 623 2323 subditur
651 2287 972 2334 argumentum
1001 2275 1159 2319 efficax
1188 2289 1241 2318 ex
1268 2275 1602 2333 omnipotentia
1629 2276 1794 2320 divina.
1812 2277 1952 2335 (Haec
1969 2280 2194 2338 expressius
2210 2280 2306 2326 hab.

330 2346 458 2390 Basil.
486 2345 690 2389 Seleuciae
716 2344 825 2387 hom.
852 2358 907 2401 13.
934 2357 1039 2402 quae
1064 2349 1120 2387 est
1146 2344 1191 2386 in
1218 2343 1375 2399 sonam
1407 2349 1502 2387 ante
1523 2342 1625 2387 med.
1659 2349 1695 2388 et
1731 2343 1856 2403 Greg.
1888 2344 2010 2404 Nyss.
2042 2346 2090 2390 in
2116 2346 2225 2392 hom.
2259 2347 2307 2393 dc

330 2412 482 2458 Natali
509 2412 640 2456 Dom.
659 2412 734 2456 cir.
762 2411 906 2468 med).

947 2709 1394 2786 QUAESTIO
1444 2710 1686 2772 XXXI.

731 2864 818 2903 DE
882 2863 1376 2904 CONCEPTIONE
1446 2865 1474 2905 S
1489 2865 1575 2904 AL
1590 2865 1897 2908 VATORIS

359 2953 570 3005 QUOAD
611 2953 931 2993 MATERIAM
980 2953 1059 2992 DE
1115 2951 1240 3003 QUA
1291 2953 1515 2995 CORPUS
1559 2955 1696 3006 EJUS
1743 2945 2103 2999 CONCEPTUM
2148 2958 2272 3009 EST,

882 3042 947 3081 IN
983 3041 1136 3082 OCTO
1170 3042 1500 3083 ARTICULOS
1531 3044 1752 3085 DIVISA.

418 3211 597 3257 Deinde
625 3210 1010 3256 considerandum
1046 3221 1113 3255 est
1145 3210 1200 3255 de
1233 3211 1328 3270 ipsa
1357 3214 1660 3272 conceptione
1693 3213 1967 3264 Salvatoris:
1988 3217 2137 3277 primo
2160 3197 2300 3277 quan-

327 3291 425 3325 tum
453 3281 509 3325 ad
549 3279 806 3332 materiam,
834 3279 888 3323 de
918 3293 1005 3338 qua
1033 3279 1128 3336 ejus
1158 3292 1322 3337 corpus
1350 3291 1626 3339 conceptum
1665 3291 1754 3338 est;
1779 3283 2212 3343 vsecundo,quantum
2239 3281 2296 3332 ad

328 3347 645 3407 conceptionis
673 3356 935 3400 auctorem;
964 3347 1080 3390 tertio
1109 3355 1329 3404 quantum
1357 3348 1411 3390 ad
1439 3348 1646 3403 modum,
1664 3360 1708 3394 et
1734 3349 1943 3397 ordinem
1969 3351 2297 3411 conceptionis.

928 3458 1057 3504 Circa
1080 3459 1272 3518 primum
1305 3466 1565 3518 quaeruntur
1596 3467 1701 3508 octo.
2326 3460 2347 3507 ἔς

414 3550 583 3594 Primo.
618 3550 785 3595 Utrum
810 3563 917 3593 caro
949 3548 1120 3593 Christi
1147 3547 1280 3593 fuerit
1302 3560 1482 3609 sumpta
1510 3551 1565 3596 de
1593 3551 1758 3597 Adam.
2331 3522 2345 3547 ι’

416 3617 644 3662 Secundo.
684 3617 850 3662 Utrum
875 3615 1011 3662 fuerit
1035 3625 1216 3675 sumpta
1243 3616 1298 3661 de
1325 3617 1490 3663 David.
