2352 3926
207 204 312 260 302
682 199 960 246 QUAESTIO
1001 197 1166 237 XXXV.
1208 195 1516 239 ARTICULUS
1555 194 1671 239 vm.

207 304 401 349 ordinata
425 309 521 348 sunt
543 303 686 360 (Rom.
705 316 745 360 13
751 301 798 358 .)‚
829 309 874 344 et
896 299 1221 347 convenienter
1247 296 1481 358 disposita,
1503 309 1788 356 consequens
1805 301 1887 351 est,
1902 295 2037 385 quod
2058 311 2165 349 con-

205 371 549 416 venientissimo
576 379 783 427 ternpore
813 367 1023 411 Christus
1047 373 1323 411 nasceretur.

296 438 372 482 AD
399 449 586 481 PRIMUM
610 449 720 493 ergo
739 433 999 487 dicendum,
1023 433 1146 492 quod
1174 431 1383 476 Christus
1408 440 1597 481 venerat
1621 444 1707 475 nos
1733 429 1779 474 in
1805 399 1979 503 statuQ
1991 415 2170 487 liberta?

204 506 260 550 tis
286 505 502 548 reducere
531 504 585 546 de
613 511 731 547 statu
759 500 1010 545 servitutis:
1039 509 1084 544 et
1104 499 1209 544 ideo
1236 499 1354 544 sic-ut
1378 497 1706 543 mortalitatem
1727 505 1932 543 nostram
1958 491 2170 558 suscepit,

205 582 254 617 ut
279 586 364 615 nos
392 571 447 615 ad
474 570 617 614 vitam
643 569 907 613 reduceret:
935 568 1013 622 ita,
1038 576 1090 611 ut
1114 566 1239 612 Beda
1265 566 1373 610 dicit
1401 566 1510 624 (cap.
1527 579 1565 641 5.
1587 566 1633 608 in
1659 565 1748 608 Luc
1752 564 1802 622 .)‚
1833 579 1858 605 ιε
1874 577 1931 610 eo
1957 573 2167 624 tempore

206 639 415 698 dignatus
436 647 504 682 est
519 636 759 690 incarnari,
783 649 874 695 quo
898 649 1007 679 mox
1024 644 1156 679 natus
1183 634 1340 678 censui
1363 633 1400 678 C
1408 633 1573 676 tesaris
1597 631 1940 687 adscriberetur,
1951 640 2093 691 atque
2110 631 2168 676 ob

204 708 348 750 nostri
373 704 692 748 liberationem
719 704 815 762 ipse
843 701 1026 747 servitio
1053 702 1377 755 subderetur»
1404 710 1611 776 tempore
1640 698 1779 743 etiam
1810 697 1906 754 illo,
1928 712 2024 758 quo
2046 708 2170 755 tqtm

206 773 327 817 orbis
353 772 433 816 sub
468 785 560 815 uno
588 770 791 829 principe
812 769 1008 824 vivebat,
1032 769 1234 813 maxima
1256 783 1342 828 pax
1367 767 1487 810 fuit
1476 781 1522 809 1n
1550 765 1748 810 mundo:
1777 774 1821 809 et
1836 764 1941 809 ideo
1964 765 2168 826 decebat,

204 850 253 884 ut
278 839 358 884 illo
385 849 593 896 tempore
628 837 836 882 Christus
861 846 1135 889 nasceretur,
1163 837 1235 894 qui
1259 842 1316 880 est
1327 843 1416 894 pax
1441 840 1599 888 nostra,
1628 834 1783 889 faciens
1814 839 1991 892 utraque
2024 847 2170 887 unum,

204 917 253 951 ut
278 906 440 950 dicitur
465 905 630 964 Ephes.
659 917 725 959 2.;
758 903 876 948 unde
899 904 1087 948 Hieron.
1115 903 1223 947 dicit
1247 916 1381 961 super
1407 901 1492 944 Isa.
1521 901 1632 959 (sup.
1660 899 1763 944 illud
1784 907 1874 959 cap.
1897 914 1964 950 2..·
1991 900 2091 944 Non
2111 899 2171 953 la*-

203 975 324 1018 vabit
335 988 444 1032 gens,
468 972 590 1030 etc.):
619 971 848 1016 «Veteres
867 971 903 1015 si
929 969 1222 1014 revolvamus
1243 968 1471 1021 historias,
1493 967 1778 1011 inveniemus
1805 981 1948 1025 usque
1971 967 2026 1010 ad
2048 965 2171 1026 vige-

204 1041 372 1085 simum
400 1050 615 1084 octavum
643 1053 814 1083 annum
841 1038 1051 1082 Caesaris
1074 1037 1271 1095 Augusti
1292 1036 1338 1080 in
1360 1046 1458 1079 toto
1478 1035 1586 1078 orbe
1603 1044 1826 1078 terrarum
1843 1033 1982 1079 fuisse
2001 1033 2168 1079 discor-

205 1109 351 1153 diam:
380 1118 481 1152 orto
509 1117 662 1151 autem
688 1107 910 1160 Domino,
939 1105 1095 1149 omnia
1120 1103 1241 1148 bella
1269 1111 1572 1156 cessaverunt,
1600 1101 1854 1145 secundum
1869 1100 1982 1146 illud
1998 1101 2084 1146 Isa.
2103 1113 2144 1145 2.

204 1177 303 1221 Non
319 1176 475 1220 levabit
496 1190 590 1234 gens
616 1181 759 1219 contra
775 1180 974 1232 gentem
958 1172 1139 1216 uladium
1159 1188 1181 1212 »
1201 1187 1209 1196 ·
1201 1170 1520 1228 ‚congruebat
1539 1170 1691 1223 etiam,
1714 1179 1762 1212 ut
1780 1169 1827 1212 in
1845 1167 1925 1212 illo
1941 1178 2171 1245 tempore,

204 1257 295 1302 quo
323 1258 438 1286 unus
464 1243 673 1302 princeps
703 1241 1022 1285 dominabatur
1048 1240 1093 1282 in
1122 1239 1312 1292 mundo,
1340 1237 1549 1281 Christus
1573 1246 1850 1290 nasceretur,
1877 1235 1955 1294 qui
1985 1245 2173 1281 venerat

204 1325 485 1369 congregare
523 1323 629 1354 suos
671 1309 716 1352 in
759 1323 916 1361 unum,
954 1317 1002 1351 ut
1040 1317 1157 1351 esset
1192 1321 1323 1350 unum
1358 1305 1480 1358 ovile,
1515 1310 1551 1348 et
1589 1319 1696 1348 unus
1730 1310 1893 1363 pastor,
1928 1313 1978 1348 ut
2008 1302 2172 1348 dicitur

200 1377 332 1435 Joan.
367 1391 433 1422 10.

294 1444 370 1488 AD
405 1456 664 1488 SECUNDUM
692 1442 951 1495 dicendum,
978 1441 1100 1499 quod
1132 1440 1236 1483 ideo
1266 1438 1475 1482 Christus
1501 1437 1620 1496 regis
1654 1424 1937 1496 alienigenae
1959 1446 2170 1496 tempore

203 1511 329 1555 nasci
346 1510 505 1564 voluit,
523 1520 572 1554 ut
597 1509 862 1568 impleretur
888 1508 1127 1567 prophetia
1153 1506 1295 1564 Jacob
1315 1505 1504 1549 dicentis
1525 1504 1691 1549 Genes.
1714 1503 1910 1563 penult&
1943 1504 2044 1550 Non
2059 1505 2172 1562 aufe·

203 1585 319 1623 retur
348 1585 553 1638 sceptrum
585 1577 632 1621 de
652 1576 778 1633 suda,
813 1582 849 1619 et
880 1575 964 1619 dux
997 1575 1042 1618 de
1065 1575 1228 1633 femore
1260 1575 1368 1631 ejus,
1396 1572 1520 1616 donec
1551 1573 1710 1625 veniat,
1739 1573 1812 1630 qui
1841 1570 2061 1622 mittendus
2085 1577 2172 1618 ast.-

205 1646 326 1704 quia,
353 1655 401 1688 ut
428 1645 669 1703 Chrysost.
704 1643 812 1686 dicit
838 1656 972 1701 super
998 1641 1159 1685 Matth.
1188 1641 1321 1698 (hom.
1348 1654 1388 1684 2.
1422 1641 1467 1682 in
1484 1647 1548 1698 op.
1582 1639 1750 1698 imperf.
1769 1641 1972 1698 paramus
1987 1638 2172 1699 princ),

209 1729 231 1754 «
250 1712 466 1772 quamdiu
487 1712 674 1770 Judaica
691 1725 803 1768 gens
826 1710 905 1753 sub
920 1708 1119 1767 Judaicis
1137 1707 1342 1766 regibus,
1350 1706 1558 1766 quamvis
1575 1705 1906 1765 peccatoribus,
1921 1705 2172 1760 tenebatur,

204 1778 463 1838 Prophetae
490 1778 784 1821 mittebantur
812 1777 866 1819 ad
893 1774 1148 1819 remedium
1175 1776 1294 1833 ejus:
1332 1788 1453 1818 nunc
1483 1780 1635 1817 autem
1662 1772 1844 1832 quando
1870 1771 1943 1819 lex
1967 1772 2058 1817 Dei
2087 1772 2169 1829 sub

204 1856 427 1906 potestate
454 1845 572 1904 regis
607 1844 749 1903 iniqui
767 1843 1031 1896 tenebatur,
1063 1842 1264 1885 nascitur
1292 1841 1327 1885 C
1334 1841 1524 1895 hristus
1552 1840 1657 1899 quia
1683 1853 1882 1898 magna,
1897 1849 1944 1885 et
1969 1839 2173 1899 despera-

205 1913 355 1957 rabilis
382 1912 619 1956 infirmitas
642 1907 874 1955 medicum
902 1909 1264 1953 artificiosiorem
1294 1907 1594 1966 quaerebat».

294 1981 370 2024 AD
398 1992 613 2024 TERTIUM
641 1978 900 2030 dicendum,
938 1976 1074 2035 quod,
1109 1977 1225 2020 sicut
1258 1975 1420 2019 dicitur
1451 1975 1499 2018 in
1531 1973 1606 2018 lib.
1634 1973 1689 2018 de
1719 1972 1831 2026 QQ.
1863 1982 1952 2017 vet.
1986 1982 2031 2017 et
2060 1972 2172 2017 novi

207 2046 412 2092 Testam.
439 2046 493 2104 (q.
522 2059 579 2105 53.
613 2047 721 2089 inter
744 2053 810 2103 op.
845 2045 954 2101 Aug.
954 2044 995 2100 ),
1028 2052 1174 2086 «tunc
1204 2042 1414 2086 Christus
1441 2042 1568 2085 nasci
1588 2040 1954 2100 voluit,1quando
1980 2040 2057 2084 lux
2083 2039 2173 2085 diei

206 2123 491 2158 crementum
517 2112 674 2170 incipit
701 2112 907 2169 accipere
925 2126 974 2164 »3
1002 2120 1050 2153 ut
1068 2110 1396 2164 ostenderetur,
1415 2109 1537 2167 quod
1559 2109 1655 2167 ipse
1671 2118 1874 2162 venerat,
1892 2117 1940 2153 ut
1955 2107 2171 2153 homines
2328 2147 2332 2150 ,

206 2189 460 2225 crescerent
484 2180 531 2223 in
557 2179 710 2222 lucem
738 2177 956 2231 divinam,
979 2177 1235 2221 secundum
1264 2175 1375 2220 illud
1402 2175 1514 2219 Luc.
1547 2190 1609 2220 1.:
1650 2175 1898 2220 Illuminare
1923 2175 1998 2228 his,
2026 2175 2098 2234 qui
2126 2175 2173 2219 in
2338 2192 2352 2235 ⁷⁴.

205 2249 393 2302 tenebris,
417 2249 519 2291 etin
552 2247 704 2290 umbra
725 2247 870 2289 mortis
900 2244 1064 2288 sedent:
1099 2243 1305 2287 similiter
1332 2243 1471 2287 etiam
1504 2243 1791 2301 asperitatem
1822 2242 2003 2302 hyemis
2034 2239 2174 2301 elegit
2342 2243 2352 2257 ·“

207 2315 261 2359 ad
287 2315 586 2368 nativitatem,
612 2322 662 2357 ut
687 2326 741 2357 ex
766 2322 874 2356 tunc
903 2311 1051 2355 carnis
1081 2310 1338 2355 afflictionis
1365 2320 1594 2370 pateretur
1619 2324 1702 2368 pro
1727 2309 1874 2360 nobis.

803 2650 1252 2728 QUAESTIO
1303 2647 1610 2708 XXXVI.

209 2809 290 2850 DE
310 2807 443 2849 MAN
447 2806 843 2848 IFESTATIONE
865 2805 1100 2846 CHRISTI
1128 2804 1290 2853 NATI,
1318 2803 1383 2843 IN
1409 2801 1563 2843 OCTO
1593 2801 1924 2843 ARTICULOS
1946 2800 2167 2843 DIVISA.

294 2983 475 3030 Deinde
509 2982 892 3037 considerandum
919 2992 985 3026 est
1012 2981 1066 3026 de
1092 2978 1460 3025 manifestatione
1489 2977 1658 3023 Christi
1690 2977 1799 3023 nati.

830 3095 886 3140 El
911 3095 1025 3139 circa
1052 3093 1125 3137 hoc
1153 3098 1412 3152 quaeruntur
1438 3097 1541 3136 octo.

297 3186 469 3231 Primo.
503 3185 669 3230 Utrum
695 3183 907 3229 nativitas
929 3181 1102 3227 Christi
1124 3182 1329 3226 debuerit
1357 3195 1454 3225 esse
1481 3180 1696 3225 omnibus
1722 3177 1977 3227 manifesta.
2021 3230 2023 3232 ,
2084 3212 2088 3213 ⁷

297 3254 527 3299 Secundo.
561 3253 728 3297 Utrum
755 3251 959 3295 debuerit
986 3249 1209 3308 aliquibus
1237 3247 1527 3292 manifestari.

298 3319 472 3365 Tertio.
510 3319 688 3373 Quibus
711 3316 989 3362 manifestari
1017 3316 1231 3361 debuerit.

301 3389 494 3442 Quarto.
528 3387 694 3432 Utrum
729 3385 932 3430 debuerit
961 3384 1057 3443 ipse
1090 3397 1138 3428 se
1171 3382 1475 3438 manifestare,
1507 3381 1581 3427 vel
1605 3381 1756 3442 potius
1782 3379 2061 3435 manifestari
2088 3394 2170 3441 per

209 3455 338 3500 alios.

302 3522 492 3575 Quinto.
526 3521 613 3566 Per
639 3534 755 3582 quae
783 3518 871 3564 alia
897 3515 1175 3564 manifestari
1203 3516 1420 3563 debuerit.

303 3591 455 3636 Sexto.
483 3591 554 3635 De
582 3589 739 3635 ordine
767 3585 1199 3634 manifestationum.

2335 3823 2352 3926 Ξ
