2352 3926
649 235 928 282 QUABSTIO
967 235 1100 273 XXII.
1141 234 1449 274 ARTICULUS
1487 234 1523 272 1.
1952 233 2056 288 205

55 325 65 383 f
92 348 142 385 et
159 353 242 399 pro
261 351 422 383 eorum
435 337 634 396 peccatis
654 336 759 382 Deo
787 335 1039 395 aliqualiter
1056 335 1295 391 satisfacit3
1313 336 1432 380 unde
1451 335 1611 395 Apost.
1630 334 1741 380 dicit
1757 334 1813 378 ad
1836 333 1975 378 Hebr.
1998 347 2033 391 5.
2051 350 2062 379 :

43 458 49 463 ,
97 406 249 452 Omnis
265 405 460 463 Pontifex
485 418 534 448 ex
548 403 782 448 hominibus
803 409 1032 462 assumptus
1046 410 1127 462 pro
1155 403 1391 447 bominibus
1416 403 1680 447 constituitur
1697 403 1742 445 in
1763 401 1826 446 his
1846 415 1950 460 quae
1963 407 2063 445 sunt

41 488 61 522 ᾗ·
93 470 150 517 ad
172 473 328 525 Deum,
356 477 400 515 ut
422 470 564 529 offerat
580 470 703 524 dona,
731 476 769 515 et
783 469 992 523 sacrificia
1006 476 1088 528 pro
1109 471 1315 529 peccatis:
1335 469 1425 513 hoc
1445 478 1598 513 autem
1624 468 1823 512 maxime
1847 467 2063 512 convenit

41 533 46 538 ”
95 538 435 584 Christoznam
448 538 692 596 peripsum
713 536 864 580 divina
878 535 1000 578 bona
1016 534 1280 579 hominibus
1314 546 1417 579 sunt
1449 534 1630 588 collata,
1663 534 1917 580 secundum
1947 533 2060 578 illud

45 654 48 658 ,
94 617 137 650 2.
152 605 270 650 Petr.
295 617 352 649 1.:
375 605 456 649 Per
471 618 604 662 quem,
623 602 798 647 scilicet
815 601 1065 655 Christum,
1083 603 1288 655 maxima,
1316 608 1352 646 et
1371 604 1555 662 pretiosa
1572 603 1688 647 nobis
1705 603 1915 662 promissa
1936 601 2065 646 dona·

38 663 71 670 θ’
92 673 173 727 vit,
199 677 246 716 ut
265 679 346 731 per
366 671 440 715 hoc
461 670 699 730 efficiamini
723 669 891 713 divinae
914 674 1115 713 consortes
1132 674 1335 712 naturae:
1362 668 1457 726 ipse
1485 669 1623 712 etiam
1640 668 1896 713 humanum
1916 682 2064 728 genus

35 764 54 780 ;
94 737 199 783 Deo
224 736 552 790 reconciliavit,
584 735 835 780 secundum
866 734 978 778 illud
1006 733 1189 779 Coloss.
1228 747 1284 779 1.:
1312 734 1364 778 In
1389 736 1490 794 ipso,
1519 734 1693 779 scilicet
1719 735 1923 789 Christo,
1955 750 2062 781 com-

31 834 39 839 ν
91 803 254 865 placuit
270 819 431 848 omnem
439 802 738 863 plenitudinem
755 802 1006 855 inhabitare,
1020 807 1057 846 et
1067 809 1146 861 per
1157 816 1250 845 eum
1266 801 1534 845 reconciliare
1553 803 1708 845 omnia.
1725 802 1859 846 Unde
1874 801 2064 847 Christo

43 916 45 918 ,
96 871 297 916 maxime
324 871 538 915 convenit
563 883 663 913 eSSC
689 869 990 913 sacerdotem.

184 937 260 982 AD
285 949 474 982 PRIMUM
500 950 610 995 ergo
636 935 896 989 dicendum,
923 935 1045 994 quod
1070 945 1272 994 potestas
1305 934 1591 979 hierarchica
1623 935 1840 980 convenit
1872 936 2057 995 quidem

30 1015 33 1055 ξ
97 1003 284 1065 angelis,
309 1003 579 1062 inquantum
607 1012 649 1047 et
673 1003 760 1061 ipsi
785 1011 888 1046 sunt
914 1002 1053 1045 medii
1077 1002 1193 1046 inter
1214 1002 1383 1055 Deum,
1410 1011 1454 1045 et
1479 1002 1735 1055 hominem,
1763 1013 1810 1046 ut
1837 1014 1959 1062 patet
1982 1017 2063 1061 per

27 1064 46 1121 ,ῙΪ
95 1070 235 1117 Dion.
261 1071 308 1115 in
329 1068 415 1120 lib.
443 1069 574 1114 Coel.
602 1069 835 1113 Hierarch.
859 1069 974 1129 (cap.
999 1084 1040 1128 9.
1063 1068 1117 1112 ad
1142 1070 1257 1127 fin),
1285 1069 1346 1112 ita
1363 1068 1485 1127 quod
1507 1069 1604 1124 ipse
1626 1070 1855 1123 sacerdos,
1877 1070 2068 1129 inquan-

35 1171 42 1186 ,-
95 1147 195 1187 tum
217 1147 285 1182 est
309 1137 484 1182 medius
503 1138 619 1181 inter
633 1136 802 1190 Deum,
825 1145 869 1179 et
894 1135 1132 1195 populum,
1150 1134 1301 1194 angeli
1317 1149 1490 1179 nomen
1507 1135 1658 1189 habet,
1685 1136 1937 1197 secundum
1956 1136 2066 1181 illud

97 1202 295 1249 Malach.
323 1215 385 1248 2.:
408 1203 587 1263 Angelus
602 1203 783 1247 Domini
803 1204 1058 1247 exercituum
1083 1209 1163 1247 est:
1187 1202 1397 1246 Christus
1420 1211 1574 1246 autem
1598 1204 1747 1261 major
1769 1203 1944 1262 angelis
1969 1203 2069 1256 fuit,

35 1301 42 1311 -f
97 1284 192 1316 non
217 1269 368 1316 solum
389 1270 642 1314 secundum
662 1269 960 1323 divinitatem,
978 1270 1057 1313 sed
1075 1269 1213 1313 etiam
1227 1269 1477 1313 secundum
1495 1270 1854 1323 humanitatem3
1881 1270 2068 1329 inquan-

98 1347 198 1384 tum
222 1337 381 1382 habuit
405 1335 735 1395 plenitudinem
767 1337 952 1395 gratiae,
980 1346 1026 1380 et
1050 1335 1245 1395 gloriae:
1273 1336 1393 1380 unde
1421 1337 1559 1380 etiam
1588 1336 1900 1381 excellentiori
1926 1337 2069 1382 modo

13 1407 31 1452 ἢ
97 1404 446 1458 hierarchicam,
482 1418 562 1449 seu
598 1402 930 1448 sacerdotalem
963 1413 1237 1462 potestatem
1274 1417 1380 1462 prae
1418 1402 1591 1462 angelis
1627 1403 1800 1458 habuit,
1827 1404 1889 1448 ita
1928 1405 2067 1449 etiam

23 1465 29 1522 J
99 1469 222 1532 quod
253 1471 339 1531 ipsi
364 1470 515 1529 angeli
539 1469 720 1515 fuerunt
745 1470 935 1514 ministri
971 1469 1215 1514 sacerdotii
1248 1471 1359 1528 ejus,
1392 1470 1645 1514 secundum
1671 1469 1783 1514 illud
1810 1471 1973 1516 Matth.
1999 1484 2069 1526 4.:

26 1539 35 1568 ἶ
100 1540 369 1584 Accesserant
392 1538 544 1596 angeli,
578 1544 617 1582 et
645 1538 940 1581 ministrabant
971 1538 1007 1581 ei
1017 1553 1032 1579 .-
1065 1537 1317 1580 secundum
1352 1546 1505 1581 tamen
1538 1537 1882 1596 passibilitatem
1917 1539 2066 1583 carnis

22 1621 31 1644 τ
100 1605 264 1651 modico
291 1605 344 1649 ab
365 1604 518 1663 angelis
542 1603 777 1648 minoratus
798 1609 866 1658 est,
885 1613 934 1647 ut
950 1603 1111 1662 Apost.
1139 1603 1248 1647 dicit
1274 1603 1410 1647 Hebr.
1430 1616 1492 1648 2.:
1517 1614 1559 1648 et
1576 1604 1829 1649 secundum
1850 1605 1942 1649 hoc
1966 1620 2074 1650 con-

22 1670 28 1698 ¹.
101 1670 260 1716 formis
284 1670 654 1716 fuithominibus
678 1670 928 1714 viatoribus
954 1671 1001 1714 in
1022 1670 1282 1715 sacerdotio
1310 1671 1582 1715 constitutis.

22 1784 27 1793 ἶ
190 1739 268 1783 AD
294 1751 555 1784 SECUNDUM
581 1737 840 1792 dicendum,
859 1737 996 1796 quod,
1022 1738 1137 1781 sicut
1153 1738 1371 1781 Damasc.
1391 1738 1499 1782 dicit
1523 1738 1570 1781 in
1591 1752 1628 1796 3.
1656 1738 1773 1783 libro
1800 1739 1952 1797 (Orth.
1974 1739 2071 1785 Fid.

26 1807 32 1823 ²
103 1813 196 1866 cap.
217 1805 288 1850 26.
305 1806 351 1850 in
360 1805 441 1864 fin.
440 1805 493 1864 )›‚
512 1820 535 1845 «
553 1804 674 1863 quod
701 1804 748 1847 in
771 1804 983 1847 omnibus
1010 1814 1077 1848 est
1103 1803 1266 1858 simile,
1290 1805 1410 1849 idern
1436 1805 1590 1864 utique
1613 1806 1711 1859 erit,
1739 1815 1783 1849 et
1804 1820 1898 1850 non
1922 1821 2073 1851 exem-

2 1857 33 1903 Γ
102 1871 231 1934 plum
248 1887 295 1926 »3
328 1870 434 1931 quia
465 1871 602 1930 igitur
632 1871 940 1915 sacerdotium
971 1872 1134 1917 veteris
1167 1871 1280 1930 legis
1313 1882 1409 1916 erat
1441 1871 1585 1930 figura
1611 1873 1855 1917 sacerdotii
1885 1873 2073 1927 Christi,

102 1938 250 1984 noluit
275 1938 484 1983 Christus
509 1938 638 1982 nasci
662 1937 718 1981 de
750 1938 886 1997 stirpe
918 1937 1179 1996 figuralium
1205 1939 1520 1992 sacerdotum;
1549 1948 1595 1982 ut
1629 1940 1943 1984 ostenderetur
1976 1954 2072 1984 non

8 2028 39 2062 ¹3
104 2020 202 2051 esse
229 2005 419 2050 omnino
445 2005 566 2049 idem
592 2005 914 2059 sacerdotium,
940 2005 1019 2048 sed
1043 2003 1236 2059 differre,
1259 2005 1375 2049 sicut
1399 2019 1559 2049 verum
1588 2020 1614 2048 a
1638 2005 1831 2065 figurali.

193 2073 270 2118 AD
292 2085 507 2117 TERTIUM
529 2071 788 2126 dicendum,
814 2072 952 2131 quod,
969 2073 1085 2115 sicut
1110 2086 1244 2130 supra
1267 2072 1439 2116 dictum
1460 2083 1527 2116 est
1554 2075 1613 2131 (q.
1640 2073 1722 2130 8.),
1752 2073 1829 2117 alii
1854 2073 2070 2119 homines

16 2143 34 2192 »ἓξ
104 2139 409 2200 particulatim
433 2139 604 2183 habent
628 2139 847 2198 quasdam
875 2138 1063 2198 gratias:
1090 2139 1170 2182 sed
1194 2138 1417 2193 Christus,
1439 2148 1659 2199 tanquam
1682 2140 1893 2184 omnium
1921 2151 2073 2200 caput,

102 2207 240 2255 habet
264 2206 590 2268 perfectionem
629 2206 835 2250 omnium
875 2206 1144 2266 gratiarum:
1173 2216 1218 2250 et
1242 2206 1346 2250 ideo
1374 2217 1595 2265 quantum
1628 2207 1684 2250 ad
1719 2207 1834 2252 alios
1861 2209 2069 2267 pertinet,

38 2291 39 2294 ¹
107 2274 221 2320 alius
253 2284 322 2319 est
350 2273 599 2332 legislator,
632 2282 676 2317 et
701 2272 815 2317 alius
842 2274 1070 2326 sacerdos,
1103 2283 1149 2317 et
1174 2273 1287 2317 alius
1319 2287 1420 2317 rex:
1449 2274 1528 2317 sed
1555 2274 1669 2318 haec
1699 2275 1856 2319 omnia
1884 2289 2072 2320 concur-

106 2352 210 2386 runt
234 2343 280 2385 in
307 2340 507 2394 Christo,
524 2350 744 2399 tanquam
769 2340 815 2383 in
837 2339 963 2384 fonte
989 2339 1198 2384 omnium
1226 2341 1497 2399 gratiarum:
1526 2341 1645 2385 unde
1679 2341 1840 2386 dicitur
1866 2342 1953 2390 Isa.
1974 2357 2042 2402 33.
2066 2359 2078 2388 ε

106 2409 317 2454 Dominus
335 2407 466 2467 judex
491 2412 641 2462 noster,
668 2408 880 2451 Dominus
901 2406 1042 2466 legifer
1067 2413 1214 2462 noster,
1238 2408 1450 2452 Dominus
1481 2423 1556 2453 rex
1572 2415 1721 2462 noster,
1745 2411 1829 2469 ipse
1850 2411 2003 2464 veniet,
2036 2416 2078 2455 et

26 2477 38 2522 f.
107 2476 287 2522 salvabit
315 2490 402 2520 nos.

814 2652 1249 2709 ARTICULUS
1283 2654 1354 2708 11.
1991 2684 2068 2731 132

259 2787 452 2827 UTRUM
493 2787 758 2826 CHRISTUS
800 2787 963 2825 SIMUL
1004 2788 1202 2826 FUERIT
1244 2789 1544 2840 SACERDOS,
1583 2791 1654 2828 ET
1697 2789 1922 2830 HOSTIA.

545 2895 672 2955 (Infr.
691 2911 729 2956 q.
749 2890 820 2954 84.
838 2902 918 2941 art.
937 2910 976 2956 7.
994 2896 1047 2943 ad
1062 2911 1105 2954 4.
1128 2904 1166 2942 et
1181 2905 1319 2958 opusc.
1337 2898 1408 2957 69.
1429 2906 1519 2958 cap.
1540 2899 1642 2957 18).

156 3048 158 3052 Α
201 3007 277 3052 AD
302 3020 563 3053 SECUNDUM
579 3008 644 3052 sic
662 3009 933 3067 proceditur.
953 3009 1159 3063 Videtur,
1176 3010 1298 3069 quod
1324 3010 1420 3069 ipse
1444 3009 1653 3055 Christus
1670 3026 1764 3055 non
1782 3011 1916 3055 fuerit
1937 3011 2075 3055 simul

12 3068 65 3130 Ῐῑ-ξζ
113 3075 341 3134 sacerdos,
367 3084 413 3119 et
432 3075 600 3120 hostia:
628 3075 876 3130 sacerdotis
903 3078 1026 3119 enim
1046 3085 1112 3120 est
1138 3077 1338 3120 hostiam
1366 3077 1599 3122 occidere:
1628 3078 1708 3123 sed
1743 3078 1953 3122 Christus
1979 3092 2074 3124 non

114 3139 312 3200 seipsum
339 3141 527 3196 occidit;
554 3155 664 3200 ergo
686 3142 782 3201 ipse
808 3156 902 3186 non
927 3141 1011 3186 fuit
1036 3143 1172 3202 simul
1197 3144 1425 3197 sacerdos,
1453 3154 1497 3188 et
1517 3145 1683 3188 hostia.

46 3213 52 3222 ‘
204 3218 244 3250 2.
259 3206 556 3252 PRAETEREA.
576 3207 892 3252 Sacerdotium
911 3208 1083 3253 Christi
1101 3210 1246 3269 magis
1265 3221 1332 3254 est
1349 3210 1496 3255 simile
1516 3211 1770 3255 sacerdotio
1782 3211 2078 3269 Judaeorum,

115 3272 237 3332 quod
262 3283 359 3317 erat
378 3287 404 3317 a
428 3274 532 3318 Deo
558 3275 825 3332 institutum,
852 3290 991 3334 quam
1023 3277 1277 3320 sacerdotio
1303 3276 1570 3329 Gentilium,
1604 3292 1694 3336 quo
1728 3279 1976 3322 daemones
2003 3292 2077 3323 co-

116 3337 338 3383 lebantur:
375 3340 421 3383 in
452 3340 594 3384 veteri
634 3351 787 3385 autem
819 3341 921 3400 lege
953 3356 1188 3402 nunquam
1219 3343 1363 3388 homo
1396 3344 1442 3387 in
1475 3344 1747 3387 sacrificium
1781 3344 2075 3399 offerebatur;

117 3405 239 3464 quod
265 3406 462 3450 maxime
486 3408 829 3465 reprehenditur
845 3408 891 3452 in
909 3409 1142 3453 sacrificiis
1163 3410 1430 3464 Gentilium,
1453 3411 1703 3454 secundum
1723 3411 1833 3455 illud
1856 3412 1929 3456 Ps.
1954 3425 2073 3470 105.:

116 3470 361 3530 Effuderunt
381 3475 623 3531 sanguinem
646 3475 918 3528 innocentem,
935 3478 1178 3534 sanguinem
1194 3478 1388 3535 filiorum
1414 3491 1598 3529 suorum,
1618 3483 1656 3521 et
1670 3477 1859 3531 filiarum
1885 3493 2076 3532 suarum,

118 3550 219 3600 quas
231 3539 846 3599 sacrificaverunt,sculptilibus
873 3540 1107 3600 Chanaan5
1126 3557 1236 3601 ergo
1255 3543 1301 3586 in
1317 3543 1575 3587 sacerdotio
1606 3543 1776 3589 Christi
1801 3558 1895 3589 non
1922 3545 2079 3591 debuit

121 3616 219 3648 esse
239 3602 334 3664 ipse
355 3604 500 3649 homo
527 3601 735 3650 Christus
760 3606 926 3653 hostia.
