2352 3926
241 230 351 302 646
748 237 1024 285 QUAESTIO
1062 236 1245 275 Lxxw.
1286 233 1596 274 ARTICULUS
1621 233 1693 283 ,11.

958 431 1395 491 ARTICULUS
1438 431 1510 486 11.
1948 441 1951 445 <
2111 440 2205 514 43,

302 575 495 615 UTRUM
535 572 888 620 REQUIRATUR
930 569 1328 609 DETERMINATA
1368 566 1687 613 QUANTITAS
1728 565 1903 617 PANIS,
1934 565 2007 604 ET
2039 563 2155 604 vnn

729 656 803 692 AD
837 651 1124 692 MATERIAM
1157 651 1323 706 HUJUS
1358 648 1724 688 SACRAMENTI.

841 761 903 819 (4.
935 762 1047 806 Dist.
1075 777 1134 807 rr.
1161 775 1200 819 q.
1227 774 1267 806 2.
1294 766 1378 805 art.
1405 775 1440 804 I.
1474 773 1513 817 q.
1541 757 1616 816 3.).

333 878 409 921 AD
443 888 707 920 SECUNDUM
732 875 798 919 sic
825 873 1100 934 proceditur.
1117 872 1323 927 Videtur,
1341 870 1464 931 quod
1481 869 1736 930 requiratur
1752 867 2055 914 determinata
2071 880 2212 927 quan-

241 947 345 989 titas
371 943 516 1003 panis‚
543 952 588 987 et
611 941 707 986 vini
729 941 786 986 ad
812 941 1053 986 materiam
1069 941 1204 998 hujus
1230 938 1529 984 sacramenti:
1559 937 1745 982 effectus
1772 936 1896 980 enim
1922 935 2096 996 gratiae
2115 948 2211 979 non

241 1021 347 1056 sunt
373 1010 523 1054 minus
551 1009 761 1063 ordinati,
780 1023 921 1068 quam
947 1007 1135 1052 effectus
1162 1017 1372 1051 naturae:
1401 1005 1495 1059 sed,
1513 1006 1630 1049 sicut
1656 1004 1819 1048 dicitur
1835 1003 1882 1047 in
1900 1015 1942 1047 2.
1969 1001 2025 1046 de
2042 1001 2214 1046 Anima

245 1079 347 1136 (tex.
364 1077 448 1135 4.)‚
466 1093 489 1119 c<
516 1077 727 1121 omnium
752 1085 914 1120 natura
942 1074 1251 1119 constantium
1277 1073 1453 1132 positus
1480 1082 1548 1116 est
1573 1072 1808 1125 terminus,
1827 1079 1872 1115 et
1903 1071 2018 1114 ratio
2041 1068 2218 1128 magni-

241 1145 424 1198 tudinis,
452 1154 497 1188 et
523 1143 760 1203 augmenti
785 1159 839 1198 »;
867 1150 976 1202 ergo
1005 1141 1152 1186 multo
1180 1140 1327 1199 magis
1354 1140 1400 1183 in
1436 1139 1528 1183 hoc
1565 1148 1872 1192 sacramento,
1903 1136 2027 1196 quod
2052 1135 2215 1181 dicitur

241 1214 529 1266 Eucharistia,
556 1211 672 1256 idest
694 1212 800 1256 bona
823 1212 979 1269 gratia,
1008 1208 1251 1268 requiritur
1278 1207 1578 1251 determinata
1605 1205 1835 1265 quantitas
1857 1203 2003 1264 panis,
2029 1212 2075 1248 et
2103 1202 2214 1248 vini.

334 1293 375 1326 2.
402 1280 700 1324 PRAETEREA.
718 1278 938 1322 Ministris
970 1275 1206 1320 Ecclesiae
1232 1288 1328 1318 non
1355 1283 1422 1318 est
1449 1288 1471 1317 a
1501 1273 1688 1317 Christo
1720 1273 1824 1316 data
1850 1280 2051 1331 potestas
2078 1268 2136 1314 ad
2160 1283 2217 1314 ea

240 1361 356 1407 quae
388 1346 615 1406 pertinent
646 1345 704 1389 ad
742 1345 1001 1388 irrisionem
1035 1342 1154 1396 fidei,
1182 1352 1226 1385 et
1252 1340 1784 1396 sacramentorumejus,
1816 1337 2068 1385 secundum
2100 1334 2217 1403 illud

248 1428 285 1458 1.
319 1414 531 1458 Corinth.
564 1426 651 1457 10.:
678 1411 910 1457 Secundum
931 1416 1190 1470 potestatem,
1219 1422 1346 1468 quam
1373 1407 1484 1452 dedit
1513 1409 1630 1451 nobis
1654 1407 1770 1451 Deus
1794 1407 1841 1450 in
1870 1405 2216 1464 aedificationem

248 1487 285 1527 et
310 1496 394 1525 non
418 1482 463 1525 in
491 1480 831 1524 destructione-m:
861 1478 940 1522 sed
967 1478 1058 1521 hoc
1087 1487 1206 1521 esset
1233 1476 1288 1520 ad
1312 1475 1573 1519 irrisionem
1609 1471 1900 1527 sacramenti⁵
1935 1471 1975 1517 si
2005 1467 2221 1522 sacerdos

229 1547 385 1592 ¹vellet
411 1561 682 1591 consecrare
707 1555 858 1590 totum
884 1559 1067 1604 panem,
1094 1543 1173 1603 qui
1197 1542 1408 1587 venditur
1432 1542 1481 1585 in
1506 1540 1625 1596 foro,
1648 1550 1693 1586 et
1713 1550 1864 1585 totum
1893 1539 2070 1595 vinum,
2093 1538 2219 1599 quod

247 1618 315 1652 est
339 1607 386 1650 in
414 1606 625 1661 cellario3
653 1621 763 1666 ergo
789 1613 881 1651 hoc
907 1611 1060 1651 facere
1088 1625 1184 1651 non
1211 1619 1378 1664 potest.

341 1688 380 1732 3.
405 1674 704 1719 PRAETEREA.
733 1674 784 1718 Si
807 1673 969 1733 aliquis
995 1674 1249 1733 baptizetur
1273 1673 1320 1717 in
1347 1673 1477 1728 mari,
1503 1687 1598 1717 non
1623 1682 1721 1718 tota
1747 1686 1866 1732 aqua
1897 1672 2037 1729 maris
2061 1671 2223 1721 saucti-

246 1741 408 1787 ficatur
433 1755 513 1800 per
538 1741 741 1785 formam
778 1741 1006 1800 baptismi,
1033 1741 1114 1785 sed
1139 1740 1293 1785 solum
1320 1754 1438 1799 aqua
1464 1739 1556 1795 illa,
1590 1754 1680 1799 qua
1712 1753 1878 1800 corpus
1901 1738 2117 1800 baptizati
2140 1739 2223 1787 ab·

246 1809 405 1864 luitur;
433 1823 544 1868 ergo
571 1822 720 1868 neque
745 1809 793 1852 in
819 1809 910 1853 hoc
938 1817 1231 1853 sacramento
1258 1806 1487 1867 superflua
1508 1808 1735 1867 quantitas
1760 1807 1905 1867 panis,
1930 1817 1977 1853 et
1999 1806 2097 1852 vini
2113 1818 2222 1852 con-

245 1876 415 1921 secrari
439 1885 603 1934 potest.
1326 1927 1330 1934 .

340 1944 434 1988 SED
469 1956 665 1989 CONTRA
689 1953 770 1997 est,
789 1943 912 2002 quod
939 1943 1136 1987 multum
1165 1943 1412 2002 opponitur
1433 1956 1600 2001 pauco,
1627 1952 1672 1987 et
1697 1955 1919 2001 magnum
1944 1954 2112 2000 parvo:
2137 1941 2218 1986 sed

249 2010 377 2055 nulla
404 2020 471 2055 est
497 2013 559 2055 ita
585 2025 724 2070 parva
751 2012 978 2070 quantitas
1004 2011 1149 2069 panis,
1168 2021 1246 2054 aut
1262 2010 1370 2064 vini,
1388 2024 1505 2069 quae
1530 2023 1625 2053 non
1642 2010 1787 2069 possit
1808 2008 2091 2064 consecrari;
2108 2021 2220 2068 ergo

249 2078 389 2122 etiam
414 2077 540 2122 nulla
566 2088 634 2122 est
658 2078 722 2122 ita
749 2092 933 2136 magna,
961 2092 1076 2136 quae
1104 2077 1365 2121 consecrari
1389 2091 1485 2120 non
1511 2077 1668 2135 possit.
1968 2084 1970 2086 ’

340 2145 630 2190 RESPONDEo
665 2145 926 2198 dicendum,
945 2143 1068 2202 quod
1094 2143 1281 2202 quidam
1308 2143 1531 2197 dixerunt,
1558 2143 1681 2202 quod
1707 2141 1924 2188 sacerdos
1947 2156 2045 2189 non
2067 2152 2223 2203 posset

252 2225 523 2255 consecrare
549 2211 827 2254 immensam
855 2211 1157 2269 quantitatem
1182 2213 1325 2270 panis,
1359 2221 1436 2255 aut
1466 2211 1584 2266 vini3
1618 2220 1726 2269 puta
1754 2220 1904 2255 totum
1929 2224 2122 2270 panem,
2143 2210 2223 2271 qui

249 2278 459 2322 venditur
484 2278 531 2321 in
563 2277 682 2331 foro,
710 2287 787 2322 aut
811 2288 961 2322 totum
982 2279 1156 2332 vinum,
1184 2278 1307 2337 quod
1334 2288 1402 2322 est
1426 2278 1473 2321 in
1500 2277 1641 2322 dolio.
1670 2278 1760 2322 Sed
1793 2278 1885 2323 hoc
1916 2292 2012 2323 non
2043 2277 2223 2324 videtur

250 2359 349 2390 esse
376 2359 560 2399 verum3
588 2345 693 2404 quia
710 2345 756 2388 in
776 2346 988 2389 omnibus
1015 2345 1285 2389 habentibus
1312 2345 1554 2389 materiam
1572 2345 1688 2389 ratio
1705 2344 2096 2392 determinationis
2121 2358 2219 2390 ma·-
2295 2352 2313 2375 ·'

249 2413 391 2457 teriae
419 2413 611 2457 sumitur
637 2427 691 2456 ex
718 2412 876 2456 ordine
916 2413 972 2456 ad
1010 2412 1174 2467 finem3
1210 2414 1327 2457 sicut
1362 2413 1554 2457 materia
1588 2426 1739 2457 serrae
1773 2422 1841 2457 est
1864 2411 2052 2467 ferrum,
2083 2423 2133 2462 ut
2164 2412 2222 2458 sit

253 2489 357 2539 apta
383 2480 591 2525 sectioni.
619 2479 741 2523 Finis
769 2490 922 2524 autem
948 2480 1085 2539 hujus
1112 2480 1389 2524 sacramenti
1407 2490 1474 2524 est
1491 2494 1598 2524 usus
1621 2478 1854 2534 fidelium;
1880 2479 2000 2525 unde
2023 2489 2220 2540 oportet,

252 2547 376 2606 quod
402 2547 630 2606 quantitas
656 2547 876 2592 materiae
902 2547 1036 2606 hujus
1059 2547 1336 2591 sacramenti
1368 2547 1694 2591 determinetur
1719 2561 1799 2606 per
1825 2547 2221 2606 comparationem

251 2614 308 2659 ad
335 2629 469 2659 usum
495 2614 714 2659 fidelium.
741 2614 849 2659 Non
881 2624 1033 2658 autem
1060 2624 1210 2673 potest
1236 2628 1349 2667 esse,
1376 2614 1500 2672 quod
1528 2614 1854 2659 determinetur
1879 2628 2222 2676 percompara·

248 2682 424 2726 tionem
454 2682 508 2725 ad
535 2696 670 2726 usum
695 2681 915 2735 fidelium,
943 2682 1020 2740 qui
1037 2696 1157 2725 nunc
1186 2691 1451 2726 occurrunt:
1481 2681 1685 2742 alioquin
1707 2682 1923 2728 sacerdos
1947 2695 2122 2742 paucos
2146 2697 2222 2742 pa·

249 2749 496 2794 rochianos
536 2749 710 2794 habens
741 2763 836 2793 non
869 2759 1024 2808 posset
1051 2763 1321 2793 consecrare
1362 2748 1529 2793 multas
1556 2749 1755 2793 hostias:
1789 2748 1910 2799 unde
1936 2748 2220 2809 relinquitur,

250 2817 373 2876 quOd
400 2817 592 2861 materia
618 2816 753 2874 hujus
781 2817 1054 2860 sacramenti
1093 2816 1418 2859 determinetur
1451 2831 1531 2875 per
1569 2817 1964 2875 comparationem
1996 2816 2052 2861 ad
2085 2830 2218 2861 usum

248 2883 453 2928 fidelium
491 2882 711 2928 absolute.
745 2883 976 2929 Numerus
1014 2893 1166 2927 autem
1200 2883 1404 2926 fidelium
1442 2894 1509 2927 est
1539 2883 1937 2938 indeterminatus;
1973 2883 2093 2928 unde
2122 2897 2218 2929 non

250 2961 402 3011 potest
427 2951 530 3004 dici,
559 2950 681 3010 quod
708 2951 934 3009 quantitas
962 2950 1180 2994 materiae
1208 2950 1342 3008 hujus
1369 2951 1644 2995 sacramenti
1671 2951 1728 2995 sit
1754 2950 2070 2997 determinata.

342 3018 418 3062 AD
441 3031 630 3063 PRIMUM
658 3031 768 3076 ergo
797 3017 1057 3071 dicendum,
1084 3016 1206 3076 quod
1236 3017 1476 3074 cujuslibet
1502 3018 1567 3062 rei
1592 3017 1810 3063 naturalis
1835 3018 2029 3063 materia
2054 3018 2220 3079 accipit

250 3085 600 3131 determinatam
639 3084 940 3144 quantitatem
977 3084 1228 3128 secundum
1263 3085 1659 3143 comparationem
1698 3085 1753 3128 ad
1779 3084 1979 3130 formam
2011 3084 2219 3131 determi-

251 3163 432 3199 natam:
459 3153 538 3197 sed
565 3167 782 3197 numerus
810 3151 1028 3205 fidelium,
1056 3151 1111 3194 ad
1130 3165 1326 3209 quorum
1345 3166 1477 3196 usum
1502 3152 1737 3197 ordinatur
1753 3151 1845 3196 hoc
1860 3162 2219 3208 sacramentum,
2295 3148 2315 3158 ”

251 3234 345 3265 non
374 3230 441 3265 est
466 3220 815 3264 determinatus:
843 3219 962 3263 unde
988 3232 1081 3263 non
1109 3229 1176 3262 est
1208 3218 1369 3264 simile.

337 3289 414 3333 An
442 3300 703 3333 SECUNDUM
726 3287 986 3340 dicendum,
1013 3286 1134 3345 quod
1156 3295 1355 3344 potestas
1384 3286 1698 3331 ministrorum
1722 3284 1955 3332 Ecclesiae
1978 3285 2035 3332 ad
2050 3286 2131 3332 duo
2149 3299 2222 3332 or*
2283 3299 2310 3339 ᾳ
2338 3292 2344 3347 ἱζ

249 3355 452 3399 dinatur:
475 3356 620 3415 primo
647 3355 832 3414 quidem
861 3353 915 3398 ad
943 3351 1158 3397 effectum
1185 3353 1443 3412 proprium:
1468 3354 1640 3398 secundo
1666 3353 1721 3397 ad
1744 3352 1884 3398 finem
1910 3350 2125 3399 effectus:
2151 3366 2218 3398 se·
2284 3349 2337 3414 jjJ:

249 3423 450 3467 cundum
463 3432 723 3467 autemnon
741 3421 860 3466 tollit
876 3420 1100 3480 primum:
1116 3420 1234 3463 unde
1253 3420 1289 3463 si
1312 3421 1527 3465 sacerdos
1546 3420 1750 3465 intendat
1767 3432 2218 3480 consecrarercorpus

249 3489 421 3535 Christi
442 3500 627 3549 propter
655 3489 855 3549 aliquem
883 3486 1058 3532 malum
1084 3486 1239 3541 finem,
1267 3498 1374 3546 puta
1402 3498 1450 3532 ut
1476 3488 1675 3541 irrideat,
1708 3486 1783 3532 vel
1814 3486 2036 3532 veneficia
2061 3485 2216 3542 faciat,

249 3567 433 3616 propter
459 3557 763 3602 intentionem
796 3554 905 3600 mali
946 3554 1047 3599 finis
1083 3564 1266 3613 peccat:
1294 3554 1597 3600 nihilominus
1624 3565 1779 3600 tamen
1805 3562 1990 3614 propter
2019 3562 2215 3614 potesta-

246 3634 342 3669 tem
370 3625 454 3669 sibi
481 3624 636 3669 datam
662 3623 837 3683 perficit
863 3630 1217 3667 sacramentum.

2331 988 2334 994 ⁴
2336 629 2352 958 „meanduaessmufimmnss
2340 564 2352 591 27.
