<?xml version="1.0" encoding="UTF-8"?>
<!DOCTYPE html PUBLIC "-//W3C//DTD XHTML 1.0 Transitional//EN"
    "http://www.w3.org/TR/xhtml1/DTD/xhtml1-transitional.dtd">
<html xmlns="http://www.w3.org/1999/xhtml" xml:lang="en" lang="en">
 <head>
  <title>
</title>
<meta http-equiv="Content-Type" content="text/html;charset=utf-8" />
  <meta name='ocr-system' content='tesseract 3.04.00' />
  <meta name='ocr-capabilities' content='ocr_page ocr_carea ocr_par ocr_line ocrx_word'/>
</head>
<body>
  <div class='ocr_page' id='page_1' title='image "./divithomaeaquina04thom_0243.png"; bbox 0 0 2352 3926; ppageno 0'>
   <div class='ocr_carea' id='block_1_1' title="bbox 27 32 99 59">
    <p class='ocr_par' dir='ltr' id='par_1_1' title="bbox 27 32 99 59">
     <span class='ocr_line' id='line_1_1' title="bbox 27 32 99 59; baseline -0.014 -7"><span class='ocrx_word' id='word_1_1' title='bbox 27 32 60 59; x_wconf 47' lang='grc' dir='ltr'>,ΓῙ</span> <span class='ocrx_word' id='word_1_2' title='bbox 83 37 99 51; x_wconf 69' lang='grc' dir='ltr'>,ζ’</span> 
     </span>
    </p>
   </div>
   <div class='ocr_carea' id='block_1_2' title="bbox 596 189 2056 268">
    <p class='ocr_par' dir='ltr' id='par_1_2' title="bbox 596 189 2056 268">
     <span class='ocr_line' id='line_1_2' title="bbox 596 189 2056 268; baseline -0.001 -16"><span class='ocrx_word' id='word_1_3' title='bbox 596 213 875 260; x_wconf 78' lang='lat' dir='ltr'><strong>QUAESTIO</strong></span> <span class='ocrx_word' id='word_1_4' title='bbox 920 212 1440 253; x_wconf 76' lang='lat' dir='ltr'>xxv11.ART1CULUs</span> <span class='ocrx_word' id='word_1_5' title='bbox 1470 189 1553 252; x_wconf 65' lang='lat' dir='ltr'>lv.</span> <span class='ocrx_word' id='word_1_6' title='bbox 1951 213 2056 268; x_wconf 80' lang='grc'>239</span> 
     </span>
    </p>
   </div>
   <div class='ocr_carea' id='block_1_3' title="bbox 7 306 2064 2593">
    <p class='ocr_par' dir='ltr' id='par_1_3' title="bbox 7 306 2064 2601">
     <span class='ocr_line' id='line_1_3' title="bbox 27 306 2059 380; baseline -0.003 -16.851"><span class='ocrx_word' id='word_1_7' title='bbox 27 306 228 380; x_wconf 70' lang='lat' dir='ltr'>patres</span> <span class='ocrx_word' id='word_1_8' title='bbox 251 330 426 365; x_wconf 76' lang='lat' dir='ltr'>eorum:</span> <span class='ocrx_word' id='word_1_9' title='bbox 451 314 571 360; x_wconf 90' lang='lat' dir='ltr'>unde</span> <span class='ocrx_word' id='word_1_10' title='bbox 597 324 642 360; x_wconf 91' lang='lat' dir='ltr'>et</span> <span class='ocrx_word' id='word_1_11' title='bbox 665 329 748 374; x_wconf 90' lang='lat' dir='ltr'>per</span> <span class='ocrx_word' id='word_1_12' title='bbox 772 314 1035 374; x_wconf 90' lang='lat' dir='ltr'>oppositum</span> <span class='ocrx_word' id='word_1_13' title='bbox 1052 314 1307 373; x_wconf 83' lang='lat' dir='ltr'>ignominia</span> <span class='ocrx_word' id='word_1_14' title='bbox 1330 314 1487 359; x_wconf 88' lang='lat' dir='ltr'>matris</span> <span class='ocrx_word' id='word_1_15' title='bbox 1505 314 1561 359; x_wconf 91' lang='lat' dir='ltr'>ad</span> <span class='ocrx_word' id='word_1_16' title='bbox 1579 312 1724 359; x_wconf 87' lang='lat' dir='ltr'>filium</span> <span class='ocrx_word' id='word_1_17' title='bbox 1740 312 2059 359; x_wconf 87' lang='lat' dir='ltr'><strong>redundasset.</strong></span> 
     </span>
     <span class='ocr_line' id='line_1_4' title="bbox 22 380 2060 442; baseline -0.003 -11"><span class='ocrx_word' id='word_1_18' title='bbox 22 431 45 437; x_wconf 50' lang='grc'><strong>,</strong></span> <span class='ocrx_word' id='word_1_19' title='bbox 91 391 191 432; x_wconf 82' lang='lat' dir='ltr'>turn</span> <span class='ocrx_word' id='word_1_20' title='bbox 218 383 357 428; x_wconf 89' lang='lat' dir='ltr'>etiam</span> <span class='ocrx_word' id='word_1_21' title='bbox 383 382 489 442; x_wconf 91' lang='lat' dir='ltr'>quia</span> <span class='ocrx_word' id='word_1_22' title='bbox 514 380 792 441; x_wconf 81' lang='lat' dir='ltr'>singularem</span> <span class='ocrx_word' id='word_1_23' title='bbox 820 380 1085 426; x_wconf 85' lang='lat' dir='ltr'>affinitatem</span> <span class='ocrx_word' id='word_1_24' title='bbox 1112 381 1270 426; x_wconf 87' lang='lat' dir='ltr'>habuit</span> <span class='ocrx_word' id='word_1_25' title='bbox 1288 381 1343 425; x_wconf 87' lang='lat' dir='ltr'>ad</span> <span class='ocrx_word' id='word_1_26' title='bbox 1367 381 1618 436; x_wconf 88' lang='lat' dir='ltr'>Christum,</span> <span class='ocrx_word' id='word_1_27' title='bbox 1636 380 1783 440; x_wconf 83' lang='lat' dir='ltr'>quiab</span> <span class='ocrx_word' id='word_1_28' title='bbox 1803 395 1856 426; x_wconf 90' lang='lat' dir='ltr'>ea</span> <span class='ocrx_word' id='word_1_29' title='bbox 1874 395 2060 425; x_wconf 89' lang='lat' dir='ltr'>carnem</span> 
     </span>
     <span class='ocr_line' id='line_1_5' title="bbox 40 446 2061 510; baseline -0.002 -13.056"><span class='ocrx_word' id='word_1_30' title='bbox 40 451 48 481; x_wconf 67' lang='lat'>3²</span> <span class='ocrx_word' id='word_1_31' title='bbox 94 450 297 510; x_wconf 76' lang='lat' dir='ltr'>accepit:</span> <span class='ocrx_word' id='word_1_32' title='bbox 325 449 487 494; x_wconf 89' lang='lat' dir='ltr'>dicitur</span> <span class='ocrx_word' id='word_1_33' title='bbox 513 458 667 493; x_wconf 90' lang='lat' dir='ltr'>autem</span> <span class='ocrx_word' id='word_1_34' title='bbox 693 461 732 492; x_wconf 88' lang='lat'><strong>2.</strong></span> <span class='ocrx_word' id='word_1_35' title='bbox 761 447 816 492; x_wconf 89' lang='lat' dir='ltr'>ad</span> <span class='ocrx_word' id='word_1_36' title='bbox 845 447 954 492; x_wconf 92' lang='lat' dir='ltr'>Cor.</span> <span class='ocrx_word' id='word_1_37' title='bbox 982 446 1048 493; x_wconf 85' lang='lat'><strong>6.:</strong></span> <span class='ocrx_word' id='word_1_38' title='bbox 1085 449 1205 505; x_wconf 76' lang='lat' dir='ltr'>Quae</span> <span class='ocrx_word' id='word_1_39' title='bbox 1237 450 1452 493; x_wconf 79' lang='lat' dir='ltr'>conventio</span> <span class='ocrx_word' id='word_1_40' title='bbox 1484 449 1643 494; x_wconf 84' lang='lat' dir='ltr'><em>Christi</em></span> <span class='ocrx_word' id='word_1_41' title='bbox 1668 447 1722 493; x_wconf 86' lang='lat' dir='ltr'>ad</span> <span class='ocrx_word' id='word_1_42' title='bbox 1742 448 1908 494; x_wconf 79' lang='lat' dir='ltr'>Belial?</span> <span class='ocrx_word' id='word_1_43' title='bbox 1936 446 2061 492; x_wconf 90' lang='lat' dir='ltr'>Tum</span> 
     </span>
     <span class='ocr_line' id='line_1_6' title="bbox 93 514 2064 576; baseline -0.002 -12.207"><span class='ocrx_word' id='word_1_44' title='bbox 93 516 233 565; x_wconf 75' lang='lat' dir='ltr'>etia‘tn</span> <span class='ocrx_word' id='word_1_45' title='bbox 259 517 365 576; x_wconf 89' lang='lat' dir='ltr'>quia</span> <span class='ocrx_word' id='word_1_46' title='bbox 386 515 605 574; x_wconf 87' lang='lat' dir='ltr'>singulari</span> <span class='ocrx_word' id='word_1_47' title='bbox 632 515 773 559; x_wconf 89' lang='lat' dir='ltr'>modo</span> <span class='ocrx_word' id='word_1_48' title='bbox 800 515 888 559; x_wconf 93' lang='lat' dir='ltr'>Dei</span> <span class='ocrx_word' id='word_1_49' title='bbox 914 514 1068 569; x_wconf 88' lang='lat' dir='ltr'>Filius,</span> <span class='ocrx_word' id='word_1_50' title='bbox 1096 514 1172 574; x_wconf 91' lang='lat' dir='ltr'>qui</span> <span class='ocrx_word' id='word_1_51' title='bbox 1200 525 1267 559; x_wconf 89' lang='lat' dir='ltr'>est</span> <span class='ocrx_word' id='word_1_52' title='bbox 1292 515 1380 559; x_wconf 87' lang='lat' dir='ltr'>Dei</span> <span class='ocrx_word' id='word_1_53' title='bbox 1413 515 1649 573; x_wconf 84' lang='lat' dir='ltr'>sapientia,</span> <span class='ocrx_word' id='word_1_54' title='bbox 1681 515 1728 559; x_wconf 91' lang='lat' dir='ltr'>in</span> <span class='ocrx_word' id='word_1_55' title='bbox 1760 515 1859 575; x_wconf 89' lang='lat' dir='ltr'>ipsa</span> <span class='ocrx_word' id='word_1_56' title='bbox 1890 515 2064 560; x_wconf 89' lang='lat' dir='ltr'>habita-</span> 
     </span>
     <span class='ocr_line' id='line_1_7' title="bbox 8 578 2060 642; baseline -0.001 -12"><span class='ocrx_word' id='word_1_57' title='bbox 8 585 27 634; x_wconf 72' lang='grc' dir='ltr'>ζῇ</span> <span class='ocrx_word' id='word_1_58' title='bbox 90 578 172 639; x_wconf 69' lang='lat' dir='ltr'>vit,</span> <span class='ocrx_word' id='word_1_59' title='bbox 195 598 290 628; x_wconf 90' lang='lat' dir='ltr'>non</span> <span class='ocrx_word' id='word_1_60' title='bbox 315 583 467 628; x_wconf 91' lang='lat' dir='ltr'>solum</span> <span class='ocrx_word' id='word_1_61' title='bbox 493 583 539 627; x_wconf 92' lang='lat' dir='ltr'>in</span> <span class='ocrx_word' id='word_1_62' title='bbox 566 583 732 636; x_wconf 89' lang='lat' dir='ltr'>anima,</span> <span class='ocrx_word' id='word_1_63' title='bbox 759 581 837 627; x_wconf 92' lang='lat' dir='ltr'>sed</span> <span class='ocrx_word' id='word_1_64' title='bbox 857 591 995 626; x_wconf 75' lang='lat' dir='ltr'>etiam</span> <span class='ocrx_word' id='word_1_65' title='bbox 1021 582 1067 625; x_wconf 91' lang='lat' dir='ltr'>in</span> <span class='ocrx_word' id='word_1_66' title='bbox 1086 591 1244 627; x_wconf 88' lang='lat' dir='ltr'>utero:</span> <span class='ocrx_word' id='word_1_67' title='bbox 1273 582 1436 626; x_wconf 89' lang='lat' dir='ltr'>dicitur</span> <span class='ocrx_word' id='word_1_68' title='bbox 1463 593 1615 626; x_wconf 88' lang='lat' dir='ltr'>autem</span> <span class='ocrx_word' id='word_1_69' title='bbox 1644 581 1750 642; x_wconf 84' lang='lat' dir='ltr'>Sap.</span> <span class='ocrx_word' id='word_1_70' title='bbox 1783 596 1833 626; x_wconf 87' lang='lat'><strong>1.:</strong></span> <span class='ocrx_word' id='word_1_71' title='bbox 1862 583 1913 627; x_wconf 88' lang='lat' dir='ltr'>In</span> <span class='ocrx_word' id='word_1_72' title='bbox 1935 582 2060 628; x_wconf 82' lang='lat' dir='ltr'>male-</span> 
     </span>
     <span class='ocr_line' id='line_1_8' title="bbox 82 649 2058 709; baseline -0.001 -11.11"><span class='ocrx_word' id='word_1_73' title='bbox 82 651 234 698; x_wconf 80' lang='lat' dir='ltr'>volam</span> <span class='ocrx_word' id='word_1_74' title='bbox 259 652 450 696; x_wconf 86' lang='lat' dir='ltr'>animam</span> <span class='ocrx_word' id='word_1_75' title='bbox 476 665 559 694; x_wconf 86' lang='lat' dir='ltr'>non</span> <span class='ocrx_word' id='word_1_76' title='bbox 586 650 777 695; x_wconf 81' lang='lat' dir='ltr'>introibit</span> <span class='ocrx_word' id='word_1_77' title='bbox 805 650 1024 708; x_wconf 82' lang='lat' dir='ltr'>sapientia,</span> <span class='ocrx_word' id='word_1_78' title='bbox 1051 664 1123 694; x_wconf 79' lang='lat' dir='ltr'>nec</span> <span class='ocrx_word' id='word_1_79' title='bbox 1150 649 1358 694; x_wconf 80' lang='lat' dir='ltr'>habitabit</span> <span class='ocrx_word' id='word_1_80' title='bbox 1389 651 1433 693; x_wconf 82' lang='lat' dir='ltr'>in</span> <span class='ocrx_word' id='word_1_81' title='bbox 1466 658 1636 708; x_wconf 78' lang='lat' dir='ltr'>corpore</span> <span class='ocrx_word' id='word_1_82' title='bbox 1666 649 1827 694; x_wconf 84' lang='lat' dir='ltr'>subdito</span> <span class='ocrx_word' id='word_1_83' title='bbox 1852 652 2032 709; x_wconf 78' lang='lat' dir='ltr'>peccatis</span> <span class='ocrx_word' id='word_1_84' title='bbox 2042 665 2058 704; x_wconf 77' lang='lat'>,⁸</span> 
     </span>
     <span class='ocr_line' id='line_1_9' title="bbox 93 715 2062 777; baseline -0.001 -12.12"><span class='ocrx_word' id='word_1_85' title='bbox 93 727 139 765; x_wconf 89' lang='lat' dir='ltr'>et</span> <span class='ocrx_word' id='word_1_86' title='bbox 161 718 266 764; x_wconf 88' lang='lat' dir='ltr'>ideo</span> <span class='ocrx_word' id='word_1_87' title='bbox 290 717 556 777; x_wconf 86' lang='lat' dir='ltr'>simpliciter</span> <span class='ocrx_word' id='word_1_88' title='bbox 580 716 815 761; x_wconf 88' lang='lat' dir='ltr'>fatendum</span> <span class='ocrx_word' id='word_1_89' title='bbox 842 726 924 769; x_wconf 90' lang='lat' dir='ltr'>est,</span> <span class='ocrx_word' id='word_1_90' title='bbox 950 716 1073 776; x_wconf 93' lang='lat' dir='ltr'>quod</span> <span class='ocrx_word' id='word_1_91' title='bbox 1098 716 1230 760; x_wconf 88' lang='lat' dir='ltr'>beata</span> <span class='ocrx_word' id='word_1_92' title='bbox 1258 716 1402 775; x_wconf 89' lang='lat' dir='ltr'>Virgo</span> <span class='ocrx_word' id='word_1_93' title='bbox 1429 716 1607 760; x_wconf 91' lang='lat' dir='ltr'>nullum</span> <span class='ocrx_word' id='word_1_94' title='bbox 1627 715 1803 761; x_wconf 90' lang='lat' dir='ltr'>actuale</span> <span class='ocrx_word' id='word_1_95' title='bbox 1821 727 2062 776; x_wconf 89' lang='lat' dir='ltr'>peccatum</span> 
     </span>
     <span class='ocr_line' id='line_1_10' title="bbox 10 783 2059 850; baseline -0.001 -19"><span class='ocrx_word' id='word_1_96' title='bbox 10 803 25 848; x_wconf 50' lang='lat'>4·</span> <span class='ocrx_word' id='word_1_97' title='bbox 91 785 339 839; x_wconf 88' lang='lat' dir='ltr'>commisit,</span> <span class='ocrx_word' id='word_1_98' title='bbox 351 799 435 829; x_wconf 90' lang='lat' dir='ltr'>nec</span> <span class='ocrx_word' id='word_1_99' title='bbox 450 783 659 839; x_wconf 86' lang='lat' dir='ltr'>mortale,</span> <span class='ocrx_word' id='word_1_100' title='bbox 671 798 756 828; x_wconf 89' lang='lat' dir='ltr'>nec</span> <span class='ocrx_word' id='word_1_101' title='bbox 773 783 971 828; x_wconf 89' lang='lat' dir='ltr'>veniale:</span> <span class='ocrx_word' id='word_1_102' title='bbox 987 793 1036 827; x_wconf 93' lang='lat' dir='ltr'>ut</span> <span class='ocrx_word' id='word_1_103' title='bbox 1051 783 1114 827; x_wconf 91' lang='lat' dir='ltr'>sic</span> <span class='ocrx_word' id='word_1_104' title='bbox 1131 783 1178 827; x_wconf 93' lang='lat' dir='ltr'>in</span> <span class='ocrx_word' id='word_1_105' title='bbox 1192 797 1244 827; x_wconf 87' lang='lat' dir='ltr'>ea</span> <span class='ocrx_word' id='word_1_106' title='bbox 1261 783 1519 842; x_wconf 87' lang='lat' dir='ltr'>impleatur,</span> <span class='ocrx_word' id='word_1_107' title='bbox 1539 784 1660 842; x_wconf 90' lang='lat' dir='ltr'>quod</span> <span class='ocrx_word' id='word_1_108' title='bbox 1679 784 1842 828; x_wconf 90' lang='lat' dir='ltr'>dicitur</span> <span class='ocrx_word' id='word_1_109' title='bbox 1855 784 1989 850; x_wconf 86' lang='lat' dir='ltr'>Cant.</span> <span class='ocrx_word' id='word_1_110' title='bbox 2001 796 2059 840; x_wconf 97' lang='lat'>4.</span> 
     </span>
     <span class='ocr_line' id='line_1_11' title="bbox 9 851 1357 913; baseline -0.005 -12"><span class='ocrx_word' id='word_1_111' title='bbox 9 853 32 913; x_wconf 61' lang='grc' dir='ltr'>χ’</span> <span class='ocrx_word' id='word_1_112' title='bbox 100 853 207 901; x_wconf 84' lang='grc' dir='ltr'><em>Τοὶα</em></span> <span class='ocrx_word' id='word_1_113' title='bbox 224 852 405 912; x_wconf 85' lang='lat' dir='ltr'>pulchra</span> <span class='ocrx_word' id='word_1_114' title='bbox 429 867 481 906; x_wconf 81' lang='lat' dir='ltr'>es,</span> <span class='ocrx_word' id='word_1_115' title='bbox 508 853 648 896; x_wconf 89' lang='lat' dir='ltr'>amica</span> <span class='ocrx_word' id='word_1_116' title='bbox 673 865 780 906; x_wconf 78' lang='lat' dir='ltr'>mea,</span> <span class='ocrx_word' id='word_1_117' title='bbox 807 857 843 895; x_wconf 77' lang='lat' dir='ltr'>et</span> <span class='ocrx_word' id='word_1_118' title='bbox 867 851 1037 895; x_wconf 84' lang='lat' dir='ltr'>macula</span> <span class='ocrx_word' id='word_1_119' title='bbox 1062 866 1145 894; x_wconf 89' lang='lat' dir='ltr'>non</span> <span class='ocrx_word' id='word_1_120' title='bbox 1165 857 1220 895; x_wconf 80' lang='lat' dir='ltr'>est</span> <span class='ocrx_word' id='word_1_121' title='bbox 1242 853 1285 894; x_wconf 84' lang='lat' dir='ltr'>in</span> <span class='ocrx_word' id='word_1_122' title='bbox 1310 857 1357 897; x_wconf 81' lang='lat' dir='ltr'>te.</span> 
     </span>
     <span class='ocr_line' id='line_1_12' title="bbox 22 917 2061 977; baseline -0 -11.006"><span class='ocrx_word' id='word_1_123' title='bbox 22 954 29 963; x_wconf 54' lang='grc'><em>.</em></span> <span class='ocrx_word' id='word_1_124' title='bbox 179 920 258 965; x_wconf 88' lang='lat' dir='ltr'>AD</span> <span class='ocrx_word' id='word_1_125' title='bbox 289 933 478 965; x_wconf 78' lang='lat' dir='ltr'>PRIMUM</span> <span class='ocrx_word' id='word_1_126' title='bbox 504 933 614 977; x_wconf 89' lang='lat' dir='ltr'>ergo</span> <span class='ocrx_word' id='word_1_127' title='bbox 642 917 902 972; x_wconf 90' lang='lat' dir='ltr'>dicendum,</span> <span class='ocrx_word' id='word_1_128' title='bbox 930 918 1052 977; x_wconf 92' lang='lat' dir='ltr'>quod</span> <span class='ocrx_word' id='word_1_129' title='bbox 1079 919 1124 962; x_wconf 86' lang='lat' dir='ltr'>in</span> <span class='ocrx_word' id='word_1_130' title='bbox 1153 917 1201 961; x_wconf 94' lang='lat' dir='ltr'><strong>B.</strong></span> <span class='ocrx_word' id='word_1_131' title='bbox 1230 917 1418 976; x_wconf 89' lang='lat' dir='ltr'>Virgine</span> <span class='ocrx_word' id='word_1_132' title='bbox 1446 926 1549 975; x_wconf 91' lang='lat' dir='ltr'>post</span> <span class='ocrx_word' id='word_1_133' title='bbox 1575 917 2024 964; x_wconf 87' lang='lat' dir='ltr'>sanctificationem</span> <span class='ocrx_word' id='word_1_134' title='bbox 2012 933 2061 964; x_wconf 87' lang='lat' dir='ltr'>m</span> 
     </span>
     <span class='ocr_line' id='line_1_13' title="bbox 21 983 2061 1046; baseline -0 -14.004"><span class='ocrx_word' id='word_1_135' title='bbox 21 1010 24 1018; x_wconf 59' lang='lat'><em>2</em></span> <span class='ocrx_word' id='word_1_136' title='bbox 91 997 221 1033; x_wconf 88' lang='lat' dir='ltr'>utero</span> <span class='ocrx_word' id='word_1_137' title='bbox 248 986 467 1031; x_wconf 87' lang='lat' dir='ltr'>remansit</span> <span class='ocrx_word' id='word_1_138' title='bbox 492 985 677 1045; x_wconf 89' lang='lat' dir='ltr'>quidem</span> <span class='ocrx_word' id='word_1_139' title='bbox 703 984 851 1029; x_wconf 91' lang='lat' dir='ltr'>fomes</span> <span class='ocrx_word' id='word_1_140' title='bbox 884 986 1073 1044; x_wconf 88' lang='lat' dir='ltr'>peccati,</span> <span class='ocrx_word' id='word_1_141' title='bbox 1108 983 1186 1029; x_wconf 88' lang='lat' dir='ltr'>sed</span> <span class='ocrx_word' id='word_1_142' title='bbox 1218 984 1409 1043; x_wconf 88' lang='lat' dir='ltr'>ligatus;</span> <span class='ocrx_word' id='word_1_143' title='bbox 1450 989 1508 1028; x_wconf 81' lang='lat' dir='ltr'>ne</span> <span class='ocrx_word' id='word_1_144' title='bbox 1541 983 1715 1029; x_wconf 89' lang='lat' dir='ltr'>scilicet</span> <span class='ocrx_word' id='word_1_145' title='bbox 1746 995 2061 1046; x_wconf 89' lang='lat' dir='ltr'>prorumperet</span> 
     </span>
     <span class='ocr_line' id='line_1_14' title="bbox 7 1051 2058 1113; baseline 0 -15"><span class='ocrx_word' id='word_1_146' title='bbox 7 1066 32 1105; x_wconf 67' lang='lat' dir='ltr'>g</span> <span class='ocrx_word' id='word_1_147' title='bbox 90 1051 138 1111; x_wconf 83' lang='lat' dir='ltr'>in</span> <span class='ocrx_word' id='word_1_148' title='bbox 164 1053 364 1113; x_wconf 89' lang='lat' dir='ltr'>aliquem</span> <span class='ocrx_word' id='word_1_149' title='bbox 391 1063 571 1097; x_wconf 88' lang='lat' dir='ltr'>motum</span> <span class='ocrx_word' id='word_1_150' title='bbox 597 1052 922 1105; x_wconf 90' lang='lat' dir='ltr'>inordinatum,</span> <span class='ocrx_word' id='word_1_151' title='bbox 951 1052 1028 1111; x_wconf 90' lang='lat' dir='ltr'>qui</span> <span class='ocrx_word' id='word_1_152' title='bbox 1059 1051 1287 1096; x_wconf 89' lang='lat' dir='ltr'>rationem</span> <span class='ocrx_word' id='word_1_153' title='bbox 1319 1051 1628 1110; x_wconf 88' lang='lat' dir='ltr'>praeveniret:</span> <span class='ocrx_word' id='word_1_154' title='bbox 1663 1061 1708 1095; x_wconf 89' lang='lat' dir='ltr'>et</span> <span class='ocrx_word' id='word_1_155' title='bbox 1732 1051 1839 1096; x_wconf 90' lang='lat' dir='ltr'>licet</span> <span class='ocrx_word' id='word_1_156' title='bbox 1880 1054 1935 1097; x_wconf 91' lang='lat' dir='ltr'>ad</span> <span class='ocrx_word' id='word_1_157' title='bbox 1966 1053 2058 1099; x_wconf 89' lang='lat' dir='ltr'>hoc</span> 
     </span>
     <span class='ocr_line' id='line_1_15' title="bbox 8 1117 2061 1183; baseline 0.002 -22"><span class='ocrx_word' id='word_1_158' title='bbox 8 1122 38 1171; x_wconf 71' lang='lat'>2}</span> <span class='ocrx_word' id='word_1_159' title='bbox 90 1127 357 1183; x_wconf 74' lang='lat' dir='ltr'>operaretur</span> <span class='ocrx_word' id='word_1_160' title='bbox 379 1120 523 1179; x_wconf 89' lang='lat' dir='ltr'>gratia</span> <span class='ocrx_word' id='word_1_161' title='bbox 540 1118 937 1173; x_wconf 86' lang='lat' dir='ltr'>sanctificationis;</span> <span class='ocrx_word' id='word_1_162' title='bbox 960 1133 1054 1162; x_wconf 90' lang='lat' dir='ltr'>non</span> <span class='ocrx_word' id='word_1_163' title='bbox 1078 1129 1232 1163; x_wconf 91' lang='lat' dir='ltr'>tamen</span> <span class='ocrx_word' id='word_1_164' title='bbox 1256 1119 1312 1163; x_wconf 90' lang='lat' dir='ltr'>ad</span> <span class='ocrx_word' id='word_1_165' title='bbox 1334 1119 1424 1163; x_wconf 89' lang='lat' dir='ltr'>hoc</span> <span class='ocrx_word' id='word_1_166' title='bbox 1450 1117 1703 1164; x_wconf 89' lang='lat' dir='ltr'>sufficiebat</span> <span class='ocrx_word' id='word_1_167' title='bbox 1723 1135 1732 1164; x_wconf 89' lang='lat'>:</span> <span class='ocrx_word' id='word_1_168' title='bbox 1752 1118 1955 1179; x_wconf 90' lang='lat' dir='ltr'>alioquin</span> <span class='ocrx_word' id='word_1_169' title='bbox 1976 1121 2061 1165; x_wconf 89' lang='lat' dir='ltr'>vir-</span> 
     </span>
     <span class='ocr_line' id='line_1_16' title="bbox 18 1185 2059 1247; baseline -0 -14"><span class='ocrx_word' id='word_1_170' title='bbox 18 1192 31 1240; x_wconf 77' lang='lat' dir='ltr'><strong><em>J</em></strong></span> <span class='ocrx_word' id='word_1_171' title='bbox 89 1192 185 1244; x_wconf 87' lang='lat' dir='ltr'>tute</span> <span class='ocrx_word' id='word_1_172' title='bbox 210 1187 332 1232; x_wconf 86' lang='lat' dir='ltr'>illius</span> <span class='ocrx_word' id='word_1_173' title='bbox 366 1189 537 1247; x_wconf 89' lang='lat' dir='ltr'>gratiae</span> <span class='ocrx_word' id='word_1_174' title='bbox 578 1187 667 1231; x_wconf 91' lang='lat' dir='ltr'>hoc</span> <span class='ocrx_word' id='word_1_175' title='bbox 707 1187 748 1230; x_wconf 90' lang='lat' dir='ltr'>ei</span> <span class='ocrx_word' id='word_1_176' title='bbox 779 1185 935 1230; x_wconf 88' lang='lat' dir='ltr'>fuisset</span> <span class='ocrx_word' id='word_1_177' title='bbox 960 1186 1241 1245; x_wconf 88' lang='lat' dir='ltr'>praestitum,</span> <span class='ocrx_word' id='word_1_178' title='bbox 1269 1196 1319 1230; x_wconf 91' lang='lat' dir='ltr'>ut</span> <span class='ocrx_word' id='word_1_179' title='bbox 1343 1185 1495 1230; x_wconf 90' lang='lat' dir='ltr'>nullus</span> <span class='ocrx_word' id='word_1_180' title='bbox 1522 1195 1675 1230; x_wconf 90' lang='lat' dir='ltr'>motus</span> <span class='ocrx_word' id='word_1_181' title='bbox 1702 1197 1856 1246; x_wconf 89' lang='lat' dir='ltr'>posset</span> <span class='ocrx_word' id='word_1_182' title='bbox 1883 1202 1981 1232; x_wconf 90' lang='lat' dir='ltr'>esse</span> <span class='ocrx_word' id='word_1_183' title='bbox 2012 1188 2059 1232; x_wconf 93' lang='lat' dir='ltr'>in</span> 
     </span>
     <span class='ocr_line' id='line_1_17' title="bbox 23 1252 2059 1314; baseline -0.001 -13"><span class='ocrx_word' id='word_1_184' title='bbox 23 1255 44 1314; x_wconf 55' lang='grc' dir='ltr'><em>ἦ</em></span> <span class='ocrx_word' id='word_1_185' title='bbox 90 1254 380 1302; x_wconf 78' lang='lat' dir='ltr'>&#39;sensualitate</span> <span class='ocrx_word' id='word_1_186' title='bbox 407 1255 518 1313; x_wconf 86' lang='lat' dir='ltr'>ejus,</span> <span class='ocrx_word' id='word_1_187' title='bbox 545 1254 640 1314; x_wconf 47' lang='lat' dir='ltr'>nisi·</span> <span class='ocrx_word' id='word_1_188' title='bbox 654 1254 829 1297; x_wconf 91' lang='lat' dir='ltr'>ratione</span> <span class='ocrx_word' id='word_1_189' title='bbox 847 1264 1141 1312; x_wconf 89' lang='lat' dir='ltr'>praeventus;</span> <span class='ocrx_word' id='word_1_190' title='bbox 1168 1262 1211 1297; x_wconf 91' lang='lat' dir='ltr'>et</span> <span class='ocrx_word' id='word_1_191' title='bbox 1229 1253 1292 1297; x_wconf 90' lang='lat' dir='ltr'>sic</span> <span class='ocrx_word' id='word_1_192' title='bbox 1312 1252 1524 1297; x_wconf 90' lang='lat' dir='ltr'>fomitem</span> <span class='ocrx_word' id='word_1_193' title='bbox 1545 1267 1640 1297; x_wconf 93' lang='lat' dir='ltr'>non</span> <span class='ocrx_word' id='word_1_194' title='bbox 1662 1253 1918 1312; x_wconf 80' lang='lat' dir='ltr'>habuisset3</span> <span class='ocrx_word' id='word_1_195' title='bbox 1937 1255 2059 1314; x_wconf 93' lang='lat' dir='ltr'>quod</span> 
     </span>
     <span class='ocr_line' id='line_1_18' title="bbox 35 1320 2060 1381; baseline -0 -13.006"><span class='ocrx_word' id='word_1_196' title='bbox 35 1324 40 1330; x_wconf 84' lang='grc'><em>“</em></span> <span class='ocrx_word' id='word_1_197' title='bbox 91 1332 159 1369; x_wconf 86' lang='lat' dir='ltr'>est</span> <span class='ocrx_word' id='word_1_198' title='bbox 189 1332 349 1367; x_wconf 89' lang='lat' dir='ltr'>contra</span> <span class='ocrx_word' id='word_1_199' title='bbox 374 1336 507 1381; x_wconf 90' lang='lat' dir='ltr'>supra</span> <span class='ocrx_word' id='word_1_200' title='bbox 534 1321 655 1365; x_wconf 89' lang='lat' dir='ltr'>dicta</span> <span class='ocrx_word' id='word_1_201' title='bbox 684 1320 783 1378; x_wconf 88' lang='lat' dir='ltr'>(art.</span> <span class='ocrx_word' id='word_1_202' title='bbox 806 1322 1001 1379; x_wconf 80' lang='lat' dir='ltr'>praec.):</span> <span class='ocrx_word' id='word_1_203' title='bbox 1031 1320 1150 1364; x_wconf 89' lang='lat' dir='ltr'>unde</span> <span class='ocrx_word' id='word_1_204' title='bbox 1177 1330 1358 1378; x_wconf 90' lang='lat' dir='ltr'>oportet</span> <span class='ocrx_word' id='word_1_205' title='bbox 1390 1321 1556 1376; x_wconf 87' lang='lat' dir='ltr'>dicere,</span> <span class='ocrx_word' id='word_1_206' title='bbox 1589 1321 1711 1380; x_wconf 90' lang='lat' dir='ltr'>quod</span> <span class='ocrx_word' id='word_1_207' title='bbox 1745 1321 2060 1381; x_wconf 89' lang='lat' dir='ltr'>complemen-</span> 
     </span>
     <span class='ocr_line' id='line_1_19' title="bbox 23 1387 2060 1449; baseline 0 -15"><span class='ocrx_word' id='word_1_208' title='bbox 23 1409 45 1447; x_wconf 63' lang='lat'>:5-</span> <span class='ocrx_word' id='word_1_209' title='bbox 87 1397 187 1434; x_wconf 88' lang='lat' dir='ltr'>tum</span> <span class='ocrx_word' id='word_1_210' title='bbox 211 1389 333 1434; x_wconf 90' lang='lat' dir='ltr'>illius</span> <span class='ocrx_word' id='word_1_211' title='bbox 358 1389 589 1448; x_wconf 85' lang='lat' dir='ltr'>ligationis</span> <span class='ocrx_word' id='word_1_212' title='bbox 610 1387 694 1432; x_wconf 88' lang='lat' dir='ltr'>fuit</span> <span class='ocrx_word' id='word_1_213' title='bbox 718 1403 771 1432; x_wconf 86' lang='lat' dir='ltr'>ex</span> <span class='ocrx_word' id='word_1_214' title='bbox 793 1387 945 1431; x_wconf 87' lang='lat' dir='ltr'>divina</span> <span class='ocrx_word' id='word_1_215' title='bbox 967 1387 1266 1446; x_wconf 87' lang='lat' dir='ltr'>providentia,</span> <span class='ocrx_word' id='word_1_216' title='bbox 1291 1402 1407 1446; x_wconf 88' lang='lat' dir='ltr'>quae</span> <span class='ocrx_word' id='word_1_217' title='bbox 1429 1401 1524 1432; x_wconf 91' lang='lat' dir='ltr'>non</span> <span class='ocrx_word' id='word_1_218' title='bbox 1550 1388 1842 1446; x_wconf 88' lang='lat' dir='ltr'>permittebat</span> <span class='ocrx_word' id='word_1_219' title='bbox 1859 1388 2060 1449; x_wconf 87' lang='lat' dir='ltr'>aliquem</span> 
     </span>
     <span class='ocr_line' id='line_1_20' title="bbox 90 1454 1152 1514; baseline -0.005 -11.361"><span class='ocrx_word' id='word_1_220' title='bbox 90 1466 270 1502; x_wconf 88' lang='lat' dir='ltr'>motum</span> <span class='ocrx_word' id='word_1_221' title='bbox 294 1456 604 1501; x_wconf 88' lang='lat' dir='ltr'>inordinatum</span> <span class='ocrx_word' id='word_1_222' title='bbox 632 1470 687 1499; x_wconf 84' lang='lat' dir='ltr'>ex</span> <span class='ocrx_word' id='word_1_223' title='bbox 712 1454 872 1499; x_wconf 88' lang='lat' dir='ltr'>fomite</span> <span class='ocrx_word' id='word_1_224' title='bbox 898 1455 1152 1514; x_wconf 89' lang='lat' dir='ltr'>provenire.</span> 
     </span>
     <span class='ocr_line' id='line_1_21' title="bbox 34 1521 2059 1584; baseline 0 -16"><span class='ocrx_word' id='word_1_225' title='bbox 34 1578 36 1581; x_wconf 84' lang='lat'><strong>.</strong></span> <span class='ocrx_word' id='word_1_226' title='bbox 178 1523 255 1568; x_wconf 83' lang='lat' dir='ltr'>An</span> <span class='ocrx_word' id='word_1_227' title='bbox 282 1536 543 1569; x_wconf 77' lang='lat' dir='ltr'>SECUNDUM</span> <span class='ocrx_word' id='word_1_228' title='bbox 569 1521 827 1579; x_wconf 86' lang='lat' dir='ltr'>dicendum,</span> <span class='ocrx_word' id='word_1_229' title='bbox 854 1521 974 1580; x_wconf 90' lang='lat' dir='ltr'>quod</span> <span class='ocrx_word' id='word_1_230' title='bbox 1001 1521 1114 1565; x_wconf 82' lang='lat' dir='ltr'>illud</span> <span class='ocrx_word' id='word_1_231' title='bbox 1135 1521 1325 1565; x_wconf 88' lang='lat' dir='ltr'>verbum</span> <span class='ocrx_word' id='word_1_232' title='bbox 1345 1521 1575 1566; x_wconf 90' lang='lat' dir='ltr'>Simeonis</span> <span class='ocrx_word' id='word_1_233' title='bbox 1595 1523 1826 1581; x_wconf 88' lang='lat' dir='ltr'>Origenes</span> <span class='ocrx_word' id='word_1_234' title='bbox 1844 1524 1977 1582; x_wconf 89' lang='lat' dir='ltr'>(hom.</span> <span class='ocrx_word' id='word_1_235' title='bbox 1995 1538 2059 1584; x_wconf 85' lang='lat'>17.</span> 
     </span>
     <span class='ocr_line' id='line_1_22' title="bbox 26 1588 2062 1650; baseline 0 -15"><span class='ocrx_word' id='word_1_236' title='bbox 26 1591 33 1619; x_wconf 71' lang='grc' dir='ltr'>ἶ</span> <span class='ocrx_word' id='word_1_237' title='bbox 88 1591 134 1635; x_wconf 85' lang='lat' dir='ltr'>in</span> <span class='ocrx_word' id='word_1_238' title='bbox 160 1591 264 1636; x_wconf 86' lang='lat' dir='ltr'>Luc.</span> <span class='ocrx_word' id='word_1_239' title='bbox 290 1605 316 1634; x_wconf 89' lang='lat' dir='ltr'>a</span> <span class='ocrx_word' id='word_1_240' title='bbox 341 1589 485 1648; x_wconf 67' lang='lat' dir='ltr'>med),</span> <span class='ocrx_word' id='word_1_241' title='bbox 515 1600 558 1633; x_wconf 90' lang='lat' dir='ltr'>et</span> <span class='ocrx_word' id='word_1_242' title='bbox 584 1589 769 1648; x_wconf 91' lang='lat' dir='ltr'>quidam</span> <span class='ocrx_word' id='word_1_243' title='bbox 797 1588 873 1632; x_wconf 89' lang='lat' dir='ltr'>alii</span> <span class='ocrx_word' id='word_1_244' title='bbox 894 1588 1123 1632; x_wconf 89' lang='lat' dir='ltr'>Doctores</span> <span class='ocrx_word' id='word_1_245' title='bbox 1145 1598 1378 1647; x_wconf 90' lang='lat' dir='ltr'>exponunt</span> <span class='ocrx_word' id='word_1_246' title='bbox 1400 1589 1454 1633; x_wconf 89' lang='lat' dir='ltr'>de</span> <span class='ocrx_word' id='word_1_247' title='bbox 1478 1588 1653 1644; x_wconf 90' lang='lat' dir='ltr'>dolore,</span> <span class='ocrx_word' id='word_1_248' title='bbox 1676 1604 1814 1649; x_wconf 89' lang='lat' dir='ltr'>quem</span> <span class='ocrx_word' id='word_1_249' title='bbox 1837 1605 1970 1650; x_wconf 88' lang='lat' dir='ltr'>passa</span> <span class='ocrx_word' id='word_1_250' title='bbox 1993 1602 2062 1637; x_wconf 90' lang='lat' dir='ltr'>est</span> 
     </span>
     <span class='ocr_line' id='line_1_23' title="bbox 34 1655 2061 1718; baseline 0 -16"><span class='ocrx_word' id='word_1_251' title='bbox 34 1655 39 1702; x_wconf 77' lang='lat' dir='ltr'>j</span> <span class='ocrx_word' id='word_1_252' title='bbox 88 1657 136 1702; x_wconf 89' lang='lat' dir='ltr'>in</span> <span class='ocrx_word' id='word_1_253' title='bbox 163 1657 335 1703; x_wconf 85' lang='lat' dir='ltr'>Christi</span> <span class='ocrx_word' id='word_1_254' title='bbox 359 1657 594 1717; x_wconf 82' lang='lat' dir='ltr'>passione3</span> <span class='ocrx_word' id='word_1_255' title='bbox 617 1655 832 1700; x_wconf 88' lang='lat' dir='ltr'>Ambros.</span> <span class='ocrx_word' id='word_1_256' title='bbox 852 1666 1003 1699; x_wconf 89' lang='lat' dir='ltr'>autem</span> <span class='ocrx_word' id='word_1_257' title='bbox 1024 1655 1086 1712; x_wconf 89' lang='lat' dir='ltr'>(in</span> <span class='ocrx_word' id='word_1_258' title='bbox 1112 1655 1218 1700; x_wconf 82' lang='lat' dir='ltr'>hunc</span> <span class='ocrx_word' id='word_1_259' title='bbox 1245 1655 1342 1712; x_wconf 81' lang='lat' dir='ltr'>loc.)</span> <span class='ocrx_word' id='word_1_260' title='bbox 1373 1671 1396 1697; x_wconf 85' lang='lat'>«</span> <span class='ocrx_word' id='word_1_261' title='bbox 1422 1670 1501 1715; x_wconf 90' lang='lat' dir='ltr'>per</span> <span class='ocrx_word' id='word_1_262' title='bbox 1527 1655 1748 1715; x_wconf 88' lang='lat' dir='ltr'>gladium,</span> <span class='ocrx_word' id='word_1_263' title='bbox 1775 1657 1898 1713; x_wconf 91' lang='lat' dir='ltr'>dicit,</span> <span class='ocrx_word' id='word_1_264' title='bbox 1925 1659 2061 1718; x_wconf 89' lang='lat' dir='ltr'>signi-</span> 
     </span>
     <span class='ocr_line' id='line_1_24' title="bbox 26 1722 2059 1784; baseline 0.001 -16"><span class='ocrx_word' id='word_1_265' title='bbox 26 1723 32 1762; x_wconf 74' lang='grc' dir='ltr'><strong>ἶ</strong></span> <span class='ocrx_word' id='word_1_266' title='bbox 88 1723 216 1768; x_wconf 90' lang='lat' dir='ltr'>ficari</span> <span class='ocrx_word' id='word_1_267' title='bbox 241 1723 528 1784; x_wconf 90' lang='lat' dir='ltr'>prudentiam</span> <span class='ocrx_word' id='word_1_268' title='bbox 554 1723 726 1766; x_wconf 89' lang='lat' dir='ltr'>Mariae</span> <span class='ocrx_word' id='word_1_269' title='bbox 753 1736 846 1766; x_wconf 93' lang='lat' dir='ltr'>non</span> <span class='ocrx_word' id='word_1_270' title='bbox 872 1723 1080 1781; x_wconf 89' lang='lat' dir='ltr'>ignaram</span> <span class='ocrx_word' id='word_1_271' title='bbox 1108 1723 1312 1782; x_wconf 89' lang='lat' dir='ltr'>mysterii</span> <span class='ocrx_word' id='word_1_272' title='bbox 1345 1722 1570 1767; x_wconf 91' lang='lat' dir='ltr'>coelestis.</span> <span class='ocrx_word' id='word_1_273' title='bbox 1613 1723 1782 1768; x_wconf 86' lang='lat' dir='ltr'>Vivum</span> <span class='ocrx_word' id='word_1_274' title='bbox 1827 1734 1894 1769; x_wconf 90' lang='lat' dir='ltr'>est</span> <span class='ocrx_word' id='word_1_275' title='bbox 1934 1725 2059 1770; x_wconf 88' lang='lat' dir='ltr'>enim</span> 
     </span>
     <span class='ocr_line' id='line_1_25' title="bbox 30 1786 2056 1850; baseline -0.002 -8"><span class='ocrx_word' id='word_1_276' title='bbox 30 1786 44 1842; x_wconf 64' lang='lat' dir='ltr'><strong><em>s</em></strong></span> <span class='ocrx_word' id='word_1_277' title='bbox 88 1791 279 1836; x_wconf 88' lang='lat' dir='ltr'>verbum</span> <span class='ocrx_word' id='word_1_278' title='bbox 305 1791 408 1846; x_wconf 89' lang='lat' dir='ltr'>Dei,</span> <span class='ocrx_word' id='word_1_279' title='bbox 435 1799 480 1835; x_wconf 92' lang='lat' dir='ltr'>et</span> <span class='ocrx_word' id='word_1_280' title='bbox 504 1789 723 1844; x_wconf 87' lang='lat' dir='ltr'>validum,</span> <span class='ocrx_word' id='word_1_281' title='bbox 749 1799 793 1833; x_wconf 92' lang='lat' dir='ltr'>et</span> <span class='ocrx_word' id='word_1_282' title='bbox 819 1789 994 1834; x_wconf 88' lang='lat' dir='ltr'>acutius</span> <span class='ocrx_word' id='word_1_283' title='bbox 1021 1790 1149 1833; x_wconf 91' lang='lat' dir='ltr'>omni</span> <span class='ocrx_word' id='word_1_284' title='bbox 1175 1789 1329 1848; x_wconf 90' lang='lat' dir='ltr'>gladio</span> <span class='ocrx_word' id='word_1_285' title='bbox 1357 1790 1622 1834; x_wconf 90' lang='lat' dir='ltr'>acutissimo</span> <span class='ocrx_word' id='word_1_286' title='bbox 1650 1805 1690 1834; x_wconf 76' lang='lat' dir='ltr'>»z</span> <span class='ocrx_word' id='word_1_287' title='bbox 1735 1791 1920 1850; x_wconf 90' lang='lat' dir='ltr'>quidam</span> <span class='ocrx_word' id='word_1_288' title='bbox 1946 1806 2056 1837; x_wconf 91' lang='lat' dir='ltr'>vero</span> 
     </span>
     <span class='ocr_line' id='line_1_26' title="bbox 19 1855 2058 1919; baseline 0 -16"><span class='ocrx_word' id='word_1_289' title='bbox 19 1868 53 1918; x_wconf 8' lang='grc' dir='ltr'>ιζ’</span> <span class='ocrx_word' id='word_1_290' title='bbox 88 1871 169 1919; x_wconf 83' lang='lat' dir='ltr'>per</span> <span class='ocrx_word' id='word_1_291' title='bbox 193 1856 396 1918; x_wconf 88' lang='lat' dir='ltr'>gladium</span> <span class='ocrx_word' id='word_1_292' title='bbox 423 1857 750 1902; x_wconf 89' lang='lat' dir='ltr'>dubitationem</span> <span class='ocrx_word' id='word_1_293' title='bbox 778 1855 1059 1915; x_wconf 89' lang='lat' dir='ltr'>intelligunt:</span> <span class='ocrx_word' id='word_1_294' title='bbox 1094 1871 1209 1916; x_wconf 90' lang='lat' dir='ltr'>quae</span> <span class='ocrx_word' id='word_1_295' title='bbox 1235 1866 1390 1901; x_wconf 90' lang='lat' dir='ltr'>tamen</span> <span class='ocrx_word' id='word_1_296' title='bbox 1413 1871 1507 1901; x_wconf 93' lang='lat' dir='ltr'>non</span> <span class='ocrx_word' id='word_1_297' title='bbox 1531 1867 1598 1902; x_wconf 86' lang='lat' dir='ltr'>est</span> <span class='ocrx_word' id='word_1_298' title='bbox 1618 1857 1913 1917; x_wconf 88' lang='lat' dir='ltr'>intelligenda</span> <span class='ocrx_word' id='word_1_299' title='bbox 1935 1859 2058 1904; x_wconf 89' lang='lat' dir='ltr'>dubi-</span> 
     </span>
     <span class='ocr_line' id='line_1_27' title="bbox 86 1923 2058 1978; baseline -0 -7.031"><span class='ocrx_word' id='word_1_300' title='bbox 86 1924 199 1971; x_wconf 83' lang='lat' dir='ltr'>tatio</span> <span class='ocrx_word' id='word_1_301' title='bbox 223 1923 513 1978; x_wconf 87' lang='lat' dir='ltr'>infidelitatis,</span> <span class='ocrx_word' id='word_1_302' title='bbox 539 1924 618 1968; x_wconf 91' lang='lat' dir='ltr'>sed</span> <span class='ocrx_word' id='word_1_303' title='bbox 645 1923 973 1978; x_wconf 88' lang='lat' dir='ltr'>admirationis,</span> <span class='ocrx_word' id='word_1_304' title='bbox 1015 1933 1059 1968; x_wconf 91' lang='lat' dir='ltr'>et</span> <span class='ocrx_word' id='word_1_305' title='bbox 1099 1924 1415 1968; x_wconf 89' lang='lat' dir='ltr'>discussionis:</span> <span class='ocrx_word' id='word_1_306' title='bbox 1460 1925 1569 1968; x_wconf 90' lang='lat' dir='ltr'>dicit</span> <span class='ocrx_word' id='word_1_307' title='bbox 1609 1925 1733 1969; x_wconf 89' lang='lat' dir='ltr'>enim</span> <span class='ocrx_word' id='word_1_308' title='bbox 1775 1926 1969 1972; x_wconf 89' lang='lat' dir='ltr'>Basilius</span> <span class='ocrx_word' id='word_1_309' title='bbox 2009 1927 2058 1971; x_wconf 91' lang='lat' dir='ltr'>in</span> 
     </span>
     <span class='ocr_line' id='line_1_28' title="bbox 34 1991 2058 2054; baseline 0.001 -19"><span class='ocrx_word' id='word_1_310' title='bbox 34 2014 64 2034; x_wconf 66' lang='grc' dir='ltr'><strong>ι</strong></span> <span class='ocrx_word' id='word_1_311' title='bbox 89 1991 218 2054; x_wconf 80' lang='lat' dir='ltr'>epist.</span> <span class='ocrx_word' id='word_1_312' title='bbox 244 1992 301 2036; x_wconf 90' lang='lat' dir='ltr'>ad</span> <span class='ocrx_word' id='word_1_313' title='bbox 329 1991 572 2052; x_wconf 89' lang='lat' dir='ltr'>Optimum</span> <span class='ocrx_word' id='word_1_314' title='bbox 599 1991 726 2050; x_wconf 81' lang='lat' dir='ltr'>(quae</span> <span class='ocrx_word' id='word_1_315' title='bbox 751 1997 809 2036; x_wconf 84' lang='lat' dir='ltr'>est</span> <span class='ocrx_word' id='word_1_316' title='bbox 827 2005 914 2050; x_wconf 82' lang='lat'>317.</span> <span class='ocrx_word' id='word_1_317' title='bbox 942 1993 985 2034; x_wconf 88' lang='lat' dir='ltr'>in</span> <span class='ocrx_word' id='word_1_318' title='bbox 1000 1992 1122 2050; x_wconf 66' lang='lat' dir='ltr'>fin),</span> <span class='ocrx_word' id='word_1_319' title='bbox 1151 1991 1288 2050; x_wconf 91' lang='lat' dir='ltr'>quod,</span> <span class='ocrx_word' id='word_1_320' title='bbox 1319 2007 1342 2032; x_wconf 86' lang='lat'>«</span> <span class='ocrx_word' id='word_1_321' title='bbox 1364 1991 1414 2035; x_wconf 93' lang='grc' dir='ltr'>Β.</span> <span class='ocrx_word' id='word_1_322' title='bbox 1438 1991 1582 2050; x_wconf 88' lang='lat' dir='ltr'>Virgo</span> <span class='ocrx_word' id='word_1_323' title='bbox 1617 1993 1829 2037; x_wconf 79' lang='lat' dir='ltr'>assistens</span> <span class='ocrx_word' id='word_1_324' title='bbox 1853 1994 1990 2048; x_wconf 90' lang='lat' dir='ltr'>cruci,</span> <span class='ocrx_word' id='word_1_325' title='bbox 2013 2004 2058 2039; x_wconf 93' lang='lat' dir='ltr'>et</span> 
     </span>
     <span class='ocr_line' id='line_1_29' title="bbox 89 2057 2058 2119; baseline 0 -14"><span class='ocrx_word' id='word_1_326' title='bbox 38 2059 310 2120; x_wconf 75' lang='lat' dir='ltr'>aspiciens</span> <span class='ocrx_word' id='word_1_327' title='bbox 327 2058 520 2118; x_wconf 89' lang='lat' dir='ltr'>singula,</span> <span class='ocrx_word' id='word_1_328' title='bbox 544 2067 648 2118; x_wconf 91' lang='lat' dir='ltr'>post</span> <span class='ocrx_word' id='word_1_329' title='bbox 667 2057 983 2102; x_wconf 88' lang='lat' dir='ltr'>testimonium</span> <span class='ocrx_word' id='word_1_330' title='bbox 1008 2057 1247 2112; x_wconf 89' lang='lat' dir='ltr'>Gabrielis,</span> <span class='ocrx_word' id='word_1_331' title='bbox 1269 2068 1372 2117; x_wconf 90' lang='lat' dir='ltr'>post</span> <span class='ocrx_word' id='word_1_332' title='bbox 1393 2058 1671 2103; x_wconf 88' lang='lat' dir='ltr'>ineffabilem</span> <span class='ocrx_word' id='word_1_333' title='bbox 1695 2059 1873 2104; x_wconf 89' lang='lat' dir='ltr'>divinae</span> <span class='ocrx_word' id='word_1_334' title='bbox 1897 2074 2058 2105; x_wconf 88' lang='lat' dir='ltr'>conce-</span> 
     </span>
     <span class='ocr_line' id='line_1_30' title="bbox 44 2123 2056 2189; baseline -0.001 -17"><span class='ocrx_word' id='word_1_335' title='bbox 44 2127 66 2167; x_wconf 69' lang='grc' dir='ltr'><em>ἴ</em></span> <span class='ocrx_word' id='word_1_336' title='bbox 85 2124 255 2189; x_wconf 72' lang='lat' dir='ltr'>ptiotiis</span> <span class='ocrx_word' id='word_1_337' title='bbox 269 2126 495 2180; x_wconf 88' lang='lat' dir='ltr'>notitiam,</span> <span class='ocrx_word' id='word_1_338' title='bbox 511 2135 616 2185; x_wconf 90' lang='lat' dir='ltr'>post</span> <span class='ocrx_word' id='word_1_339' title='bbox 629 2125 862 2184; x_wconf 90' lang='lat' dir='ltr'>ingentem</span> <span class='ocrx_word' id='word_1_340' title='bbox 884 2123 1213 2169; x_wconf 90' lang='lat' dir='ltr'>miraculorum</span> <span class='ocrx_word' id='word_1_341' title='bbox 1231 2125 1557 2180; x_wconf 89' lang='lat' dir='ltr'>ostensionem,</span> <span class='ocrx_word' id='word_1_342' title='bbox 1576 2126 1731 2170; x_wconf 89' lang='lat' dir='ltr'>animo</span> <span class='ocrx_word' id='word_1_343' title='bbox 1749 2126 1996 2172; x_wconf 90' lang='lat' dir='ltr'>fluctuabat</span> <span class='ocrx_word' id='word_1_344' title='bbox 2013 2146 2056 2183; x_wconf 88' lang='lat'>&gt;›,</span> 
     </span>
     <span class='ocr_line' id='line_1_31' title="bbox 39 2180 2056 2253; baseline 0.001 -16"><span class='ocrx_word' id='word_1_345' title='bbox 39 2198 145 2246; x_wconf 63' lang='lat' dir='ltr'>‘sex</span> <span class='ocrx_word' id='word_1_346' title='bbox 173 2206 265 2252; x_wconf 82' lang='lat' dir='ltr'>una</span> <span class='ocrx_word' id='word_1_347' title='bbox 294 2192 469 2239; x_wconf 88' lang='lat' dir='ltr'>scilicet</span> <span class='ocrx_word' id='word_1_348' title='bbox 498 2201 624 2253; x_wconf 90' lang='lat' dir='ltr'>parte</span> <span class='ocrx_word' id='word_1_349' title='bbox 656 2192 814 2236; x_wconf 90' lang='lat' dir='ltr'>videns</span> <span class='ocrx_word' id='word_1_350' title='bbox 847 2207 954 2236; x_wconf 92' lang='lat' dir='ltr'>eum</span> <span class='ocrx_word' id='word_1_351' title='bbox 985 2191 1079 2251; x_wconf 88' lang='lat' dir='ltr'>pati</span> <span class='ocrx_word' id='word_1_352' title='bbox 1111 2180 1301 2251; x_wconf 81' lang='lat' dir='ltr'>abjecta,</span> <span class='ocrx_word' id='word_1_353' title='bbox 1329 2202 1373 2237; x_wconf 90' lang='lat' dir='ltr'>et</span> <span class='ocrx_word' id='word_1_354' title='bbox 1404 2207 1458 2237; x_wconf 86' lang='lat' dir='ltr'>ex</span> <span class='ocrx_word' id='word_1_355' title='bbox 1491 2193 1579 2237; x_wconf 89' lang='lat' dir='ltr'>alia</span> <span class='ocrx_word' id='word_1_356' title='bbox 1611 2203 1738 2253; x_wconf 89' lang='lat' dir='ltr'>parte</span> <span class='ocrx_word' id='word_1_357' title='bbox 1761 2194 2056 2240; x_wconf 88' lang='lat' dir='ltr'>considerans</span> 
     </span>
     <span class='ocr_line' id='line_1_32' title="bbox 47 2254 2064 2323; baseline -0.001 -17"><span class='ocrx_word' id='word_1_358' title='bbox 47 2254 185 2323; x_wconf 58' lang='lat' dir='ltr'>qus</span> <span class='ocrx_word' id='word_1_359' title='bbox 210 2259 414 2305; x_wconf 85' lang='lat' dir='ltr'>mirifica.</span> <span class='ocrx_word' id='word_1_360' title='bbox 2059 2308 2064 2312; x_wconf 24' lang='grc' dir='ltr'>Γ</span> 
     </span>
     <span class='ocr_line' id='line_1_33' title="bbox 68 2319 2057 2389; baseline 0.001 -15.992"><span class='ocrx_word' id='word_1_361' title='bbox 68 2319 116 2336; x_wconf 71' lang='grc'>”</span> <span class='ocrx_word' id='word_1_362' title='bbox 174 2326 252 2372; x_wconf 85' lang='lat' dir='ltr'>AD</span> <span class='ocrx_word' id='word_1_363' title='bbox 279 2339 494 2372; x_wconf 75' lang='lat' dir='ltr'>TERTIUM</span> <span class='ocrx_word' id='word_1_364' title='bbox 520 2326 779 2380; x_wconf 88' lang='lat' dir='ltr'>dicendum,</span> <span class='ocrx_word' id='word_1_365' title='bbox 806 2326 929 2386; x_wconf 81' lang='lat' dir='ltr'>quod</span> <span class='ocrx_word' id='word_1_366' title='bbox 961 2326 1007 2370; x_wconf 91' lang='lat' dir='ltr'>in</span> <span class='ocrx_word' id='word_1_367' title='bbox 1038 2326 1187 2371; x_wconf 89' lang='lat' dir='ltr'>verbis</span> <span class='ocrx_word' id='word_1_368' title='bbox 1213 2326 1301 2371; x_wconf 89' lang='lat' dir='ltr'>illis</span> <span class='ocrx_word' id='word_1_369' title='bbox 1326 2326 1689 2388; x_wconf 89' lang='lat' dir='ltr'>Chrysostomus</span> <span class='ocrx_word' id='word_1_370' title='bbox 1714 2329 1928 2374; x_wconf 87' lang='lat' dir='ltr'>excessit:</span> <span class='ocrx_word' id='word_1_371' title='bbox 1955 2343 2057 2389; x_wconf 91' lang='lat' dir='ltr'>pos-</span> 
     </span>
     <span class='ocr_line' id='line_1_34' title="bbox 54 2392 2054 2462; baseline 0.001 -23.033"><span class='ocrx_word' id='word_1_372' title='bbox 54 2393 192 2462; x_wconf 64' lang='lat' dir='ltr'>bunt</span> <span class='ocrx_word' id='word_1_373' title='bbox 224 2403 379 2440; x_wconf 88' lang='lat' dir='ltr'>tamen</span> <span class='ocrx_word' id='word_1_374' title='bbox 411 2393 593 2454; x_wconf 85' lang='lat' dir='ltr'>exponi,</span> <span class='ocrx_word' id='word_1_375' title='bbox 626 2402 675 2438; x_wconf 93' lang='lat' dir='ltr'>ut</span> <span class='ocrx_word' id='word_1_376' title='bbox 705 2392 983 2453; x_wconf 90' lang='lat' dir='ltr'>intelligatur</span> <span class='ocrx_word' id='word_1_377' title='bbox 1015 2395 1061 2438; x_wconf 90' lang='lat' dir='ltr'>in</span> <span class='ocrx_word' id='word_1_378' title='bbox 1094 2408 1148 2438; x_wconf 90' lang='lat' dir='ltr'>ea</span> <span class='ocrx_word' id='word_1_379' title='bbox 1179 2394 1436 2438; x_wconf 89' lang='lat' dir='ltr'>Dominum</span> <span class='ocrx_word' id='word_1_380' title='bbox 1470 2395 1730 2440; x_wconf 90' lang='lat' dir='ltr'>cohibuisse</span> <span class='ocrx_word' id='word_1_381' title='bbox 1761 2410 1856 2440; x_wconf 91' lang='lat' dir='ltr'>non</span> <span class='ocrx_word' id='word_1_382' title='bbox 1888 2397 2054 2441; x_wconf 90' lang='lat' dir='ltr'>inordi-</span> 
     </span>
     <span class='ocr_line' id='line_1_35' title="bbox 70 2436 2057 2539; baseline 0.002 -33.953"><span class='ocrx_word' id='word_1_383' title='bbox 70 2436 278 2539; x_wconf 38' lang='lat' dir='ltr'>{stum</span> <span class='ocrx_word' id='word_1_384' title='bbox 266 2461 415 2506; x_wconf 87' lang='lat' dir='ltr'>manis</span> <span class='ocrx_word' id='word_1_385' title='bbox 442 2460 616 2520; x_wconf 88' lang='lat' dir='ltr'>gloriae</span> <span class='ocrx_word' id='word_1_386' title='bbox 643 2470 822 2506; x_wconf 88' lang='lat' dir='ltr'>motum</span> <span class='ocrx_word' id='word_1_387' title='bbox 850 2471 1072 2521; x_wconf 91' lang='lat' dir='ltr'>quantum</span> <span class='ocrx_word' id='word_1_388' title='bbox 1100 2461 1193 2505; x_wconf 92' lang='lat' dir='ltr'>ad</span> <span class='ocrx_word' id='word_1_389' title='bbox 1181 2476 1345 2521; x_wconf 79' lang='lat' dir='ltr'>ipsam,</span> <span class='ocrx_word' id='word_1_390' title='bbox 1371 2462 1451 2506; x_wconf 91' lang='lat' dir='ltr'>sed</span> <span class='ocrx_word' id='word_1_391' title='bbox 1476 2462 1521 2506; x_wconf 93' lang='lat' dir='ltr'>id</span> <span class='ocrx_word' id='word_1_392' title='bbox 1549 2463 1671 2522; x_wconf 91' lang='lat' dir='ltr'>quod</span> <span class='ocrx_word' id='word_1_393' title='bbox 1698 2463 1752 2508; x_wconf 90' lang='lat' dir='ltr'>ab</span> <span class='ocrx_word' id='word_1_394' title='bbox 1781 2463 1879 2509; x_wconf 90' lang='lat' dir='ltr'>aliis</span> <span class='ocrx_word' id='word_1_395' title='bbox 1902 2474 2057 2524; x_wconf 86' lang='lat' dir='ltr'>posset</span> 
     </span>
     <span class='ocr_line' id='line_1_36' title="bbox 157 2528 332 2593; baseline -0.017 -17.014"><span class='ocrx_word' id='word_1_396' title='bbox 157 2587 160 2593; x_wconf 83' lang='lat'><strong>.</strong></span> <span class='ocrx_word' id='word_1_397' title='bbox 212 2528 332 2574; x_wconf 79' lang='lat' dir='ltr'>nari.</span> 
     </span>
    </p>
   </div>
   <div class='ocr_carea' id='block_1_4' title="bbox 0 2460 147 2534">
    <p class='ocr_par' dir='ltr' id='par_1_4' title="bbox 0 2460 147 2534">
     <span class='ocr_line' id='line_1_37' title="bbox 0 2460 147 2534; baseline 0 1392"><span class='ocrx_word' id='word_1_398' title='bbox 0 2460 147 2534; x_wconf 95' lang='lat' dir='ltr'> </span> 
     </span>
    </p>
   </div>
   <div class='ocr_carea' id='block_1_5' title="bbox 800 2662 2054 2740">
    <p class='ocr_par' dir='ltr' id='par_1_5' title="bbox 800 2662 2054 2740">
     <span class='ocr_line' id='line_1_38' title="bbox 800 2662 2054 2740; baseline 0.006 -21"><span class='ocrx_word' id='word_1_399' title='bbox 800 2662 1237 2722; x_wconf 91' lang='lat' dir='ltr'>ARTICULUS</span> <span class='ocrx_word' id='word_1_400' title='bbox 1271 2664 1340 2720; x_wconf 89' lang='lat' dir='ltr'>V.</span> <span class='ocrx_word' id='word_1_401' title='bbox 1973 2679 2054 2740; x_wconf 84' lang='lat'>156</span> 
     </span>
    </p>
   </div>
   <div class='ocr_carea' id='block_1_6' title="bbox 0 2780 1931 2908">
    <p class='ocr_par' dir='ltr' id='par_1_6' title="bbox 0 2756 1931 2908">
     <span class='ocr_line' id='line_1_39' title="bbox 0 2780 1931 2840; baseline 0.002 -17"><span class='ocrx_word' id='word_1_402' title='bbox 0 2781 1 2784; x_wconf 49' lang='lat'>&#39;</span> <span class='ocrx_word' id='word_1_403' title='bbox 149 2780 156 2786; x_wconf 61' lang='grc'><em>’</em></span> <span class='ocrx_word' id='word_1_404' title='bbox 227 2783 422 2824; x_wconf 83' lang='lat' dir='ltr'>UTRUM</span> <span class='ocrx_word' id='word_1_405' title='bbox 461 2785 646 2824; x_wconf 77' lang='lat' dir='ltr'><strong>BEATA·</strong></span> <span class='ocrx_word' id='word_1_406' title='bbox 677 2786 842 2824; x_wconf 90' lang='lat' dir='ltr'>VIRGO</span> <span class='ocrx_word' id='word_1_407' title='bbox 884 2786 983 2824; x_wconf 89' lang='lat' dir='ltr'>PER</span> <span class='ocrx_word' id='word_1_408' title='bbox 1025 2785 1340 2840; x_wconf 87' lang='lat' dir='ltr'>HUJUSMODI</span> <span class='ocrx_word' id='word_1_409' title='bbox 1381 2785 1931 2827; x_wconf 85' lang='lat' dir='ltr'>SANCTIFICATIONEM</span> 
     </span>
     <span class='ocr_line' id='line_1_40' title="bbox 0 2847 1828 2908; baseline 0.002 -3"><span class='ocrx_word' id='word_1_410' title='bbox 0 2860 2 2873; x_wconf 75' lang='lat'><em>¹</em></span> <span class='ocrx_word' id='word_1_411' title='bbox 164 2847 167 2849; x_wconf 46' lang='lat'>&gt;</span> <span class='ocrx_word' id='word_1_412' title='bbox 310 2867 529 2907; x_wconf 81' lang='lat' dir='ltr'>ADEPTA</span> <span class='ocrx_word' id='word_1_413' title='bbox 561 2868 759 2908; x_wconf 87' lang='lat' dir='ltr'>FUERIT</span> <span class='ocrx_word' id='word_1_414' title='bbox 794 2868 1212 2908; x_wconf 87' lang='lat' dir='ltr'>PLENITUDINEM</span> <span class='ocrx_word' id='word_1_415' title='bbox 1240 2869 1463 2908; x_wconf 88' lang='lat' dir='ltr'>OMNIUM</span> <span class='ocrx_word' id='word_1_416' title='bbox 1492 2869 1828 2908; x_wconf 85' lang='lat' dir='ltr'><strong>GRATIARUM.</strong></span> 
     </span>
    </p>
   </div>
   <div class='ocr_carea' id='block_1_7' title="bbox 63 2961 2049 3091">
    <p class='ocr_par' dir='ltr' id='par_1_7' title="bbox 63 2961 2049 3091">
     <span class='ocr_line' id='line_1_41' title="bbox 63 2961 2049 3026; baseline 0.001 -18.025"><span class='ocrx_word' id='word_1_417' title='bbox 63 2961 143 3022; x_wconf 63' lang='grc' dir='ltr'><strong><em>Β</em></strong></span> <span class='ocrx_word' id='word_1_418' title='bbox 159 2961 272 3008; x_wconf 78' lang='lat' dir='ltr'>Dist.</span> <span class='ocrx_word' id='word_1_419' title='bbox 286 2978 321 3023; x_wconf 87' lang='lat'>3.</span> <span class='ocrx_word' id='word_1_420' title='bbox 339 2977 378 3022; x_wconf 85' lang='lat' dir='ltr'><strong>q.</strong></span> <span class='ocrx_word' id='word_1_421' title='bbox 396 2979 431 3010; x_wconf 83' lang='lat' dir='ltr'><strong>t.</strong></span> <span class='ocrx_word' id='word_1_422' title='bbox 449 2970 530 3009; x_wconf 83' lang='lat' dir='ltr'>art.</span> <span class='ocrx_word' id='word_1_423' title='bbox 548 2979 588 3009; x_wconf 86' lang='lat'><strong>2.</strong></span> <span class='ocrx_word' id='word_1_424' title='bbox 611 2979 649 3023; x_wconf 86' lang='lat' dir='ltr'><strong>q.</strong></span> <span class='ocrx_word' id='word_1_425' title='bbox 663 2979 699 3023; x_wconf 86' lang='lat'>3.</span> <span class='ocrx_word' id='word_1_426' title='bbox 718 2972 830 3023; x_wconf 85' lang='lat' dir='ltr'>corp.</span> <span class='ocrx_word' id='word_1_427' title='bbox 849 2965 1014 3009; x_wconf 80' lang='lat' dir='ltr'>etDist.</span> <span class='ocrx_word' id='word_1_428' title='bbox 1031 2979 1087 3023; x_wconf 87' lang='lat'>13.</span> <span class='ocrx_word' id='word_1_429' title='bbox 1106 2979 1146 3023; x_wconf 89' lang='lat' dir='ltr'><strong>q.</strong></span> <span class='ocrx_word' id='word_1_430' title='bbox 1159 2980 1195 3009; x_wconf 88' lang='lat'><strong>1.</strong></span> <span class='ocrx_word' id='word_1_431' title='bbox 1214 2972 1297 3010; x_wconf 86' lang='lat' dir='ltr'>art.</span> <span class='ocrx_word' id='word_1_432' title='bbox 1315 2980 1354 3010; x_wconf 91' lang='lat'><strong>2.</strong></span> <span class='ocrx_word' id='word_1_433' title='bbox 1373 2980 1411 3023; x_wconf 87' lang='lat' dir='ltr'><strong>q.</strong></span> <span class='ocrx_word' id='word_1_434' title='bbox 1429 2981 1464 3010; x_wconf 86' lang='lat'><strong>1.</strong></span> <span class='ocrx_word' id='word_1_435' title='bbox 1483 2973 1595 3024; x_wconf 83' lang='lat' dir='ltr'>corp.</span> <span class='ocrx_word' id='word_1_436' title='bbox 1613 2972 1649 3010; x_wconf 82' lang='lat' dir='ltr'>et</span> <span class='ocrx_word' id='word_1_437' title='bbox 1666 2973 1798 3025; x_wconf 83' lang='lat' dir='ltr'>opusc</span> <span class='ocrx_word' id='word_1_438' title='bbox 1819 2967 1890 3012; x_wconf 86' lang='lat'><strong>60.</strong></span> <span class='ocrx_word' id='word_1_439' title='bbox 1909 2974 1998 3025; x_wconf 83' lang='lat' dir='ltr'>cap.</span> <span class='ocrx_word' id='word_1_440' title='bbox 2012 2982 2049 3026; x_wconf 91' lang='lat'>3.</span> 
     </span>
     <span class='ocr_line' id='line_1_42' title="bbox 465 3031 1659 3091; baseline 0.001 -16"><span class='ocrx_word' id='word_1_441' title='bbox 465 3037 502 3076; x_wconf 83' lang='lat' dir='ltr'>et</span> <span class='ocrx_word' id='word_1_442' title='bbox 519 3032 644 3088; x_wconf 89' lang='lat' dir='ltr'>Joan</span> <span class='ocrx_word' id='word_1_443' title='bbox 675 3031 742 3076; x_wconf 87' lang='lat'><strong>16.</strong></span> <span class='ocrx_word' id='word_1_444' title='bbox 771 3031 846 3076; x_wconf 88' lang='lat' dir='ltr'>col.</span> <span class='ocrx_word' id='word_1_445' title='bbox 868 3046 904 3090; x_wconf 88' lang='grc'><em>3.</em></span> <span class='ocrx_word' id='word_1_446' title='bbox 931 3037 968 3076; x_wconf 84' lang='lat' dir='ltr'>et</span> <span class='ocrx_word' id='word_1_447' title='bbox 993 3033 1113 3077; x_wconf 89' lang='lat' dir='ltr'>Rom.</span> <span class='ocrx_word' id='word_1_448' title='bbox 1141 3032 1181 3077; x_wconf 87' lang='lat'><strong>8.</strong></span> <span class='ocrx_word' id='word_1_449' title='bbox 1209 3031 1295 3076; x_wconf 85' lang='lat' dir='ltr'>lect.</span> <span class='ocrx_word' id='word_1_450' title='bbox 1318 3046 1355 3091; x_wconf 86' lang='lat'>5.</span> <span class='ocrx_word' id='word_1_451' title='bbox 1383 3033 1460 3077; x_wconf 84' lang='lat' dir='ltr'>col.</span> <span class='ocrx_word' id='word_1_452' title='bbox 1487 3048 1522 3077; x_wconf 84' lang='lat'><strong>1.</strong></span> <span class='ocrx_word' id='word_1_453' title='bbox 1539 3034 1659 3091; x_wconf 89' lang='lat' dir='ltr'>fin..)</span> 
     </span>
    </p>
   </div>
   <div class='ocr_carea' id='block_1_8' title="bbox 0 3127 2056 3729">
    <p class='ocr_par' dir='ltr' id='par_1_8' title="bbox 163 3127 2056 3196">
     <span class='ocr_line' id='line_1_43' title="bbox 163 3127 2056 3196; baseline 0 -16"><span class='ocrx_word' id='word_1_454' title='bbox 163 3127 254 3181; x_wconf 82' lang='lat' dir='ltr'>AD</span> <span class='ocrx_word' id='word_1_455' title='bbox 279 3145 507 3187; x_wconf 74' lang='lat' dir='ltr'>QUINTUM</span> <span class='ocrx_word' id='word_1_456' title='bbox 533 3134 598 3180; x_wconf 89' lang='lat' dir='ltr'>sic</span> <span class='ocrx_word' id='word_1_457' title='bbox 625 3135 896 3195; x_wconf 89' lang='lat' dir='ltr'>proceditur.</span> <span class='ocrx_word' id='word_1_458' title='bbox 924 3134 1130 3190; x_wconf 88' lang='lat' dir='ltr'>Videtur,</span> <span class='ocrx_word' id='word_1_459' title='bbox 1157 3135 1279 3195; x_wconf 92' lang='lat' dir='ltr'>quod</span> <span class='ocrx_word' id='word_1_460' title='bbox 1305 3136 1437 3180; x_wconf 90' lang='lat' dir='ltr'>beata</span> <span class='ocrx_word' id='word_1_461' title='bbox 1462 3135 1606 3195; x_wconf 89' lang='lat' dir='ltr'>Virgo</span> <span class='ocrx_word' id='word_1_462' title='bbox 1634 3151 1713 3196; x_wconf 92' lang='lat' dir='ltr'>per</span> <span class='ocrx_word' id='word_1_463' title='bbox 1739 3136 2056 3181; x_wconf 86' lang='lat' dir='ltr'>sanctificatio-</span> 
     </span>
    </p>

    <p class='ocr_par' dir='ltr' id='par_1_9' title="bbox 29 3199 2052 3265">
     <span class='ocr_line' id='line_1_44' title="bbox 29 3199 2052 3265; baseline 0.002 -21"><span class='ocrx_word' id='word_1_464' title='bbox 29 3258 52 3265; x_wconf 18' lang='lat'><strong><em>¹</em></strong></span> <span class='ocrx_word' id='word_1_465' title='bbox 103 3211 199 3244; x_wconf 88' lang='lat' dir='ltr'>em</span> <span class='ocrx_word' id='word_1_466' title='bbox 222 3199 270 3244; x_wconf 88' lang='lat' dir='ltr'>in</span> <span class='ocrx_word' id='word_1_467' title='bbox 294 3210 423 3247; x_wconf 88' lang='lat' dir='ltr'>utero</span> <span class='ocrx_word' id='word_1_468' title='bbox 449 3215 543 3246; x_wconf 91' lang='lat' dir='ltr'>non</span> <span class='ocrx_word' id='word_1_469' title='bbox 570 3201 816 3247; x_wconf 89' lang='lat' dir='ltr'>obtinuerit</span> <span class='ocrx_word' id='word_1_470' title='bbox 842 3202 1015 3262; x_wconf 88' lang='lat' dir='ltr'>gratiae</span> <span class='ocrx_word' id='word_1_471' title='bbox 1042 3202 1386 3262; x_wconf 90' lang='lat' dir='ltr'>plenitudinem,</span> <span class='ocrx_word' id='word_1_472' title='bbox 1429 3203 1523 3247; x_wconf 88' lang='lat' dir='ltr'>sive</span> <span class='ocrx_word' id='word_1_473' title='bbox 1565 3203 1919 3262; x_wconf 88' lang='lat' dir='ltr'>perfectionem:</span> <span class='ocrx_word' id='word_1_474' title='bbox 1962 3203 2052 3248; x_wconf 92' lang='lat' dir='ltr'>hoc</span> 
     </span>
    </p>

    <p class='ocr_par' dir='ltr' id='par_1_10' title="bbox 0 3264 2054 3346">
     <span class='ocr_line' id='line_1_45' title="bbox 0 3264 2054 3346; baseline 0.002 -36"><span class='ocrx_word' id='word_1_475' title='bbox 0 3272 1 3275; x_wconf 77' lang='grc'>’</span> <span class='ocrx_word' id='word_1_476' title='bbox 63 3264 215 3343; x_wconf 41' lang='grc' dir='ltr'>ἧιεῐιιῐιι</span> <span class='ocrx_word' id='word_1_477' title='bbox 238 3266 416 3313; x_wconf 90' lang='lat' dir='ltr'>videtur</span> <span class='ocrx_word' id='word_1_478' title='bbox 440 3269 665 3346; x_wconf 81' lang='lat' dir='ltr'>pertinere</span> <span class='ocrx_word' id='word_1_479' title='bbox 693 3269 749 3313; x_wconf 90' lang='lat' dir='ltr'>ad</span> <span class='ocrx_word' id='word_1_480' title='bbox 775 3269 1067 3329; x_wconf 87' lang='lat' dir='ltr'>privilegium</span> <span class='ocrx_word' id='word_1_481' title='bbox 1093 3269 1280 3324; x_wconf 90' lang='lat' dir='ltr'>Christi,</span> <span class='ocrx_word' id='word_1_482' title='bbox 1315 3270 1568 3315; x_wconf 90' lang='lat' dir='ltr'>secundum</span> <span class='ocrx_word' id='word_1_483' title='bbox 1594 3270 1705 3314; x_wconf 89' lang='lat' dir='ltr'>illud</span> <span class='ocrx_word' id='word_1_484' title='bbox 1725 3271 1856 3329; x_wconf 91' lang='lat' dir='ltr'>Joan.</span> <span class='ocrx_word' id='word_1_485' title='bbox 1890 3284 1925 3315; x_wconf 92' lang='lat'><strong>1.</strong></span> <span class='ocrx_word' id='word_1_486' title='bbox 1937 3271 2054 3315; x_wconf 90' lang='lat' dir='ltr'>:Vi-</span> 
     </span>
    </p>

    <p class='ocr_par' dir='ltr' id='par_1_11' title="bbox 89 3331 2052 3398">
     <span class='ocr_line' id='line_1_46' title="bbox 89 3331 2052 3398; baseline 0.003 -20"><span class='ocrx_word' id='word_1_487' title='bbox 89 3331 224 3398; x_wconf 54' lang='lat' dir='ltr'>j&#39;mus</span> <span class='ocrx_word' id='word_1_488' title='bbox 254 3349 345 3379; x_wconf 78' lang='lat' dir='ltr'>eum</span> <span class='ocrx_word' id='word_1_489' title='bbox 370 3337 489 3394; x_wconf 85' lang='lat' dir='ltr'>quasi</span> <span class='ocrx_word' id='word_1_490' title='bbox 512 3337 771 3394; x_wconf 83' lang='lat' dir='ltr'>unigenitum</span> <span class='ocrx_word' id='word_1_491' title='bbox 798 3351 824 3381; x_wconf 92' lang='lat' dir='ltr'>a</span> <span class='ocrx_word' id='word_1_492' title='bbox 848 3337 988 3391; x_wconf 85' lang='lat' dir='ltr'>Patre,</span> <span class='ocrx_word' id='word_1_493' title='bbox 1022 3337 1193 3396; x_wconf 81' lang='lat' dir='ltr'>plenum</span> <span class='ocrx_word' id='word_1_494' title='bbox 1233 3339 1412 3395; x_wconf 83' lang='lat' dir='ltr'>gratiae,</span> <span class='ocrx_word' id='word_1_495' title='bbox 1438 3344 1477 3382; x_wconf 85' lang='lat' dir='ltr'>et</span> <span class='ocrx_word' id='word_1_496' title='bbox 1500 3339 1715 3382; x_wconf 78' lang='lat' dir='ltr'>veritatis:</span> <span class='ocrx_word' id='word_1_497' title='bbox 1750 3337 1828 3381; x_wconf 69' lang='lat' dir='ltr'>sed</span> <span class='ocrx_word' id='word_1_498' title='bbox 1857 3351 1909 3380; x_wconf 90' lang='lat' dir='ltr'>ea</span> <span class='ocrx_word' id='word_1_499' title='bbox 1936 3352 2052 3397; x_wconf 90' lang='lat' dir='ltr'>quae</span> 
     </span>
    </p>

    <p class='ocr_par' dir='ltr' id='par_1_12' title="bbox 0 3401 2053 3529">
     <span class='ocr_line' id='line_1_47' title="bbox 87 3401 2053 3463; baseline 0.003 -20"><span class='ocrx_word' id='word_1_500' title='bbox 87 3403 196 3443; x_wconf 69' lang='lat' dir='ltr'>{eunt</span> <span class='ocrx_word' id='word_1_501' title='bbox 218 3402 400 3460; x_wconf 86' lang='lat' dir='ltr'>propria</span> <span class='ocrx_word' id='word_1_502' title='bbox 426 3401 669 3457; x_wconf 88' lang='lat' dir='ltr'>Christi,n</span> <span class='ocrx_word' id='word_1_503' title='bbox 638 3417 733 3447; x_wconf 89' lang='lat' dir='ltr'>non</span> <span class='ocrx_word' id='word_1_504' title='bbox 759 3413 862 3448; x_wconf 88' lang='lat' dir='ltr'>sunt</span> <span class='ocrx_word' id='word_1_505' title='bbox 889 3401 1018 3448; x_wconf 90' lang='lat' dir='ltr'>alteri</span> <span class='ocrx_word' id='word_1_506' title='bbox 1045 3404 1352 3459; x_wconf 90' lang='lat' dir='ltr'>attribuenda;</span> <span class='ocrx_word' id='word_1_507' title='bbox 1380 3418 1490 3463; x_wconf 90' lang='lat' dir='ltr'>ergo</span> <span class='ocrx_word' id='word_1_508' title='bbox 1518 3404 1648 3448; x_wconf 86' lang='lat' dir='ltr'>beata</span> <span class='ocrx_word' id='word_1_509' title='bbox 1684 3403 1828 3462; x_wconf 90' lang='lat' dir='ltr'>Virgo</span> <span class='ocrx_word' id='word_1_510' title='bbox 1865 3403 2053 3463; x_wconf 89' lang='lat' dir='ltr'>plenitu-</span> 
     </span>
     <span class='ocr_line' id='line_1_48' title="bbox 0 3454 1306 3539; baseline 0.004 -29"><span class='ocrx_word' id='word_1_511' title='bbox 0 3471 5 3528; x_wconf 54' lang='grc' dir='ltr'><strong>ἦ</strong></span> <span class='ocrx_word' id='word_1_512' title='bbox 38 3465 75 3529; x_wconf 53' lang='grc' dir='ltr'>ξ,</span> <span class='ocrx_word' id='word_1_513' title='bbox 43 3454 246 3539; x_wconf 32' lang='lat' dir='ltr'>Quinem</span> <span class='ocrx_word' id='word_1_514' title='bbox 270 3467 517 3526; x_wconf 85' lang='lat' dir='ltr'>gratiarum</span> <span class='ocrx_word' id='word_1_515' title='bbox 543 3483 637 3513; x_wconf 91' lang='lat' dir='ltr'>non</span> <span class='ocrx_word' id='word_1_516' title='bbox 664 3469 839 3529; x_wconf 90' lang='lat' dir='ltr'>accepit</span> <span class='ocrx_word' id='word_1_517' title='bbox 862 3469 909 3514; x_wconf 88' lang='lat' dir='ltr'>in</span> <span class='ocrx_word' id='word_1_518' title='bbox 935 3470 1306 3515; x_wconf 87' lang='lat' dir='ltr'>sanctificatione.</span> 
     </span>
    </p>

    <p class='ocr_par' dir='ltr' id='par_1_13' title="bbox 0 3530 2054 3597">
     <span class='ocr_line' id='line_1_49' title="bbox 0 3530 2054 3597; baseline 0.004 -23"><span class='ocrx_word' id='word_1_519' title='bbox 0 3530 58 3587; x_wconf 54' lang='grc' dir='ltr'>’ᾗ</span> <span class='ocrx_word' id='word_1_520' title='bbox 116 3532 118 3537; x_wconf 78' lang='grc'>’</span> <span class='ocrx_word' id='word_1_521' title='bbox 182 3544 223 3576; x_wconf 83' lang='grc'>2.</span> <span class='ocrx_word' id='word_1_522' title='bbox 254 3532 551 3580; x_wconf 59' lang='lat' dir='ltr'>Prummu.</span> <span class='ocrx_word' id='word_1_523' title='bbox 557 3534 646 3593; x_wconf 85' lang='lat' dir='ltr'>Ei,</span> <span class='ocrx_word' id='word_1_524' title='bbox 673 3535 796 3594; x_wconf 92' lang='lat' dir='ltr'>quod</span> <span class='ocrx_word' id='word_1_525' title='bbox 823 3546 890 3581; x_wconf 87' lang='lat' dir='ltr'>est</span> <span class='ocrx_word' id='word_1_526' title='bbox 915 3536 1117 3596; x_wconf 89' lang='lat' dir='ltr'>plenum,</span> <span class='ocrx_word' id='word_1_527' title='bbox 1144 3547 1188 3582; x_wconf 89' lang='lat' dir='ltr'>et</span> <span class='ocrx_word' id='word_1_528' title='bbox 1214 3536 1480 3596; x_wconf 89' lang='lat' dir='ltr'>perfectum,</span> <span class='ocrx_word' id='word_1_529' title='bbox 1506 3551 1599 3580; x_wconf 92' lang='lat' dir='ltr'>non</span> <span class='ocrx_word' id='word_1_530' title='bbox 1626 3546 1762 3581; x_wconf 88' lang='lat' dir='ltr'>restat</span> <span class='ocrx_word' id='word_1_531' title='bbox 1789 3536 1958 3597; x_wconf 89' lang='lat' dir='ltr'>aliquid</span> <span class='ocrx_word' id='word_1_532' title='bbox 1980 3537 2054 3582; x_wconf 90' lang='lat' dir='ltr'>ad-</span> 
     </span>
    </p>

    <p class='ocr_par' dir='ltr' id='par_1_14' title="bbox 0 3578 2048 3729">
     <span class='ocr_line' id='line_1_50' title="bbox 0 3578 2048 3729; baseline 0.004 -86"><span class='ocrx_word' id='word_1_533' title='bbox 0 3585 66 3729; x_wconf 43' lang='grc' dir='ltr'>ὶ</span> <span class='ocrx_word' id='word_1_534' title='bbox 68 3578 313 3644; x_wconf 43' lang='lat' dir='ltr'>iciendum:</span> <span class='ocrx_word' id='word_1_535' title='bbox 341 3601 447 3661; x_wconf 83' lang='lat' dir='ltr'>quia</span> <span class='ocrx_word' id='word_1_536' title='bbox 466 3602 697 3662; x_wconf 75' lang='lat' dir='ltr'>perfectum</span> <span class='ocrx_word' id='word_1_537' title='bbox 724 3608 794 3657; x_wconf 84' lang='lat' dir='ltr'>est,</span> <span class='ocrx_word' id='word_1_538' title='bbox 822 3604 890 3648; x_wconf 87' lang='lat' dir='ltr'>cui</span> <span class='ocrx_word' id='word_1_539' title='bbox 914 3603 1022 3648; x_wconf 84' lang='lat' dir='ltr'>nihil</span> <span class='ocrx_word' id='word_1_540' title='bbox 1052 3603 1172 3658; x_wconf 76' lang='lat' dir='ltr'>deest,</span> <span class='ocrx_word' id='word_1_541' title='bbox 1214 3614 1262 3648; x_wconf 92' lang='lat' dir='ltr'>ut</span> <span class='ocrx_word' id='word_1_542' title='bbox 1303 3604 1502 3648; x_wconf 87' lang='lat' dir='ltr'>dicitur</span> <span class='ocrx_word' id='word_1_543' title='bbox 1491 3618 1536 3647; x_wconf 87' lang='lat' dir='ltr'>m</span> <span class='ocrx_word' id='word_1_544' title='bbox 1568 3618 1604 3662; x_wconf 84' lang='lat'>3.</span> <span class='ocrx_word' id='word_1_545' title='bbox 1632 3603 1813 3664; x_wconf 89' lang='lat' dir='ltr'>Physic.</span> <span class='ocrx_word' id='word_1_546' title='bbox 1857 3604 1958 3663; x_wconf 78' lang='lat' dir='ltr'>(tex.</span> <span class='ocrx_word' id='word_1_547' title='bbox 1986 3605 2048 3665; x_wconf 88' lang='lat'>63.</span> 
     </span>
    </p>

    <p class='ocr_par' dir='ltr' id='par_1_15' title="bbox 41 3662 85 3702">
     <span class='ocr_line' id='line_1_51' title="bbox 41 3662 85 3702; baseline 0 -7"><span class='ocrx_word' id='word_1_548' title='bbox 41 3662 85 3702; x_wconf 58' lang='grc'><strong>1</strong></span> 
     </span>
    </p>
   </div>
   <div class='ocr_carea' id='block_1_9' title="bbox 0 3286 133 3447">
    <p class='ocr_par' dir='ltr' id='par_1_16' title="bbox 0 3286 133 3447">
     <span class='ocr_line' id='line_1_52' title="bbox 0 3286 133 3370; baseline 0.075 -10"><span class='ocrx_word' id='word_1_549' title='bbox 0 3286 133 3370; x_wconf 95' lang='lat' dir='ltr'>  </span> 
     </span>
     <span class='ocr_line' id='line_1_53' title="bbox 0 3370 89 3447; baseline 0 0"><span class='ocrx_word' id='word_1_550' title='bbox 0 3370 89 3447; x_wconf 95' lang='lat' dir='ltr'>  </span> 
     </span>
    </p>
   </div>
   <div class='ocr_carea' id='block_1_10' title="bbox 64 3706 104 3735">
    <p class='ocr_par' dir='ltr' id='par_1_17' title="bbox 64 3706 104 3735">
     <span class='ocr_line' id='line_1_54' title="bbox 64 3706 104 3735; baseline 0 -21"><span class='ocrx_word' id='word_1_551' title='bbox 64 3706 104 3735; x_wconf 92' lang='grc' dir='ltr'>Γ</span> 
     </span>
    </p>
   </div>
   <div class='ocr_carea' id='block_1_11' title="bbox 0 3738 14 3926">
    <p class='ocr_par' dir='ltr' id='par_1_18' title="bbox 0 3738 14 3926">
     <span class='ocr_line' id='line_1_55' title="bbox 0 3738 14 3926; baseline 0 0"><span class='ocrx_word' id='word_1_552' title='bbox 0 3738 14 3926; x_wconf 95' lang='lat' dir='ltr'> </span> 
     </span>
    </p>
   </div>
   <div class='ocr_carea' id='block_1_12' title="bbox 44 3807 84 3919">
    <p class='ocr_par' dir='ltr' id='par_1_19' title="bbox 44 3807 82 3916">
     <span class='ocr_line' id='line_1_56' title="bbox 44 3807 70 3860; baseline 0 -5"><span class='ocrx_word' id='word_1_553' title='bbox 44 3807 70 3860; x_wconf 89' lang='grc'><strong>91</strong></span> 
     </span>
     <span class='ocr_line' id='line_1_57' title="bbox 49 3882 84 3919; baseline 0 -3"><span class='ocrx_word' id='word_1_554' title='bbox 49 3882 84 3919; x_wconf 52' lang='grc' dir='ltr'>μ’</span> 
     </span>
    </p>
   </div>
  </div>
 </body>
</html>
