2352 3926
629 221 908 268 ouans-rto
952 220 1080 260 ινιτ.
1120 219 1430 259 ARr1cuLus
1470 220 1527 258 11.
1951 220 2057 275 479

101 337 208 370 men
223 324 372 385 duplex
390 323 643 368 attribuitur
659 322 868 368 Christo:
890 337 997 367 unus
1013 321 1213 381 quidem,
1236 335 1328 381 quo
1345 321 1507 366 dicitur
1524 320 1812 366 descendisse
1823 319 1880 365 de
1898 319 2055 367 coelo:

101 392 179 453 qui
203 391 389 451 quidem
415 391 669 435 attribuitur
685 389 787 434 Deo
809 389 1003 442 homini,
1029 389 1280 433 secundum
1307 388 1430 447 quod
1456 398 1524 432 est
1548 388 1699 443 Deus;
1725 401 1820 432 non
1847 387 1970 432 enim
1993 398 2062 432 est

99 458 184 504 iste
210 459 453 503 descensus
479 456 799 514 intelligendus
821 457 1073 500 secundum
1097 466 1276 500 motum
1298 454 1511 508 localem,
1535 456 1612 499 sed
1636 455 1888 499 secundum
1911 455 2060 499 exina-

99 525 336 579 nitionem,
369 539 473 584 qua,
507 539 613 568 cum
645 524 691 567 in
722 523 871 567 forma
898 524 986 567 Dei
1019 534 1150 576 esset,
1179 523 1296 566 servi
1321 522 1521 565 formam
1547 523 1766 581 suscepit3
1792 523 1909 567 sicut
1935 523 2058 567 enim

100 592 264 637 dicitur
289 592 556 644 exinanitus,
582 605 677 635 non
710 605 763 635 ex
796 604 851 634 eo
885 590 1007 648 quod
1040 603 1169 633 suam
1198 589 1526 646 plenitudinem
1561 590 1774 643 amiserit,
1807 589 1886 633 sed
1919 603 1972 632 ex
2005 604 2062 634 eo

99 661 221 719 quod
238 669 444 703 nostram
462 658 730 717 parvitatem
747 657 967 715 suscepit;
995 657 1057 699 ita
1083 656 1244 699 dicitur
1262 656 1552 699 descendisse
1575 656 1630 700 de
1648 656 1797 709 coelo,
1819 670 1914 700 non
1937 656 2060 715 quod

100 726 284 771 coelum
309 726 570 778 deseruerit,
597 724 675 769 sed
703 725 808 782 quia
834 733 1042 767 naturam
1079 733 1306 767 terrenam
1344 724 1587 781 assumpsit
1626 724 1672 767 in
1714 724 1937 768 unitatem
1963 738 2061 783 per-

99 807 266 838 sonae:
292 794 400 838 alius
427 802 579 836 autem
613 801 679 835 est
711 791 968 844 descensus,
1002 804 1092 848 quo
1125 789 1325 833 descendit
1350 791 1395 832 in
1427 791 1643 848 inferiores
1662 797 1802 849 partes
1835 798 1985 844 terrae,
2014 801 2064 835 ut

99 859 262 904 dicitur
286 860 451 919 Ephes.
477 871 535 913 4.,
565 858 642 917 qui
667 857 851 916 quidem
883 867 951 900 est
982 857 1226 900 descensus
1257 855 1440 900 localis:
1474 857 1593 900 unde
1621 859 1840 915 competit
1874 858 2060 902 Christo

99 927 353 972 secundum
379 925 691 970 conditionem
718 925 947 968 humanae
969 933 1171 967 naturae.

189 994 266 1038 AD
292 1005 509 1038 TERTIUM
535 992 792 1044 dicendum,
819 991 942 1049 quod
977 990 1185 1035 Christus
1212 990 1374 1033 dicitur
1409 990 1464 1034 ad
1497 991 1679 1034 Patrem
1714 991 1972 1046 ascendere,
1999 993 2063 1036 in-

100 1070 320 1121 quantum
347 1060 548 1104 ascendit
571 1059 625 1103 ad
661 1073 926 1103 consessum
961 1068 1174 1116 paternae
1208 1058 1444 1101 dexterae:
1480 1058 1601 1116 quod
1635 1058 1817 1116 quidem
1848 1060 2062 1104 convenit

101 1128 286 1175 Christo
313 1126 567 1186 aliqualiter
593 1127 845 1171 secundum
873 1126 1074 1169 divinam
1099 1135 1326 1178 naturam,
1346 1124 1601 1184 aliqualiter
1625 1135 1775 1169 autem
1809 1128 2061 1171 secundum

98 1197 367 1250 humanam,
400 1195 653 1239 secundum
671 1194 794 1253 quod
819 1193 935 1237 infra
963 1193 1138 1237 dicetur
1161 1192 1218 1250 (q.
1251 1207 1330 1251 seq.
1349 1199 1430 1237 art.
1446 1208 1480 1251 3.
1479 1193 1519 1249 ).

814 1370 1250 1428 ARTICULUS
1284 1370 1383 1424 111.
1972 1397 2059 1441 312

351 1504 554 1555 'UTRUM
587 1515 854 1554 CHRISTUS
889 1514 1234 1553 ASCENDERIT
1274 1479 1507 1553 PRCSPRlA
1538 1513 1798 1553 VIRTUTE.

562 1625 738 1684 (Opusc.
771 1640 810 1670 2.
834 1633 923 1684 cap.
947 1625 1038 1684 236.
1061 1630 1099 1669 et
1124 1632 1260 1684 opusc.
1289 1624 1360 1669 60.
1388 1631 1478 1683 cap.
1505 1624 1603 1683 23).

187 1738 265 1782 ΑΒ
289 1748 505 1782 TERTIUM
531 1737 595 1781 sic
622 1737 894 1796 proceditur.
928 1735 1133 1790 Videtur,
1161 1736 1283 1795 quod
1311 1735 1522 1780 Christus
1554 1750 1647 1780 non
1677 1735 1931 1780 ascenderit
1962 1750 2064 1795 pro-

104 1804 201 1864 pria
241 1805 428 1848 virtute:
461 1804 626 1848 dicitur
658 1806 781 1847 enim
819 1804 960 1847 Marc.
999 1803 1077 1847 ult.
1116 1804 1236 1862 quod
1269 1805 1480 1847 Dominus
1509 1804 1624 1860 Jesus
1648 1809 1868 1862 postquam
1902 1804 2062 1848 locutus

101 1878 160 1917 est
188 1871 414 1931 discipulis,
443 1877 674 1930 assumptus
695 1877 750 1914 est
774 1872 819 1914 in
851 1871 1024 1925 coelum,
1062 1880 1105 1914 et
1123 1871 1281 1914 Actor.
1307 1884 1341 1914 1.
1362 1871 1548 1914 dicitur:
1574 1870 1811 1914 Videntibus
1836 1871 1918 1915 illis
1934 1871 2064 1914 eleva-

22 1954 26 1973 ³
100 1943 163 1983 tus
185 1945 256 1992 est,
284 1945 323 1983 et
352 1936 477 1982 nubes
500 1940 676 1997 suscepit
703 1952 796 1981 eum
814 1939 865 1981 ab
893 1938 1021 1982 oculis
1045 1953 1203 1991 eorum,
1239 1938 1316 1981 sed
1342 1937 1453 1981 illud
1481 1938 1603 1996 quod
1627 1938 1884 1990 assumitur,
1908 1947 1951 1981 et
1979 1936 2065 1981 ele-

101 2014 248 2059 vatur,
268 2004 323 2048 ab
351 2004 442 2049 alio
467 2005 646 2049 videtur
676 2004 880 2048 moveri:
905 2017 1015 2063 ergo
1044 2004 1254 2064 Christus
1276 2018 1370 2048 non
1396 2005 1578 2063 propria
1603 2006 1781 2058 virtute,
1808 2005 1886 2048 sed
1914 2003 2062 2048 aliena

99 2070 326 2117 ferebatur
349 2072 397 2116 in
423 2070 622 2116 coelum.

170 2150 236 2184 a.
267 2139 565 2184 PRAETEREA.
599 2138 781 2201 Corpus
814 2139 988 2184 Christi
1019 2138 1103 2183 fuit
1143 2149 1389 2191 terrenum,
1422 2138 1539 2182 sicut
1571 2148 1616 2182 et
1660 2152 1855 2197 corpora
1886 2148 2061 2182 nostra:

101 2205 285 2264 corpori
311 2215 464 2250 autem
489 2215 672 2250 terreno
690 2217 849 2250 contra
865 2217 1081 2250 naturam⁴
1094 2216 1161 2250 est
1181 2205 1288 2250 ferri
1314 2219 1522 2250 sursum:
1549 2205 1700 2249 nullus
1728 2215 1880 2249 autem
1908 2215 2060 2249 motus

100 2282 168 2319 est
192 2287 247 2317 ex
267 2272 451 2332 propria
470 2273 634 2316 virtute
660 2274 771 2331 ejus,
799 2273 920 2332 quod
941 2283 1099 2317 contra
1114 2282 1325 2317 naturam
1349 2282 1582 2327 movetur3
1607 2287 1717 2331 ergo
1737 2273 1946 2317 Christus
1968 2286 2062 2315 non

20 2365 37 2405 3
102 2340 307 2387 ascendit
332 2341 514 2399 propria
538 2340 704 2384 virtute
735 2341 782 2384 in
810 2339 1007 2385 coelum.

193 2421 231 2466 3.
264 2408 562 2452 PRAETEREA.
604 2407 794 2466 Propria
826 2408 967 2451 virtus
1001 2407 1174 2452 Christi
1205 2416 1274 2465 est
1302 2407 1444 2450 virtus
1477 2405 1654 2451 divina:
1689 2407 1767 2451 sed
1801 2416 1954 2450 motus
1986 2405 2062 2449 ille

99 2487 205 2519 non
219 2473 397 2518 videtur
420 2473 558 2518 fuisse
576 2487 632 2518 ex
657 2475 820 2519 virtute
841 2475 1013 2518 divina:
1033 2475 1137 2533 quia
1164 2488 1270 2518 cum
1292 2474 1432 2517 virtus
1452 2474 1604 2517 divina
1621 2474 1678 2517 sit
1702 2473 1892 2527 infinita,
1909 2483 2064 2517 motus

15 2551 37 2581 ’κε
98 2539 176 2586 me
192 2539 350 2586 fuisset
363 2541 411 2585 in
431 2541 638 2595 instanti;
662 2542 795 2586 etsie
822 2555 916 2585 non
934 2542 1155 2600 potuisset
1172 2541 1428 2585 videntibus
1451 2541 1681 2600 discipulis
1700 2541 1866 2585 elevari
1888 2542 1934 2585 in
1963 2555 2066 2584 coe-

99 2607 213 2661 lum,
228 2618 279 2652 ut
304 2608 466 2653 dicitur
485 2610 642 2654 Actor.
675 2622 736 2663 1.;
765 2622 876 2667 ergo
893 2609 1084 2663 videtur,
1107 2609 1230 2668 quod
1258 2608 1467 2652 C-hristus
1493 2623 1586 2652 non
1610 2609 1865 2653 ascenderit
1881 2611 2062 2668 propria

102 2673 218 2718 virtu‘
219 2683 278 2718 te.

194 2739 290 2785 SED
316 2752 511 2787 CONTRA
538 2751 619 2797 est,
645 2742 769 2801 quod
796 2742 958 2786 dicitur
983 2743 1068 2787 Isa.
1102 2740 1172 2802 63.
1193 2759 1202 2787 :
1230 2744 1306 2787 Iste
1336 2744 1543 2799 formosus
1567 2744 1611 2786 in
1637 2743 1741 2787 stola
1766 2756 1842 2787 sua
1870 2743 2063 2801 gradiens

103 2809 149 2851 in
172 2806 435 2853 multitudino
446 2832 447 2836 =
450 2810 718 2867 fortitudinis
748 2824 856 2862 suae,
881 2819 925 2853 et
943 2809 1082 2868 Greg.
1100 2810 1207 2853 dicit
1232 2810 1276 2853 in
1294 2810 1422 2853 hom.
1440 2810 1735 2853 Ascensionis
1763 2810 1889 2867 (quae
1910 2815 1966 2853 est
1988 2821 2057 2867 29.

33 2878 51 2937 ''-
103 2875 149 2918 in
174 2874 338 2932 Evang.
371 2876 448 2919 cir.
479 2874 636 2933 med.).·
663 2891 687 2918 α
712 2876 978 2920 Notandum
1012 2885 1093 2930 est,
1125 2878 1246 2935 quod
1281 2876 1437 2920 Helias
1469 2877 1515 2920 in
1549 2890 1681 2920 curru
1714 2876 1878 2934 legitur
1911 2889 2063 2919 ascen-

34 2943 51 2972 '³
104 2941 239 2995 disse,
266 2951 315 2986 ut
338 2940 551 2986 videlicet
591 2954 744 3001 aperte
780 2944 1181 2998 demonstraretur,
1209 2945 1313 3003 quia
1347 2945 1491 2988 homo
1525 2959 1661 3003 purus
1695 2944 1919 3001 adjutorio
1952 2942 2064 2986 indi-

0 3059 1 3063 *
54 3050 58 3053 .
108 3008 244 3067 gebat
275 3007 441 3052 alieno.
474 3009 751 3068 Redemptor
784 3021 936 3055 autem
968 3021 1123 3056 noster
1154 3025 1249 3055 non
1283 3025 1430 3065 curru,
1462 3025 1556 3055 non
1590 3011 1763 3069 angelis
1799 3009 2059 3054 sublevatus

43 3078 57 3115 s.
102 3074 292 3134 legitur3
320 3075 424 3134 quia
451 3075 528 3134 qui
548 3074 718 3120 fecerat
743 3077 914 3130 omnia,
939 3092 1075 3136 super
1100 3078 1256 3122 omnia
1281 3079 1445 3122 virtute
1471 3092 1552 3121 sua
1578 3077 1801 3122 ferebatur
1829 3093 1869 3120 >›.

40 3138 47 3156 ‘³
196 3142 487 3188 Rnspounno
514 3142 772 3197 dicendum,
799 3145 922 3203 quod
942 3145 989 3188 in
1013 3145 1198 3190 Christo
1226 3154 1293 3190 est
1324 3146 1472 3205 duplex
1497 3156 1671 3197 natura,
1699 3145 1846 3188 divina
1872 3142 2060 3195 scilicet,

0 3232 3 3257 ÷
106 3218 154 3254 et
177 3209 376 3254 humana.
410 3209 544 3253 Unde
570 3208 822 3254 secundum
849 3220 1087 3269 utramque
1109 3222 1318 3256 naturam
1352 3222 1500 3271 potest
1534 3211 1679 3269 accipi
1711 3210 1891 3269 propria
1923 3210 2063 3255 virtus

107 3277 228 3334 ejus:
254 3275 337 3321 sed
361 3275 611 3320 secundum
645 3275 896 3320 humanam
922 3287 1131 3322 naturam
1164 3288 1314 3337 potest
1340 3279 1484 3337 accipi
1516 3278 1663 3336 duplex
1690 3278 1830 3320 virtus
1865 3277 2060 3322 Christi:

45 3338 62 3396 J
106 3357 193 3387 una
218 3342 403 3402 quidem
427 3342 660 3396 naturalis,
687 3357 803 3401 quae
826 3343 1030 3402 procedit
1051 3358 1107 3388 ex
1127 3345 1358 3404 principiis
1380 3355 1591 3389 naturae:
1619 3354 1663 3387 et
1687 3343 1765 3387 tali
1783 3343 1945 3387 virtute
1971 3348 2063 3389 rria-

0 3398 2 3437 ss
110 3408 325 3454 nifestum
343 3419 411 3454 est
437 3410 559 3469 quod
583 3409 793 3455 Christus
818 3410 864 3453 in
882 3409 1063 3454 coelum
1091 3425 1184 3455 non
1212 3413 1434 3456 ascendit:
1454 3413 1539 3455 alia
1567 3420 1718 3454 autem
1744 3410 1885 3454 virtus
1911 3411 1957 3455 in
1985 3412 2065 3456 hu-

0 3484 1 3488 ’
110 3489 247 3520 mana
276 3486 437 3521 natura
456 3477 627 3521 Christi
653 3486 720 3520 est
750 3476 890 3520 virtus
916 3475 1105 3535 gloriae,
1127 3478 1377 3522 secundum
1401 3492 1537 3536 quam
1568 3477 1776 3520 Christus
1801 3477 1846 3520 in
1875 3477 2058 3522 coelum

53 3542 62 3566 ἓ
106 3542 333 3587 ascendit:
360 3545 489 3601 cujus
515 3543 701 3602 quidem
718 3543 895 3587 virtutis
921 3544 1145 3588 rationem
1169 3545 1353 3603 quidam
1381 3544 1608 3602 accipiunt
1625 3557 1678 3587 ex
1700 3552 1860 3588 natura
1877 3545 2060 3603 quintae

52 3624 57 3657 i
107 3609 346 3664 essentiae,
363 3624 479 3670 quae
497 3621 565 3655 est
581 3609 672 3665 lux,
690 3620 739 3655 ut
755 3611 924 3664 dicunt,
941 3623 1079 3669 quam
1105 3621 1282 3670 ponunt
1309 3625 1405 3656 esse
1433 3612 1487 3655 de
1515 3611 1851 3670 compositione
1867 3612 2060 3658 humani
