2352 3926
283 234 391 272 210
817 230 1094 276 QUAESTIO
1134 228 1615 285 xx11.ART1<:ULUS
1649 220 1709 268 ‘'v.

377 350 413 394 3.
440 334 740 379 PRAETEREA.
760 331 972 377 Christus
1000 340 1068 376 est
1092 331 1322 386 sacerdos,
1347 344 1444 375 non
1475 331 1728 376 secundum
1754 330 1878 391 quod
1902 330 2047 386 Deus,
2072 329 2153 376 se'd
2174 329 2253 390 ξε-

283 402 484 446 cundum
517 399 640 459 quod
671 399 842 443 homo:
881 398 960 442 sed
997 398 1209 443 Christus
1240 397 1515 458 quandoque
1555 411 1651 442 non
1686 397 1770 442 fuit
1804 398 1966 452 homo,
1998 395 2174 442 scilicet
2204 398 2251 443 in

280 469 431 513 triduo
465 467 649 520 mortis;
683 480 794 524 ergo
827 464 1136 522 sacerdotium
1170 465 1341 510 Christi
1371 479 1466 509 non
1500 474 1567 509 est
1597 465 1645 508 in
1678 474 1929 509 aeternum.

373 536 468 580 SED
496 546 693 578 CONTRA
720 542 800 587 est,
828 533 951 591 quod
977 519 1140 576 dicitur
1171 532 1218 576 in
1244 531 1363 576 Psal.
1396 545 1516 592 1ο9.;
1552 532 1615 576 Tu
1643 547 1679 577 es
1704 530 1889 576 sacerdos
1913 532 1960 575 in
1986 532 2215 577 aeternum.

369 602 660 646 RESPONDEO
683 599 943 653 dicendum,
966 599 1088 658 quod
1116 599 1163 643 in
1186 597 1339 644 officio
1363 599 1612 643 sacerdotis
1634 598 1713 643 duo
1737 607 1928 658 possunt
1949 594 2252 644 considerari:

272 672 415 729 primo
439 668 624 727 quidem
640 667 738 726 ipsa
756 665 927 710 oblatio
950 666 1181 711 sacrificii:
1203 666 1375 712 secundo
1398 667 1495 726 ipsa
1516 665 1728 710 sacrificii
1747 664 2114 709 consummatio:
2137 670 2253 725 qu'ae

281 736 465 795 quidem
507 734 715 779 consistit
745 735 792 778 in
823 734 929 788 hoc,
964 733 1087 793 quod
1118 732 1198 788 illi,
1230 747 1314 793 pro
1353 733 1513 792 quibus
1555 732 1831 777 sacrificium
1873 730 2074 793 offertur,
2104 730 2254 776 'finem

281 801 491 847 sacrificii
523 811 890 860 consequuntur3
931 800 1033 844 finis
1079 810 1232 844 autem
1273 800 1497 854 sacrificii,
1539 801 1662 859 quod
1697 799 1908 845 Christus
1950 797 2127 854 obtulit,
2158 812 2254 843 non

283 869 466 914 fuerunt
495 869 621 912 bona
652 868 940 926 temporalia,
958 868 1046 912 sed
1072 877 1270 922 aeterna,
1299 882 1415 926 quae
1448 882 1527 926 per
1565 868 1661 925 ejus
1697 876 1897 911 mortem
1937 854 2252 929 adipiscimur.

281 937 402 980 unde
437 936 600 980 dicitur
625 935 763 980 Hebr.
791 949 848 995 9.
876 936 997 994 quod
1027 935 1216 979 Christus
1237 941 1291 979 est
1317 936 1501 978 assistens
1523 934 1718 993 Pontifex
1747 934 1995 991 futurorum
2019 933 2251 986 bonorum;

280 1004 456 1048 ratione
484 1004 611 1061 cujus
654 1002 827 1047 Christi
861 1001 1170 1046 sacerdotium
1206 1001 1369 1045 dicitur
1401 1015 1499 1044 esse
1543 1010 1800 1044 aeternum·
1845 1009 1890 1044 et
1920 999 2036 1043 haec
2069 997 2254 1059 quidem

282 1070 622 1115 consummatio
664 1068 875 1113 sacrificii
909 1068 1080 1113 Christi
1105 1067 1492 1127 praefigurabatur
1523 1066 1568 1110 in
1600 1066 1691 1111 hoc
1732 1066 1848 1144 ipso,
1890 1062 2013 1126 quod
2044 1062 2255 1110 Pontifex

280 1137 440 1197 legalis
467 1135 647 1181 semel'
635 1151 682 1180 1n
710 1150 831 1180 anno
861 1150 965 1180 cum
993 1136 1214 1194 sanguine
1240 1135 1370 1189 hirci,
1394 1145 1438 1178 et
1458 1133 1589 1178 vituli
1610 1134 1839 1178 intrabat
1827 1149 1874 1177 m
1896 1143 2054 1178 sancta
2079 1132 2258 1178 sancto-

280 1219 398 1259 rum,
430 1213 479 1248 ut
511 1204 672 1247 dicitur
698 1203 842 1247 Levit.
876 1202 956 1258 16„
985 1217 1091 1246 cum
1122 1212 1278 1246 tamen
1300 1201 1495 1255 hircum,
1524 1210 1568 1244 et
1592 1199 1787 1260 vitulum
1808 1215 1903 1245 non
1925 1199 2189 1244 immolaret
2208 1199 2256 1244 in

281 1272 450 1316 sanctis
493 1280 776 1324 sanctorum,
823 1270 902 1313 sed
935 1279 1081 1313 extra:
1125 1279 1169 1313 et
1201 1268 1407 1312 similiter
1449 1267 1658 1312 Christus
1699 1268 1746 1311 in
1787 1277 1944 1311 sancta
1976 1265 2255 1321 sanctorum,

280 1340 395 1384 idest
424 1339 471 1383 in
503 1339 653 1416 ipsurn
689 1337 872 1382 coelum
903 1338 1100 1389 intravit,
1134 1346 1178 1380 et
1203 1336 1334 1379 nobis
1362 1335 1484 1378 viam
1510 1335 1684 1393 paravit
1708 1334 1906 1378 intrandi
1926 1348 2007 1393 per
2039 1336 2255 1379 virtutem

281 1406 516 1466 sanguinis
549 1406 634 1459 sui,
668 1419 805 1464 quem
838 1418 920 1464 pro
953 1404 1085 1447 nobis
1116 1403 1163 1446 in
1194 1413 1313 1447 terra
1346 1401 1516 1446 effudit.

373 1473 450 1517 AD
482 1486 673 1518 PRIMUM
701 1486 811 1548 ergo
840 1470 1099 1548 dicendum,
1133 1469 1256 1528 quod
1300 1469 1459 1522 sancti,
1488 1469 1565 1528 qui
1599 1477 1730 1513 erunt
1763 1467 1811 1510 in
1837 1465 1997 1526 patria,
2022 1466 2119 1510 non
2149 1454 2259 1510 indi-

285 1541 456 1600 gebunt
482 1539 670 1584 ulterius
695 1538 866 1597 expiari
891 1552 970 1596 per
997 1537 1305 1581 sacerdotium
1333 1535 1531 1590 Christi3
1565 1535 1643 1580 sed
1668 1534 1835 1594 expiati
1865 1535 1960 1593 iam
1991 1531 2257 1593 indigebunt

287 1607 603 1652 consummari
618 1606 865 1666 peripsum
892 1605 1144 1659 Christum,
1163 1619 1188 1647 a
1215 1618 1306 1663 quo
1325 1603 1472 1663 gloria
1489 1618 1652 1648 eorum
1679 1596 1924 1663 dependet.
1951 1603 2072 1648 unde
2093 1598 2257 1647 dicitur

285 1674 481 1733 Apocal.
525 1687 611 1727 21.
647 1673 770 1732 quod
797 1673 968 1718 claritas
996 1673 1081 1716 Dei
1106 1672 1323 1716 illuminat
1349 1672 1479 1725 illam,
1508 1670 1684 1716 scilicet
1718 1669 1961 1715 civitatem
1972 1677 2256 1724 sanctorum,

281 1749 319 1787 et
334 1742 505 1786 lucerna
530 1744 616 1800 ejus
637 1747 694 1786 est
725 1741 882 1800 Agnus.

375 1809 452 1853 AD
488 1821 750 1853 SECUNDUM
784 1807 1043 1860 dicendum,
1071 1805 1193 1866 quod
1225 1805 1332 1850 licet
1364 1806 1530 1866 passio,
1565 1815 1608 1850 et
1633 1819 1757 1850 mors
1792 1795 1966 1850 Christi
1991 1805 2047 1850 de
2073 1813 2254 1850 caetero

285 1890 379 1920 non
406 1876 496 1919 sint
520 1875 754 1929 iteranda;
781 1884 937 1918 tamen
963 1874 1104 1917 virtus
1130 1873 1250 1917 illius
1276 1873 1455 1917 hostiae
1482 1871 1625 1917 semel
1652 1872 1831 1916 oblatae
1856 1874 2094 1932 permanet
2110 1872 2160 1916 in
2186 1886 2257 1917 ae-

283 1953 491 1986 ternum:
521 1945 642 2001 quia,
670 1952 719 1985 ut
744 1942 908 1985 dicitur
936 1942 990 1984 ad
1018 1941 1132 1984 Heb.
1166 1954 1254 1985 10.:
1290 1941 1386 1984 Una
1418 1941 1621 1984 oblatione
1646 1941 1953 1985 consummavit
1973 1941 2019 1984 in
2043 1944 2256 1986 aeternum

281 2011 570 2069 sanctificatos.

372 2076 430 2120 Et
454 2091 536 2135 per
557 2076 647 2119 hoc
674 2085 798 2134 patet
823 2074 1061 2133 responsio
1084 2088 1148 2118 AD
1174 2086 1404 2119 TERT1UM.

375 2144 539 2188 Unitas
567 2153 720 2187 autern
745 2143 882 2202 huJus
910 2141 1153 2186 oblationis
1180 2141 1458 2200 figurabatur
1490 2141 1536 2184 in
1569 2140 1673 2199 lege
1707 2154 1785 2198 per
1815 2140 1924 2194 hoc,
1958 2139 2081 2199 quod
2104 2138 2257 2184 sem‘el

283 2213 331 2256 in
358 2224 479 2255 anno
508 2210 669 2269 legalis
696 2209 907 2254 Pontifex
935 2224 1042 2252 cum
1069 2208 1266 2252 solemni
1294 2207 1526 2252 oblatione
1550 2207 1783 2267 sanguinis
1805 2206 2032 2252 intrabat*
2018 2220 2067 2251 m
2083 2215 2256 2262 sancta,

283 2289 332 2323 ut
358 2278 523 2322 dicitur
548 2278 692 2322 Levit.
727 2276 815 2321 16..
844 2276 923 2320 sed
951 2276 1189 2320 deficiebat
1213 2275 1357 2334 figura
1385 2290 1409 2318 a
1436 2276 1624 2319 veritate
1651 2275 1697 2318 in
1719 2275 1826 2330 hoc,
1852 2273 1976 2334 quod
1999 2265 2092 2319 illa
2094 2274 2256 2318 hostia

281 2360 376 2389 non
408 2345 605 2388 habebat
631 2344 959 2402 sempiternam
993 2343 1221 2396 virtutem,
1256 2352 1299 2386 et
1329 2341 1433 2386 ideo
1469 2342 1703 2386 annuatim
1729 2341 1835 2386 illae
1867 2341 2047 2386 hostiae
2074 2341 2257 2386 reitera-

282 2412 457 2456 bantur.

983 2557 1419 2614 ARTICULUS
1455 2557 1552 2613 VI.
2171 2585 2250 2631 135

1175 2679 1370 2717 UTRUM

283 2759 679 2799 SACERDOTIUM
714 2760 933 2798 CHRISTI
967 2761 1164 2798 FUERIT
1192 2760 1493 2798 SECUNDUM
1526 2758 1778 2798 ORDINEM
1803 2757 2251 2796 MELCHISEDECH.

517 2847 645 2907 (Insr.
674 2862 711 2906 q.
747 2848 817 2892 61.
852 2854 934 2892 art.
964 2864 1000 2907 3.
1034 2849 1087 2892 ad
1115 2864 1150 2908 3.
1183 2854 1219 2892 et
1250 2863 1291 2906 4.
1325 2849 1438 2893 Dist.
1472 2849 1511 2894 8.
1546 2863 1584 2907 q.
1619 2864 1654 2893 1.
1687 2853 1766 2892 art.
1805 2861 1845 2892 2.
1879 2861 1919 2906 q.
1946 2848 2020 2906 3.).

370 2944 446 2988 An
474 2957 667 2989 SEXTUM
695 2945 758 2988 sic
793 2945 1067 3003 proceditur.
1092 2944 1298 2999 Videtur,
1326 2945 1448 3004 quod
1471 2944 1783 2989 sacerdotium
1810 2942 1984 2988 Christi
2007 2957 2103 2988 non
2119 2942 2255 3004 fuerit

282 3012 536 3056 secundum
565 3011 774 3055 ordinem
806 3011 1171 3055 Melchisedech:
1208 3011 1419 3056 Christus
1454 3012 1574 3055 enim
1604 3022 1670 3055 est
1695 3010 1798 3055 fons
1830 3011 1969 3055 totius
1995 3011 2254 3067 sacerdotii,

281 3089 519 3137 tamquam
556 3077 817 3138 principalis
854 3078 1090 3122 sacerdos:
1130 3080 1207 3123 sed
1244 3079 1356 3123 illud
1384 3080 1507 3138 quod
1548 3089 1616 3123 est
1641 3077 1906 3138 principale,
1930 3090 2026 3122 non
2052 3077 2254 3138 sequitur

282 3146 492 3190 ordinem
520 3145 717 3199 alterius,
746 3145 825 3189 sed
844 3145 931 3188 alia
949 3156 1198 3204 sequuntur
1225 3147 1434 3190 ordinem
1451 3146 1616 3206 ipsius;
1644 3159 1754 3206 ergo
1774 3144 1984 3191 Christus
2008 3157 2103 3190 non
2119 3144 2255 3191 debet

282 3212 373 3256 dici
399 3213 613 3257 sacerdos
641 3211 893 3257 secundum
921 3213 1131 3256 ordinem
1159 3212 1517 3257 Melchisedech.

372 3293 412 3323 2.
440 3279 740 3325 PRAETEREA.
761 3278 1080 3323 Sacerdotium
1107 3281 1270 3324 veteris
1289 3279 1402 3339 legis
1429 3281 1729 3341 propinquius
1746 3279 1830 3325 fuit
1845 3278 2105 3325 sacerdotio
2123 3271 2255 3325 Chri·

280 3347 350 3400 sti,
378 3361 514 3406 quam
557 3346 864 3391 sacerdotium
899 3347 1021 3406 quod
1043 3346 1126 3390 fuit
1165 3358 1267 3391 ante
1294 3347 1471 3407 legem:
1500 3348 1578 3392 sed
1605 3354 1892 3392 sacramenta
1915 3346 2044 3391 tanto
2078 3359 2253 3407 expres·

281 3414 372 3458 sius
407 3413 725 3473 significabant
758 3413 1009 3467 Christum,
1043 3424 1213 3473 quanto
1246 3415 1573 3474 propinquiora
1605 3414 1787 3460 fuerunt
1819 3407 2023 3468 Christo,
2049 3422 2099 3458 ut
2129 3412 2252 3472 patet

281 3495 335 3524 ex
360 3481 433 3525 his
459 3495 575 3540 quae
601 3481 647 3525 in
682 3494 720 3524 2.
749 3490 874 3540 parte
910 3480 1030 3524 dicta
1056 3491 1160 3524 sunt
1197 3481 1376 3540 (implic
1400 3497 1445 3527 2-
1449 3497 1488 3526 2.
1522 3497 1559 3541 q.
1587 3497 1626 3527 2.
1660 3488 1740 3526 art.
1775 3483 1865 3542 7.),·
1897 3490 2021 3550 ergo
2043 3478 2252 3526 sacerdo-
2318 3472 2332 3506 f²

278 3547 392 3590 tium
436 3548 608 3592 Christi
635 3548 780 3606 magis
809 3547 941 3592 debet
966 3547 1253 3591 denominari
1295 3549 1547 3592 secundum
1580 3549 1888 3593 sacerdotium
1897 3539 2078 3618 legale,
2110 3558 2250 3609 quam

279 3615 531 3658 secundum
558 3615 865 3660 sacerdotium
892 3614 1249 3668 Melchisedech,
1277 3615 1399 3674 quod
1427 3614 1510 3660 fuit
1541 3626 1644 3660 ante
1677 3615 1844 3675 legem.

2333 3270 2337 3277 ‘
2330 3016 2352 3235 ”ν’«“ἶ».’”π“,”ἱζᾯ”“”“λ“υ
2331 2927 2352 2999 vittis„
