2352 3926
695 248 974 295 QUAESTIO
1017 248 1088 287 LI.
1131 246 1441 287 ARTICULUS
1481 246 1516 285 Ι.
1974 244 2077 300 433

215 353 292 399 AD
318 365 506 398 PRIMUM
531 364 642 411 ergo
670 350 928 405 dicendum,
947 350 1068 411 quod
1103 349 1313 395 Christus
1346 348 1549 410 sepultus
1576 363 1624 393 se
1655 349 1774 394 inter
1798 357 2005 392 mortuos
2038 345 2087 390 li-

127 422 286 466 berum
302 418 440 464 fuisse
467 419 664 463 ostendit
688 418 734 462 in
750 418 856 472 hoc,
871 419 992 477 quod
1020 432 1101 477 per
1124 416 1430 461 inclusionem
1457 416 1686 476 sepulchri
1716 429 1811 461 non
1836 416 1983 475 potuit
2008 415 2089 458 im·

130 488 288 549 pediri,
321 488 429 546 quin
463 486 517 530 ab
545 500 601 530 eo
628 485 908 544 resurgendo
936 484 1136 528 exiverit.

218 554 294 598 AD
316 566 577 599 SECUNDUM
609 552 867 605 dicendum,
900 551 1022 610 quod
1041 551 1158 594 sicut
1189 564 1315 594 mors
1342 549 1515 595 Christi
1541 549 1788 594 efficienter
1813 558 1999 609 operata
2022 557 2090 592 est

128 630 285 667 nostra
315 620 523 674 salutem,
550 620 610 664 ita
637 619 775 663 etiarn
803 629 847 662 et
873 619 970 676 ejus
996 617 1249 675 sepultura:
1278 618 1396 661 unde
1416 618 1604 662 Hieron.
1622 618 1731 661 dicit
1753 631 1887 676 super
1903 616 2088 660 Matth.:

132 688 356 748 Sepultura
391 688 549 732 Christi
579 687 845 744 resurgimus;
871 695 915 728 et
942 685 1024 727 Isa.
1048 697 1113 741 53.
1141 698 1237 742 sup.
1267 683 1401 729 illud:
1429 686 1566 728 Dabit
1591 686 1742 743 impios
1755 692 1836 744 pro
1863 684 2088 744 sepultura,

132 754 242 800 dicit
268 754 418 799 Gloss.
449 754 557 811 (ord.
578 752 779 810 Hieron.)
806 752 940 795 idest:
978 767 1001 792 «
1029 761 1201 809 gentes,
1229 765 1345 809 quae
1372 751 1467 795 sine
1501 752 1666 810 pietate
1705 761 1845 805 erant,
1876 751 1979 795 Deo
2006 751 2094 795 Pa·-

131 823 277 881 trique
310 821 455 875 dabit;
483 820 587 880 quia
620 829 840 872 mortuus,
868 828 912 862 et
945 817 1145 876 sepultus
1168 832 1247 861 eos
1281 818 1580 876 acquisivit».

180 920 182 922 -
222 889 298 933 AD
321 901 536 933 Teanum
569 886 826 939 dicendum,
844 886 980 945 quod,
999 885 1115 929 sicut
1141 885 1303 928 dicitur
1321 885 1367 928 in
1394 885 1595 943 quodam
1623 899 1758 929 serm.
1776 884 1922 929 Conc.
1950 884 2094 943 Ephe-

133 955 220 1000 sini
257 954 313 1011 (et
342 955 435 999 hab.
465 962 563 1014 par.
591 969 627 1013 3.
661 958 754 1010 cap.
782 968 822 1012 9.
856 953 1058 1011 alt‘quant.
1092 966 1117 996 a
1136 952 1332 1011 princ.):
1368 952 1537 996 «Nihil
1567 952 1736 995 horum
1769 967 1884 1011 quae
1918 951 2094 996 salvant

133 1022 362 1076 homines,
387 1021 597 1080 injuriam
615 1020 717 1063 Deo
735 1018 857 1073 facit,
875 1033 990 1078 quae
1009 1019 1252 1063 ostendunt
1270 1033 1373 1063 eum
1393 1033 1487 1063 non
1505 1018 1781 1078 passibilem,
1803 1019 1882 1063 sed
1899 1019 2095 1064 clemen-

134 1099 227 1134 tem
246 1103 295 1133 »ι
327 1098 372 1133 et
397 1091 442 1133 in
480 1088 570 1131 alio
597 1101 810 1131 sermone
837 1087 1041 1145 ejusdem
1070 1086 1216 1131 Cone.
1243 1088 1415 1146 (parum
1448 1101 1473 1130 a
1498 1088 1638 1145 princ.
1673 1094 1762 1145 cap.
1786 1087 1875 1143 10.)
1908 1086 2093 1144 legitur:

138 1173 163 1198 «
190 1155 318 1201 Nihil
342 1165 470 1215 putat
494 1155 704 1213 injuriam
724 1155 864 1207 Deus,
892 1154 1015 1212 quod
1043 1163 1110 1197 est
1128 1154 1312 1197 occasio
1341 1153 1497 1197 salutis
1523 1154 1810 1198 hominibus:
1837 1163 1885 1197 tu
1911 1154 2094 1212 quidem

134 1237 228 1268 non
255 1222 317 1267 ita
342 1222 480 1266 vilem
512 1222 602 1266 Dei
637 1231 849 1265 naturam
883 1220 1184 1274 arbitraberis,
1215 1230 1436 1280 tanquam
1469 1235 1585 1280 quae
1619 1220 1862 1280 aliquando
1895 1220 2097 1279 subjecta

137 1290 281 1352 possit
305 1303 403 1335 esse
428 1289 602 1349 injuriis
624 1305 665 1332 ».

846 1404 1286 1501 'ARTICULUS
1330 1443 1402 1498 11.
2011 1461 2094 1521 283

287 1581 481 1620 UTRUM
510 1580 887 1620 CONVENIENTI
922 1580 1086 1618 MODO
1115 1579 1381 1619 CHRISTUS
1414 1579 1612 1618 FUERIT
1655 1580 1949 1619 SEPULTUS.

230 1692 306 1736 Ao
344 1704 604 1736 SECUNDUM
637 1691 700 1734 sic
737 1690 1007 1750 proceditur.
1045 1689 1236 1734 Videtur
1261 1704 1355 1733 non
1384 1689 1674 1733 convenienti
1700 1690 1841 1734 modo
1865 1690 2101 1735 Christum

141 1758 281 1804 fuisse
312 1758 568 1817 sepultum:
602 1757 832 1816 sepultura
860 1758 982 1801 enim
1016 1759 1112 1816 ejus
1139 1757 1383 1816 respondet
1416 1757 1554 1800 morti
1587 1757 1753 1815 ipsius:
1787 1757 1865 1801 sed
1894 1758 2103 1803 Christus

142 1826 225 1870 fuit
245 1839 403 1885 passus
437 1828 639 1869 mortem
667 1825 1037 1882 abjectissimam,
1061 1826 1312 1868 secundum
1339 1823 1453 1868 illud
1482 1824 1587 1882 Sap.
1617 1837 1657 1868 2.
1676 1839 1684 1867 :
1706 1826 1842 1869 Morte
1864 1828 2106 1886 turpissima

144 1893 455 1939 condemnemus
486 1907 605 1943 eum;
650 1905 760 1949 ergo
802 1891 1131 1935 inconveniens
1167 1891 1344 1935 videtur
1383 1905 1495 1944 esse,
1529 1892 1648 1950 quod
1689 1892 1873 1936 Christo
1909 1893 2104 1937 exhibita

143 1959 228 2004 fuit
247 1958 529 2003 honorabilis
556 1958 799 2017 sepultura,
822 1958 1093 2016 inquantum
1120 1972 1145 2001 a
1168 1958 1457 2016 magnatibus
1483 1958 1565 2001 fuit
1590 1958 1855 2013 tumulatus,
1879 1960 2054 2004 scilicet
2080 1974 2105 2003 a

138 2026 310 2086 Joseph
338 2027 391 2070 ab
418 2025 730 2079 Arimathaea,
758 2026 836 2084 qui
861 2035 957 2069 erat
981 2026 1133 2069 nobilis
1154 2025 1337 2079 decuria,
1357 2035 1406 2069 ut
1430 2025 1622 2069 habetur
1647 2026 1787 2069 Marc.
1813 2039 1877 2084 15.
1905 2037 1950 2071 et
1979 2042 2005 2071 a
2030 2027 2106 2072 Ni-

145 2093 357 2147 codemo,
385 2092 462 2152 qui
493 2102 589 2136 erat
615 2094 809 2152 princeps
833 2092 1106 2148 Iudaeorum,
1135 2102 1183 2136 ut
1203 2093 1395 2136 habetur
1420 2092 1551 2150 Joan.
1583 2107 1619 2152 3.

235 2173 278 2208 2.
311 2161 608 2205 PRAETEREA.
643 2159 779 2204 Circa
813 2159 1051 2204 Christum
1083 2173 1178 2203 non
1210 2159 1364 2204 debuit
1397 2160 1565 2219 aliquid
1599 2161 1709 2215 fieri,
1736 2161 1858 2220 quod
1891 2171 2009 2206 esset
2039 2177 2108 2207 su-

145 2226 410 2287 perfluitatis
436 2225 719 2284 exemplum:
742 2226 920 2270 videtur
947 2237 1101 2271 autem
1128 2227 1447 2285 superfluitatis
1479 2227 1634 2281 fuisse,
1662 2228 1784 2287 quod
1813 2228 1868 2272 ad
1891 2229 2109 2288 sepelien-

147 2294 257 2339 dum
283 2294 519 2340 Christum
544 2294 829 2338 Nicodemus
853 2295 969 2339 venit
990 2294 1127 2352 ferens
1150 2296 1385 2339 mixturam
1411 2295 1620 2352 myrrhae,
1649 2301 1685 2338 et
1716 2296 1825 2339 aloes
1841 2298 1959 2354 quasi
1981 2296 2110 2341 libras

147 2368 324 2417 centum,
350 2371 400 2406 ut
439 2362 599 2406 dicitur
637 2361 768 2421 Joan.
801 2375 883 2420 19.,
915 2363 1183 2419 praesertim
1225 2375 1331 2404 cum
1367 2362 1520 2406 mulier
1545 2364 1813 2420 praevenerit
1848 2370 1995 2422 corpus
2025 2366 2110 2422 ejus

148 2442 297 2489 zmgere
327 2430 372 2473 in
395 2429 664 2488 sepulturam,
686 2438 735 2473 ut
752 2428 914 2472 dicitur
934 2428 1076 2472 Marc.
1100 2440 1175 2483 14:
1198 2442 1293 2472 non
1311 2442 1420 2487 ergo
1438 2427 1522 2472 fuit
1536 2429 1628 2472 hoc
1646 2429 1970 2474 convenienter
1989 2430 2111 2474 circa

151 2495 390 2541 Christum
419 2495 607 2539 factum.

254 2578 292 2622 3.
317 2564 615 2608 PRAETEREA.
647 2562 755 2607 Non
783 2570 850 2606 est
881 2562 1174 2616 conveniens,
1201 2571 1249 2607 ut
1277 2562 1460 2622 aliquod
1494 2562 1665 2607 factum
1699 2564 1782 2607 sibi
1823 2565 1910 2624 ipsi
1942 2565 1999 2609 sit
2029 2565 2114 2608 dis-

153 2642 341 2676 sonum:
369 2630 447 2675 sed
465 2629 696 2689 sepultura
723 2629 895 2674 Christi
921 2628 1004 2673 fuit
1029 2629 1223 2689 simplex
1249 2644 1302 2674 ex
1320 2645 1409 2674 una
1436 2641 1591 2689 parte;
1619 2631 1722 2689 quia
1750 2631 1924 2677 scilicet
1940 2632 2111 2691 Joseph

155 2697 333 2741 involvit
352 2705 500 2756 corpus
524 2699 608 2741 eius
624 2698 668 2741 in
699 2696 868 2741 sindone
889 2697 1061 2750 munda,
1090 2707 1139 2740 ut
1164 2697 1327 2741 dicitur
1352 2698 1513 2741 Matth.
1534 2711 1619 2756 27.‚
1647 2712 1741 2742 non
1771 2709 1923 2744 autem
1944 2716 1967 2741 «
1987 2714 2113 2757 auro,

158 2771 234 2806 aut
266 2764 476 2821 gemmis,
503 2773 580 2808 aut
605 2764 751 2808 serico
776 2780 817 2817 »‚
845 2774 893 2808 ut
918 2764 1106 2808 Hieron.
1140 2764 1244 2808 ibid.
1280 2765 1412 2808 dicit:
1447 2779 1500 2809 ex
1528 2765 1615 2808 alia
1641 2780 1752 2810 vero
1779 2777 1905 2825 parte
1937 2767 2114 2811 videtur

157 2830 294 2875 fuisse
325 2830 579 2884 ambitiosa,
606 2831 876 2890 inquantum
903 2845 1008 2875 eum
1032 2846 1136 2875 curn
1165 2832 1444 2876 aromatibus
1471 2832 1773 2890 sepelierunt,
1762 2849 1771 2858 ·
1800 2849 1910 2894 ergo
1936 2836 2115 2878 videtur

158 2910 252 2942 non
278 2896 414 2940 fuisse
440 2898 716 2942 conveniens
744 2898 908 2942 modus
935 2898 1192 2956 sepulturae
1213 2898 1398 2943 Christi.

247 2962 611 3018 4.PRAE‘1·1-:REA.
642 2966 935 3025 Quaecumque
958 2969 1116 3026 scripta
1137 2973 1244 3020 sunt,
1266 2966 1508 3025 praecipue
1528 2968 1583 3012 de
1617 2967 1819 3022 ChriSto,
1846 2969 1900 3013 ad
1930 2975 2114 3013 nostram

161 3031 396 3076 doctrinam
411 3032 567 3089 scripta
587 3038 691 3085 sunt,
709 3041 758 3076 ut
783 3033 946 3076 dicitur
967 3030 1103 3078 Rom.
1144 3047 1207 3110 ξς
1228 3048 1237 3077 :
1267 3034 1344 3077 sed
1371 3034 1595 3092 quaedam
1623 3035 1912 3079 scribuntur'
1901 3051 1945 3079 m
1973 3036 2039 3079 Ev
2043 3050 2117 3079 an-

164 3097 294 3157 geliis
326 3097 446 3141 circa
478 3095 770 3155 sepulchrum
803 3099 989 3154 Christi,
1009 3114 1124 3159 quae
1151 3101 1196 3144 in
1228 3099 1357 3144 nullo
1397 3100 1606 3144 videntur
1635 3102 1689 3144 ad
1718 3114 1923 3146 nostram
1954 3102 2117 3146 doctri-

159 3179 268 3210 nam
292 3164 539 3224 pertinere3
556 3164 671 3207 sicut
704 3166 825 3223 quod
850 3164 934 3210 fuit
949 3167 1184 3226 sepultus
1172 3183 1218 3211 1n
1235 3168 1387 3222 horto,
1415 3169 1537 3227 quod
1561 3169 1603 3211 in
1625 3179 1926 3213 monumento
1950 3168 2116 3224 alieno,

162 3241 205 3277 et
229 3245 368 3286 novo,
393 3240 438 3275 et
455 3230 606 3275 exciso
632 3231 679 3274 in
695 3241 844 3290 petra3
877 3233 1203 3279 inconveniens
1221 3249 1332 3293 ergo
1358 3234 1441 3278 fuit
1462 3235 1627 3279 modus
1654 3235 1910 3293 sepulturae
1930 3236 2117 3281 Christi.

251 3299 346 3344 sm>
379 3310 574 3343 CONTRA
601 3307 683 3351 est,
709 3299 831 3356 quod
857 3299 1020 3344 dicitur
1046 3301 1130 3345 Isa.
1169 3315 1264 3346 11.:
1293 3303 1347 3346 Et
1378 3303 1457 3345 erit
1477 3302 1737 3360 sepulchrum
1765 3305 1851 3359 ejus
1874 3303 2116 3360 gloriosum.

250 3365 539 3411 RESPONDEO
571 3364 830 3418 dicendum,
871 3367 991 3425 quod
1026 3368 1190 3411 modus
1232 3368 1489 3427 sepulturae
1524 3368 1695 3412 Christi
1729 3369 1980 3413 ostenditur
2018 3384 2117 3415 esse
2186 3410 2194 3417 .

164 3433 441 3478 conveniens
468 3442 686 3491 quantum
706 3431 761 3475 ad
781 3434 888 3476 tria:
908 3435 1050 3492 primo
1070 3434 1254 3493 quidem
1277 3446 1496 3494 quantum
1517 3435 1570 3478 ad
1590 3435 1951 3480 confirmandam
1979 3436 2117 3482 fidem

165 3500 339 3554 mortis,
366 3509 411 3544 et
435 3498 777 3550 resurrectionis
802 3498 971 3557 ipsius;
995 3501 1168 3546 secundo
1187 3503 1240 3546 ad
1269 3501 1684 3546 commendandam
1704 3504 1920 3561 pietatem
1942 3517 2119 3560 eorum,

166 3568 245 3628 qui
269 3581 374 3612 eum
398 3566 694 3627 sepelierunt:
728 3565 848 3610 unde
874 3565 1066 3626 August.
1090 3568 1199 3613 dicit
1229 3569 1275 3613 in
1298 3583 1334 3614 1.
1351 3570 1407 3613 de
1427 3569 1525 3613 Civ.
1549 3569 1638 3613 Dei
1659 3570 1772 3629 (cap.
1791 3585 1845 3629 13.
1879 3572 1955 3615 cir.
1973 3571 2118 3631 med).-

171 3649 195 3677 κ
225 3633 533 3680 Laudabiliter
565 3640 988 3678 commemorantur
1011 3635 1058 3678 in
1085 3634 1350 3695 Evangelio,
1386 3636 1462 3695 qui
1490 3650 1653 3695 corpus
1679 3637 1775 3694 ejus
1801 3637 1856 3682 de
1889 3652 2022 3684 cruce
2049 3653 2120 3685 ac-

348 3736 383 3771 S.
409 3736 563 3771 ‘raons
590 3735 721 3769 Summa
752 3735 956 3781 Theologica.
980 3736 1062 3772 vot.
1078 3737 1140 3772 lv.
1902 3742 1942 3775 28
