2352 3926
277 257 384 313 720
741 246 1023 300 QUAESTIO
1065 250 1231 293 Lxxx.
1272 247 1587 294 Amemus
1626 247 1706 294 111.

275 369 385 421 ergo
419 368 685 420 peccatores
730 368 896 416 corpus
930 353 1104 401 Christi
1135 355 1530 401 sacramentaliter
1561 356 1856 413 manducant,
1877 363 1937 404 'et
1964 365 2059 406 tion
2090 356 2246 407 solum

277 428 394 473 'usti
2160 454 2163 456 ,

274 445 285 488 ¹
363 493 653 538 RssspoNnno
680 489 942 543 dicendum,
955 488 1078 548 quod
1097 489 1218 533 circa
1242 489 1334 533 hoc
1358 490 1544 549 quidam
1561 491 1732 550 antiqui
1751 501 2028 550 erraverunt,
2045 494 2247 542 ‘dicentes

272 560 394 620 quod
421 573 593 617 corpus·
612 557 784 602 Christi
809 571 893 601 nec
922 557 1061 600 etiam
1087 557 1478 601 sacramentaliter
1504 570 1529 601 a
1555 558 1874 617 peccatoribus
1909 554 2125 617 sumitur}
2160 557 2240 608 sed

274 642 410 686 quarn
438 627 528 671 cito
556 625 686 669 labiis
713 623 969 683 peccatoris
996 621 1288 683 contingitur,
1315 633 1412 668 tam
1439 624 1531 668 cito
1559 625 1639 669 sub
1667 625 1904 685 speciebus
1945 630 2250 675 sacramenta·-

272 694 387 738 libus
414 692 577 737 desinit
602 705 701 736 esse
728 705 892 750 corpus
921 690 1107 735 Christi.
1136 690 1227 735 Sed
1252 691 1343 735 hoc
1375 700 1443 735 est
1469 700 1738 747 erroneum3
1766 693 1955 752 derogat
1981 695 2106 740 enim
2137 697 2251 741 veri*

272 764 351 806 tati
382 761 516 819 hujus
544 758 833 812 sacramenti,
861 758 917 802 ad
942 770 1081 817 quam
1107 758 1316 817 pertinet,
1343 758 1463 803 sicut
1487 772 1624 818 supra
1651 759 1824 804 dictum
1850 770 1918 805 est
1933 761 1996 821 (q.
2015 762 2086 822 76.
2102 769 2185 809 arv.
2204 764 2247 809 5.

273 829 326 873 ad
346 830 419 887 3.),
449 827 571 886 quod
599 825 887 870 manentibus
913 825 1166 884 speciebus,
1195 838 1360 885 corpus
1389 825 1565 870 Christi
1590 826 1670 870 sub
1699 826 1762 871 eis
1790 836 1892 872 esse
1922 840 2021 872 non
2057 829 2248 877 desinat.

273 895 460 955 Species
492 903 648 938 autem
674 902 845 947 manet,
873 893 1091 951 quamdiu
1118 893 1368 937 substantia
1405 894 1534 952 panis
1576 904 1796 948 maneret,
1822 894 1862 938 si
1886 894 1947 939 ibi
1975 895 2166 953 adesset,
2198 908 2249 942 ut

271 977 405 1022 supra
437 962 611 1006 dictum
644 970 712 1005 est
743 961 804 1020 (q.
833 973 897 1019 77.
926 966 1008 1005 art.
1031 973 1067 1019 5.
1095 967 1134 1005 et
1158 961 1234 1018 8.).
1262 959 1556 1004 Manifestum
1585 970 1652 1005 est
1670 971 1837 1015 autem,
1856 963 1980 1021 quod
1997 963 2248 1009 substantia

271 1031 400 1090 panis
426 1037 659 1087 assumpta
687 1042 712 1071 a
737 1038 981 1086 peccatore
1006 1038 1101 1071 non
1128 1028 1281 1072 statim
1308 1041 1407 1072 esse
1435 1029 1611 1082 desinit,
1634 1029 1712 1073 sed
1734 1038 1905 1084 manet,
1925 1031 2147 1089 quamdiu
2166 1042 2249 1091 per

272 1098 477 1142 calorem
503 1095 759 1140 naturalem
786 1095 1036 1154 digeratur3
1064 1095 1184 1139 unde
1209 1095 1385 1139 tamdiu
1414 1108 1579 1154 corpus
1608 1096 1781 1140 Christi
1806 1097 1888 1141 sub
1915 1096 2153 1157 speciebus
2176 1108 2247 1144 sa-

272 1162 624 1209 cramentalibus
651 1172 808 1207 manet
834 1176 859 1206 a
885 1162 1204 1221 peccatoribus
1231 1162 1437 1221 sumptis.
1467 1162 1601 1207 Unde
1627 1163 1874 1207 dicendum
1896 1172 1979 1218 est,
2003 1160 2126 1224 quod
2146 1175 2249 1225 ρξε-

271 1241 400 1277 cator
431 1230 820 1276 sacramentaliter
847 1242 1012 1288 corpus
1040 1229 1214 1274 Christi
1239 1229 1518 1274 manducare
1541 1239 1706 1289 potest,
1731 1240 1775 1275 et
1795 1243 1891 1275 non
1912 1231 2064 1276 ‘solum
2086 1234 2244 1291 justus.

360 1299 436 1344 An
469 1310 656 1344 PmMUM
684 1312 795 1356 ergo
824 1297 1084 1350 dicendum,
1111 1297 1234 1355 quod
1260 1297 1399 1340 verba
1425 1296 1517 1350 illa,
1545 1306 1590 1341 et
1616 1297 1781 1342 simi-lia
1809 1305 1914 1343 sunt
1949 1299 2248 1359 intelligenda

269 1367 325 1412 de
351 1365 572 1426 spirituali
597 1364 965 1422 manducatione,
987 1377 1102 1422 quae
1128 1363 1444 1422 peccatoribus
1469 1377 1564 1407 non
1593 1365 1831 1415 convenit:
1849 1374 1895 1409 et
1910 1365 2015 1410 ideo
2035 1376 2088 1410 ex
2104 1376 2245 1426 pravo

267 1434 503 1479 intellectu
528 1434 694 1477 horum
721 1432 966 1475 verborum
994 1431 1171 1474 videtur
1196 1430 1453 1489 praedictus
1477 1445 1603 1475 error
1627 1431 1926 1490 processisse,
1944 1432 2055 1477 dum
2076 1435 2248 1479 nescie-

267 1512 372 1546 runt
397 1502 673 1559 distinguere
700 1501 815 1543 inter
841 1498 1149 1557 corporalem,
1178 1507 1222 1541 et
1247 1497 1532 1556 spiritualem
1559 1498 1981 1544 manducationem.

358 1569 434 1613 AD
462 1580 725 1613 SECUNDUM
752 1566 1011 1619 dicendum,
1045 1564 1167 1624 quod
1192 1563 1371 1609 etiamsi
1392 1564 1587 1610 infidelis
1614 1576 1766 1610 sumat
1790 1567 1966 1626 species
1987 1581 2245 1613 sacramen-

266 1621 396 1690 tales,
431 1650 595 1695 corpus
630 1634 801 1678 Christi
833 1633 912 1677 sub
937 1642 1227 1677 sacramento
1251 1633 1403 1687 sumit,
1427 1633 1547 1677 unde
1570 1633 1820 1678 manducat
1843 1634 2080 1680 Christum
2102 1650 2247 1681 sacra-

267 1703 539 1756 mentaliter,
572 1703 609 1746 si
641 1701 688 1761 ly
717 1701 1078 1746 sacramentalia&
1115 1699 1389 1743 determinat
1420 1698 1610 1744 verbum
1644 1714 1698 1744 ex
1729 1710 1856 1760 parte
1889 1702 2173 1749 manducati:
2207 1703 2247 1749 si

267 1781 421 1814 autem
448 1785 502 1814 ex
527 1779 653 1828 parte
680 1768 1013 1822 manducantis,
1035 1777 1142 1811 tunc
1161 1768 1342 1826 proprie
1360 1766 1593 1826 loquendo
1611 1782 1706 1811 non
1722 1769 1970 1814 manducat
1991 1784 2246 1816 sacramen·

266 1837 430 1891 taliter,
463 1837 568 1896 quia
599 1851 694 1881 non
727 1836 863 1879 utitur
887 1849 942 1879 eo
966 1834 1090 1894 quod
1113 1835 1292 1893 accipit,
1316 1844 1365 1878 ut
1397 1845 1701 1890 sacramento,
1725 1836 1804 1880 sed
1826 1845 1876 1881 ut
1896 1837 2094 1897 simplici
2116 1838 2244 1892 cib03

266 1906 354 1950 nisi
384 1905 501 1949 forte
533 1903 728 1948 infidelis
759 1902 1016 1947 intenderet
1046 1902 1247 1961 recipere
1278 1900 1406 1956 illud,
1429 1902 1552 1961 quod
1576 1902 1782 1946 Ecclesia
1803 1902 1995 1959 confert,
2018 1904 2127 1950 licet
2146 1919 2242 1950 non

266 1973 454 2018 haberet
485 1972 623 2016 fidem
655 1985 813 2015 veram
835 1970 958 2014 circa
980 1969 1095 2013 alios
1119 1968 1349 2023 articulos,
1373 1969 1449 2013 vel
1472 1969 1609 2013 etiam
1633 1969 1754 2013 circa
1774 1970 1864 2014 hoc
1889 1981 2243 2017 sacramentum.

355 2041 431 2085 AD
461 2053 678 2085 TERTIUM
705 2037 964 2091 dicendum,
992 2037 1114 2096 quod
1149 2037 1327 2080 etiamsi
1361 2051 1478 2092 mus,
1511 2035 1586 2080 vel
1619 2038 1743 2081 canis
1769 2037 1972 2082 hostiam
2009 2053 2246 2086 consecra-

264 2118 360 2152 tam
396 2108 656 2160 manducet,
693 2105 944 2150 substantia
988 2104 1193 2162 corporis
1227 2103 1400 2148 Christi
1430 2117 1526 2147 non
1552 2103 1716 2148 desinit
1748 2118 1847 2148 esse
1878 2103 1969 2150 sub·
1991 2106 2244 2166 speciebus,

265 2175 483 2235 quamdiu
510 2174 686 2234 species
713 2172 818 2217 illae
851 2181 1052 2227 manent,
1085 2172 1176 2216 hoc
1210 2183 1279 2216 est
1311 2171 1530 2231 quamdiu
1563 2171 1814 2217 substantia
1839 2171 1986 2234 panis,
2013 2174 2244 2232 manerem

263 2243 382 2287 sicut
413 2243 552 2286 etiam
583 2241 622 2285 si
653 2240 949 2300 projiceretur
967 2240 1011 2283 in
1029 2238 1200 2284 lutum:
1219 2253 1304 2283 nec
1323 2240 1412 2283 hoc
1430 2239 1579 2298 vergit
1595 2239 1642 2283 in
1665 2239 1989 2285 detrimentum
2004 2238 2243 2303 dignitatis

265 2310 469 2369 corporis
493 2308 679 2362 Christi,
706 2308 783 2367 qui
808 2306 955 2351 voluit
982 2321 1007 2350 a
1029 2307 1345 2366 peccatoribus
1379 2306 1584 2366 crucifigi
1617 2307 1785 2367 absque
1808 2304 2112 2357 diminutione
2131 2320 2243 2357 Suae

265 2375 520 2435 dignitatis;
548 2376 813 2435 praesertim
847 2388 952 2418 cum
986 2387 1104 2428 mus,
1138 2385 1215 2418 aut
1248 2374 1371 2417 canis
1402 2380 1498 2417 non
1520 2384 1680 2433 tangat
1704 2377 1854 2434 ipsum
1881 2386 2048 2436 corpus
2068 2375 2243 2424 Christi

262 2443 519 2488 secundum
551 2442 785 2503 propriam
817 2440 1036 2501 speciem,
1070 2442 1149 2485 sed
1181 2440 1334 2485 solum
1376 2441 1629 2485 secundum
1662 2441 1837 2500 species
1871 2442 2241 2491 sacramentaies.

266 2509 471 2563 Quidam
499 2520 653 2554 autem
690 2509 911 2562 dixerunt,
949 2507 1071 2567 quod
1104 2508 1258 2552 statim
1293 2521 1399 2551 cum
1431 2517 1772 2552 sacramentum
1801 2508 2006 2569 'tangitur
2038 2526 2064 2556 a
2088 2519 2241 2569 mure,

178 2630 183 2634 ¹
262 2577 336 2622 vel
368 2592 496 2632 cane,
529 2576 694 2621 desinit
723 2576 786 2619 ibi
818 2590 918 2620 esse
952 2590 1117 2634 corpus
1162 2575 1355 2619 Christi:
1401 2575 1523 2634 quod
1567 2575 1705 2619 etiam
1739 2576 1931 2636 derogat
1960 2577 2142 2625 veritati
2167 2591 2242 2626 sa·-

263 2644 502 2698 cramenti,
534 2641 651 2688 sicut
683 2655 818 2702 supra
851 2642 1023 2686 dictum
1056 2651 1123 2686 est
1157 2642 1224 2699 (in
1263 2649 1375 2701 corp.
1412 2640 1529 2699 art).
1563 2642 1660 2687 Nec
1693 2652 1848 2688 tamen
1881 2641 2137 2694 dicendum
2158 2658 2240 2701 est,

264 2713 387 2773 quod
421 2711 592 2756 animal
622 2711 804 2754 brutum
832 2708 1225 2753 sacramentaliter
1248 2723 1412 2768 corpus
1438 2707 1610 2753 Christi
1632 2708 1894 2767 manducet,
1927 2711 2032 2773 quia
2055 2726 2150 2759 non
2173 2721 2242 2760 est

262 2786 423 2824 natum
455 2779 521 2822 uti
554 2790 609 2822 eo
640 2786 692 2822 ut
723 2785 1038 2830 sacramento;
1062 2776 1180 2819 unde
1212 2788 1306 2819 non
1340 2775 1742 2831 sacramentaliter,
1784 2778 1864 2823 sed
1905 2792 1986 2839 per
2026 2780 2239 2827 accidens

264 2860 429 2906 corpus
457 2840 632 2890 Christi
650 2842 911 2898 manducat,
942 2843 1059 2888 sicut
1081 2843 1378 2887 manducaret
1409 2843 1500 2897 ille,
1524 2844 1600 2903 qui
1625 2852 1827 2891 sumeret
1850 2843 2055 2892 hostiam
2082 2858 2240 2895 conse-

263 2923 452 2966 cratam,
484 2908 692 2957 nesciens
730 2922 833 2956 eam
870 2922 968 2955 esse
1001 2920 1332 2954 consecratam.
1366 2909 1421 2954 Et
1453 2911 1558 2970 quia
1590 2911 1634 2955 id
1663 2912 1785 2971 quod
1818 2923 1887 2959 est
1906 2922 1988 2974 per
2009 2913 2236 2972 accidens,

262 2995 356 3026 non
390 2981 508 3025 cadit
534 2980 581 3024 in
604 2979 827 3024 divisione
855 2977 1045 3037 alicujus
1068 2977 1262 3036 generis,
1284 2974 1389 3021 ideo
1427 2977 1503 3022 hic
1536 2979 1703 3024 modus
1729 2977 2040 3027 manducandi
2070 2982 2237 3046 corpus
2278 3022 2287 3036 ,

263 3045 437 3094 Christi
468 3057 564 3093 non
595 3047 780 3108 ponitur
808 3045 966 3091 tertius
989 3054 1166 3104 praeter
1192 3044 1588 3101 sacramentalem,
1615 3055 1660 3092 et
1690 3045 1989 3106 spiritualem.

966 3189 1402 3250 ARTICULUS
1444 3190 1540 3249 IV.
1977 3183 1986 3249 s
2123 3187 2296 3270 *4335

597 3312 791 3355 UTRUM
830 3310 1124 3353 PECCATOR
1164 3311 1375 3361 SUMENS
1418 3312 1630 3353 CORPUS
1670 3311 1896 3356 CHRISTI

842 3385 1371 3428 SACRAMENTALITER
1410 3388 1644 3428 PECCET.

377 3452 508 3546 (infr.
526 3491 611 3531 art.
631 3499 669 3545 7.
688 3491 725 3530 et
738 3486 781 3531 8.
800 3491 916 3545 corp.
934 3490 1029 3542 et4.
1046 3484 1158 3528 Dist.
1176 3498 1217 3542 9.
1235 3489 1317 3528 art.
1330 3497 1365 3543 3.
1385 3499 1423 3543 q.
1441 3499 1477 3530 1.
1492 3490 1535 3529 et
1549 3498 1589 3531 2.
1608 3490 1646 3530 et
1661 3499 1697 3530 ι.
1719 3485 1817 3531 Cor.
1833 3484 1997 3533 mlxi.
2014 3487 2092 3547 7.).

350 3582 425 3628 An
449 3593 687 3634 QUARTUM
705 3574 770 3626 sic
786 3580 1062 3641 proceditur,
1075 3577 1281 3634 Videtur,
1300 3580 1423 3640 quod
1440 3590 1655 3641 peccator
1669 3592 1858 3628 sumens
1873 3592 2040 3644 corpus
2054 3574 2233 3631 Christi

260 3649 652 3695 sacramentaliter
683 3661 777 3694 non
810 3659 991 3708 peccet:
1026 3661 1120 3693 non
1158 3646 1281 3693 enim
1314 3657 1382 3693 est
1413 3645 1600 3709 majoris
1642 3648 1872 3709 dignitatis
1901 3648 2119 3699 Christ&
2141 3644 2228 3699 &db

2275 3034 2351 3106 εἰ

2290 3100 2301 3137 s
2340 3112 2349 3147 ἱ

2346 3098 2349 3110 Ι
