2352 3926
292 179 400 249 418
746 227 751 232 .
819 191 1096 238 QUAESTIO
1139 193 1284 231 xmx.
1326 192 1634 255 Ana-remus
1670 193 1729 232 11.

293 292 460 350 divina,
494 296 610 340 sicut
635 304 758 354 patet
777 295 860 353 Job
891 308 926 340 1.
954 304 997 339 et
1024 308 1080 349 2.,
1107 295 1229 354 quod
1251 305 1477 354 potestate
1501 295 1714 340 divinitus
1738 295 2263 356 acceptatumeprimfl‘

292 365 338 407 in
366 363 512 416 rebus,
541 373 585 406 et
611 372 769 421 postea
791 362 837 405 in
865 366 1058 421 corpore
1085 362 1239 417 laesit3
1268 373 1312 407 et
1337 362 1544 406 similiter
1569 362 1730 406 Matth.
1744 363 1789 406 8.
1804 363 1993 419 dicitur,
2008 363 2131 422 quod
2148 362 2259 407 dae*-

293 444 469 483 mones,
497 430 582 473 nisi
610 429 797 480 Christo
825 430 1122 483 concedente,
1152 444 1247 474 non
1274 440 1522 488 potuerunt
1547 429 1593 472 in
1620 441 1792 487 porcos
1803 429 2011 485 intrare3
2015 430 2260 489 ergeiffia

291 497 424 540 bolus
451 510 685 554 nunquam
712 497 904 540 habuit
895 511 940 540 m
958 496 1222 541 hominibus
1239 506 1536 556 potestatem:
1554 506 1599 540 et
1623 497 1687 540 ita
1702 509 1791 555 per
1798 496 2263 602 passionuntssht'ma

292 579 387 608 non
413 578 570 608 sumus
602 564 779 608 liberati
802 579 827 607 a
852 574 1078 623 potestate
1103 564 1288 609 diaboli.
1903 583 1907 586 ·
1944 575 1958 586 ⁴
2061 581 2063 583 ·
2151 579 2171 587 -’
2200 579 2205 587 f
2223 584 2259 605 μ,

384 643 423 674 2.
451 631 749 675 PRAETEREA.
788 632 1014 676 Diabolus
1040 641 1313 691 potestatem
1346 629 1476 675 suam
1502 631 1549 674 in
1576 630 1801 674 homines
1817 641 2003 676 exercet
2020 631 2259 684 tentando,

298 707 340 742 ct
367 699 667 774 corporaliter
683 699 915 742 vexando·
940 699 1019 743 sed
1046 699 1166 743 haec
1197 699 1382 743 adhuc
1373 713 1418 742 m
1451 698 1711 742 hominibus
1743 697 2262 758 operarurpostaecmisti

294 766 582 825 passionem3
610 780 720 824 ergo
748 780 841 809 non
869 779 1025 810 sumus
1042 780 1122 818 per
1139 767 1401 825 passionem
1431 765 1603 809 Christi
1630 765 1684 808 ab
1710 764 2259 824 e]us·potestatefikaerati.

385 847 422 891 3.
449 833 747 877 PRAETEREA.
762 834 917 878 Virtus
934 834 1159 893 passionis
1178 834 1413 878 Christiin
1431 843 1701 891 perpetuum
1726 833 1869 886 durat,
1880 831 2260 879 secundumiklud

295 900 432 943 Hebr.
466 914 547 944 10.:
589 902 684 945 Una
717 902 922 946 oblatione
953 903 1260 947 consummavit
1298 902 1577 960 sanctificatos
1616 903 1661 944 in
1705 902 2027 960 sempiternum:
2048 899 2263 944 similiter

294 967 432 1010 etiam
458 968 624 1027 ubique
643 968 924 1014 extenditur:
942 969 1020 1013 sed
1043 968 1250 1013 liberatio
1270 983 1294 1012 a
1317 978 1540 1027 potestate
1561 967 1730 1011 diaboli
1747 981 1832 1012 nec
1857 964 2261 1027 &rubique-(quia

294 1034 342 1077 in
369 1033 523 1090 multis
551 1034 752 1094 partibus
770 1036 929 1080 mundi
955 1036 1103 1080 adhuc
1123 1045 1228 1080 sunt
1252 1035 1561 1092 idololatrae),
1575 1049 1659 1079 nec
1684 1036 1820 1078 etiam
1834 1034 2263 1094 eritsempertquia

293 1111 503 1160 ternpore
530 1099 1023 1148 Antic'hristimaxime
1071 1117 1201 1148 suam
1239 1112 1512 1161 potestatem
1551 1102 1775 1146 exercebit
1807 1101 2263 1146 diaboluswinshomi-

294 1182 406 1212 num
438 1177 787 1224 nocumentum,
821 1171 876 1214 de
917 1185 1010 1229 quo
1051 1170 1216 1214 dicitur
1249 1182 1288 1214 2.
1317 1170 1372 1213 ad
1401 1168 1565 1214 Thess.
1595 1182 1651 1223 2.,
1678 1169 1800 1228 quod
1830 1171 1920 1229 ejus
1950 1170 2264 1214 adventus-erit

292 1236 514 1281 seeundum
540 1240 820 1297 operationem
849 1238 1031 1282 Satanae
1060 1240 1106 1281 in
1132 1239 1246 1282 omni
1275 1238 1449 1290 virtute,
1476 1243 1514 1281 et
1535 1239 1677 1295 signis,
1701 1243 1738 1280 et
1750 1237 1957 1296 prodigiis
1980 1236 2261 1291 mendacibus,

295 1309 332 1347 et
362 1305 408 1347 in
441 1306 557 1348 omni
596 1305 824 1349 seductione
864 1307 1126 1364 iniquitati„
1164 1319 1273 1363 ergo
1300 1304 1491 1357 videtur,
1534 1303 1656 1361 quod
1699 1304 1850 1363 passio
1889 1302 2062 1387 Christi
2085 1302 2265 1352 nonsit

297 1382 434 1414 causa
466 1370 745 1416 liberationis
771 1373 963 1416 humani
990 1371 1179 1429 generis
1199 1380 1463 1429 apotestate
1491 1368 1674 1414 diaboli
1911 1382 1914 1388 ’
2014 1391 2019 1405 ι
2055 1391 2070 1409 vr
2147 1389 2150 1391 Α

386 1438 481 1482 SED
509 1452 705 1484 CONTRA
733 1449 813 1493 est,
842 1439 963 1498 quod
989 1439 1220 1482 Dominus
1239 1438 1486 1496 dicitJoan.
1502 1449 1570 1480 22.
1597 1436 1867 1482 imminente
1878 1450 2123 1497 pasmnne,
2132 1437 2264 1483 ch

289 1507 486 1565 princeps
507 1507 628 1564 hujus
643 1507 789 1550 mundi
806 1509 993 1564 ejicietur
1005 1508 1163 1565 foras:
1190 1513 1228 1551 et
1244 1521 1312 1564 ego
1329 1507 1364 1550 si
1385 1506 1597 1550 exaltatus
1600 1505 1726 1564 fuero
1744 1519 1770 1549 a
1788 1511 1917 1560 terra,
1929 1506 2080 1549 omnia
2088 1504 2264 1550 traham

295 1572 348 1616 ad
370 1576 600 1632 meipsum:
631 1585 697 1618 est
723 1584 877 1617 autem
910 1574 1128 1618 exaltatus
1158 1588 1182 1616 a
1205 1583 1324 1617 terra
1341 1587 1420 1631 per
1439 1573 1584 1616 crucis
1607 1572 1890 1630 passionem,
1913 1583 2034 1654 ergo
2046 1573 2147 1632 per
2156 1585 2264 1626 eam
2312 1629 2314 1631 v

297 1640 503 1684 diabolus
530 1650 598 1684 est
624 1656 648 1684 a
676 1651 900 1700 potestate
922 1642 1167 1684 hominum
1195 1642 1376 1699 eiectus.

387 1707 676 1752 RESPONDEO
704 1709 963 1762 dicendum,
991 1709 1113 1767 quod
1141 1708 1262 1751 circa
1288 1717 1576 1766 potestatem,
1594 1720 1731 1765 quam
1739 1672 2035 1754 ἀὶαδοίιιὲὶιι-
2045 1671 2264 1751 'hem-niues

299 1775 537 1818 exercebat
563 1785 667 1819 ante
687 1775 859 1820 Christi
885 1776 1163 1835 passionem,
1183 1778 1264 1820 tria
1282 1786 1385 1820 sunt
1412 1774 1765 1818 consideranda:
1785 1776 1985 1834 primum
1998 1773 2188 1834 quidem
2207 1787 2264 1818 ex

298 1851 424 1900 parte
456 1842 674 1896 hominis,
702 1844 779 1901 qui
805 1857 888 1887 suo
922 1851 1111 1902 peccato
1149 1843 1328 1897 meruit,
1357 1852 1404 1885 ut
1430 1842 1476 1885 in
1502 1851 1773 1901 potestatem
1799 1841 2049 1886 traderetur
2078 1840 2263 1894 diaboli,

296 1924 376 1967 per
404 1910 531 1967 cujus
555 1911 859 1954 tentationem
883 1910 1031 1954 fuerat
1056 1921 1309 1969 separatus:
1337 1910 1453 1954 aliud
1479 1918 1632 1953 autem
1654 1919 1723 1954 est
1755 1923 1808 1953 ex
1839 1918 1964 1968 parte
1988 1909 2093 1963 Dei,
2124 1922 2264 1971 quem
2331 1915 2352 1934 ·“

297 1977 443 2019 homo
471 1978 706 2035 peccando
729 1977 999 2031 «offenderat,
1034 1979 1110 2037 qui
1141 1992 1222 2036 per
1248 1992 1379 2022 suam
1404 1977 1623 2036 justitiam
1647 1976 1888 2020 hominem
1913 1976 2168 2036 ⁴{reliquerat
2187 1990 2267 2035 po·

295 2043 446 2087 testati
472 2044 870 2090 diabolittertium
895 2054 963 2089 est
986 2058 1042 2088 ex
1066 2054 1192 2104 parte
1220 2045 1358 2104 ipsius
1386 2043 1570 2097 diaboli,
1598 2044 1674 2102 qui
1700 2057 1781 2087 sua
1806 2042 2266 2102 nequissimavoiun·

295 2120 388 2155 tate
409 2111 652 2155 hominem
679 2126 705 2155 a
732 2113 1057 2156 consecutione
1075 2111 1231 2156 salutis
1251 2112 1541 2171 impediebat.
1564 2111 1803 2163 Quantum
1831 2124 1940 2170 ergo
1963 2111 2023 2156 *ad
2048 2111 2266 2171 primum,

295 2178 442 2222 homo
470 2188 538 2222 est
563 2193 589 2223 a
611 2188 836 2237 potestate
862 2179 1031 2223 diaboli
1054 2178 1268 2223 liberatus
1298 2193 1376 2237 per
1399 2179 1664 2237 passionem
1691 2177 1856 2232 Chisti,
1878 2178 2154 2238 inquantum
2170 2190 2268 2238 pas·
2345 2226 2352 2236 ⁶

296 2245 364 2289 sio
394 2245 566 2290 Christi
588 2256 655 2290 est
681 2260 819 2290 causa
845 2246 1126 2290 remissionis
1154 2255 1474 2304 peccatorum3
1502 2256 1723 2305 quantum
1738 2255 1894 2290 'autem
1922 2245 2265 2301 adzsemndum,

297 2313 542 2357 dicendum
568 2313 690 2372 quod
717 2314 868 2372 passio
894 2313 1062 2358 Christi
1090 2310 1176 2358 nos
1202 2324 1427 2372 potestate
1456 2313 1626 2357 diaboli
1643 2312 1869 2367 liberavit,¹
1888 2313 2267 2372 inquantumznos
2344 2345 2352 2362 ,-

296 2381 399 2424 Deo
432 2380 758 2434 reconciliavit,
786 2391 834 2425 ut
859 2381 975 2424 infra
1001 2381 1176 2425 dicetur
1202 2383 1302 2436 (art
1329 2395 1371 2438 4.
1397 2382 1482 2439 huj.
1507 2396 1530 2439 q
1535 2382 1583 2435 .);
1606 2390 1828 2439 quantum
1849 2392 1981 2424 vero
1979 2381 2047 2425 ad
2057 2378 2267 2434 teniutn‘,

297 2447 449 2506 passio
473 2447 645 2492 Christi
670 2462 755 2492 nos
783 2463 807 2491 a
835 2448 1019 2492 diabolo
1042 2448 1263 2502 liberavit,
1290 2450 1563 2507 inquantum
1592 2461 1616 2490 a
1638 2447 1852 2506 passione
1874 2447 2057 2502 Christi
2063 2446 2269 2506 ’‘xessxmsit
2340 2458 2352 2479 ‘¹

297 2514 489 2558 modum
516 2515 750 2574 potestatis
784 2515 869 2559 sibi
894 2516 1085 2559 traditae
1113 2530 1138 2559 a
1159 2516 1276 2569 Deo,
1311 2515 1621 2559 machinando
1655 2515 1700 2558 in
1741 2523 1942 2559 mortem
1971 2506 2173 2570 Chi-mi,
2173 2513 2268 2575 qui
2338 2500 2352 2530 '⁴

295 2594 392 2627 non
418 2582 614 2626 habebat
643 2581 859 2626 meritum
887 2583 1059 2637 mortis,
1087 2597 1194 2626 cum
1212 2592 1330 2627 esset
1356 2583 1526 2641 absque
1554 2591 1779 2640 peccato:
1796 2580 1920 2626 unde
1940 2588 2143 2642 Augnsst.
2158 2581 2269 2637 dicit

298 2649 345 2692 in
378 2662 443 2707 13.
477 2648 532 2692 de
561 2647 687 2691 Trin.
707 2649 820 2708 (cap.
845 2663 908 2706 14.
931 2651 1169 2708 inpr-irzc.):
1201 2649 1597 2707 «JustitiaChristi
1623 2649 1769 2692 victus
1803 2659 1881 2693 est
1896 2646 2143 2706 diabolum
2145 2648 2268 2709 quia
2341 2679 2344 2683 -

299 2728 406 2759 cum
431 2716 478 2759 in
503 2729 560 2760 eo
582 2715 698 2759 nihil
713 2727 861 2760 morte
887 2716 1104 2775 dignum
1094 2718 1331 2771 inveniret,
1346 2718 1515 2761 occidit
1538 2731 1642 2761 eum
1659 2726 1835 2771 tamen3
1862 2713 2267 2783 etutiqqdiumm
2331 2716 2333 2719 ’

299 2792 380 2837 est,
407 2792 455 2827 ut
481 2783 722 2836 debitores,
757 2798 870 2841 quos
903 2784 1098 2838 tenebat,
1140 2784 1269 2828 liberi
1311 2785 1607 2838 dimittantur,
1634 2785 1681 2827 in
1714 2798 1820 2828 eum
1853 2778 2266 2847 credentefflrquem
2333 2790 2341 2819 ’ἱ

297 2851 395 2895 sine
422 2849 516 2894 ullo
545 2850 696 2894 debito
731 2851 901 2894 occidit
932 2868 973 2894 n.
2109 2883 2112 2887 .
2336 2892 2337 2896 ,

388 2918 464 2962 AD
491 2931 679 2963 ΡιιιΜυΜ
698 2931 806 2976 ergo
831 2917 1092 2971 dicendum,
1115 2918 1238 2977 quod
1259 2933 1353 2962 non
1382 2918 1542 2963 dicitur
1566 2919 1627 2963 sic
1653 2918 1897 2964 diabolus
1886 2934 1932 2964 m
1948 2903 2163 2966 homines
2189 2933 2267 2978 po·
2320 2928 2327 2946 ⁵

298 2995 510 3030 testatem
537 2985 764 3041 habuisse,
799 2985 928 3044 quasi
960 2996 1114 3044 posset
1146 2986 1187 3029 ei
1213 3000 1396 3039 nocere,
1434 2986 1537 3030 Deo
1579 3000 1675 3031 non
1710 2986 2028 3050 permittent&
2053 2987 2132 3033 sed
2159 2987 2266 3047 quia
2320 3003 2335 3036 5

299 3054 414 3111 juste
446 3052 789 3112 permittebatur
814 3066 982 3096 nocere
1020 3052 1297 3107 hominibus,
1340 3067 1455 3112 quos
1497 3053 1715 3099 tentando
1744 3053 1800 3098 ad
1826 3067 1962 3099 suum
1987 3066 2265 3109 consensum
2319 3051 2335 3114 '3

298 3121 582 3179 perduxerat.
2321 3124 2324 3126 ’

389 3188 466 3232 Αι)
493 3199 753 3233 SECUNDUM
779 3186 1037 3240 dicendum,
1065 3187 1186 3245 quod
1215 3187 1422 3232 diabolus
1450 3189 1587 3232 etiam
1618 3203 1756 3233 nunc
1778 3197 1942 3249 potest
1952 3188 2142 3251 quidem
2161 3187 2266 3235 Deo

300 3255 589 3313 permittente
616 3254 829 3298 homines
870 3263 1046 3299 tentare
1088 3265 1308 3312 quantum
1347 3256 1400 3299 ad
1430 3257 1648 3310 animam,
1690 3267 1735 3301 et
1756 3269 1923 3301 vexare
1947 3266 2178 3334 ‘quantum
2209 3256 2266 3303 ad

302 3336 491 3381 corpus:
527 3321 606 3367 sed
643 3332 798 3366 tamen
824 3311 1141 3380 praeparatum
1172 3332 1238 3365 est
1265 3323 1443 3366 homini
1478 3324 1731 3368 remedium
1759 3339 1814 3375 ex
1839 3323 2052 3384 passione
2078 3323 2267 3379 Christi,

302 3403 391 3447 quo
420 3402 467 3432 se
494 3398 644 3448 potest
672 3387 788 3433 tueri
815 3398 973 3433 contra
1000 3388 1143 3432 hostis
1182 3389 1565 3466 impugnationes,
1591 3406 1648 3435 ne
1674 3391 1925 3436 deducatur
1954 3390 2006 3435 ὶιι
2026 3380 2266 3437 interitum
2287 3413 2322 3449 51

301 3457 462 3500 mortis
500 3466 732 3501 aeternae:
761 3465 806 3501 et
833 3457 1107 3515 quicumque
1151 3467 1253 3499 ante
1283 3459 1543 3515 passionem
1572 3458 1743 3502 Christi
1771 3457 1974 3502 diabolo
1968 3440 2308 3513 resistebam?

300 3537 380 3583 per
405 3522 543 3568 fidem
569 3522 793 3583 passionis
814 3522 995 3568 vChristi
1027 3523 1115 3567 hoc
1150 3522 1299 3567 facere
1327 3535 1549 3583 poterant,
1584 3525 1690 3569 licet
1716 3514 1927 3583 passione
1953 3520 2136 3573 Christt
2154 3525 2271 3570 noim·
2299 3538 2302 3539 ’

302 3591 410 3634 dum
438 3602 646 3650 peracta:
674 3600 895 3651 quantum
923 3600 1075 3635 autem
1106 3590 1157 3634 :d
1187 3589 1370 3649 aliquid,
1397 3591 1548 3636 nullus
1581 3602 1759 3650 poterat
1790 3588 1957 3637 diaboli
1979 3593 2147 3638 matius
2165 3593 2290 3637 esai*
2322 3591 2324 3593 ’
