2352 3926
658 209 935 268 Qufflsrto
976 221 1066 260 xv.
1108 219 1415 260 ARTICULUS
1455 218 1528 258 VI.
1975 214 2070 271 153

67 318 225 380 Μ
238 324 440 371 tristitia:
458 323 550 369 alio
567 333 722 370 tamen
740 323 898 377 modo,
925 336 1061 382 quam
1083 322 1129 367 in
1155 322 1302 377 nobis,
1320 321 1573 368 secundum
1588 318 1668 364 illa
1684 319 1787 373 tria,
1809 319 1925 378 quae
1943 331 2078 376 supra

62 418 131 451 J
193 390 205 403 '
272 400 345 437 ata
362 399 466 436 sunt
481 390 588 450 (art.
600 404 642 448 4.
660 390 748 449 huj.
773 389 851 448 q.),
879 403 986 433 cum
1004 389 1310 434 communiter
1326 389 1382 434 de
1400 388 1685 449 passionibus
1704 386 1884 431 animae
1905 383 2079 430 Christi

61 403 424 518 *Jffiemun

64 522 127 580 ³1}
172 569 179 574 ,
205 525 282 571 AD
307 537 495 571 mimum
513 538 623 583 ergo
642 524 901 578 dicendum,
924 524 1046 583 quod
1068 524 1245 568 tristitia
1271 534 1532 568 removetur
1559 538 1583 567 a
1613 522 1799 568 Christo
1825 518 2078 566 secundum

114 591 378 654 passionem
399 590 669 651 perfectam:
691 590 776 635 fuit
794 601 949 636 tamen
964 591 1012 635 in
1029 605 1085 635 eo
1103 590 1278 635 initiata
1295 591 1546 635 secundum
1564 589 1938 649 propassionem3
1959 586 2079 632 unde

68 656 280 715 [dcitur
304 658 466 704 Matth.
494 657 586 703 26.:
617 658 762 718 Coepit
793 659 1046 710 contristari,
1079 663 1116 702 et
1139 663 1312 702 moestus
1341 672 1431 702 esse.
1463 673 1486 698 «
1508 657 1646 701 Aliud
1674 657 1798 701 enim
1824 666 1897 702 est·
1917 653 2081 701 contri-

64 725 239 783 mn,
265 724 387 771 aliud
411 725 610 784 incipere
637 725 895 770 contristari
916 741 959 779 »,
976 722 1026 769 ut
1043 724 1230 769 Hieron.
1257 724 1380 768 dicit.

59 786 150 850 «ᾗζῑξςῃ
178 792 284 838 ·AD
315 805 576 839 SECUNDUM
608 791 866 846 dicendum,
898 791 1035 850 quod,
1067 791 1185 835 sicut
1216 791 1410 851 August.
1444 791 1553 835 dicit
1583 792 1628 834 in
1666 803 1732 846 14.
1766 791 1823 836 de
1856 789 1956 835 Civ.
1989 788 2080 834 Dei

59 867 234 920 ,βαρ
265 859 342 916 8.),
370 873 452 919 pro
490 861 620 904 tribus
655 857 1084 919 perturbationibuS,
1121 858 1316 903 scilicet:
1353 858 1594 918 cupiditate,
1627 858 1800 912 laetitia,
1834 867 1880 902 et
1914 859 2078 910 timore,

59 920 69 980 J
81 924 264 979 :istoici
288 932 366 973 tres
381 924 649 980 εὔπαθείας,
666 926 781 971 idest
805 926 950 970 bonas
968 926 1217 984 passiones,
1239 925 1286 969 in
1305 925 1460 969 animo
1487 925 1699 984 sapientis
1716 934 1981 984 posuerunt,
1997 923 2080 968 sci-

112 991 227 1051 ἣκει
245 1008 328 1054 pro
355 993 599 1054 cupiditate
625 992 925 1047 voluntatem,
952 1007 1034 1052 pro
1066 991 1238 1037 laetitia
1264 993 1496 1051 gaudium,
1529 1006 1611 1051 pro
1639 1002 1764 1036 metu
1792 993 2076 1036 cautionem:

58 1060 64 1087 '·
99 1060 197 1111 aed
222 1076 306 1121 pro
330 1061 509 1106 tristitia
534 1072 815 1120 negaverunt
849 1060 1016 1120 aliquid
1049 1075 1182 1120 posse
1216 1075 1314 1106 esse
1344 1061 1389 1104 in
1424 1059 1578 1104 animo
1611 1060 1845 1119 sapientis;
1879 1059 1984 1119 quia
2007 1059 2081 1103 tri-

108 1128 240 1181 mitia
263 1127 321 1174 de
351 1128 477 1173 malo
513 1139 592 1184 est,
618 1129 741 1188 quod
761 1130 855 1187 jam
887 1128 1072 1173 accidit:
1100 1127 1278 1172 nullum
1296 1137 1450 1172 autem
1469 1127 1643 1171 malurn
1661 1128 1921 1172 existimant
1945 1139 2079 1186 posse

71 1195 78 1215 ”
95 1195 326 1245 4ἀΰιῒίῑὶείετε
352 1196 568 1256 sapienti;
595 1206 640 1241 et
663 1196 754 1240 hoc
781 1195 886 1241 ideo
920 1205 1001 1250 est,
1027 1196 1133 1255 quia
1163 1210 1258 1239 non
1291 1195 1535 1239 credebant
1566 1194 1735 1254 aliquid
1768 1208 1866 1239 esse
1891 1194 2080 1247 bonurn,

78 1308 90 1322 ,Α
111 1262 207 1311 Δῂὶεί
230 1273 458 1318 onestum,
483 1263 606 1323 quod
632 1263 845 1308 homines
870 1263 1018 1307 bonos
1045 1262 1178 1317 facit3
1200 1277 1284 1307 nec
1309 1262 1476 1322 aliquid
1504 1276 1602 1307 esse
1621 1261 1811 1315 malum,
1836 1261 1925 1306 nisi
1949 1261 2081 1305 inho-

110 1340 312 1387 nestum,
330 1345 410 1391 per
425 1332 548 1391 quod
565 1331 778 1375 homines
800 1330 909 1375 mali
925 1330 1064 1375 fiunt:
1086 1331 1294 1389 quamvis
1313 1340 1465 1374 autem
1489 1330 1734 1374 honestum
1757 1330 1815 1373 sit
1833 1327 2081 1388 principale

60 1393 80 1442 ἐξ
110 1396 320 1443 hominis
344 1398 534 1453 bonum,
561 1409 605 1443 et
630 1398 923 1442 inhonestum
950 1397 1199 1458 principale
1216 1398 1417 1442 hominis
1450 1397 1649 1452 malum3
1677 1397 1782 1457 quia
1808 1397 1924 1442 haec
1947 1396 2084 1455 perti-

61 1473 71 1524 ᾖ
110 1475 228 1511 nent
253 1465 308 1509 ad
333 1465 482 1525 ipsam
499 1465 740 1520 rationem,
758 1479 874 1525 quae
892 1475 960 1510 est
975 1465 1236 1525 principalis
1252 1466 1300 1509 in
1321 1466 1535 1511 homine:
1562 1475 1666 1510 sunt
1681 1475 1838 1509 tamen
1855 1464 2081 1524 quaedam

63 1538 82 1562 ³
117 1532 387 1578 secundaria
411 1533 612 1578 hominis
637 1534 773 1588 bona,
799 1547 916 1592 quae
937 1533 1164 1592 pertinent
1190 1533 1246 1578 ad
1271 1533 1421 1593 ipsum
1445 1547 1625 1592 corpus,
1651 1532 1727 1578 vel
1753 1532 1809 1576 ad
1837 1531 2082 1577 exteriores

47 1596 82 1659 33
116 1613 191 1645 res
217 1600 401 1659 corpori
424 1600 754 1655 deservientes;
783 1611 826 1646 et
852 1601 1104 1646 secundum
1121 1601 1211 1645 hoc
1229 1610 1378 1661 potest
1403 1603 1448 1646 in
1476 1601 1632 1645 animo
1655 1600 1872 1660 sapientis
1894 1614 1993 1644 esse
2009 1599 2082 1644 tri-

57 1689 75 1701 2
114 1666 256 1721 >stitia,
287 1676 508 1726 quantum
542 1667 598 1712 ad
634 1669 883 1727 appetitum
917 1668 1183 1713 sensitivum
1219 1669 1471 1713 secundum
1498 1669 1908 1728 apprehensionem
1933 1668 2085 1726 hujus-

121 1733 249 1778 modi
273 1733 528 1790 malorum;
553 1749 648 1779 non
673 1745 829 1780 tamen
855 1736 916 1780 ita
943 1737 1065 1795 quod
1091 1735 1176 1780 ista
1208 1736 1387 1781 tristitia
1417 1736 1647 1795 perturbet
1672 1737 1923 1790 rationem;
1949 1745 1994 1780 et
2019 1749 2083 1779 se-

110 1801 321 1847 cundum
342 1801 433 1847 hoc
459 1801 738 1862 intelligitur,
764 1804 887 1862 quod
913 1818 1008 1848 non
1034 1804 1516 1863 contristabitjustum,
1534 1805 1750 1864 quidquid
1777 1805 1819 1848 ei
1845 1803 2083 1858 acciderit;

92 1885 98 1891 ·
120 1867 227 1928 quia
252 1867 428 1914 scilicet
452 1884 508 1914 ex
531 1869 659 1915 nullo
687 1871 919 1915 accidente
943 1873 1039 1929 ejus
1065 1867 1180 1915 ratio
1208 1872 1517 1931 perturbatur;
1545 1882 1589 1917 et
1613 1872 1866 1917 secundum
1891 1872 1983 1916 hoc
2009 1871 2083 1916 tri-

49 1950 65 1998 'g
120 1936 242 1983 stitia
252 1935 592 1982 fuitinChristo
615 1939 868 1983 secundum
885 1941 1247 1998 propassionem,
1261 1953 1354 1983 non
1374 1951 1526 1984 autem
1540 1940 1791 1984 secundum
1804 1939 2081 1998 passionem.

61 2047 67 2054 J
210 2003 287 2048 AD
306 2016 522 2050 TERTIUM
538 2005 797 2060 dicendum,
814 2006 937 2065 quod
954 2006 1104 2050 omnis
1122 2007 1299 2050 tristitia
1317 2016 1384 2051 est
1406 2006 1580 2051 malum
1598 2021 1798 2065 poenae:
1816 2022 1911 2051 non
1929 2016 2083 2050 autem

47 2071 71 2101 Γ
120 2078 192 2117 εει
220 2079 403 2130 semper
427 2071 602 2116 malum
621 2072 795 2132 culpae,
822 2073 900 2118 sed
926 2072 1079 2118 solum
1101 2073 1284 2133 quando
1312 2088 1367 2118 ex
1383 2074 1643 2118 inordinato
1672 2073 1837 2118 affectu
1858 2073 2077 2133 procedit3

56 2135 89 2194 {⁵
110 2137 243 2186 -fflde
265 2139 460 2197 August.
487 2139 596 2184 dicit
626 2152 692 2195 14.
720 2139 777 2185 de
804 2140 939 2185 Civit.
973 2140 1062 2185 Dei
1088 2141 1202 2201 (cap.
1226 2141 1318 2200 9.):
1349 2157 1373 2183 «
1401 2141 1523 2186 Cum
1554 2151 1727 2186 rectam
1760 2140 1988 2186 rationem
2019 2154 2084 2184 se-

121 2214 318 2264 quuntur
332 2205 446 2251 istae
472 2205 754 2262 affectioneS,
781 2217 825 2252 et
841 2207 1039 2267 quando,
1066 2218 1111 2252 et
1135 2208 1213 2252 ubi
1238 2218 1420 2267 oportet
1442 2208 1725 2263 adhibentur,
1751 2209 1850 2268 quis
1878 2222 1955 2253 eas
1971 2216 2080 2252 tunc

50 2274 80 2330 ,η’
111 2272 369 2328 morbidas,
397 2287 476 2318 seu
499 2273 684 2319 vitiosas
706 2275 940 2334 passiones
964 2275 1129 2319 audeat
1154 2275 1341 2319 dicere?
1374 2292 1398 2318 ³>
1912 2306 1919 2318 .

20 2394 26 2402 Ι
210 2339 288 2384 AD
314 2353 552 2391 QUARTUM
579 2341 838 2398 dicendum,
860 2342 982 2402 quod
999 2341 1115 2386 nihil
1140 2342 1362 2400 prohibet,
1389 2342 1559 2402 aliquid
1582 2357 1680 2388 esse
1707 2343 1988 2388 contrarium
2009 2356 2087 2387 vo-

46 2421 86 2442 ff
109 2402 287 2461 ¹imitati
311 2407 563 2452 secundum
589 2422 652 2463 se,
679 2409 801 2468 quod
837 2419 992 2454 tamen
1031 2419 1100 2454 est
1132 2409 1328 2454 volitum
1363 2410 1540 2454 ratione
1572 2410 1688 2465 finis,
1715 2411 1771 2455 ad
1808 2425 1944 2470 quem
1971 2410 2086 2454 ordi-

43 2481 83 2539 ff}
101 2502 104 2505 ,
121 2482 275 2521 natur:
301 2475 419 2520 sicut
443 2476 672 2520 medicina
689 2491 845 2521 amara
865 2492 959 2522 non
977 2487 1045 2522 est
1060 2477 1312 2523 secundum
1330 2492 1378 2522 se
1393 2477 1550 2532 volita,
1568 2478 1647 2523 sed
1664 2478 1814 2523 solum
1833 2479 2084 2523 secundum

48 2539 76 2590 32
98 2576 109 2590 „
124 2540 247 2600 quod
273 2542 506 2587 ordinatur
532 2543 588 2588 ad
615 2544 886 2600 sanitatem;
913 2555 958 2590 et
983 2545 1074 2590 hoc
1102 2546 1243 2590 modo
1271 2559 1395 2590 mors
1423 2545 1609 2600 Christi,
1637 2556 1682 2590 et
1707 2547 1802 2605 ejus
1827 2546 1980 2606 passio
2002 2544 2085 2589 fuit

123 2608 377 2654 secundum
403 2624 451 2655 se
478 2611 766 2656 considerata
791 2611 1113 2667 involuntaria,
1140 2623 1183 2657 et
1208 2613 1437 2658 tristitiam
1470 2627 1685 2658 causans:
1711 2613 1820 2658 licet
1844 2613 1980 2658 fuerit
2009 2626 2087 2656 vo-

109 2670 316 2724 ,luntaria
340 2677 387 2721 in
413 2677 572 2722 ordine
599 2679 654 2723 ad
681 2678 836 2735 finem,
863 2679 941 2738 qui
967 2689 1035 2725 est
1059 2679 1316 2740 redemptio
1343 2679 1535 2724 humani
1560 2681 1753 2740 generis.

813 2857 1247 2916 ARTICULUS
1288 2859 1415 2915 VII.
2029 2873 2085 2932 96

582 2991 776 3031 UTRUM
816 2993 872 3033 IN
913 2993 1151 3033 efflusi-o
1193 2995 1390 3034 FuEmT
1432 2994 1624 3034 Timon.

477 3101 622 3161 (Supr.
650 3117 687 3160 q.
715 3116 753 3162 7.
781 3109 861 3148 art.
890 3103 932 3149 6.
959 3111 998 3150 et
1016 3120 1052 3164 3.
1080 3106 1192 3150 Dist.
1219 3120 1276 3165 15.
1303 3121 1342 3164 q.
1364 3121 1404 3150 2.
1432 3114 1512 3150 art.
1540 3121 1579 3151 2.
1603 3121 1641 3165 q.
1659 3106 1731 3166 3.).

171 3231 174 3237 ¹
200 3207 294 3255 ,AD
318 3221 560 3256 SEPTIMUM
586 3212 650 3256 sic
676 3214 951 3272 proceditur.
977 3215 1182 3270 Videtur,
1209 3217 1331 3275 quod
1358 3217 1404 3260 in
1432 3217 1617 3262 Christo
1644 3231 1738 3261 non
1764 3216 1897 3261 fuerit
1922 3218 2084 3271 timor;

130 3273 291 3319 dicitur
317 3276 439 3320 enim
471 3277 686 3323 Proverb.
715 3282 806 3326 28.:
832 3282 972 3338 Iustus
1003 3285 1121 3341 quasi
1152 3284 1211 3327 leo
1244 3283 1460 3342 confidens,
1494 3286 1643 3342 absque
1674 3291 1831 3328 terrore
1862 3286 1974 3329 erit.-
2005 3285 2084 3329 sed

35 3341 71 3384 ξ
107 3338 338 3394 ,Christus
363 3341 447 3387 fuit
471 3345 669 3390 maxime
693 3348 862 3404 justus;
889 3363 1000 3408 ergo
1026 3350 1073 3394 in
1101 3350 1287 3394 Christo
1314 3365 1408 3395 non
1430 3350 1512 3395 fuit
1537 3350 1699 3409 aliquis
1724 3351 1874 3396 timor.

7 3451 55 3475 .=.
219 3419 261 3452 2.
282 3408 579 3456 PRAETEREA.
602 3412 800 3458 Hilarius
823 3415 931 3460 dicit
961 3429 1026 3460 10.
1054 3417 1109 3460 de
1139 3416 1265 3461 Trin.
1291 3417 1511 3475 (aliquant.
1539 3431 1563 3460 a
1584 3418 1746 3476 princ.)
1761 3434 1774 3462 .·
1806 3418 2083 3477 «Interrogo

131 3485 225 3527 eos,
246 3473 324 3533 qui
347 3474 437 3519 hoc
455 3476 517 3520 ita
543 3478 814 3534 existimant,
837 3495 895 3525 an
912 3483 1087 3526 ratione
1106 3483 1331 3536 subsistat,
1349 3493 1396 3526 ut
1422 3484 1541 3527 mori
1563 3484 1778 3538 timuerit,
1796 3484 1873 3542 qui
1895 3498 2083 3530 omnem

121 3538 187 3585 ..ab
204 3539 436 3600 Apostolis
462 3544 622 3588 mortis
651 3545 868 3592 timorem
899 3548 1142 3607 expellens,
1175 3550 1230 3593 ad
1263 3549 1459 3608 gloriam
1492 3563 1571 3593 eos
1602 3550 1659 3594 sit
1691 3550 1895 3609 martyrii
1927 3551 2085 3597 exhor-

42 3666 57 3681 *
130 3613 251 3651 tanis
274 3622 324 3652 »ε
349 3621 444 3652 non
469 3623 579 3668 ergo
604 3610 651 3655 in
679 3611 865 3658 Christo
891 3614 1160 3659 rationabile
1187 3625 1255 3660 est
1279 3614 1417 3660 fuisse
1443 3616 1672 3661 timorem.
