2352 3926
260 253 366 326 788
713 265 992 313 QUAESTIO
1032 265 1255 305 Lxxxw.
1294 263 1605 304 ARTIcums
1644 263 1761 305 vm.

343 384 386 416 2.
412 370 708 416 PRAETEREA.
730 366 1068 413 Paenitentiam
1101 381 1237 426 agere
1262 367 1459 427 pertinet
1484 367 1540 411 ad
1567 375 1736 412 statum
1765 364 2112 427 incipientium}
2123 369 2219 415 κα

256 439 403 484 homo
430 437 485 482 de
510 437 600 481 hoc
628 445 746 481 statu
773 435 905 480 debet
934 435 1184 494 procedere
1216 435 1272 479 ad
1297 444 1468 479 statum
1493 434 1848 495 proficientium,
1873 444 1921 480 et
1935 434 2220 487 mteriwsed

257 515 425 551 statum
467 503 802 563 perfectorum3
842 516 952 561 ergo
988 516 1084 547 non
1115 501 1249 546 debet
1278 501 1425 547 homo
1462 501 1795 561 poenitentiam
1824 513 1967 561 agere
1988 493 2219 563 usquaetad

255 572 394 617 finem
419 571 551 614 vitae.

347 652 385 696 3.
412 638 711 682 PRAETEREA.
732 636 860 681 Sicut
889 636 937 680 in
964 635 1063 681 aliis
1088 636 1387 681 sacramentis
1411 636 1559 680 homo
1587 635 1720 680 debet
1744 649 1939 685 servare
1944 645 2126 682 stamta
2132 635 2222 682 Ec

255 706 434 759 clesiae,
459 705 520 748 ita
545 714 589 749 et
609 705 655 748 in
681 704 772 749 hoc
805 713 1123 750 sacramento:
1159 703 1239 748 sed
1265 703 1520 749 secundum
1553 716 1756 748 canones
1787 702 2088 749 determinata
2111 713 2223 750 sunt

253 785 462 832 tempora
487 771 764 831 poenitendi,
791 781 840 815 ut
865 770 1039 816 scilicet
1063 769 1156 826 ille,
1182 771 1261 831 qui
1277 772 1383 826 hoc,
1408 770 1484 816 vel
1515 770 1627 815 illud
1654 771 2222 830 peccatum-commiserit,

252 850 321 884 tot
346 839 474 883 annis
500 839 756 898 poeniteat3
780 852 890 898 ergo
915 838 1108 893 videtur,
1130 838 1253 898 quod
1279 853 1373 883 non
1391 838 1448 883 sit
1463 838 1745 899 poenitentia
1770 838 2054 887 extendenda
2077 851 2221 900 usque

254 907 310 951 ad
335 906 475 951 finem
501 907 634 951 vitae.

343 974 435 1018 SED
460 986 655 1018 CONTRA
682 983 763 1028 est,
790 973 914 1032 quod
944 973 1140 1032 August.
1178 973 1288 1018 dicit
1326 973 1374 1018 in
1405 973 1482 1018 lib.
1515 973 1572 1018 de
1605 973 1784 1018 Poenit.
1812 973 1904 1034 (seu
1933 974 2004 1020 De
2031 964 2223 1029 verant

244 1041 359 1101 falsa
375 1043 531 1101 poenit.
560 1049 652 1099 cap.
680 1042 767 1100 3.):
800 1055 824 1083 e<
848 1033 977 1093 Quid
1009 1049 1150 1086 restat
1179 1041 1327 1096 nobis,
1367 1041 1456 1086 nisi
1496 1055 1679 1100 semper
1716 1040 1875 1086 dolere
1900 1041 1950 1086 in
1978 1038 2221 1087 vitarssubi

254 1109 377 1153 enim
399 1107 534 1152 dolor
558 1107 725 1184 finitur,
752 1107 904 1153 deficit
928 1108 1239 1168 poenitentia,
1228 1124 1237 1134 ·
1256 1108 1295 1153 si
1319 1123 1430 1153 vero
1458 1108 1743 1168 poenitentia
1769 1108 1937 1165 finitur,
1959 1107 2223 1169 quid-refin-

253 1176 403 1235 quitur
428 1175 484 1219 de
506 1175 670 1220 venia.
657 1175 676 1208 ³
705 1191 728 1218 n

342 1244 632 1288 RESPONDEO
665 1242 924 1297 dicendum,
957 1243 1079 1302 quod
1106 1242 1258 1303 duplex
1298 1254 1366 1287 est
1401 1228 1699 1302 poenitentia,
1740 1243 1917 1290 scilicet
1949 1246 2145 1300 interior,
2174 1253 2222 1290 et

252 1312 463 1356 exterior:
490 1310 679 1354 interior
704 1311 888 1369 quidem
924 1310 1204 1370 poenitentia
1239 1320 1321 1364 est,
1363 1325 1453 1370 qua
1478 1311 1578 1370 quis
1620 1310 1746 1356 dolet
1780 1311 1837 1356 de
1867 1321 2061 1372 peccato
2092 1323 2223 1357 com-

253 1378 417 1432 miss03
446 1388 489 1422 et
514 1377 616 1422 talis
648 1377 928 1437 poenitentia
956 1378 1090 1422 debet
1106 1378 1267 1422 durare
1293 1391 1437 1438 usque
1464 1378 1522 1435 ad
1546 1377 1688 1425 finem
1712 1379 1862 1434 vitae3
1888 1392 2072 1440 semper
2087 1379 2220 1430 >emm

253 1445 386 1489 debet
400 1445 582 1489 homini
613 1444 866 1505 displicere,
892 1445 1014 1504 quod
1041 1445 1274 1503 peccavit;
1298 1445 1336 1490 si
1361 1445 1485 1489 enim
1511 1445 1554 1490 ei
1578 1445 1781 1504 placeret
1796 1458 2028 1505 peccasse,
2038 1446 2135 1506 jam
2165 1460 2221 1505 ex

252 1513 344 1557 hoc
362 1512 461 1570 ipso
484 1521 727 1572 peccatum
751 1512 1015 1566 incurreret,
1033 1522 1078 1556 et
1098 1512 1297 1557 fructum
1317 1513 1480 1557 veniae
1501 1513 1730 1572 perderet:
1753 1513 2042 1574 disptieentia
2062 1509 2221 1561 'autem

253 1579 462 1624 dolorem
479 1589 636 1623 causat
659 1579 706 1623 in
730 1593 785 1623 eo
812 1579 890 1639 qui
903 1589 972 1624 est
988 1580 1270 1639 susceptivus
1297 1579 1484 1634 doloris,
1499 1580 1645 1640 qualis
1663 1591 1733 1626 est
1756 1581 1904 1626 homo
1924 1581 1974 1626 in
1997 1581 2221 1628 hacssvitafz

251 1657 355 1707 post
379 1647 497 1691 hanc
523 1647 666 1691 vitam
694 1657 846 1691 autem
873 1647 1018 1692 sancti
1039 1662 1134 1692 non
1165 1657 1270 1692 sunt
1295 1648 1541 1707 susceptivi
1567 1647 1755 1704 doloris,
1777 1649 1898 1694 unde
1918 1648 2245 1710 displicebunt,
2321 1660 2331 1699 *s

252 1715 316 1758 eis
343 1724 531 1773 peccata
556 1714 797 1774 praeterita
822 1715 920 1759 sine
957 1715 1086 1758 omni
1110 1715 1304 1769 tristitia,
1337 1716 1588 1760 secundum
1615 1715 1727 1760 illud
1753 1716 1840 1762 Isa.
1864 1712 1963 1775 653
1997 1715 2221 1770 omittunt

251 1782 429 1827 traditae
452 1788 546 1826 sunt
570 1783 782 1840 angustiae
816 1784 997 1842 priores.
1029 1782 1319 1827 Poenitentia
1358 1797 1469 1827 vero
1498 1783 1696 1841 exterior
1721 1793 1804 1838 est,
1844 1797 1936 1843 quta
1971 1784 2223 1844 quiswexve-

247 1850 368 1894 riora
395 1850 524 1908 signa
550 1848 721 1893 doloris
749 1850 959 1903 ostendit,
993 1860 1038 1894 et
1062 1850 1201 1894 verbo
1227 1860 1359 1894 tenus
1385 1860 1573 1909 peccata
1605 1865 1687 1895 sua
1720 1850 1962 1896 confitetur
1992 1847 2220 1902 sacerdoti

253 1916 519 1970 absolventi,
542 1926 586 1962 et
610 1918 731 1975 juxta
758 1918 854 1976 ejus
886 1917 1129 1962 arbitrium.
1149 1917 1390 1962 satisfacit:
1425 1927 1470 1962 et
1494 1917 1596 1962 talis
1614 1917 1896 1978 poenitentia
1919 1932 2016 1963 non
2037 1928 2220 1979 oportet

252 1985 374 2043 quod
401 1984 530 2028 duret
554 1998 696 2043 usque
738 1985 793 2028 ad
834 1984 973 2029 finem
1009 1986 1142 2039 vitae,
1176 1985 1255 2029 sed
1283 1999 1427 2044 usque
1461 1985 1516 2029 ad
1550 1985 1904 2031 determinatum
1927 1995 2125 2047 tempus,
2150 2000 2219 2032 se·

253 2051 453 2096 cundum
479 2066 742 2095 mensuram
764 2052 954 2110 peccati.

336 2118 412 2163 AD
429 2131 617 2163 PRIMUM
639 2132 748 2177 ergo
768 2118 1026 2173 dicendum,
1044 2119 1166 2178 quod
1182 2133 1292 2164 vera
1314 2119 1595 2179 poenitentia
1609 2134 1704 2166 non
1721 2120 1875 2166 solum
1890 2120 2214 2182 removetpec-

250 2195 351 2229 cata
376 2186 631 2243 praeterita,
657 2185 734 2229 sed
768 2185 906 2230 etiam
938 2197 1198 2244 praeservat
1231 2187 1472 2232 hominem
1514 2202 1539 2232 a
1570 2189 1770 2247 peccatis
1800 2187 1983 2244 futuris3
2008 2188 2218 2258 quamvis

247 2252 383 2311 igitur
408 2252 590 2296 homo'
578 2267 626 2296 ιιι
662 2252 812 2312 primo
837 2253 1024 2298 instanti
1047 2267 1182 2298 verae
1217 2254 1526 2313 poenitentiae
1561 2256 1884 2301 remissionem
1909 2266 2217 2317 consequatur
2306 2295 2308 2298 ,

249 2319 598 2377 praeteritorum
623 2330 934 2378 peccatorum,
967 2331 1148 2380 oportet
1177 2330 1334 2366 tamen
1365 2323 1412 2366 in
1443 2322 1635 2368 homine
1666 2337 1960 2383 perseverare
1983 2320 2220 2385 poenioen—
2299 2322 2303 2324 ’

249 2386 376 2440 tiam,
402 2401 459 2431 ne
485 2386 649 2430 iterum
674 2387 880 2432 incidat
870 2402 916 2432 ιιι
941 2398 1196 2447 peccatum.
2311 2398 2315 2406 ’

343 2453 419 2498 AD
453 2466 714 2499 SECUNDUM
736 2454 996 2509 dicendum,
1019 2455 1141 2514 quod
1174 2470 1310 2515 agere
1336 2457 1668 2515 poenitentiam
1693 2458 1959 2504 interiorem
1983 2458 2142 2515 simul,
2170 2469 2220 2506 et
2269 2476 2309 2517 ,je

253 2520 539 2575 exteriorem,
571 2521 766 2580 pertinet
791 2522 846 2567 ad
873 2532 1040 2567 statum
1066 2523 1398 2583 incipientium,
1425 2525 1502 2584 qui
1528 2525 1704 2570 scilicet
1729 2526 1785 2571 de
1810 2540 1936 2572 novo
1967 2524 2178 2575 redeunt
2187 2538 2218 2581 a
2271 2550 2302 2584 ,

250 2598 465 2647 peccato:
494 2588 572 2632 sed
599 2588 878 2646 poenitentia
903 2589 1093 2634 interior
1116 2590 1256 2635 habet
1279 2590 1436 2636 locum
1455 2593 1594 2636 etiam
1614 2593 1662 2637 in
1680 2593 2037 2652 proficientibus,
2058 2603 2113 2641 et
2122 2606 2219 2657 per·

249 2654 393 2710 fectis,
421 2655 675 2699 secundum
700 2655 812 2700 illud
838 2656 912 2700 Ps.
939 2656 1035 2715 83.
1062 2659 1365 2703 Ascensiones
1349 2675 1395 2703 m
1420 2659 1542 2704 corde
1565 2675 1637 2705 suo
1663 2661 1874 2721 disposuit,
1891 2664 1939 2707 in
1952 2661 2065 2708 valle
2084 2662 2218 2724 lacry-
2275 2659 2315 2710 :25

249 2736 432 2767 marum.
459 2721 594 2767 Unde
621 2731 666 2767 et
689 2722 787 2782 ipse
817 2723 987 2769 Paulus
1013 2723 1192 2769 dicebat
1223 2739 1258 2769 1
1286 2725 1499 2772 Corinth.
1531 2739 1622 2785 15..
1649 2729 1749 2774 Non
1771 2744 1865 2774 sum
1889 2729 2038 2790 dignus
2064 2732 2219 2778 ‘vocem'

251 2790 468 2849 apostolus,
497 2790 697 2848 quoniam
728 2797 966 2850 persecutus
990 2806 1080 2836 sum
1106 2792 1335 2837 Ecclesiam
1360 2794 2304 2838 Dei.

336 2857 412 2902 An
427 2869 641 2902 TERTIUM
654 2857 914 2913 dicendum,
931 2858 1053 2917 quod
1071 2858 1149 2902 illa
1162 2869 1371 2919 tempora
1382 2860 1693 2922 praefiguntur
1709 2864 2061 2924 poenitentibus,
2078 2874 2219 2928 qm
2324 2854 2326 2856 ,

247 2935 344 2969 tum
372 2925 427 2969 ad
455 2925 685 2969 actionem
713 2925 949 2971 exterioris
974 2926 1296 2985 poenitentiae.
2273 2934 2296 2952 ,ι

932 3101 1366 3161 ARTICULUS
1409 3107 1507 3163 IX.
2128 3102 2293 3188 „3544

544 3235 737 3274 UTRUM
776 3236 1155 3278 POENITENTIA
1192 3241 1384 3280 Possm·
1424 3243 1551 3281 esse
1593 3244 1901 3287 εοΝΤιιιυΑ.
2032 3223 2035 3226 ’

847 3347 911 3406 (4.
939 3349 1051 3393 Dist.
1078 3364 1144 3407 14.
1171 3365 1208 3409 q.
1232 3365 1267 3396 1.
1290 3323 1370 3395 art
1398 3366 1439 3409 4.
1468 3368 1506 3412 q.
1533 3354 1605 3412 1..)

334 3454 411 3500 AD
434 3469 611 3502 NONUM
638 3458 702 3502 sic
729 3459 1004 3517 proceditur.
1032 3459 1236 3515 Videtur,
1264 3464 1385 3521 quod
1404 3465 1684 3522 poenitentia
1710 3481 1805 3511 non
1830 3468 2090 3528 possitme
2106 3478 2233 3515 eont-
2344 3505 2348 3521 ‚-

246 3522 391 3566 tinua:
420 3524 581 3568 dicitur
607 3525 730 3570 enim
758 3526 1308 3587 Hierem.13..Quiescat
1331 3545 1416 3575 vox
1439 3537 1509 3576 tua
1530 3547 1557 3577 a
1571 3534 1758 3593 ploratu,
1776 3541 1813 3580 et
1829 3535 1942 3581 oculi
1958 3537 2023 3582 tm·
2037 3527 2254 3600 aluam*
2262 3550 2294 3581 ³

246 3591 347 3634 mis·
374 3591 452 3635 sed
479 3592 569 3637 hoc
598 3607 695 3638 csse
723 3608 815 3639 non
842 3605 1011 3654 posset,
1037 3595 1076 3640 si
1101 3596 1381 3655 poenitentia
1408 3601 1764 3657 continuaretur,
1791 3616 1908 3663 quae
1936 3603 2151 3651 consistit
2155 3602 2267 3655 m
2251 3598 2299 3651 ἶ
2336 3600 2338 3603 ’

247 3656 438 3716 ploratu,
465 3670 510 3704 et
534 3660 779 3720 lacrymis3
808 3676 918 3722 ergo
945 3663 1226 3722 poenitentia
1252 3678 1345 3710 non
1374 3677 1524 3725 potest
1550 3668 1820 3715 continuari.
2158 3669 2197 3706 ,il
