2352 3926
292 216 397 287 348
824 229 1103 277 QUAEs‘rIO
1145 230 1255 269 xm.
1295 231 1604 271 ARTICULUS
1643 231 1678 272 1.

290 333 482 392 cupiscit
507 332 720 376 adversus
746 331 955 391 spiritum
980 348 1032 388 >³3
1059 342 1104 377 et
1127 332 1232 378 ideo
1251 332 1462 378 Christus
1478 333 1644 378 tentari
1657 331 1803 378 voluit
1818 333 1873 378 ab
1889 333 2038 390 hoste,
2053 334 2133 380 sed
2153 347 2250 380 non

289 415 316 445 a
342 414 491 444 carne.

1000 556 1432 614 ARTICULUS
1476 558 1548 613 Π.
2165 583 2250 631 227

514 691 707 729 UTRUM
749 691 1015 730 CHRISTUS
1056 692 1113 731 IN
1153 692 1404 731 DESERTO
1446 692 1687 732 TENTARI
1736 692 2026 731 DEBUERIT.

377 800 454 844 AD
488 814 749 845 SECUNDUM
781 802 845 844 sic
871 802 1144 859 proceditur.
1172 802 1377 856 Videtur,
1411 802 1533 861 quod
1562 802 1770 846 Christus
1801 815 1897 845 non
1929 800 2133 846 debuerit
2161 811 2254 846 ten-

287 867 373 911 tari
396 867 444 910 in
471 868 673 912 deserto:
703 868 913 912 Christus
939 869 1062 912 enim
1088 869 1253 913 tentari
1277 869 1423 913 voluit
1447 880 1631 928 propter
1657 869 1918 928 exemplum
1948 878 2173 923 nostrum,
2203 878 2255 912 ut

291 934 464 977 dictum
491 944 560 978 est
584 935 688 992 (art.
704 935 888 994 praec.):
916 936 994 979 sed
1023 936 1285 994 exemplum
1307 936 1441 980 debet
1457 935 1695 981 manifeste
1721 937 1915 996 proponi
1930 935 2034 995 illis,
2056 935 2255 995 quisunt

288 1015 368 1060 per
395 1001 658 1060 exemplum
682 1001 983 1057 informandi3
1009 1017 1103 1047 non
1131 1017 1241 1062 ergo
1269 1003 1422 1047 debuit
1450 1004 1497 1047 in
1524 1005 1702 1048 deserto
1728 1003 1907 1048 tentari.

379 1080 419 1112 2.
446 1068 745 1114 PRAETEREA.
771 1069 1011 1129 Chrysost.
1041 1070 1149 1114 dicit
1169 1084 1304 1129 super
1323 1070 1485 1115 Matth.
1504 1071 1638 1128 (hom.
1655 1086 1710 1130 13.
1729 1085 1755 1114 a
1766 1070 1945 1129 princ),
1961 1070 2084 1129 quod
2105 1085 2129 1111 ι(
2143 1078 2252 1115 tunc

288 1136 488 1180 maxime
515 1136 654 1180 instat
678 1136 886 1181 diabolus
914 1137 969 1180 ad
995 1138 1278 1190 tentandum,
1297 1151 1403 1182 cum
1429 1138 1593 1182 viderit
1617 1137 1861 1191 solitarios,
1878 1137 1998 1181 unde
2016 1137 2122 1181 etin
2138 1137 2256 1196 prin-

289 1204 410 1263 cipio
438 1202 677 1248 mulierem
705 1204 909 1258 tentavit,
935 1204 1032 1248 sine
1058 1205 1156 1248 viro
1189 1219 1292 1248 eam
1323 1205 1558 1249 inveniens
1586 1221 1637 1250 »z
1665 1214 1710 1248 et
1734 1205 1798 1248 sic
1830 1204 2021 1258 videtur,
2052 1217 2133 1263 per
2161 1203 2254 1248 hoc

288 1271 411 1330 quod
438 1272 483 1315 in
511 1271 738 1315 desertum
764 1272 858 1326 ivit,
886 1282 935 1315 ut
959 1281 1222 1326 tentaretur,
1255 1272 1378 1330 quod
1410 1271 1652 1316 tentationi
1678 1285 1726 1315 se
1753 1271 1982 1330 exposuit:
2009 1284 2116 1315 cum
2142 1284 2254 1330 ergo

289 1340 385 1397 ejus
411 1338 602 1383 tentatio
630 1339 687 1382 sit
711 1349 921 1383 nostrum
948 1338 1223 1398 exemplum,
1248 1338 1426 1383 videtur
1443 1339 1566 1398 quod
1587 1339 1727 1383 etiam
1750 1338 1828 1382 alii
1848 1338 2043 1383 debeant
2062 1351 2112 1382 se
2132 1337 2256 1397 inge-

287 1420 385 1450 rere
413 1406 469 1449 ad
494 1406 770 1450 tentationes
796 1406 1129 1466 suscipiendas;
1157 1406 1280 1465 quod
1305 1416 1461 1451 tamen
1481 1406 1659 1466 videtur
1681 1420 1779 1451 esse
1804 1405 2130 1466 periculosum,
2147 1419 2255 1451 cum

286 1474 435 1533 magis
459 1474 764 1518 tentationum
791 1474 1059 1518 occasiones
1085 1474 1227 1518 vitare
1254 1474 1515 1521 debeamus,

381 1554 418 1598 3.
441 1540 740 1586 PRAETEREA.
765 1541 928 1585 Matth.
954 1553 996 1596 4.
1023 1541 1206 1600 ponitur
1237 1541 1438 1585 secunda
1481 1541 1655 1586 Christi
1685 1540 1892 1596 tentatio,
1924 1554 2014 1602 qua
2045 1538 2253 1586 diabolus

289 1608 527 1653 Christum
554 1608 799 1667 assumpsit
822 1608 870 1651 in
895 1618 1103 1652 sanctam
1129 1608 1375 1663 civitatem,
1408 1621 1454 1653 et
1483 1609 1638 1653 statuit
1663 1623 1767 1653 eum
1795 1622 1930 1667 super
1958 1607 2255 1667 pinnaculum

286 1675 470 1735 templi:
503 1676 626 1734 quod
653 1676 838 1734 quidem
863 1689 958 1719 non
985 1685 1081 1720 erat
1111 1676 1159 1720 in
1191 1676 1396 1731 deserto;
1427 1690 1522 1720 non
1554 1690 1665 1735 ergo
1696 1685 1894 1721 tentatus
1925 1685 1993 1721 est
2023 1674 2176 1720 solum
2206 1674 2255 1719 in

287 1743 480 1787 deserto.
1925 1751 1929 1757 ⁴

379 1811 474 1854 SED
504 1823 701 1855 CONTRA
725 1820 807 1865 est,
830 1811 953 1870 quod
980 1810 1144 1855 dicitur
1169 1811 1315 1855 Marci
1352 1825 1403 1864 1.,
1431 1810 1554 1869 quod
1579 1817 1671 1856 erat
1689 1811 1803 1868 Iesus
1826 1811 1872 1855 in
1897 1809 2048 1855 deserto
2073 1808 2255 1869 quadra·

289 1879 407 1936 ginta
439 1878 594 1932 diebus,
622 1883 661 1922 et
685 1878 968 1937 quadraginta
998 1880 1201 1934 noctibus,
1227 1885 1265 1923 et
1290 1880 1528 1924 tentabatur
1553 1892 1579 1922 a
1604 1879 1776 1923 Satana.

331 1979 339 1992 t
377 1945 668 1989 RESPONDEO
697 1945 955 1999 dicendum,
983 1946 1121 2004 quod,
1148 1946 1266 1990 sicut
1290 1946 1462 1989 dictum
1490 1955 1558 1990 est
1576 1945 1676 2002 (art.
1689 1954 1834 2006 praec.
1857 1944 1911 2008 ad
1935 1944 2014 2003 2.),
2043 1944 2254 1990 Christus

287 2013 470 2071 propria
495 2011 730 2056 voluntate
756 2027 803 2056 se
830 2012 1014 2057 diabolo
1042 2013 1245 2057 exhibuit
1270 2013 1326 2057 ad
1351 2013 1634 2067 tentandum,
1660 2013 1777 2056 sicut
1802 2009 1942 2057 etiam
1966 2012 2147 2071 propria
2171 2026 2255 2056 vo-

287 2079 461 2123 luntate
489 2080 706 2124 membris
739 2082 836 2139 ejus
869 2095 917 2125 se
950 2081 1152 2124 exhibuit
1183 2081 1238 2124 ad
1272 2080 1600 2135 occidendum3
1629 2079 1832 2139 alioquin
1864 2078 2073 2124 diabolus
2097 2078 2254 2124 venire

289 2147 344 2190 ad
372 2161 478 2191 eum
503 2161 598 2190 non
626 2148 834 2192 auderet:
862 2147 1070 2192 diabolus
1098 2158 1251 2192 autem
1278 2144 1424 2207 magis
1452 2158 1641 2192 attentat
1673 2147 1888 2206 aliquem,
1926 2161 2032 2191 cum
2059 2156 2128 2192 est
2150 2145 2256 2191 soli-

273 2214 449 2258 ‘tariusz
492 2214 612 2273 quia,
644 2224 694 2258 ut
725 2214 887 2259 dicitur
918 2215 1041 2259 Eccl.
1075 2228 1132 2270 4.,
1173 2217 1208 2260 si
1239 2217 1448 2275 quispiam
1483 2215 1773 2274 praevaluerit
1804 2221 1950 2259 contra
1981 2228 2131 2271 unum,
2172 2213 2254 2259 duo

286 2283 482 2326 resistunt
521 2283 581 2333 ei,·
611 2291 655 2325 et
693 2281 799 2326 inde
841 2293 921 2336 est,
963 2283 1085 2341 quod
1110 2282 1319 2327 Christus
1362 2283 1409 2326 in
1446 2282 1677 2327 desertum
1704 2282 1854 2336 exivit,
1891 2281 2020 2342 quasi
2044 2281 2102 2326 ad
2135 2295 2256 2325 cam-

287 2364 397 2408 pum
422 2348 696 2403 certaminis,
714 2359 763 2392 ut
787 2349 848 2392 ibi
875 2364 900 2392 a
924 2349 1107 2394 diabolo
1135 2359 1407 2405 tentaretur3
1434 2350 1554 2394 unde
1581 2349 1853 2394 Ambrosius
1880 2349 1989 2394 dicit
2013 2362 2149 2409 super
2169 2348 2256 2393 Lu-

290 2430 395 2460 cam
422 2416 530 2475 (sup.
557 2415 661 2459 illud
683 2424 774 2476 cap.
801 2430 862 2473 4..·
890 2418 1108 2475 Agebatur
1132 2419 1177 2461 in
1201 2417 1391 2476 spiritu),
1418 2417 1541 2476 quod
1571 2433 1594 2458 ‹<
1621 2416 1832 2461 Christus
1864 2417 2081 2476 agebatur
2104 2416 2152 2460 in
2178 2415 2256 2460 de-

289 2493 460 2527 sertum
493 2482 702 2537 consilio,
735 2493 784 2527 ut
816 2483 1050 2528 diabolum
1082 2494 1367 2543 provocaret.
1400 2483 1523 2528 Nam
1554 2483 1642 2528 nisi
1672 2482 1749 2528 ille
1783 2493 2000 2528 certasset
2029 2497 2054 2526 >2
2081 2482 2256 2529 scilicet

290 2549 498 2595 diabolus
527 2567 550 2592 «
578 2565 671 2594 non
697 2550 780 2594 iste
808 2551 923 2594 mihi
953 2551 1136 2595 vicisset
1161 2569 1184 2594 »
1220 2551 1337 2595 idest
1363 2550 1587 2595 Christus.
1614 2550 1755 2594 Addit
1787 2561 1941 2595 autem
1972 2562 2018 2596 et
2048 2550 2159 2596 alias
2190 2564 2257 2595 ra-

288 2618 454 2672 tiones,
483 2618 652 2672 dicens,
679 2618 769 2661 hoc
803 2617 1038 2662 Christum
1064 2617 1226 2662 fecisse
1253 2618 1487 2677 mysterio,
1519 2627 1569 2661 ut
1593 2617 1747 2661 Adam
1779 2618 1836 2662 de
1862 2617 1998 2662 exilio
2030 2618 2254 2674 liberaret,

289 2685 368 2744 qui
393 2684 567 2729 scilicet
599 2684 654 2729 de
687 2685 897 2743 paradiso
929 2685 976 2728 in
1009 2685 1240 2729 desertum
1273 2686 1442 2743 eiectus
1470 2694 1560 2740 est;
1587 2693 1631 2728 et
1663 2683 1891 2744 exemplo,
1917 2684 2257 2730 ut'ostenderet

214 2792 217 2795 .
288 2752 421 2797 nobis
448 2751 683 2796 diabolum
709 2752 766 2796 ad
794 2751 987 2796 meliora
1012 2752 1297 2796 tendentibus
1324 2752 1539 2796 invidere.

341 2864 344 2868 ,
379 2821 456 2864 AD
489 2833 682 2864 PR1MUM
715 2834 824 2878 ergo
853 2820 1110 2873 dicendum,
1138 2819 1260 2878 quod
1284 2819 1492 2863 Christus
1514 2819 1783 2878 proponitur
1805 2819 2017 2864 omnibus
2038 2819 2085 2864 in
2107 2833 2258 2866 exem-

289 2887 416 2947 plum
444 2901 523 2947 per
549 2886 701 2941 fidem,
742 2887 993 2931 secundum
1020 2886 1131 2930 illud
1158 2887 1294 2930 Hebr.
1327 2899 1416 2932 12.:
1460 2888 1712 2946 Aspicientes
1751 2889 1796 2931 in
1836 2893 2054 2932 auctorem*
2076 2888 2196 2948 fidei,
2219 2893 2256 2934 et

289 2962 664 3001 consummatorem
676 2955 828 3011 Jesum.
848 2980 871 2986 -
891 2954 1010 2999 Fides
1033 2961 1186 3008 autem,
1206 2964 1254 2998 ut
1275 2954 1437 2997 dicitur
1453 2954 1589 2998 Rom.
1619 2967 1699 3010 1o.,
1717 2961 1773 2999 est
1797 2969 1848 2999 ex
1871 2954 2034 3010 auditu,
2059 2969 2155 3000 non
2180 2969 2255 3000 au-

288 3034 383 3067 tem
411 3037 462 3067 ex
489 3023 601 3068 visu.
633 3021 908 3074 Quinimmo
930 3021 1060 3078 Joan.
1089 3034 1158 3065 20.
1189 3021 1372 3065 dicitur:
1400 3023 1534 3076 Beati,
1562 3023 1634 3080 qui
1658 3036 1742 3065 non
1768 3021 1977 3078 viderunt,
2015 3028 2051 3068 et
2081 3021 2258 3068 credide·

288 3097 398 3135 runt.
427 3090 484 3134 Et
507 3090 612 3133 ideo
640 3089 695 3133 ad
722 3089 812 3132 hoc
840 3088 962 3147 quod
989 3089 1178 3132 tentatio
1213 3088 1386 3132 Christi
1427 3098 1543 3132 esset
1584 3088 1716 3133 nobis
1756 3089 1803 3133 in
1845 3088 2119 3149 exemplum,
2159 3103 2255 3135 non

290 3157 493 3217 oportuit
518 3157 640 3215 quod
669 3156 722 3200 ab
750 3156 1013 3200 hominibus
1039 3155 1291 3210 videretur3
1318 3155 1396 3200 sed
1424 3154 1654 3200 sufficiens
1690 3155 1787 3211 fuit,
1828 3157 1951 3216 quod
1992 3156 2255 3203 hominibus

287 3234 557 3269 narraretur.

379 3292 454 3335 AD
483 3304 745 3336 SECUNDUM
767 3289 1026 3343 dicendum,
1054 3290 1176 3348 quod
1203 3289 1351 3348 duplex
1377 3300 1444 3334 est
1459 3290 1722 3335 tentationis
1740 3291 2054 3336 occasiotuna
2070 3290 2266 3351 quidem.
2301 3335 2315 3350 ff

290 3373 344 3403 ex
370 3369 495 3418 parte
522 3358 746 3413 hominis;
773 3368 880 3418 puta
906 3371 1012 3401 cum
1036 3357 1196 3415 aliquis
1223 3370 1270 3400 se
1297 3367 1487 3415 peccato
1514 3359 1819 3416 propinquum
1841 3356 1965 3413 facit,
1987 3357 2255 3404 occasiones

290 3426 511 3485 peccandi
536 3441 630 3470 non
657 3428 856 3471 evitans:
883 3435 928 3469 et
953 3423 1054 3469 talis
1088 3424 1273 3467 occasio
1301 3425 1565 3469 tentationis
1598 3436 1664 3469 est
1695 3425 1902 3481 vitanda3
1933 3425 2050 3470 sicut
2081 3425 2254 3470 dictum

291 3502 358 3538 est
380 3494 501 3538 Loth
526 3494 692 3539 Genes.
722 3508 811 3553 19.:
839 3494 902 3538 Ne:
927 3493 1080 3537 steteris
1105 3493 1148 3535 in
1176 3493 1289 3534 omni
1316 3494 1479 3549 regiona
1506 3494 1620 3536 circa
1646 3493 1896 3538 Sodomam:
1919 3493 2007 3538 alia
2029 3506 2140 3538 vero
2163 3503 2257 3538 ten-

290 3561 474 3605 tationis
501 3562 685 3606 occasio
714 3572 781 3605 est
798 3575 851 3605 ex
869 3570 995 3619 parte
1013 3558 1197 3611 diaboli,
1220 3559 1297 3617 qui
1327 3574 1350 3599 «
1371 3572 1552 3618 semper
1569 3559 1738 3603 invidet
1756 3560 1811 3603 ad
1828 3559 2022 3605 meliora
2037 3560 2256 3605 tendenti-

290 3628 373 3673 bus
390 3646 432 3683 »,
455 3639 503 3673 ut
528 3629 743 3674 Ambros.
766 3628 876 3673 dicit
908 3628 1006 3686 (loc.
1031 3634 1121 3687 sup.
1144 3628 1262 3685 cit.).·
1290 3636 1335 3671 et
1358 3626 1461 3671 talis
1488 3627 1751 3673 tentationis
1773 3627 1959 3674 occasio
1980 3642 2076 3675 non
2101 3638 2170 3674 est
2192 3627 2256 3674 vi-
