2352 3926
274 223 385 292 236
781 238 1060 283 QUAESTIO
1101 237 1270 277 xxvn.
1311 221 1618 278 Ait-uentus
1657 240 1712 278 11.

275 348 320 384 et
344 355 520 400 poenae
546 340 782 386 liberatur:
806 351 850 385 et
885 341 1001 385 haec
1025 341 1107 386 erit
1132 341 1178 385 in
1203 340 1560 395 resurrectione:
1594 343 1680 387 alia
1706 355 1816 386 vero
1843 340 1912 395 est
1935 327 2242 402 sanctificatio

274 408 539 466 personalis,
564 422 678 466 quae
704 423 800 452 non
822 409 981 452 transit
1006 408 1052 452 in
1078 407 1257 468 prolem
1295 406 1534 454 carnaliter
1566 410 1791 469 genitam,
1818 409 1923 472 quia
1948 408 2050 454 talis
2077 404 2238 454 san'cti-

274 473 427 518 ficatio
460 489 553 518 non
588 475 771 534 respicit
797 489 995 530 carnem,
1023 475 1101 520 sed
1129 478 1355 522 mentem:
1384 487 1427 520 et
1452 476 1557 520 ideo
1592 476 1675 520 etsi
1706 485 1938 538 parentes
1947 474 2124 556 Beatae
2135 475 2238 538 Vir·
2247 466 2254 472 ’

275 540 392 598 ginis
414 540 593 584 fuerunt
606 541 813 585 mundati
831 544 856 585 a'
874 553 1064 601 peccato
1084 539 1308 602 originali,
1326 542 1657 587 nihilhominus
1670 543 1810 587 Beata
1826 541 1971 602 Virgo
1998 534 2237 603 peccatum

276 607 498 665 originale
525 609 761 662 contraxit,
796 623 902 653 cum
934 608 1068 655 fuerit
1100 620 1321 670 concepta
1353 611 1606 655 secundum
1639 612 1786 654 carnis
1819 609 2239 684 concupiscentiam

277 688 330 717 ex
358 675 687 719 commixtione
714 676 868 731 maris,
902 680 945 721 et
976 675 1232 722 foeminae:
1268 677 1377 722 dicit
1403 677 1526 722 enim
1558 677 1763 736 August.
1780 676 1827 720 in
1852 667 1929 721 lib.
1962 689 1998 723 1.
2019 674 2076 721 de·
2095 665 2238 738 Nupt.

277 752 320 785 et
347 741 623 801 Concupisc.
657 744 772 803 (cap.
805 759 868 789 12.
903 745 1003 789 circ.
1023 746 1148 804 princ
1152 745 1203 803 ..·)
1235 761 1259 786 «
1287 744 1508 800 Omnem,
1535 758 1650 804 quae
1678 744 1732 788 de
1757 731 2002 789 concubitu
2026 742 2239 817 nascitur,

278 822 464 853 carnem
486 824 584 854 esse
610 811 787 869 peccati
817 827 858 854 n.

960 946 1392 1004 ARTICULUS
1436 947 1538 1003 III.
2161 940 2243 1018 154

450 1065 642 1104 UTRUM
673 1067 774 1106 PER
807 1067 1354 1107 SANCTIFICATIONEM
1385 1068 1581 1107 FUERIT
1612 1067 1825 1106 BEATAE
1853 1065 2062 1106 VIRGINI

833 1149 1011 1186 FOMEs
1052 1150 1370 1189 TOTALITER
1404 1139 1701 1188 SUBLATus.

636 1242 687 1302 (3.
715 1244 828 1288 Dist.
857 1259 893 1303 3.
916 1259 955 1303 q.
978 1260 1013 1289 1.
1040 1251 1122 1289 art.
1150 1259 1189 1289 2.
1212 1251 1251 1289 et
1272 1244 1373 1289 ibid.
1397 1246 1442 1287 in
1469 1251 1558 1303 exp.
1586 1259 1620 1289 ι.
1641 1249 1756 1303 part.
1784 1250 1866 1288 tex.

1003 1317 1039 1355 et
1066 1319 1199 1370 opusc.
1226 1326 1265 1356 2.
1293 1320 1386 1371 cap.
1413 1313 1534 1370 231).

373 1412 449 1457 ΑΙ)
483 1426 699 1459 TERTIUM
726 1415 791 1458 sic
810 1415 1083 1474 proceditur.
1110 1414 1316 1469 Videtur,
1338 1415 1460 1474 quod
1488 1415 1537 1458 B.
1560 1414 1704 1473 Virgo
1731 1428 1826 1459 non
1847 1412 1981 1459 fuerit
2006 1413 2249 1477 emundata

285 1480 338 1523 ab
365 1479 612 1525 infectione
629 1481 824 1525 fomitis:
853 1482 969 1525 sicut
995 1482 1118 1525 enim
1144 1496 1292 1541 poena
1319 1481 1554 1559 originalis
1581 1482 1757 1539 peccati
1779 1491 1846 1526 est
1865 1480 2029 1535 fomes,
2052 1480 2130 1541 qui
2145 1482 2251 1525 con-

285 1548 399 1591 sistit
424 1548 470 1591 in
497 1548 764 1593 inferiorum
780 1549 947 1592 virium
968 1549 1217 1593 rebellione
1245 1549 1300 1592 ad
1323 1549 1573 1604 rationem;
1587 1549 1648 1592 ita
1675 1550 1812 1593 etiam
1839 1559 1989 1608 poena
2015 1536 2251 1613 originalis

285 1615 462 1673 peccati
489 1626 556 1659 est
587 1630 728 1667 mors,
756 1626 799 1660 et
825 1626 1030 1660 caeterae
1058 1615 1357 1676 poenalitates
1385 1610 1678 1675 corporales.
1701 1611 1783 1660 sed*
1802 1606 1852 1659 B.
1884 1614 2030 1678 Virgo
2046 1613 2130 1660 fuit
2155 1608 2252 1660 sub-

286 1684 403 1740 Jecta
430 1682 694 1741 hujusmodi
720 1683 1100 1742 poenalitatibus;
1128 1697 1238 1743 ergo
1273 1683 1412 1728 etiam
1445 1683 1593 1727 fornes
1632 1683 1684 1727 ab
1718 1697 1771 1727 ea
1815 1674 2015 1728 totaliter
2045 1670 2251 1728 remotus

287 1763 381 1792 non
397 1748 493 1793 fuit.

379 1829 418 1860 2.
456 1817 754 1862 PRAETEREA.
782 1831 824 1863 2.
852 1819 906 1862 ad
935 1818 1043 1863 Cor.
1068 1826 1133 1874 14.
1162 1818 1344 1862 dicitur:
1373 1814 1832 1875 Virtusininfirmitate
1843 1815 2095 1878 ρεηῖσίἰαθς
2129 1824 2175 1862 ‘et
2189 1815 2255 1861 lo-

289 1884 440 1943 quitur
464 1885 523 1928 ibi
544 1886 598 1929 de
623 1885 886 1930 infirmitate
907 1886 1093 1940 fomitis,
1121 1887 1372 1931 secundum
1395 1901 1532 1946 quarn
1561 1882 1812 1945 patiebatur
1828 1879 2064 1930 stimulum
2082 1885 2252 1930 carnis:

291 1952 368 1995 sed
408 1951 523 1995 nihil
563 1953 686 2011 quod
728 1954 922 2013 pertinet
949 1954 1004 1997 ad
1031 1953 1357 2012 perfectionem
1399 1954 1575 1998 virtutis
1607 1951 1690 1998 fuit
1716 1953 1767 1997 B.
1789 1953 1970 2013 Virgini
1993 1953 2256 1998 subtrahen-

290 2020 424 2073 dum3
453 2034 564 2078 ergo
585 2035 680 2064 non
706 2020 790 2064 fuit
815 2021 865 2064 B.
892 2022 1071 2080 Virgini
1097 2021 1295 2066 totaliter
1321 2021 1618 2066 subtraendus
1645 2021 1807 2066 fomes,

385 2101 421 2145 3.
449 2087 747 2132 PRAETEREA.
790 2089 1107 2133 Damascenus
1136 2089 1245 2133 dicit
1268 2088 1360 2145 (lib.
1377 2104 1412 2149 3.
1447 2089 1494 2133 de
1523 2088 1646 2133 Orth.
1664 2082 1758 2133 Fid.
1781 2097 1872 2148 cap.
1903 2103 1928 2134 2
1934 2089 1980 2143 .),
2012 2086 2148 2148 quod
2163 2093 2188 2130 ι’(
2208 2079 2256 2131 in

291 2154 341 2197 B.
368 2153 609 2212 Virginem
635 2156 894 2214 supervenit
934 2156 1126 2215 Spiritus
1174 2152 1382 2211 Sanctus,
1408 2170 1606 2215 purgans
1633 2170 1736 2200 eam
1769 2165 1872 2200 ante
1905 2145 2258 2214 conceptionem

291 2220 392 2264 Filii
423 2222 512 2264 Dei
533 2238 580 2276 »3
609 2223 730 2280 quod
756 2236 850 2266 ιιοιι
877 2233 1027 2282 potest
1047 2223 1238 2282 intelligi
1262 2223 1350 2267 nisi
1376 2223 1431 2266 de
1453 2223 1722 2282 purgatione
1750 2236 1776 2266 a
1801 2222 1990 2268 fomite:
2022 2229 2133 2266 nam
2157 2235 2259 2282 pec-

293 2298 446 2332 catum
471 2303 565 2332 non
591 2288 711 2343 fecit,
738 2300 787 2333 ut
813 2290 1006 2348 August.
1036 2291 1178 2334 dicit
1168 2305 1214 2334 ιιι
1236 2290 1311 2334 lib.
1340 2290 1395 2334 de
1421 2290 1525 2334 Nat.
1554 2301 1598 2334 et
1626 2290 1753 2336 Grat.
1780 2290 1892 2350 (cap.
1907 2289 1974 2350 36.
1992 2287 2088 2335 ant'a
2112 2288 2257 2347 med.),·

293 2370 403 2414 ergo
426 2370 505 2413 per
530 2356 975 2401 sanctificationem
965 2373 1010 2401 ιιι
1038 2368 1167 2402 utero
1189 2372 1283 2401 non
1310 2356 1393 2401 fuit
1420 2357 1557 2401 libere
1585 2357 1803 2401 mundata
1831 2370 1857 2400 a
1881 2355 2056 2402 fomite}

385 2424 478 2468 SED
513 2437 708 2469 CONTRA
736 2435 817 2480 est,
841 2425 963 2484 quod
991 2426 1152 2469 dicitur
1176 2425 1309 2470 Cant.
1332 2437 1388 2480 4.
1420 2425 1525 2469 Tota
1543 2425 1724 2484 pulchra
1755 2439 1811 2478 es,
1836 2424 1976 2469 amica
1992 2431 2100 2480 mea,
2117 2429 2158 2469 et
2172 2423 2261 2468 ma·

294 2492 389 2536 cula
412 2507 497 2535 non
518 2499 574 2537 est
605 2494 648 2536 in
675 2499 735 2537 te:
762 2492 910 2537 fomes
938 2504 1090 2537 autem
1120 2493 1173 2537 ad
1201 2492 1432 2537 maculam
1459 2493 1667 2552 pertinet,
1694 2491 1854 2536 saltem
1882 2482 2051 2536 carnis·
2042 2505 2186 2551 ,ergo
2213 2490 2261 2535 in

296 2559 346 2603 B.
373 2558 562 2618 Virgine
588 2559 736 2604 fomes
763 2575 856 2604 non
883 2560 978 2604 fuit.

384 2626 674 2671 Rsssposmzo
708 2627 966 2681 dicendum,
1001 2628 1122 2686 quod
1157 2628 1276 2671 circa
1309 2628 1398 2672 hoc
1433 2637 1538 2671 sunt
1568 2625 1754 2670 diversae
1787 2625 2051 2685 opiniones:
2089 2622 2261 2685 quidam

297 2693 420 2739 enim
446 2694 666 2748 dixerunt,
694 2694 814 2753 quod
841 2695 887 2737 in
914 2695 1011 2753 ipsa
1038 2694 1397 2739 sanctificatione
1426 2695 1476 2738 B.
1503 2693 1718 2752 Virginis,
1743 2707 1858 2752 quae
1880 2692 1964 2737 fuit
1979 2691 2262 2737 sanctificata

297 2761 343 2805 in
370 2771 514 2815 utero,
541 2762 742 2805 totaliter
766 2760 849 2805 fuit
871 2762 911 2805 ei
936 2761 1085 2806 fomes
1108 2762 1382 2806 subtractus:
1407 2761 1575 2819 quidam
1593 2774 1702 2804 vero
1722 2760 1890 2815 dicunt,
1907 2759 2030 2821 quod
2046 2759 2263 2803 remansit

297 2827 445 2873 fomes
472 2838 692 2887 quantum
721 2829 774 2871 ad
803 2829 907 2882 hoc,
935 2830 1056 2888 quod
1084 2829 1191 2872 facit
1218 2827 1531 2872 difficultatem
1565 2827 1618 2870 ad
1654 2827 1842 2880 bonum,
1869 2826 2072 2871 sublatus
2103 2836 2260 2871 tamen
2314 2845 2344 2860 -·

299 2895 382 2940 fuit
407 2906 627 2955 quantum
655 2895 708 2939 ad
735 2895 840 2949 hoe,
869 2896 990 2954 quod
1023 2895 1131 2939 facit
1162 2895 1437 2955 pronitatem
1471 2894 1526 2938 ad
1560 2893 1758 2937 malum:
1794 2894 1871 2938 alii
1896 2907 2007 2938 vero
2041 2893 2262 2949 dixerunt,

301 2964 423 3022 quod
440 2963 640 3007 sublatus
657 2962 738 3006 fuit
756 2961 920 3015 fomes,
948 2963 1215 3021 inquantum
1235 2963 1424 3021 pertinet
1443 2962 1497 3005 ad
1516 2941 1858 3037 corruptionem
1876 2963 2114 3019 personae,
2131 2968 2267 3021 prout

301 3030 494 3090 impellit
520 3030 575 3073 ad
603 3030 790 3084 malurn,
819 3040 863 3073 et
886 3028 1196 3073 difficultatem
1223 3028 1330 3073 facit
1354 3028 1408 3071 ad
1434 3029 1628 3082 bonum3
1653 3028 1871 3072 remansit
1892 3037 2063 3083 tamen,
2082 3029 2268 3087 inquan-

300 3108 399 3142 tum
434 3098 626 3157 pertinet
663 3097 716 3141 ad
757 3097 1097 3155 corruptionem
1132 3106 1333 3150 naturae,
1370 3105 1504 3154 prout
1530 3095 1704 3139 scilicet
1737 3106 1806 3139 est
1838 3108 1975 3139 causa
2000 3092 2268 3139 traducendi

303 3167 524 3225 originale
551 3176 791 3225 peccatum
819 3166 862 3208 in
887 3164 1087 3222 prolem:
1112 3165 1188 3208 alii
1205 3178 1313 3207 vero
1339 3164 1507 3216 dicunt,
1529 3163 1683 3239 quod
1674 3178 1718 3206 m
1743 3162 1890 3222 prima
1907 3150 2267 3207 sanctificatione

303 3234 520 3278 remansit
545 3233 692 3277 fomes
719 3232 970 3277 secundum
998 3233 1255 3285 essentiam,
1280 3230 1355 3275 sed
1383 3229 1573 3289 ligatus;
1596 3230 1641 3273 in
1666 3230 1762 3289 ipsa
1787 3239 1940 3274 autem
1963 3228 2266 3288 conceptione

303 3302 404 3346 Filii
430 3301 518 3346 Dei
543 3300 626 3344 fuit
649 3300 848 3344 totaliter
873 3299 1087 3344 sublatus.
1116 3299 1187 3342 Ad
1211 3299 1378 3341 horum
1407 3308 1558 3341 autem
1592 3297 1875 3341 intellectum
1909 3306 2090 3358 oportet
2123 3293 2270 3341 consi·

304 3370 475 3422 derare,
503 3368 625 3428 quod
651 3367 797 3412 fomes
824 3367 937 3411 nihil
964 3377 1030 3410 est
1057 3365 1191 3420 aliud,
1212 3379 1349 3424 quam
1372 3365 1627 3408 inordinata
1647 3362 2019 3441 concupiscentia
2045 3353 2268 3408 sensibilis

307 3437 549 3496 appetitus;
576 3434 818 3479 habitualis
845 3445 1013 3488 tamen,
1043 3433 1146 3492 quia
1175 3432 1363 3476 ιειιιειΙῐε
1391 3432 1760 3489 concupiscentia
1788 3440 1855 3475 est
1881 3439 2033 3476 motus
2066 3429 2266 3489 peccati.
2283 3415 2285 3418 Α
2312 3433 2327 3470 »’·,

307 3505 467 3548 dicitur
486 3514 636 3547 autem
657 3501 1023 3561 concupiscentia
1043 3500 1343 3544 sensualitatis
1363 3514 1458 3543 esse
1478 3499 1748 3552 inordinata,
1762 3498 2031 3559 inquantum
2040 3487 2269 3607 ιεῖιιςιιέί

307 3571 498 3625 rationi3
536 3571 657 3629 quod
695 3570 756 3624 fit,
790 3570 1058 3629 inquantum
1096 3566 1284 3611 inclinat
1319 3566 1373 3609 ad
1414 3566 1602 3620 malum,
1635 3564 1708 3609 vel
1742 3560 2054 3609 difficultatem
2104 3562 2195 3607 acit
2221 3573 2269 3607 m
2327 3565 2339 3573 ²

308 3639 456 3683 bono:
485 3649 528 3682 et
554 3637 656 3683 ideo
685 3638 739 3681 ad
766 3638 912 3697 ipsam
939 3634 1162 3680 rationem
1189 3632 1360 3678 fomitis
1387 3634 1594 3692 pertinet,
1622 3631 1744 3692 quod
1778 3629 1968 3675 inclinet
1995 3630 2050 3674 ad
2077 3627 2267 3683 malum,
2322 3629 2325 3631 “
