2352 3926
310 216 422 287 41‘6
844 229 1129 275 QUAESTIO
1166 229 1314 268 XLIX.
1354 228 1677 269 AR'rtcmfflst
1703 230 1740 269 1.

921 512 1368 590 QUAESTIO
1428 512 1659 573 XLIX.

557 667 648 706 DE
697 666 1162 708 EFFECTIBUS
1212 666 1624 708 PASSIONIS
1679 666 2024 718 CHRISTI,

876 756 942 796 IN
974 756 1084 798 SEX
1116 756 1446 797 ARTICULOS
1478 756 1700 797 DIVISA.

401 909 581 954 Deinde
609 909 994 955 considerandum
1021 920 1089 955 est
1113 910 1169 955 de
1195 911 1304 970 ipsis
1336 909 1571 955 effectibus
1597 910 1822 970 passionis
1849 909 2036 956 Christi.

949 1016 1007 1060 Et
1032 1017 1146 1060 circa
1172 1015 1246 1060 hoc
1273 1022 1534 1074 quaeruntur
1558 1029 1638 1059 sex.

402 1094 575 1140 Primo.
603 1095 771 1140 Utrum
796 1110 876 1156 per
901 1097 1163 1155 passionem
1191 1097 1363 1142 Christi
1389 1098 1532 1141 simus
1558 1096 1734 1140 liberati
1761 1110 1786 1140 a
1802 1093 2016 1158 peccato.

403 1162 631 1207 Secundo.
660 1163 838 1207 Utrum
854 1178 934 1223 per
960 1178 1062 1208 eam
1088 1164 1229 1208 simus
1255 1164 1433 1208 liberati
1459 1178 1484 1207 a
1510 1173 1734 1223 potestate
1760 1161 1942 1208 diaboli.

403 1227 577 1275 Tertio.
604 1230 772 1274 Utrum
798 1245 877 1290 per
902 1245 1005 1274 earn
1033 1231 1175 1275 simus
1197 1230 1373 1274 liberati
1401 1245 1426 1273 a
1452 1242 1578 1274 reatu
1606 1243 1795 1287 poenae.

405 1296 599 1349 Quarto.
629 1297 794 1341 Utrum
822 1312 901 1356 per
927 1312 1031 1341 eam
1057 1300 1197 1341 simus
1222 1298 1326 1342 Deo
1353 1297 1649 1341 reconciliati.

403 1360 596 1416 Quinto.
623 1365 790 1408 Utrum
816 1379 897 1423 per
922 1379 1026 1408 eam
1053 1365 1110 1408 sit
1134 1365 1267 1408 nobis
1295 1374 1450 1423 aperta
1475 1367 1613 1423 janua
1640 1363 1773 1410 coeli.

402 1431 556 1477 Sexto.
585 1431 752 1477 Utrum
777 1445 858 1491 per
884 1445 988 1476 eam
1011 1431 1222 1476 Christus
1250 1431 1438 1490 adeptus
1464 1431 1522 1475 sit
1548 1430 1885 1476 exaltationem.
1924 1491 1926 1494 Ι

1034 1580 1473 1638 ARTICULUS
1513 1581 1559 1637 Ι.
2191 1609 2292 1655 :³70r

357 1707 362 1711 ’
416 1717 609 1756 UTRUM
640 1717 741 1756 PER
771 1717 1080 1757 PASSIONEM
1114 1718 1337 1781 cHR1STr
1369 1719 1526 1756 smus
1560 1711 1811 1757 LIBERA‘Ti
1843 1718 1880 1757 A
1910 1694 2182 1781 prce-,Am

1053 1827 1104 1887 (3.
1131 1828 1242 1873 Dist.
1275 1841 1343 1888 19.
1371 1836 1453 1874 art.
1480 1829 1549 1886 1.).

405 1938 481 1983 AD
503 1951 693 1983 PRIMUM
716 1939 781 1983 sic
803 1940 1076 1998 proceditur.
1094 1939 1286 1985 Videtur
1302 1941 1425 2000 quod
1447 1955 1526 2000 per
1546 1943 1807 2000 passionem
1828 1940 2002 1990 Christi
2020 1952 2116 1987 non
2137 1942 2281 1988 simus

315 2005 493 2050 liberati
516 2020 542 2049 a
564 2016 778 2064 peccato:
804 2006 995 2051 liberare
1014 2007 1137 2051 enirn
1161 2022 1187 2051 a
1212 2017 1402 2066 peccato
1426 2018 1494 2052 est
1517 2009 1752 2067 proprium
1773 2009 1875 2063 Dei,
1893 2009 2147 2053 secundum
2166 2008 2279 2054 illud

314 2074 402 2117 Isa.
428 2085 522 2131 43.:
549 2074 637 2131 Ego
661 2089 768 2128 sum,
790 2075 862 2132 qui
887 2073 995 2118 deleo
1022 2076 1259 2133 iniquitates
1277 2082 1370 2120 tuas
1391 2083 1561 2135 propter
1581 2091 1668 2122 me:
1698 2075 1909 2120 Christus
1927 2085 2083 2123 autem
2101 2090 2196 2121 non
2213 2086 2282 2121 est

315 2154 488 2198 passus,
506 2140 756 2184 secundum
780 2141 903 2199 quod
926 2141 1067 2194 DeuS,
1090 2142 1168 2185 sed
1191 2143 1445 2186 secundum
1463 2144 1585 2202 quod
1602 2143 1748 2187 homo
1761 2155 1906 2202 ;·ergo
1923 2156 2003 2202 per
2017 2142 2294 2202 Ραεείοηεηι

319 2206 492 2251 Christi
517 2220 611 2251 non
638 2221 795 2251 sumus
821 2207 998 2251 liberati
1026 2223 1050 2252 a
1077 2219 1282 2267 peccato.

406 2286 445 2317 2.
479 2273 777 2319 PRAETEREA.
807 2274 1062 2334 Corporale
1094 2290 1189 2320 non
1223 2277 1315 2335 agit
1346 2276 1393 2320 in
1426 2276 1682 2335 spirituale:
1718 2275 1797 2321 sed
1830 2276 1989 2336 passio
2011 2276 2184 2322 Christi
2215 2287 2294 2322 est:

317 2340 592 2399 corporalis:
619 2351 861 2399 peccatum
890 2353 1043 2386 autem
1069 2357 1164 2386 non
1193 2353 1260 2387 est
1284 2344 1371 2387 nisi
1396 2344 1443 2387 in
1471 2344 1638 2397 anima,
1661 2357 1778 2403 quae
1805 2353 1872 2388 est
1897 2343 2291 2403 spirituanscr-eas

315 2417 438 2462 tura;
468 2422 578 2466 ergo
605 2409 756 2467 passio
791 2409 963 2453 Christi
989 2424 1083 2453 non
1111 2411 1258 2469 potuit
1282 2425 1367 2455 nos
1395 2410 1644 2454 emundare
1671 2424 1697 2453 a
1723 2420 1928 2469 peccato.

409 2489 448 2532 3.
473 2475 771 2521 PRAETEREA.
797 2476 961 2520 Nullus
988 2487 1138 2534 potest
1163 2477 1345 2521 liberari
1371 2492 1396 2521 a
1423 2488 1629 2537 peccato,
1657 2478 1778 2536 quod
1803 2477 2013 2522 nondum
2035 2477 2295 2532 commisit,

317 2541 396 2586 sed
414 2542 535 2600 quod
560 2542 604 2585 in
631 2553 865 2602 posterum
885 2553 953 2587 est
970 2544 1320 2588 commissurus:
1350 2559 1456 2588 cum
1473 2545 1610 2603 igitur
1627 2544 1769 2594 multa
1787 2554 1973 2603 peccata
1992 2555 2096 2604 post
2111 2544 2285 2591 Christi

317 2610 579 2669 passionem
611 2611 701 2654 sint
733 2611 996 2664 commissa,
1030 2621 1074 2655 et
1110 2621 1208 2655 tota
1240 2611 1312 2655 die
1347 2612 1705 2666 committantur,
1731 2611 1910 2656 videtur
1935 2611 2058 2671 quod
2082 2625 2164 2671 per
2187 2625 2286 2671 pas-
2349 2652 2351 2654 .

317 2677 496 2721 sionem
524 2677 697 2722 Christi
722 2692 816 2721 non
843 2677 986 2721 simus
1012 2677 1189 2722 liberati
1216 2693 1240 2722 a
1267 2688 1472 2736 peccato.
1816 2674 1819 2677 ’
1968 2686 1971 2688 ’

406 2757 449 2799 4.
486 2744 783 2789 PRAETEREA.
811 2745 966 2788 Posita
993 2759 1129 2788 causa
1156 2744 1411 2799 sufficienti,
1437 2745 1552 2790 nihil
1576 2745 1696 2789 aliud
1723 2745 1965 2804 requiritur
1984 2745 2041 2790 ad
2067 2743 2290 2817 effectum·
2350 2788 2352 2791 .

319 2810 647 2855 inducendum:
675 2813 960 2870 requiruntur
987 2822 1140 2855 autem
1167 2812 1315 2855 adhuc
1340 2811 1427 2855 alia
1451 2812 1506 2856 ad
1529 2812 1848 2856 remissionem
1870 2813 2183 2871 peccatorum,
2203 2811 2286 2857 sci·

319 2878 426 2923 licet
450 2879 714 2937 baptismus,
742 2888 786 2922 et
811 2879 1115 2936 poenitentia;
1144 2893 1254 2937 ergo
1275 2879 1467 2934 videtur,
1486 2880 1608 2938 quod
1631 2879 1783 2938 passio
1801 2878 1980 2938 ‘Christi
2004 2884 2102 2924 non
2121 2879 2180 2924 sit
2198 2877 2285 2924 suf·

319 2946 477 2990 ficiens
506 2960 643 2990 causa
668 2946 950 2990 remissionis
977 2956 1286 3004 peccatorum.
1781 2996 1787 3004 α

415 3026 450 3070 5.
493 3013 791 3058 PRAETEREA.
834 3013 1047 3056 Proverb.
1087 3027 1150 3057 10.
1185 3013 1370 3058 dicitur:
1413 3015 1616 3058 Universa
1649 3013 1799 3058 delicta
1829 3015 1965 3074 operit
1993 3013 2199 3067 charita„
2240 3022 2286 3057 et
2343 3067 2344 3070 Ἰ

320 3081 424 3124 Act.
452 3094 516 3135 15.
545 3081 729 3124 dicitur:
759 3081 838 3124 Per
864 3081 1210 3133 misericordiam,
1236 3087 1273 3125 et
1287 3081 1418 3139 fidem
1435 3088 1675 3139 purgantur
1691 3087 1890 3141 peccata:
1914 3080 1993 3126 sed
2016 3080 2160 3126 multa
2181 3090 2286 3125 sunt

321 3147 424 3201 alia,
461 3147 515 3191 de
550 3147 712 3206 quibus
754 3147 975 3190 habemus
1013 3146 1163 3202 fidem,
1192 3158 1235 3191 et
1262 3162 1377 3206 quae
1410 3159 1513 3192 sunt
1548 3148 1845 3206 provocativa
1881 3147 2137 3202 charitatis;
2170 3160 2281 3207 ergo

319 3216 469 3273 passio
499 3214 671 3259 Christi
697 3228 790 3258 non
818 3224 885 3258 est
911 3214 1092 3272 propria
1121 3229 1255 3257 causa
1284 3216 1562 3259 remissionis
1590 3225 1900 3274 peccatorum.

410 3282 503 3325 SED
523 3295 718 3326 CONTRA
737 3290 819 3335 est,
836 3281 957 3339 quod
985 3281 1147 3324 dicitur
1171 3282 1363 3340 Apocal.
1398 3296 1457 3326 1.:
1486 3284 1650 3328 Dilexit
1666 3297 1753 3336 nos,
1773 3290 1810 3328 et
1826 3282 2030 3328 lavitnos
2054 3297 2081 3328 a
2099 3283 2285 3342 peccatis
2350 3285 2352 3288 ’

323 3351 475 3394 nostris
502 3351 545 3392 in
570 3351 769 3407 sanguine
793 3363 879 3393 suo.

413 3416 703 3461 Responnro
730 3415 988 3468 dicendum,
1022 3415 1142 3473 quod
1171 3416 1321 3473 passio
1347 3415 1519 3460 Christi
1546 3426 1611 3460 est
1637 3417 1819 3475 propria
1842 3430 1979 3461 causa
2003 3416 2118 3461 remi
2133 3415 2287 3460 zsionis

324 3493 620 3542 peccatorum
648 3483 893 3542 tripliciter:
915 3483 1056 3541 primo
1081 3483 1263 3540 quidem
1289 3498 1366 3541 per
1389 3485 1579 3527 modum
1603 3484 1893 3543 provocantis
1918 3483 1974 3528 ad
1995 3484 2285 3529 charitatem:

324 3551 444 3609 quia,
472 3561 518 3595 ut
545 3550 796 3609 Apostolus
823 3550 931 3594 dicit
957 3550 1091 3593 Rom.
1125 3562 1185 3606 5.:
1217 3551 1488 3595 Commendat
1516 3553 1625 3595 Deus
1656 3566 1774 3596 suam
1801 3552 2048 3596 charitatem
2071 3553 2117 3596 in
2141 3552 2283 3604 nobis-,⁸

324 3619 526 3675 quoniam
552 3633 645 3662 cum
673 3618 806 3663 adhuc
834 3618 999 3661 inimici
1029 3631 1212 3670 essemus,
1244 3618 1431 3662 Christus
1457 3626 1536 3676 pro
1571 3620 1686 3663 nobis
1718 3624 1902 3663 mortuus
1932 3624 2016 3663 est:
2037 3632 2119 3676 per
2144 3617 2285 3663 chari-
