2352 3926
625 228 905 275 QUAESTIO
947 229 1061 288 XIX.
1098 227 1407 267 ARTICULUS
1446 225 2048 281 111.193

46 330 338 381 dammodo
365 330 476 375 illud
492 343 572 389 per
593 329 816 388 seipsum;
834 329 953 373 unde
979 328 1176 373 nobilius
1203 329 1395 373 habetur
1420 328 1467 373 id
1493 327 1615 387 quod
1640 327 1834 372 habetur
1857 340 1937 386 per
1958 340 2055 370 me-

40 394 239 461 grimm,
265 411 403 458 quam
428 397 474 440 id
501 396 623 456 quod
647 396 841 440 habetur
866 396 963 440 sine
990 396 1177 439 merito·
1167 397 1303 454 ,quia
1321 405 1475 439 autern
1497 395 1648 439 omnis
1664 392 1896 453 perfectio,
1914 403 1958 438 et
1977 406 2056 438 no·

36 462 236 514 bilitas
263 463 450 509 Christo
482 473 550 508 est
581 461 880 516 attribuenda,
908 475 1192 520 consequens
1230 471 1298 506 est
1333 462 1457 520 quod
1495 463 1592 521 ipse
1629 475 1708 520 per
1741 460 1955 505 meritum
1981 460 2059 504 ha-

46 523 233 585 “buerit
257 530 383 585 illud,
409 530 532 589 quod
560 529 636 574 alii
659 543 741 588 per
772 529 989 573 meritum
1015 528 1204 572 habent:
1232 529 1319 572 nisi
1344 528 1402 572 sit
1432 527 1522 573 tale
1550 528 1671 587 quid,
1699 529 1828 587 cujus
1855 527 2055 572 carentia

50 594 236 657 magis
262 597 468 656 dignitati
496 596 682 650 Christi,
710 606 754 640 et
786 594 1051 672 perfectioni
1079 595 1373 653 praejudicet,
1397 610 1535 654 quam
1562 610 1641 654 per
1667 595 1884 640 meritum
1910 608 2058 639 accre-

42 655 64 723 {T
87 673 203 719 scat3
236 663 357 710 unde
382 677 467 708 nec
495 663 704 722 gratiam,
730 676 815 706 nec
848 662 1101 716 scientiam,
1128 675 1212 705 nec
1240 661 1567 705 beatitudinem
1602 662 1796 716 animae,
1826 676 1912 707 nec
1944 661 2057 711 divi-

40 726 55 774 :s
86 730 277 778 nitatem
302 730 490 775 meruitz
517 730 622 788 qnia
651 743 757 773 cum
780 729 993 774 meritum
1020 742 1113 772 non
1136 730 1206 782 sit,
1233 728 1321 771 nisi
1347 729 1445 786 ejus
1472 728 1595 786 quod
1622 729 1829 772 nondum
1850 728 2056 784 habetur,

36 843 38 846 ,
88 806 321 857 oporteret
346 797 467 857 quod
496 796 704 841 Christus
725 795 970 855 aliquando
995 795 1091 839 istis
1120 795 1362 850 caruisset3
1390 794 1549 853 quibus
1580 809 1733 839 carere
1757 796 1904 854 magis
1931 795 2060 839 dimi·

37 885 50 923 ·j
86 864 187 911 nuit
210 864 479 923 dignitatem
507 863 694 917 Christi,
728 877 866 922 quam
900 872 1065 921 augeat
1097 862 1335 905 meritum:
1373 861 1453 905 sed
1491 860 1636 920 gloria
1675 862 1895 920 corporis,
1921 861 1997 907 vel
2019 862 2059 906 si

37 939 44 972 s
87 930 197 992 quid
222 930 343 975 aliud
369 929 633 987 hujusmodi
665 939 744 983 est,
772 931 923 973 minus
956 938 1036 983 est,
1070 943 1208 988 quam
1236 928 1430 987 dignitas
1463 928 1682 982 merendi,
1717 942 1833 987 quae
1865 929 2059 988 pertinet

30 1012 42 1050 ξ
89 997 148 1043 ad
170 997 385 1042 virtutem
406 996 662 1041 charitatis:
691 1006 736 1040 et
759 996 864 1040 ideo
887 995 1132 1040 dicendum
1150 1006 1230 1050 est,
1253 996 1377 1055 quod
1396 994 1606 1039 Christus
1624 994 1821 1053 gloriam
1839 995 2058 1055 corporis,

27 1063 42 1113 ᾗ
89 1072 136 1109 et
159 1077 215 1109 ea
240 1077 356 1123 quae
382 1063 607 1123 pertinent
635 1062 690 1106 ad
717 1063 989 1107 exteriorem
1017 1063 1112 1120 ejus
1140 1061 1472 1115 excellentiam,
1499 1061 1616 1106 sicut
1642 1071 1710 1106 est
1737 1062 1958 1116 ascensio,
1984 1077 2057 1106 ve·

87 1129 280 1184 neratio,
307 1139 352 1174 et
377 1128 464 1174 alia
481 1129 760 1188 hujusmodi,
781 1130 941 1174 habuit
958 1143 1037 1189 per
1055 1128 1292 1184 meritum3
1320 1139 1364 1173 et
1390 1129 1455 1172 sic
1473 1139 1610 1188 patet,
1637 1128 1761 1188 quod
1788 1129 1958 1188 aliquid
1975 1129 2057 1174 sibi

88 1197 256 1243 mereri
286 1197 446 1256 potuit.

177 1263 255 1308 AD
271 1274 459 1309 PRIMUM
483 1277 592 1322 ergo
611 1263 870 1316 dicendum,
888 1262 1010 1322 quod
1035 1262 1204 1318 fruitio,
1223 1276 1339 1322 quae
1359 1272 1426 1306 est
1453 1273 1579 1307 actus
1598 1262 1845 1317 charitatis,
1865 1262 2059 1322 pertinet

41 1341 49 1371 J
89 1329 148 1378 ad
183 1329 380 1389 gloriam
418 1332 614 1384 animae,
651 1345 790 1389 quam
819 1330 1028 1374 Christus
1054 1343 1148 1373 non
1181 1330 1369 1373 meruit:
1405 1341 1449 1374 et
1480 1329 1584 1373 ideo
1611 1330 1652 1374 si
1677 1343 1757 1388 per
1789 1330 2059 1374 charitatem

91 1394 261 1456 aliquid
287 1397 467 1452 meruit,
491 1411 587 1441 non
603 1398 804 1456 sequitur
825 1396 948 1456 quod
970 1396 1094 1442 idem
1112 1396 1169 1440 sit
1185 1396 1414 1451 meritum,
1437 1406 1482 1440 et
1502 1397 1780 1456 praemium:
1798 1410 1883 1440 nec
1905 1406 2060 1440 tamen

38 1470 43 1518 ἶ
89 1477 170 1523 per
196 1463 465 1508 charitatem
493 1465 673 1517 meruit,
699 1464 970 1522 inquantum
997 1473 1094 1507 erat
1118 1463 1314 1508 charitas
1337 1463 1753 1522 comprehensoris,
1778 1463 1859 1508 sed
1875 1463 2064 1522 inquan-

89 1540 190 1575 tum
216 1541 312 1576 erat
332 1530 534 1586 viatoris,
560 1545 670 1574 nam
694 1531 790 1590 ipse
816 1529 901 1574 fuit
925 1529 1062 1574 simul
1086 1530 1249 1584 viator,
1277 1540 1321 1574 et
1348 1530 1722 1589 comprehensor,
1749 1540 1799 1575 ut
1823 1545 1959 1590 supra
1984 1530 2060 1574 ha·

44 1644 46 1646 ,
89 1597 237 1642 bitum
262 1606 332 1642 est
358 1596 416 1656 (q.
443 1612 499 1656 15.
525 1603 606 1641 art.
641 1599 753 1655 10'.).·
770 1606 828 1641 'et
852 1596 956 1641 ideo
985 1597 1090 1656 quia
1121 1611 1242 1641 nunc
1268 1611 1362 1641 non
1382 1606 1450 1641 est
1470 1596 1632 1651 viator,
1657 1611 1753 1641 non
1779 1607 1847 1642 est
1870 1597 1918 1640 in
1944 1606 2062 1642 statu

40 1669 47 1688 ⁷⁴
91 1663 310 1708 merendi.

41 1731 44 1734 ’
182 1730 259 1775 AD
284 1743 546 1776 SECUNDUM
573 1730 833 1784 dicendum,
860 1730 983 1789 quod
1007 1730 1208 1785 Christo,
1234 1730 1486 1774 secundum
1510 1731 1632 1807 quod
1657 1741 1725 1776 est
1749 1731 1890 1785 Deus,
1910 1741 1954 1775 et
1970 1731 2060 1775 Dei

30 1811 42 1847 ἵε
82 1795 227 1862 filius,
253 1811 333 1856 per
356 1806 568 1841 naturam
596 1797 781 1842 debetur
798 1796 945 1856 gloria
963 1797 1129 1851 divina,
1157 1808 1201 1842 et
1227 1797 1485 1842 dominium
1503 1798 1728 1852 omnium,
1755 1799 1872 1843 sicut
1897 1799 2062 1858 primo,

3 1858 5 1862 ⁴
92 1872 140 1908 et
162 1876 379 1923 supremo
396 1863 606 1907 domino:
635 1861 934 1907 nihilominus
957 1873 1112 1908 tamen
1131 1863 1319 1908 debetur
1335 1865 1377 1908 ei
1394 1864 1554 1923 gloria,
1573 1865 1689 1908 sicut
1705 1864 1886 1908 homini
1900 1864 2061 1909 beato·
2051 1899 2062 1918 ‚

51 1943 233 1991 quam
254 1939 474 1989 quantum
503 1930 558 1974 ad
586 1930 754 1989 aliquid
782 1930 936 1975 debuit
960 1931 1128 1975 habere
1154 1932 1252 1975 sine
1279 1932 1459 1986 merito,
1488 1942 1531 1976 et
1557 1942 1778 1991 quantum
1805 1931 1862 1976 ad
1891 1931 2061 1992 aliquid

98 2010 204 2042 cum
230 1997 411 2052 merito,
443 2008 492 2042 ut
518 2012 571 2042 ex
597 2011 731 2056 supra
758 1998 888 2042 dictis
914 2008 1037 2058 patet
1064 1999 1132 2057 (in
1154 2007 1267 2059 corp.
1294 1999 1414 2056 art).

0 2014 57 2111 l
182 2064 261 2110 AD
293 2077 510 2110 TERTIUM
543 2064 802 2119 dicendum,
835 2066 959 2124 quod
991 2065 1291 2110 redundantia
1323 2066 1497 2125 gloriae
1531 2080 1584 2110 ex
1618 2067 1771 2110 anima
1810 2066 1865 2110 ad
1899 2080 2063 2125 corpus

59 2139 167 2176 est
183 2144 239 2175 ex
264 2131 416 2176 divina
441 2131 744 2185 ordinatione,
771 2132 1025 2176 secundum
1052 2133 1403 2191 congruentiam
1430 2134 1742 2177 humanorum
1768 2133 2063 2189 meritorum3

0 2163 68 2262 .
74 2206 146 2242 ut
168 2196 342 2243 scilicet
366 2198 483 2242 sicut
507 2198 652 2242 homo
680 2207 878 2243 meretur
903 2213 983 2257 per
1009 2207 1163 2243 actum
1186 2200 1380 2257 animae,
1408 2214 1546 2258 quem
1574 2209 1757 2244 exercet
1780 2200 1828 2243 in
1856 2214 2063 2259 corpore,

0 2263 66 2362 ’ἕῖ
63 2262 160 2311 ita
173 2264 313 2310 etiam
329 2275 642 2310 remuneretur
659 2279 738 2324 per
754 2265 951 2342 gloriam
971 2266 1152 2310 animae
1171 2266 1502 2310 redundantem
1530 2266 1584 2310 ad
1613 2281 1801 2326 corpus:
1821 2276 1865 2311 et
1881 2276 2065 2326 propter

0 2362 57 2451 ’,
64 2328 187 2377 hoc
211 2345 307 2376 non
332 2330 484 2376 solum
519 2330 667 2390 gloria
704 2332 899 2386 animae,
935 2332 1014 2376 sed
1041 2333 1181 2377 etiam
1207 2332 1353 2392 gloria
1381 2335 1586 2393 corporis
1617 2333 1735 2377 cadit
1771 2333 1852 2378 sub
1884 2334 2064 2388 merito,

39 2408 74 2435 ι
74 2397 349 2444 secundum
373 2397 485 2442 illud
510 2397 646 2442 Rom.
674 2399 742 2443 8.:
776 2399 1019 2458 Vivificabit
1042 2401 1243 2445 mortalia
1261 2409 1442 2461 corpora
1467 2406 1609 2444 nostra
1629 2406 1806 2460 propter
1830 2401 2066 2446 inhabitan-

51 2469 178 2514 um
205 2464 414 2525 Spiritum
433 2467 520 2524 ejus
545 2466 591 2508 in
616 2467 749 2510 nobis:
779 2475 823 2510 et
847 2466 910 2510 ita
934 2466 1081 2526 potuit
1108 2467 1269 2511 cadere
1296 2467 1376 2512 sub
1405 2467 1569 2511 merito
1599 2466 1786 2511 Christi.

47 2527 86 2585 f,
184 2531 262 2576 AD
286 2544 524 2585 QUARTUM
550 2531 810 2586 dicendum,
844 2533 967 2592 quod
999 2533 1306 2578 manifestatio
1339 2533 1636 2578 excellentiae
1672 2533 1845 2578 Christi
1869 2534 2065 2594 pertinet

0 2641 1 2649 ,
51 2588 157 2643 aad
180 2596 353 2643 bonum
380 2599 475 2658 ejus
497 2599 751 2643 secundum
778 2613 891 2654 esse,
918 2600 1041 2658 quod
1062 2600 1237 2645 habet
1226 2616 1271 2644 1n
1298 2601 1460 2645 notitia
1483 2600 1703 2646 aliorum:
1722 2603 1929 2660 quamvis
1951 2603 2068 2660 prin-

48 2654 289 2728 cipalius
303 2665 539 2724 pertineat
555 2665 611 2709 ad
627 2666 802 2710 bonum
819 2680 995 2720 eorum,
1014 2669 1090 2726 qui
1109 2682 1214 2712 eum
1236 2678 1523 2727 cognoscunt
1539 2667 1793 2712 secundum
1813 2682 1924 2722 esse,
1943 2667 2066 2727 quod

51 2720 304 2792 §fabem
291 2746 339 2776 m
364 2731 548 2791 seipsis:
575 2732 655 2777 sed
681 2732 819 2777 etiam
840 2733 966 2777 hoc
956 2748 1105 2793 ipsum
1123 2733 1313 2779 refertur
1331 2734 1386 2778 ad
1407 2734 1658 2788 Christum,
1675 2734 1944 2794 inquantum
1963 2745 2068 2780 sunt

52 2793 308 2844 membra
333 2800 447 2862 ejus.

790 2977 1226 3035 ARTICULUS
1267 2979 1364 3035 IV.
1987 2992 2063 3038 123

458 3111 651 3151 UTRUM
691 3112 956 3151 CHRISTUS
998 3113 1137 3151 ALIIS
1180 3113 1377 3152 MERERI
1417 3113 1715 3152 POTUERIT.

106 3217 235 3278 (Insr.
260 3234 300 3279 q.
321 3221 392 3278 48.
409 3227 490 3267 art.
508 3237 543 3267 1.
557 3229 673 3282 corp.
694 3229 731 3267 et
747 3229 829 3267 art.
844 3223 886 3268 6.
899 3229 935 3268 et
951 3237 1077 3283 q.49.
1100 3230 1182 3268 art.
1197 3240 1231 3268 ι.
1250 3231 1363 3282 corp.
1386 3230 1425 3268 et
1440 3238 1480 3268 2.
1498 3224 1597 3267 Dist
1613 3238 1682 3268 20.
1701 3237 1739 3281 q.
1762 3236 1801 3266 2.
1819 3228 1900 3266 art.
1912 3237 1948 3280 3.
1963 3221 2017 3266 ad
2028 3237 2066 3281 3.

72 3288 83 3299 ²
270 3293 307 3332 et
326 3302 362 3346 3.
389 3288 500 3333 Dist.
526 3290 590 3334 18.
617 3294 697 3333 art.
725 3289 766 3334 6.
793 3290 969 3339 etVeri.
996 3305 1034 3349 q.
1061 3290 1132 3335 26.
1159 3297 1242 3335 art.
1270 3290 1312 3335 6.
1337 3289 1391 3334 ad
1416 3305 1486 3335 20.
1514 3298 1550 3334 et
1570 3305 1608 3348 q.
1635 3304 1705 3348 29.
1728 3294 1808 3333 art.
1837 3288 1912 3347 7.).

198 3395 277 3443 AD
297 3410 534 3448 QUARTUM
558 3401 624 3443 sic
651 3399 924 3458 proceditur.
950 3400 1155 3454 Videtur,
1181 3401 1304 3460 quod
1329 3400 1540 3444 Christus
1568 3399 1664 3444 aliis
1688 3399 1850 3443 mereri
1876 3413 1970 3444 non
1992 3413 2068 3458 po-

78 3500 82 3505 .
110 3461 267 3518 merit:
293 3463 455 3510 dicitur
488 3467 611 3510 enim
643 3465 807 3510 Ezech.
846 3466 936 3512 18.:
968 3468 1129 3513 Anima
1161 3482 1264 3526 quae
1287 3467 1541 3526 peccaverit,
1578 3468 1666 3525 ipsa
1699 3467 1901 3510 morietur
1909 3481 1927 3519 ‚·
1955 3480 2066 3526 ergo

76 3537 95 3590 ζ
110 3527 219 3589 pari·
232 3529 406 3574 ratione
432 3530 585 3574 anima
605 3545 720 3590 quae
742 3541 955 3587 meretur,
971 3532 1071 3591 ipsa
1092 3532 1452 3577 remunerabitur
1465 3547 1476 3585 ;
1499 3546 1592 3575 non
1615 3545 1725 3590 ergo
1749 3540 1816 3576 est
1836 3530 2067 3591 possibile,

25 3607 90 3642 ,im-
112 3591 236 3653 quod
261 3594 471 3640 Christus
497 3595 596 3640 aliis
622 3597 849 3642 meruerit.

294 3695 330 3729 S.
356 3695 512 3730 Tamtu
538 3697 668 3731 Summa
700 3697 903 3744 Theologica.
928 3699 1011 3734 Vol.
1037 3699 1098 3738 lv.
1850 3712 1888 3746 13
