2352 3926
270 236 342 291 74
830 229 1102 276 QUAESTlo
1141 227 1213 266 VI.
1255 224 1562 265 ARTICULUS
1602 223 1638 262 1.

995 438 1428 499 ARTICULUS
1462 438 1504 492 I.
2167 465 2219 511 37

366 581 555 619 UTRUM
594 579 767 617 F1L1us
807 579 900 617 DEI
940 576 1303 617 AssuMPSEmT
1345 571 1566 613 CARNEM
1609 536 2161 630 MEmANTEANmffis'

683 690 737 748 (3.
768 690 878 734 Dist.
904 703 943 734 2.
966 704 1005 748 q.
1036 703 1075 733 2.
1103 693 1242 732 art.1.
1268 682 1498 743 etDist..3
1523 698 1562 742 q.
1588 692 1626 744 5.
1652 689 1733 727 art.
1765 696 1805 728 2
1873 725 1875 728 ⁴

507 763 543 802 et
574 757 644 801 lib.
666 771 708 814 4.
730 756 878 801 Contr.
904 771 944 815 g.
970 763 1061 814 cap.
1086 768 1158 812 44.
1185 759 1222 798 et
1251 752 1296 797 de
1325 752 1474 811 Spirit.
1503 749 1642 796 Creat.
1669 756 1750 795 art.
1771 765 1808 810 3.
1834 744 1890 795 ad
1907 749 1984 810 5)

357 870 433 913 AD
470 881 657 913 mmmm
690 868 754 912 310
789 867 1058 945 proceditur.
1092 865 1295 918 Videtur,
1335 862 1459 922 quod
1493 861 1634 906 Filius
1669 861 1760 905 Dei
1797 874 1893 905 non
1928 859 2224 920 assumpserit

270 950 454 981 carnem
479 937 707 980 mediante
734 937 909 979 anima:
941 933 1181 994 perfectior
1212 931 1333 975 enim
1362 939 1429 974 est
1452 928 1633 983 modus,
1666 941 1757 987 quo
1788 925 1928 972 Filius
1957 927 2048 972 Dei
2071 927 2224 972 unitur

268 1005 496 1048 humanae
522 1014 723 1057 naturae,
748 1013 791 1047 et
817 1003 1013 1062 partibus
1046 1002 1155 1059 ejus,
1182 1012 1319 1058 quam
1346 1011 1437 1057 quo
1465 1006 1533 1041 est
1557 997 1604 1040 in
1632 995 1843 1040 omnibus
1875 994 2115 1040 creaturis:
2141 994 2222 1039 sed

268 1072 314 1115 in
341 1073 552 1115 creaturis
586 1081 652 1114 est
682 1070 943 1114 immediate
979 1082 1057 1127 per
1093 1067 1350 1119 essentiam,
1387 1063 1653 1124 potentiam,
1680 1073 1724 1107 et
1749 1061 2075 1140 praesentiam3
2092 1071 2223 1121 ergo

271 1137 416 1182 multo
443 1138 589 1195 magis
614 1137 753 1181 Filius
778 1137 867 1180 Dei
889 1135 1148 1179 immediate
1175 1133 1325 1177 unitur
1352 1131 1490 1186 carni,
1517 1141 1561 1175 et
1586 1145 1681 1175 non
1708 1130 1940 1174 mediante
1965 1129 2150 1174 anima

360 1217 399 1249 2.
427 1205 722 1249 PRAETEREA.
749 1204 930 1257 Anima,
958 1213 1002 1246 et
1027 1215 1132 1246 caro
1159 1201 1284 1244 unita
1310 1211 1415 1243 sunt
1438 1198 1527 1242 Dei
1552 1197 1706 1242 Verbo
1733 1198 1779 1241 in
1805 1197 1990 1241 unitate
2000 1159 2225 1268 1119903134-

271 1272 345 1327 313,
371 1286 450 1316 3011
476 1285 718 1330 personae:
746 1271 824 1314 sed
858 1284 1020 1346 corpus
1056 1268 1319 1312 immediate
1352 1265 1546 1325 pertinet
1582 1266 1637 1309 ad
1673 1277 1934 1324 personam,
1960 1262 2074 1308 sive
2081 1262 2227 1323 hypo-

270 1339 426 1384 stasim
451 1339 666 1392 hominis,
683 1339 799 1382 sicut
815 1348 858 1382 et
885 1338 1057 1380 anima:
1083 1335 1337 1394 quinimmo
1361 1332 1509 1392 magis
1530 1332 1708 1376 videtur
1728 1346 1777 1376 se
1799 1331 1855 1376 de
1871 1331 2131 1391 propinquo
2150 1328 2231 1374 hat-s

268 1407 374 1450 bere
401 1407 455 1450 ad
482 1406 781 1482 hypostasim,
813 1405 1012 1449 hominis
1040 1417 1218 1462 corpus,
1252 1401 1373 1461 quod
1407 1410 1476 1444 est
1506 1400 1710 1454 materia,
1742 1411 1882 1476 quam
1909 1398 2097 1453 anima,
2108 1409 2227 1458 quae
2302 1451 2304 1453 ¹

270 1484 337 1518 est
361 1472 532 1518 forma:
559 1474 664 1532 quia
689 1473 959 1531 principium
977 1469 1359 1522 individuationis‚
1385 1482 1501 1527 quae
1522 1468 1795 1526 importatur
1808 1467 1857 1510 in
1871 1477 2060 1511 nomme
2084 1464 2229 1525 hypo-

269 1541 414 1595 stasis,
439 1541 614 1585 videtur
630 1555 726 1585 esse
743 1540 955 1594 materia3
983 1552 1092 1597 ergo
1118 1536 1255 1582 Filius
1282 1536 1372 1580 Dei
1396 1549 1491 1579 non
1518 1534 1762 1594 assumpsit
1786 1546 1973 1602 carnem
1996 1531 2227 1614 mediante

271 1610 435 1653 anima.
2039 1625 2041 1627 ·
2083 1621 2085 1624 ⁴
2136 1613 2148 1621 ⁴
2187 1635 2190 1637 -

363 1690 399 1734 3.
431 1675 725 1719 PRAETEREA.
752 1674 952 1718 Remoto
984 1672 1153 1726 medio,
1186 1681 1452 1730 separantur
1477 1684 1532 1715 ea
1557 1683 1674 1728 quae
1704 1682 1785 1728 per
1810 1667 2015 1721 medium
2040 1636 2228 1726 00011111-

272 1753 459 1801 guntur3
485 1743 613 1795 sicut,
639 1751 815 1785 remota
841 1739 1092 1799 superficie,
1125 1749 1324 1783 cessaret
1350 1738 1478 1782 color
1506 1751 1532 1781 a
1555 1750 1781 1796 corpore,
1786 1734 1870 1795 qui
1892 1735 2023 1780 inest
2036 1733 2228 1798 corpori

270 1824 350 1869 per
374 1809 682 1868 superficiem.
709 1809 787 1852 sed
813 1818 1017 1867 separata
1042 1821 1121 1866 per
1146 1816 1346 1851 mortem
1368 1806 1535 1859 anima,
1558 1804 1706 1848 adhuc
1728 1811 1935 1848 remanet
1955 1801 2074 1847 unio
2086 1801 2229 1847 Verbi

273 1876 327 1919 ad
361 1890 558 1929 carnem,
585 1885 632 1919 ut
657 1875 772 1919 infra
808 1876 978 1934 patebit
1009 1876 1070 1934 (q
1097 1889 1164 1934 50.
1198 1880 1277 1919 art.
1303 1889 1343 1920 2.
1380 1880 1417 1918 et
1439 1875 1527 1934 3),
1556 1887 1666 1932 ergo
1691 1870 1907 1917 Verbum
1921 1884 2019 1916 non·
2043 1870 2229 1956 coujun-

272 1943 390 2001 gitur
415 1943 540 1986 carni
564 1943 789 1987 mediante
813 1944 977 1986 anima.

361 2010 455 2054 SED
488 2023 681 2054 CONTRA
707 2019 786 2063 est,
813 2010 934 2068 quod
960 2010 1153 2068 August.
1172 2009 1314 2054 dicit
1303 2023 1350 2053 m
1367 2008 1507 2068 Epist.
1527 2008 1598 2067 (3.)
1628 2007 1684 2051 3(1
1710 2005 2042 2052 Volusianum:
2070 2019 2095 2047 α
2125 2004 2229 2066 Ipsa

273 2077 539 2136 magnitudo
575 2077 752 2121 divinae
786 2077 960 2121 virtutis
997 2078 1198 2121 animam
1225 2078 1309 2122 sibi
1334 2075 1621 2130 rationalem,
1650 2085 1695 2119 et
1718 2088 1799 2134 per
1824 2072 2043 2119 eamdem
2062 2084 2230 2131 corpus

272 2144 540 2197 humanum,
565 2153 802 2203 totumque
828 2144 1018 2188 omnino
1045 2145 1283 2189 hominem
1309 2145 1356 2188 in
1382 2143 1546 2188 melius
1573 2142 1845 2187 mutandum
1870 2138 2168 2200 coaptavit».
2199 2152 2205 2176 ῑ

362 2211 649 2255 RESPONDEO
683 2211 937 2265 dicendum,
970 2212 1090 2270 quod
1124 2212 1327 2256 medium
1355 2212 1518 2256 dicitur
1549 2220 1758 2270 respectu
1783 2209 2007 2269 principii,
2033 2217 2079 2253 et
2101 2206 2230 2263 finis3

273 2279 392 2322 unde
418 2279 532 2322 sicut
558 2278 843 2337 principium,
872 2289 915 2323 et
938 2278 1039 2323 finis
1065 2280 1314 2338 important
1340 2279 1562 2333 ordinem,
1588 2278 1651 2322 ita
1668 2288 1712 2322 et
1727 2277 1946 2322 medium.
1971 2275 2053 2321 Est
2076 2286 2230 2320 autem

272 2345 420 2404 duplex
446 2346 581 2389 ordo:
608 2360 714 2388 unus
746 2346 928 2403 quidem
961 2348 1192 2405 temporis,
1228 2348 1334 2391 alius
1365 2357 1519 2390 autem
1549 2355 1762 2390 naturae:
1790 2343 2044 2389 secundum
2074 2351 2229 2387 autem

273 2412 481 2456 ordinem
506 2413 721 2471 temporis
738 2427 830 2457 non
854 2414 1013 2457 dicitur
1034 2414 1079 2457 in
1098 2415 1314 2473 mysterio
1340 2414 1671 2458 Incarnationis
1694 2412 1863 2471 aliquid
1879 2410 2106 2456 mediumt
2123 2409 2230 2470 quia

272 2489 418 2523 totam
440 2479 688 2522 humanam
707 2490 915 2523 naturam
938 2480 1072 2524 simul
1089 2482 1172 2524 sibi
1197 2482 1401 2526 Verbum
1423 2482 1512 2525 Dei
1529 2481 1686 2535 univit,
1703 2490 1752 2524 ut
1767 2477 1884 2523 infra
1904 2477 2076 2538 patebit
2094 2477 2154 2537 (q.
2170 2491 2229 2536 33.

275 2552 355 2590 art.
381 2548 468 2606 3.).·
495 2546 607 2590 ordo
635 2557 786 2590 autem
812 2557 997 2591 naturae
1023 2548 1138 2592 inter
1164 2548 1314 2607 aliqua
1345 2559 1496 2608 potest
1529 2547 1700 2593 attendi
1725 2546 1968 2606 dupliciter:
1994 2559 2077 2590 uno
2106 2543 2230 2589 modo

274 2612 524 2658 secundum
552 2613 739 2671 gradum
767 2614 1014 2672 dignitatis:
1042 2617 1156 2660 sicut
1181 2617 1372 2660 dicimus
1400 2616 1588 2676 angelos
1615 2629 1714 2660 esse
1739 2614 1918 2658 medios
1938 2613 2057 2658 inter
2078 2611 2233 2657 homi·

274 2693 370 2733 nes,
396 2689 441 2723 et
464 2680 637 2723 Deum:
666 2681 747 2724 alio
765 2681 883 2724 modo
911 2682 1158 2726 secundum
1180 2684 1404 2728 rationem
1432 2683 1731 2728 causalitatis:
1759 2682 1875 2726 sicut
1890 2679 2056 2725 dicitur
2078 2678 2231 2724 media

277 2761 412 2792 031133
438 2747 626 2791 existere
652 2749 768 2792 inter
793 2749 985 2807 primam
1019 2764 1217 2805 causam,
1244 2762 1289 2795 et
1314 2751 1528 2795 ultimum
1560 2750 1799 2804 effectum3
1827 2759 1871 2793 et
1894 2748 1970 2793 hic
2003 2746 2231 2793 secundus

277 2814 390 2860 ordo
423 2813 576 2873 aliquo
609 2814 748 2858 modo
786 2817 1075 2874 consequitur
1110 2818 1329 2876 primum:
1368 2821 1483 2863 sicut
1517 2819 1640 2863 enim
1674 2817 1783 2862 dicit
1812 2817 1952 2861 Dion.
1977 2828 2022 2872 4.
2048 2829 2147 2875 cap.
2173 2813 2231 2859 de
2276 2817 2279 2820 ’
2332 2815 2334 2817 ’

275 2880 380 2941 Div.
406 2881 546 2926 Nom.
576 2881 685 2937 (lect.
712 2897 747 2941 3.
777 2883 929 2941 implic.
952 2890 989 2927 et
1014 2892 1103 2960 ⁶..ap
1134 2897 1198 2928 12.
1231 2892 1269 2929 et
1300 2901 1354 2944 13.
1391 2887 1503 2930 Coel.
1531 2886 1694 2942 Hier.):
1725 2900 1748 2926 «
1774 2885 1902 2929 Deus
1926 2896 2008 2943 per
2029 2877 2232 2937 suffin-

276 2948 361 2994 tias
386 2948 534 3006 magis
560 2948 643 2992 sibi
669 2949 942 3008 propinquas
971 2950 1062 3007 agit
1088 2952 1131 2994 in
1155 2965 1222 3005 ea,
1251 2966 1365 3010 quae
1388 2963 1493 2996 sunt
1517 2953 1665 3012 magis
1691 2961 1889 2997 remota
1894 2964 1938 3006 »3
1963 2950 2036 2995 sic
2047 2939 2167 3009 argo
2190 2946 2231 2993 si

277 3015 560 3060 attendamus
593 3015 781 3073 gradum
816 3016 1059 3072 dignitatis,
1092 3018 1242 3060 anima
1275 3019 1423 3062 media
1456 3020 1681 3064 invenitur
1712 3019 1829 3064 inter
1858 3018 2028 3072 Deum,
2058 3026 2105 3062 et
2135 3028 2233 3061 031·-

276 3096 412 3137 nem;
445 3092 489 3126 et
521 3082 769 3126 secundum
796 3082 885 3126 hoc
914 3093 1062 3140 potest
1088 3083 1190 3137 dici,
1218 3086 1338 3142 quod
1365 3085 1503 3130 Filius
1535 3087 1625 3131 Dei
1651 3087 1795 3131 univit
1818 3084 1903 3131 sibi
1928 3097 2116 3129 0310001
2140 3094 2231 3129 me·

277 3150 428 3194 diante
461 3149 637 3193 anima:
664 3149 742 3193 sed
770 3159 813 3192 et
839 3150 1090 3193 secundum
1118 3151 1326 3195 ordinem
1360 3153 1633 3197 causalitatis
1664 3154 1763 3213 ipsa
1794 3153 1949 3198 anima
1973 3162 2040 3197 est
2065 3149 2233 3231 aliqua-

275 3217 376 3261 liter
402 3231 539 3261 causa
561 3216 707 3261 carnis
734 3217 957 3260 uniendae
983 3217 1097 3261 Filio
1124 3218 1231 3262 Dei:
1261 3233 1354 3262 non
1383 3222 1503 3263 enim
1531 3231 1648 3265 esset
1674 3218 2016 3280 assumptibilis,
2040 3218 2127 3264 nisi
2138 3228 2238 3279 per·

277 3284 483 3328 ordinem
507 3298 643 3343 quem
661 3283 798 3327 habet
824 3283 877 3327 .ιά
906 3285 1105 3327 animam
1133 3285 1417 3338 rationalem,
1443 3288 1693 3331 secundum
1711 3300 1850 3346 quam
1874 3285 2027 3332 habet
2036 3282 2235 3346 quodsit

278 3365 383 3395 caro
410 3352 631 3395 humana:
651 3351 821 3395 dictum
841 3361 907 3394 est
924 3351 1045 3394 0111111
1064 3365 1195 3410 supra
1214 3352 1273 3409 (q.
1296 3366 1336 3408 4.
1365 3359 1445 3397 art.
1477 3366 1499 3396 1
1504 3353 1551 3410 .)‚
1577 3355 1698 3412 quod
1717 3364 1879 3399 natura
1902 3352 2108 3399 humana
2122 3365 2232 3414 prae

279 3419 464 3462 caeteris
493 3429 558 3462 est
591 3417 924 3475 assumptibilis.
2210 3439 2213 3442 >

368 3486 443 3529 An
474 3498 661 3530 mmm
697 3499 806 3543 ergo
843 3484 1101 3538 dicendum,
1139 3485 1259 3543 quod
1295 3485 1445 3545 duplex
1478 3487 1592 3530 ordo
1627 3487 1904 3532 considerari
1935 3496 2087 3548 potest
2116 3484 2232 3532 inter

280 3562 546 3606 creaturam,
574 3562 618 3596 et
643 3552 818 3595 Deum:
846 3566 951 3596 unus
992 3551 1190 3610 quidem,
1227 3553 1476 3596 secundum
1512 3553 1633 3611 quod
1667 3564 1900 3599 creaturae
1930 3563 2176 3600 causantur
2205 3566 2232 3599 3

281 3619 396 3672 Deo,
429 3628 473 3663 et
498 3618 752 3678 dependent
779 3618 832 3663 ab
865 3618 982 3678 ipso,
1007 3618 1124 3663 sicut
1151 3633 1175 3662 3
1202 3619 1426 3678 principio
1459 3621 1527 3664 sui
1559 3633 1681 3665 esse:
1711 3631 1755 3665 et
1780 3622 1845 3667 sic
1870 3630 2055 3682 propter
2088 3619 2232 3667 infini-
