2352 3926
736 177 749 201 Ο

629 242 909 289 QuAasrm
949 243 1171 284 cxxxiv.
1209 244 1519 286 Aaucuws
1554 245 1632 286 v1.
2019 231 2127 302 785

213 385 215 387 .
255 345 549 392 Rnsrounno
579 345 840 401 dicendum,
866 347 989 407 quod
1014 347 1060 392 id
1086 348 1209 408 quod
1235 358 1305 394 est
1329 362 1410 409 per
1439 362 1504 404 se,
1534 347 1800 394 naturaliter
1824 348 1948 409 prius
1974 358 2042 394 est
2073 364 2130 394 eo

169 412 294 474 quod
324 423 395 458 est
425 427 504 473 per
536 413 763 468 accidens,
788 413 906 459 sicut
937 424 982 460 et
1013 414 1265 460 substantia
1295 415 1420 474 prior
1451 426 1519 462 est
1551 415 1800 462 accidente.
1833 415 2133 461 Sacramenta

170 490 323 525 autem
350 480 577 540 quaedam
602 495 684 540 per
707 495 756 525 se
782 481 1048 527 ordinantur
1073 482 1128 527 ad
1155 481 1350 528 salutem
1376 483 1603 538 hominis3
1631 483 1745 528 sicut
1766 482 2034 543 baptismus,
2056 483 2134 544 qui

169 558 238 593 est
261 548 506 607 spiritualis
533 549 795 607 generati0;
830 559 874 594 et
900 550 1203 604 confirmatio,
1234 564 1349 609 quae
1378 560 1446 595 est
1476 550 1707 610 spirituale
1734 561 2058 610 augmentum3
2086 561 2131 596 et

169 614 468 669 Euchadstia,
491 629 608 674 quae
625 626 694 660 est
709 615 940 675 spirituale
965 618 1317 661 nutrimentum:
1342 618 1622 676 poenitentia
1645 628 1799 663 autem
1819 619 2055 664 ordinatur
2078 619 2134 663 ad

168 681 365 728 sal-utem
389 683 592 727 hominis
624 683 753 742 quasi
778 698 858 743 per
885 683 1110 738 accidens,
1135 685 1372 744 supposito
1406 685 1622 744 quodam,
1649 685 1824 730 scilicet
1850 700 1904 731 ex
1929 682 2133 746 supposi-

167 750 295 795 tione
320 750 522 810 peccati3
539 750 626 794 nisi
651 751 773 794 enim
799 751 944 795 homo
963 761 1175 809 peccaret
1192 751 1442 806 actualiter,
1460 753 1741 811 poenitentia
1766 767 1862 798 non
1887 753 2132 813 indigeret:

169 817 392 876 indigeret
414 826 569 862 tamen
609 817 851 876 baptismo,
885 827 930 861 et
970 818 1333 873 confirmatione,
1361 829 1407 863 et
1431 819 1729 875 Eucharistia,
1757 821 1874 865 sicut
1898 831 1943 865 et
1973 821 2020 865 in
2041 821 2136 865 vita

169 884 396 944 corporali
415 898 510 929 non
531 884 754 943 indigeret
769 884 914 928 homo
933 885 1256 940 medicatione,
1278 886 1365 930 nisi
1380 886 1706 931 infirmaretur:
1732 888 1958 947 indigeret
1979 899 2134 934 autem

168 951 315 997 homo
341 966 421 1011 per
441 965 490 996 se
512 951 568 996 ad
585 952 726 996 vitam
752 951 1062 1010 generatione,
1089 963 1352 1011 augmento,
1381 963 1425 997 et
1449 954 1742 999 nutrimento.
1770 955 1825 999 Et
1850 955 1956 1000 ideo
1983 956 2137 1015 poeni-

168 1019 310 1066 tentia
339 1029 463 1064 tenet
493 1019 745 1063 secundum
777 1018 933 1063 locum
965 1029 1175 1077 respectu
1208 1030 1349 1064 status
1382 1021 1667 1079 integritatis,
1700 1023 1778 1081 qui
1811 1022 2055 1077 confertur,
2087 1033 2133 1067 et

169 1095 464 1132 conservatur
488 1100 568 1144 per
592 1097 878 1130 sacramenta
902 1086 1158 1145 praedicta3
1185 1087 1305 1131 unde
1332 1097 1377 1131 et
1402 1078 1716 1147 metaphorice
1743 1089 1906 1134 dicitur
1931 1090 2131 1135 secunda

167 1152 322 1199 tabula
343 1163 448 1213 post
466 1152 771 1212 naufragium.
789 1153 911 1197 Nam
929 1155 1046 1198 sicut
1061 1154 1260 1213 primum
1278 1155 1533 1199 remedium
1550 1170 1676 1199 mare
1694 1158 2029 1202 transeuntibus
2052 1167 2134 1211 est,

169 1230 219 1265 ut
243 1231 570 1266 conserventur
591 1221 637 1264 in
658 1223 764 1265 navi
789 1223 989 1279 integra3
1017 1221 1269 1266 secundum
1292 1232 1445 1266 autern
1468 1223 1723 1267 remedium
1747 1234 1814 1268 est
1838 1234 1943 1283 post
1966 1239 2134 1269 navem

168 1287 375 1342 fractam,
407 1297 458 1332 ut
487 1288 588 1347 quis
618 1287 800 1332 tabulae
832 1288 1101 1343 adhaereat;
1127 1289 1189 1333 ita
1216 1289 1354 1334 etiam
1394 1290 1594 1348 primum
1635 1291 1890 1335 remedium
1931 1292 1978 1335 in
2019 1292 2137 1336 mari

168 1355 303 1414 hujus
326 1355 448 1400 vitae
472 1365 556 1409 est,
582 1356 704 1414 quod
730 1355 874 1400 homo
896 1355 1204 1415 integritatem
1231 1366 1399 1412 servet3
1418 1358 1672 1402 secundum
1699 1368 1851 1402 autem
1879 1359 2135 1404 remedium

170 1433 252 1479 est,
277 1423 317 1468 si
341 1436 421 1482 per
446 1433 686 1482 peccatum
712 1422 1020 1482 integritatem
1060 1423 1320 1482 perdiderit,
1353 1425 1476 1483 quod
1502 1438 1582 1483 per
1606 1426 1937 1484 poenitentiam
1963 1426 2131 1471 redeat.

258 1490 335 1535 AD
369 1502 559 1535 PRtMUM
590 1504 701 1549 ergo
733 1491 993 1545 dicendum,
1027 1491 1149 1550 quod
1183 1491 1462 1537 abscondere
1489 1501 1678 1551 peccata
1710 1493 1935 1552 contingit
1959 1494 2134 1554 duplici-

169 1563 258 1604 ter.-
278 1572 362 1603 uno
383 1557 522 1612 modo,
543 1557 653 1602 dum
668 1558 767 1616 ipsa
783 1568 970 1617 peccata
992 1557 1118 1602 fiunt.
1141 1558 1220 1603 Est
1241 1569 1394 1603 autem
1421 1561 1549 1618 pejus
1571 1574 1763 1618 peccare
1782 1560 1976 1619 publice,
1995 1576 2132 1620 quam

168 1624 365 1679 occulte,
389 1634 488 1669 tum
513 1624 620 1684 quia
655 1635 870 1684 peccator
894 1625 1102 1684 publicus
1126 1626 1305 1670 videtur
1333 1641 1388 1670 ex
1425 1627 1591 1684 majori
1623 1637 1890 1687 contemptu
1930 1643 2138 1688 peccare,

169 1703 268 1738 tum
293 1692 434 1737 etiam
460 1692 565 1751 quia
591 1702 752 1750 peccat
777 1707 883 1736 cum
914 1692 1133 1737 scandalo
1162 1692 1381 1738 aliorum:
1409 1704 1453 1738 et
1478 1694 1582 1738 ideo
1616 1694 1849 1754 quoddam
1879 1696 2136 1741 remedium

170 1770 239 1805 est
263 1760 310 1804 in
325 1759 539 1819 peccatis,
556 1759 678 1819 quod
706 1759 868 1819 aliquis
893 1760 940 1803 in
959 1760 1142 1805 occulto
1169 1771 1352 1819 peccet3
1381 1770 1426 1805 et
1450 1762 1704 1806 secundum
1722 1763 1812 1807 hoc
1836 1763 1946 1807 dicit
1965 1764 2134 1818 Gloss.,

170 1827 294 1887 quod
324 1842 348 1869 <t
373 1827 573 1871 secunda
598 1826 751 1871 tabula
777 1837 881 1886 post
904 1826 1195 1886 naufragium
1222 1836 1289 1872 est
1313 1838 1502 1887 peccata
1530 1829 1810 1874 abscondere
1831 1847 1874 1884 2),
1890 1845 1985 1875 non
2012 1832 2134 1890 quod

169 1909 251 1955 per
274 1893 365 1938 hoc
391 1893 576 1938 tollatur
601 1904 856 1953 peccatum,
883 1896 998 1939 sicut
1024 1909 1104 1954 per
1129 1897 1473 1953 poenitentiam,
1500 1896 1578 1940 sed
1612 1897 1718 1955 quia
1749 1912 1829 1956 per
1860 1897 1950 1942 hoc
1977 1912 2135 1958 pecca-

167 1972 267 2007 tum
290 1961 350 2006 sit
373 1961 539 2006 minus.
565 1962 665 2006 Alio
687 1961 808 2006 modo
836 1961 998 2021 aliquis
1024 1962 1263 2007 abscondit
1286 1974 1527 2022 peccatum
1553 1965 1675 2022 prius
1696 1964 1869 2008 factum
1890 1979 1971 2023 per
1997 1965 2138 2025 negli-

169 2029 373 2089 gentiam
390 2027 705 2083 confessionis,
733 2039 777 2073 et
793 2029 884 2073 hoc
903 2029 1205 2093 contrariatur
1221 2029 1551 2089 poenitentiae:
1579 2040 1624 2075 et
1640 2031 1703 2075 sic
1723 2032 2005 2077 abscondere
2031 2047 2137 2092 pec-

170 2105 326 2141 catum
350 2109 445 2140 non
472 2105 541 2141 est
564 2095 766 2140 secunda
790 2096 959 2151 tabula,
985 2096 1063 2141 sed
1091 2097 1239 2156 magis
1273 2098 1554 2141 contrarium
1585 2098 1790 2154 tabulae;
1816 2100 1980 2145 dicitur
2012 2101 2135 2145 enim

169 2163 306 2208 Prov.
333 2163 429 2207 28.:
459 2164 547 2220 Qui
572 2162 785 2208 abscondit
803 2164 956 2208 scelera
980 2178 1070 2218 sua,
1094 2179 1178 2208 non
1203 2164 1419 2223 dirigetur.

268 2231 271 2234 ’
304 2243 335 2275 D
361 2243 621 2276 SECUNDUM
643 2229 903 2284 dicendum,
927 2230 1049 2290 quod
1070 2231 1350 2290 poenitentia
1374 2245 1469 2276 non
1495 2242 1645 2291 potest
1671 2232 1762 2277 dici
1782 2233 2132 2279 fundamentum

169 2311 190 2343 s
225 2296 234 2307 '
278 2296 412 2341 tualis
439 2296 634 2341 aedificii
669 2296 950 2356 simpliciter,
977 2297 1092 2342 idest
1130 2298 1178 2342 in
1213 2298 1360 2358 prima
1399 2299 1731 2354 aedificatione,
1766 2302 1846 2346 sed
1883 2313 1950 2347 est
1979 2302 2136 2348 funda-

169 2374 376 2409 mentum
400 2363 448 2408 in
472 2364 672 2408 secunda
688 2364 1071 2419 reaedificatione,
1098 2379 1215 2424 quae
1237 2365 1287 2410 fit
1312 2380 1392 2425 per
1418 2366 1776 2413 destructionem
1802 2370 2002 2429 peccati3
2025 2384 2132 2414 nam

168 2431 319 2492 primo
334 2431 626 2476 redeuntibus
644 2432 700 2476 ad
712 2432 865 2476 Deum
885 2433 1084 2477 occurrit
1099 2433 1390 2492 poenitentia.
1409 2434 1660 2493 Apostolus
1678 2446 1832 2480 tamen
1850 2436 1911 2481 ibi
1931 2436 2133 2496 loquitur

168 2498 226 2544 de
239 2497 536 2543 fundamento
553 2498 796 2558 spiritualis
813 2499 1073 2554 doctrinae3
1092 2501 1372 2559 poenitentia
1389 2511 1557 2557 autem,
1575 2517 1692 2562 quae
1712 2503 1991 2563 baptismum
2013 2518 2139 2564 prae·

170 2565 304 2622 cedit,
329 2580 424 2610 non
450 2577 518 2612 est
549 2567 856 2626 poenitentiae
887 2578 1242 2612 sacramentum.

260 2633 337 2679 AD
364 2645 581 2679 TERTIUM
605 2634 867 2690 dicendum,
900 2635 1022 2694 quod
1047 2635 1134 2680 tria
1159 2636 1479 2695 praecedentia
1505 2649 1793 2683 sacramenta
1818 2639 2046 2698 pertinent
2078 2639 2134 2683 ad

171 2713 340 2746 navem
364 2701 604 2759 integram,
629 2701 746 2747 idest
770 2701 827 2747 ad
851 2712 1021 2748 statum
1052 2703 1336 2762 integritatis,
1369 2715 1578 2764 respectu
1607 2707 1734 2764 cujus
1767 2706 2046 2765 poenitentia
2074 2707 2139 2751 di-

173 2767 289 2814 citur
314 2767 515 2812 secunda
539 2767 709 2814 tabula.

851 2933 1288 2991 ARTICULUS
1326 2935 1453 2991 vn.
2053 2951 2135 3010 με

396 3067 590 3108 UTRUM
630 3067 748 3107 Hoc
788 3069 1198 3110 SACRAMENTUM
1236 3071 1436 3110 FUERIT
1478 3071 1905 3111 CONVENIENTER

736 3150 794 3190 IN
832 3143 986 3192 NovA
1024 3153 1166 3192 LEGE
1207 3153 1571 3193 INSTITUTUM.

856 3260 921 3319 (4.
939 3261 1053 3308 Dist.
1072 3277 1140 3308 22.
1167 3278 1205 3322 q.
1219 3276 1256 3321 5.
1279 3269 1360 3307 art.
1376 3262 1448 3322 3.).

261 3370 338 3416 An
364 3383 607 3416 sr-:P'rmuM
629 3371 693 3415 sic
718 3372 990 3430 proceditur.
1016 3373 1221 3428 Videtur,
1249 3374 1371 3433 quod
1404 3374 1494 3418 hoc
1522 3383 1861 3418 sacramentum
1887 3388 1982 3418 non
2005 3374 2139 3419 fuerit

176 3439 500 3482 convenienter
515 3439 772 3482 institutum
798 3439 845 3482 in
870 3454 992 3484 nova
1018 3440 1143 3500 lege:
1172 3456 1225 3486 ea
1248 3445 1370 3485 enirn
1389 3455 1505 3500 quae
1528 3452 1631 3486 sunt
1654 3442 1708 3485 de
1732 3443 1828 3499 jure
1850 3442 2060 3496 naturali,
2077 3442 2142 3486 in-

175 3504 410 3550 stitutione
434 3519 531 3550 non
555 3506 783 3564 indigent:
811 3507 890 3551 sed
916 3508 1150 3566 poenitere
1177 3509 1232 3553 de
1258 3508 1406 3562 malis,
1433 3523 1549 3567 quae
1577 3509 1676 3567 quis
1702 3509 1855 3566 gessit,
1875 3518 1943 3552 est
1961 3508 2016 3553 de
2042 3510 2139 3567 jure

175 3572 393 3628 naturali3
418 3587 514 3618 non
540 3573 662 3618 enim
696 3584 846 3632 potest
876 3574 1040 3635 aliquis
1065 3577 1240 3621 bonum
1267 3576 1470 3635 diligere,
1497 3576 1606 3635 quin
1629 3576 1684 3620 de
1712 3576 1943 3621 contrado
1964 3576 2139 3630 doleat;

178 3653 290 3699 ergo
313 3640 596 3700 poenitentia
619 3654 715 3685 non
739 3640 825 3686 fuit
849 3642 1174 3688 convenienter
1198 3644 1403 3688 instituta
1427 3643 1475 3687 in
1500 3657 1623 3688 nova
1650 3643 1766 3702 lege.

360 3742 395 3777 S.
423 3743 579 3779 Tamna
603 3743 735 3779 Summa
759 3743 960 3789 Theologiea.
986 3744 1067 3779 Vol.
1094 3744 1156 3780 lv.
1919 3756 1959 3789 50
