<?xml version="1.0" encoding="UTF-8"?>
<!DOCTYPE html PUBLIC "-//W3C//DTD XHTML 1.0 Transitional//EN"
    "http://www.w3.org/TR/xhtml1/DTD/xhtml1-transitional.dtd">
<html xmlns="http://www.w3.org/1999/xhtml" xml:lang="en" lang="en">
 <head>
  <title>
</title>
<meta http-equiv="Content-Type" content="text/html;charset=utf-8" />
  <meta name='ocr-system' content='tesseract 3.04.00' />
  <meta name='ocr-capabilities' content='ocr_page ocr_carea ocr_par ocr_line ocrx_word'/>
</head>
<body>
  <div class='ocr_page' id='page_1' title='image "./divithomaeaquina04thom_0082.png"; bbox 0 0 2352 3926; ppageno 0'>
   <div class='ocr_carea' id='block_1_1' title="bbox 279 193 1685 275">
    <p class='ocr_par' dir='ltr' id='par_1_1' title="bbox 279 193 1685 275">
     <span class='ocr_line' id='line_1_1' title="bbox 279 193 1685 275; baseline -0.007 -17"><span class='ocrx_word' id='word_1_1' title='bbox 279 203 350 275; x_wconf 90' lang='lat'>78</span> <span class='ocrx_word' id='word_1_2' title='bbox 830 213 1108 260; x_wconf 82' lang='lat' dir='ltr'><strong>QUAESTIO</strong></span> <span class='ocrx_word' id='word_1_3' title='bbox 1149 193 1233 251; x_wconf 35' lang='lat' dir='ltr'>Vri⁴</span> <span class='ocrx_word' id='word_1_4' title='bbox 1261 209 1572 252; x_wconf 59' lang='lat' dir='ltr'>Alimentus</span> <span class='ocrx_word' id='word_1_5' title='bbox 1611 209 1685 248; x_wconf 88' lang='lat' dir='ltr'>1v.</span> 
     </span>
    </p>
   </div>
   <div class='ocr_carea' id='block_1_2' title="bbox 261 310 2247 3685">
    <p class='ocr_par' dir='ltr' id='par_1_2' title="bbox 277 310 2243 511">
     <span class='ocr_line' id='line_1_2' title="bbox 277 310 2243 375; baseline -0.006 -10"><span class='ocrx_word' id='word_1_6' title='bbox 277 321 446 375; x_wconf 91' lang='lat' dir='ltr'>Verbo,</span> <span class='ocrx_word' id='word_1_7' title='bbox 474 330 558 365; x_wconf 91' lang='lat' dir='ltr'>etc.</span> <span class='ocrx_word' id='word_1_8' title='bbox 585 335 635 363; x_wconf 88' lang='lat'>»:</span> <span class='ocrx_word' id='word_1_9' title='bbox 664 318 742 362; x_wconf 90' lang='lat' dir='ltr'>sed</span> <span class='ocrx_word' id='word_1_10' title='bbox 770 330 876 361; x_wconf 91' lang='lat' dir='ltr'>caro</span> <span class='ocrx_word' id='word_1_11' title='bbox 905 315 1076 361; x_wconf 87' lang='lat' dir='ltr'><strong>Christi</strong></span> <span class='ocrx_word' id='word_1_12' title='bbox 1106 314 1283 360; x_wconf 91' lang='lat' dir='ltr'>videtur</span> <span class='ocrx_word' id='word_1_13' title='bbox 1313 313 1436 374; x_wconf 87' lang='lat' dir='ltr'>prius</span> <span class='ocrx_word' id='word_1_14' title='bbox 1466 311 1603 356; x_wconf 86' lang='lat' dir='ltr'>fuisse</span> <span class='ocrx_word' id='word_1_15' title='bbox 1631 317 1870 368; x_wconf 88' lang='lat' dir='ltr'>concepta,</span> <span class='ocrx_word' id='word_1_16' title='bbox 1897 323 2039 369; x_wconf 86' lang='lat' dir='ltr'>quam</span> <span class='ocrx_word' id='word_1_17' title='bbox 2063 310 2243 358; x_wconf 75' lang='lat' dir='ltr'>animae</span> 
     </span>
     <span class='ocr_line' id='line_1_3' title="bbox 278 376 2243 444; baseline -0.005 -13"><span class='ocrx_word' id='word_1_18' title='bbox 278 387 488 433; x_wconf 83' lang='lat' dir='ltr'>rationali</span> <span class='ocrx_word' id='word_1_19' title='bbox 514 387 657 430; x_wconf 89' lang='lat' dir='ltr'>unita:</span> <span class='ocrx_word' id='word_1_20' title='bbox 687 384 793 444; x_wconf 88' lang='lat' dir='ltr'>quia</span> <span class='ocrx_word' id='word_1_21' title='bbox 809 383 1014 437; x_wconf 88' lang='lat' dir='ltr'>materia,</span> <span class='ocrx_word' id='word_1_22' title='bbox 1029 381 1104 427; x_wconf 90' lang='lat' dir='ltr'>vel</span> <span class='ocrx_word' id='word_1_23' title='bbox 1121 382 1358 440; x_wconf 88' lang='lat' dir='ltr'>dispositio</span> <span class='ocrx_word' id='word_1_24' title='bbox 1377 380 1500 439; x_wconf 90' lang='lat' dir='ltr'>prior</span> <span class='ocrx_word' id='word_1_25' title='bbox 1526 377 1655 422; x_wconf 90' lang='lat' dir='ltr'>estin</span> <span class='ocrx_word' id='word_1_26' title='bbox 1671 376 1746 420; x_wconf 87' lang='lat' dir='ltr'>via</span> <span class='ocrx_word' id='word_1_27' title='bbox 1764 377 2084 436; x_wconf 80' lang='lat' dir='ltr'>generationis,</span> <span class='ocrx_word' id='word_1_28' title='bbox 2101 393 2243 438; x_wconf 79' lang='lat' dir='ltr'>quam</span> 
     </span>
     <span class='ocr_line' id='line_1_4' title="bbox 279 444 2242 511; baseline -0.004 -13"><span class='ocrx_word' id='word_1_29' title='bbox 279 453 427 499; x_wconf 91' lang='lat' dir='ltr'>forma</span> <span class='ocrx_word' id='word_1_30' title='bbox 455 453 754 511; x_wconf 90' lang='lat' dir='ltr'>completiva;</span> <span class='ocrx_word' id='word_1_31' title='bbox 782 464 892 509; x_wconf 88' lang='lat' dir='ltr'>ergo</span> <span class='ocrx_word' id='word_1_32' title='bbox 914 450 1038 509; x_wconf 89' lang='lat' dir='ltr'>prius</span> <span class='ocrx_word' id='word_1_33' title='bbox 1057 448 1142 494; x_wconf 90' lang='lat' dir='ltr'>fuit</span> <span class='ocrx_word' id='word_1_34' title='bbox 1164 463 1270 493; x_wconf 89' lang='lat' dir='ltr'>caro</span> <span class='ocrx_word' id='word_1_35' title='bbox 1290 447 1459 499; x_wconf 68' lang='lat' dir='ltr'>Christi</span> <span class='ocrx_word' id='word_1_36' title='bbox 1478 453 1725 502; x_wconf 90' lang='lat' dir='ltr'>assumpta,</span> <span class='ocrx_word' id='word_1_37' title='bbox 1743 457 1882 502; x_wconf 89' lang='lat' dir='ltr'>quam</span> <span class='ocrx_word' id='word_1_38' title='bbox 1904 444 2084 497; x_wconf 76' lang='lat' dir='ltr'>animae</span> <span class='ocrx_word' id='word_1_39' title='bbox 2100 446 2242 498; x_wconf 76' lang='lat' dir='ltr'>unita.</span> 
     </span>
    </p>

    <p class='ocr_par' dir='ltr' id='par_1_3' title="bbox 274 509 2247 983">
     <span class='ocr_line' id='line_1_5' title="bbox 366 509 2243 574; baseline -0.007 -9"><span class='ocrx_word' id='word_1_40' title='bbox 366 534 406 565; x_wconf 89' lang='lat'>2.</span> <span class='ocrx_word' id='word_1_41' title='bbox 434 521 730 565; x_wconf 78' lang='lat' dir='ltr'>PRAETEREA.</span> <span class='ocrx_word' id='word_1_42' title='bbox 761 518 890 561; x_wconf 88' lang='lat' dir='ltr'>Sicut</span> <span class='ocrx_word' id='word_1_43' title='bbox 915 517 1068 560; x_wconf 89' lang='lat' dir='ltr'>anima</span> <span class='ocrx_word' id='word_1_44' title='bbox 1095 526 1163 560; x_wconf 90' lang='lat' dir='ltr'>est</span> <span class='ocrx_word' id='word_1_45' title='bbox 1188 529 1291 574; x_wconf 90' lang='lat' dir='ltr'>pars</span> <span class='ocrx_word' id='word_1_46' title='bbox 1317 523 1504 557; x_wconf 90' lang='lat' dir='ltr'>naturae</span> <span class='ocrx_word' id='word_1_47' title='bbox 1530 511 1775 564; x_wconf 87' lang='lat' dir='ltr'>humanae,</span> <span class='ocrx_word' id='word_1_48' title='bbox 1801 509 1864 557; x_wconf 87' lang='lat' dir='ltr'>ita</span> <span class='ocrx_word' id='word_1_49' title='bbox 1884 520 1930 557; x_wconf 88' lang='lat' dir='ltr'>et</span> <span class='ocrx_word' id='word_1_50' title='bbox 1951 513 2243 572; x_wconf 43' lang='lat' dir='ltr'>corpoegjsed</span> 
     </span>
     <span class='ocr_line' id='line_1_6' title="bbox 276 577 2244 641; baseline -0.003 -9"><span class='ocrx_word' id='word_1_51' title='bbox 276 589 428 633; x_wconf 87' lang='lat' dir='ltr'>anima</span> <span class='ocrx_word' id='word_1_52' title='bbox 455 588 658 630; x_wconf 89' lang='lat' dir='ltr'>humana</span> <span class='ocrx_word' id='word_1_53' title='bbox 683 599 778 628; x_wconf 91' lang='lat' dir='ltr'>non</span> <span class='ocrx_word' id='word_1_54' title='bbox 809 583 968 628; x_wconf 87' lang='lat' dir='ltr'>habuit</span> <span class='ocrx_word' id='word_1_55' title='bbox 999 582 1120 627; x_wconf 88' lang='lat' dir='ltr'>aliud</span> <span class='ocrx_word' id='word_1_56' title='bbox 1152 580 1423 641; x_wconf 89' lang='lat' dir='ltr'>principium</span> <span class='ocrx_word' id='word_1_57' title='bbox 1466 578 1536 622; x_wconf 93' lang='lat' dir='ltr'>sui</span> <span class='ocrx_word' id='word_1_58' title='bbox 1577 591 1676 622; x_wconf 90' lang='lat' dir='ltr'>esse</span> <span class='ocrx_word' id='word_1_59' title='bbox 1713 577 1760 621; x_wconf 91' lang='lat' dir='ltr'>in</span> <span class='ocrx_word' id='word_1_60' title='bbox 1797 577 2001 633; x_wconf 82' lang='lat' dir='ltr'>Christ0,</span> <span class='ocrx_word' id='word_1_61' title='bbox 2032 590 2173 639; x_wconf 62' lang='lat' dir='ltr'>quam</span> <span class='ocrx_word' id='word_1_62' title='bbox 2195 579 2244 625; x_wconf 87' lang='lat' dir='ltr'>in</span> 
     </span>
     <span class='ocr_line' id='line_1_7' title="bbox 276 643 2241 711; baseline -0.006 -12"><span class='ocrx_word' id='word_1_63' title='bbox 276 655 374 699; x_wconf 92' lang='lat' dir='ltr'>aliis</span> <span class='ocrx_word' id='word_1_64' title='bbox 386 653 663 706; x_wconf 90' lang='lat' dir='ltr'>hominibus,</span> <span class='ocrx_word' id='word_1_65' title='bbox 677 661 724 696; x_wconf 94' lang='lat' dir='ltr'>ut</span> <span class='ocrx_word' id='word_1_66' title='bbox 740 661 863 711; x_wconf 92' lang='lat' dir='ltr'>patet</span> <span class='ocrx_word' id='word_1_67' title='bbox 880 665 934 695; x_wconf 88' lang='lat' dir='ltr'>ex</span> <span class='ocrx_word' id='word_1_68' title='bbox 952 649 1219 695; x_wconf 87' lang='lat' dir='ltr'>auctoritate</span> <span class='ocrx_word' id='word_1_69' title='bbox 1238 646 1406 692; x_wconf 87' lang='lat' dir='ltr'>Leonis</span> <span class='ocrx_word' id='word_1_70' title='bbox 1423 645 1574 703; x_wconf 85' lang='lat' dir='ltr'>Papae</span> <span class='ocrx_word' id='word_1_71' title='bbox 1591 658 1727 704; x_wconf 89' lang='lat' dir='ltr'>supra</span> <span class='ocrx_word' id='word_1_72' title='bbox 1738 643 1923 689; x_wconf 89' lang='lat' dir='ltr'>inducta</span> <span class='ocrx_word' id='word_1_73' title='bbox 1936 645 2216 706; x_wconf 56' lang='lat' dir='ltr'>(art-praec.)</span> <span class='ocrx_word' id='word_1_74' title='bbox 2224 662 2241 700; x_wconf 87' lang='lat'>,·</span> 
     </span>
     <span class='ocr_line' id='line_1_8' title="bbox 276 711 2244 781; baseline -0.004 -15"><span class='ocrx_word' id='word_1_75' title='bbox 276 736 385 781; x_wconf 90' lang='lat' dir='ltr'>ergo</span> <span class='ocrx_word' id='word_1_76' title='bbox 411 721 601 773; x_wconf 91' lang='lat' dir='ltr'>videtur,</span> <span class='ocrx_word' id='word_1_77' title='bbox 629 720 751 779; x_wconf 92' lang='lat' dir='ltr'>quod</span> <span class='ocrx_word' id='word_1_78' title='bbox 791 733 876 763; x_wconf 89' lang='lat' dir='ltr'>nec</span> <span class='ocrx_word' id='word_1_79' title='bbox 921 731 1082 777; x_wconf 88' lang='lat' dir='ltr'>corpus</span> <span class='ocrx_word' id='word_1_80' title='bbox 1110 715 1281 761; x_wconf 87' lang='lat' dir='ltr'>Christi</span> <span class='ocrx_word' id='word_1_81' title='bbox 1321 713 1450 758; x_wconf 88' lang='lat' dir='ltr'>aliter</span> <span class='ocrx_word' id='word_1_82' title='bbox 1481 711 1692 756; x_wconf 85' lang='lat' dir='ltr'>habuerit</span> <span class='ocrx_word' id='word_1_83' title='bbox 1729 711 2008 772; x_wconf 86' lang='lat' dir='ltr'>principium</span> <span class='ocrx_word' id='word_1_84' title='bbox 2049 714 2244 769; x_wconf 75' lang='lat' dir='ltr'>essendi,</span> 
     </span>
     <span class='ocr_line' id='line_1_9' title="bbox 275 779 2247 848; baseline -0.004 -16"><span class='ocrx_word' id='word_1_85' title='bbox 275 803 411 848; x_wconf 91' lang='lat' dir='ltr'>quam</span> <span class='ocrx_word' id='word_1_86' title='bbox 444 789 491 832; x_wconf 91' lang='lat' dir='ltr'>in</span> <span class='ocrx_word' id='word_1_87' title='bbox 518 788 672 832; x_wconf 89' lang='lat' dir='ltr'>nobis:</span> <span class='ocrx_word' id='word_1_88' title='bbox 698 786 777 831; x_wconf 92' lang='lat' dir='ltr'>sed</span> <span class='ocrx_word' id='word_1_89' title='bbox 803 786 849 830; x_wconf 90' lang='lat' dir='ltr'>in</span> <span class='ocrx_word' id='word_1_90' title='bbox 874 786 1006 830; x_wconf 89' lang='lat' dir='ltr'>nobis</span> <span class='ocrx_word' id='word_1_91' title='bbox 1033 794 1136 828; x_wconf 91' lang='lat' dir='ltr'>ante</span> <span class='ocrx_word' id='word_1_92' title='bbox 1164 782 1417 840; x_wconf 91' lang='lat' dir='ltr'>concipitur</span> <span class='ocrx_word' id='word_1_93' title='bbox 1445 793 1567 833; x_wconf 90' lang='lat' dir='ltr'>caro,</span> <span class='ocrx_word' id='word_1_94' title='bbox 1595 793 1735 838; x_wconf 90' lang='lat' dir='ltr'>quam</span> <span class='ocrx_word' id='word_1_95' title='bbox 1764 779 1978 825; x_wconf 88' lang='lat' dir='ltr'>adveniat</span> <span class='ocrx_word' id='word_1_96' title='bbox 1999 779 2154 827; x_wconf 80' lang='lat' dir='ltr'>anima</span> <span class='ocrx_word' id='word_1_97' title='bbox 2177 795 2247 827; x_wconf 88' lang='lat' dir='ltr'>ra-</span> 
     </span>
     <span class='ocr_line' id='line_1_10' title="bbox 274 845 2246 913; baseline -0.004 -13"><span class='ocrx_word' id='word_1_98' title='bbox 274 855 483 910; x_wconf 87' lang='lat' dir='ltr'>tionalis;</span> <span class='ocrx_word' id='word_1_99' title='bbox 509 868 620 913; x_wconf 88' lang='lat' dir='ltr'>ergo</span> <span class='ocrx_word' id='word_1_100' title='bbox 646 854 785 899; x_wconf 88' lang='lat' dir='ltr'>etiam</span> <span class='ocrx_word' id='word_1_101' title='bbox 811 854 874 897; x_wconf 88' lang='lat' dir='ltr'>ita</span> <span class='ocrx_word' id='word_1_102' title='bbox 899 852 982 896; x_wconf 88' lang='lat' dir='ltr'>fuit</span> <span class='ocrx_word' id='word_1_103' title='bbox 1007 852 1051 895; x_wconf 93' lang='lat' dir='ltr'>in</span> <span class='ocrx_word' id='word_1_104' title='bbox 1082 851 1293 903; x_wconf 91' lang='lat' dir='ltr'>Christo;</span> <span class='ocrx_word' id='word_1_105' title='bbox 1326 858 1371 892; x_wconf 92' lang='lat' dir='ltr'>et</span> <span class='ocrx_word' id='word_1_106' title='bbox 1402 847 1466 891; x_wconf 90' lang='lat' dir='ltr'>sic</span> <span class='ocrx_word' id='word_1_107' title='bbox 1500 860 1607 890; x_wconf 90' lang='lat' dir='ltr'>caro</span> <span class='ocrx_word' id='word_1_108' title='bbox 1641 846 1766 905; x_wconf 89' lang='lat' dir='ltr'>prius</span> <span class='ocrx_word' id='word_1_109' title='bbox 1798 845 1884 891; x_wconf 88' lang='lat' dir='ltr'>fuit</span> <span class='ocrx_word' id='word_1_110' title='bbox 1925 861 1953 891; x_wconf 86' lang='lat' dir='ltr'>a</span> <span class='ocrx_word' id='word_1_111' title='bbox 1985 845 2138 900; x_wconf 83' lang='lat' dir='ltr'>Verbo</span> <span class='ocrx_word' id='word_1_112' title='bbox 2179 862 2246 894; x_wconf 91' lang='lat' dir='ltr'>as-</span> 
     </span>
     <span class='ocr_line' id='line_1_11' title="bbox 274 922 2085 983; baseline -0.006 -16"><span class='ocrx_word' id='word_1_113' title='bbox 274 933 468 983; x_wconf 92' lang='lat' dir='ltr'>sumpta,</span> <span class='ocrx_word' id='word_1_114' title='bbox 494 936 633 982; x_wconf 88' lang='lat' dir='ltr'>quam</span> <span class='ocrx_word' id='word_1_115' title='bbox 662 922 840 965; x_wconf 90' lang='lat' dir='ltr'>animae</span> <span class='ocrx_word' id='word_1_116' title='bbox 868 922 1005 964; x_wconf 88' lang='lat' dir='ltr'>unita.</span> <span class='ocrx_word' id='word_1_117' title='bbox 2083 944 2085 947; x_wconf 31' lang='lat' dir='ltr'>v</span> 
     </span>
    </p>

    <p class='ocr_par' dir='ltr' id='par_1_4' title="bbox 273 979 2245 1250">
     <span class='ocr_line' id='line_1_12' title="bbox 368 979 2241 1049; baseline -0.004 -13"><span class='ocrx_word' id='word_1_118' title='bbox 368 1005 404 1049; x_wconf 82' lang='lat'>3.</span> <span class='ocrx_word' id='word_1_119' title='bbox 427 990 724 1035; x_wconf 77' lang='lat' dir='ltr'>PRAETEREA.</span> <span class='ocrx_word' id='word_1_120' title='bbox 753 988 882 1032; x_wconf 88' lang='lat' dir='ltr'>Sicut</span> <span class='ocrx_word' id='word_1_121' title='bbox 906 987 1069 1030; x_wconf 89' lang='lat' dir='ltr'>dicitur</span> <span class='ocrx_word' id='word_1_122' title='bbox 1094 985 1140 1027; x_wconf 90' lang='lat' dir='ltr'>in</span> <span class='ocrx_word' id='word_1_123' title='bbox 1166 983 1241 1027; x_wconf 92' lang='lat' dir='ltr'>lib.</span> <span class='ocrx_word' id='word_1_124' title='bbox 1270 982 1326 1026; x_wconf 92' lang='lat' dir='ltr'>de</span> <span class='ocrx_word' id='word_1_125' title='bbox 1354 981 1518 1027; x_wconf 88' lang='lat' dir='ltr'>Causis</span> <span class='ocrx_word' id='word_1_126' title='bbox 1545 980 1765 1040; x_wconf 83' lang='lat' dir='ltr'>(proposit.</span> <span class='ocrx_word' id='word_1_127' title='bbox 1786 997 1822 1027; x_wconf 76' lang='grc' dir='ltr'>ι.</span> <span class='ocrx_word' id='word_1_128' title='bbox 1844 982 1954 1026; x_wconf 64' lang='lat' dir='ltr'>inter</span> <span class='ocrx_word' id='word_1_129' title='bbox 1974 979 2039 1042; x_wconf 85' lang='lat' dir='ltr'>op.</span> <span class='ocrx_word' id='word_1_130' title='bbox 2066 979 2241 1042; x_wconf 65' lang='lat' dir='ltr'>Arist),</span> 
     </span>
     <span class='ocr_line' id='line_1_13' title="bbox 279 1047 2245 1115; baseline -0.004 -17"><span class='ocrx_word' id='word_1_131' title='bbox 279 1074 302 1099; x_wconf 76' lang='grc' dir='ltr'>(ε</span> <span class='ocrx_word' id='word_1_132' title='bbox 329 1071 466 1102; x_wconf 87' lang='lat' dir='ltr'>causa</span> <span class='ocrx_word' id='word_1_133' title='bbox 491 1057 638 1115; x_wconf 91' lang='lat' dir='ltr'>prima</span> <span class='ocrx_word' id='word_1_134' title='bbox 670 1056 769 1114; x_wconf 90' lang='lat' dir='ltr'>plus</span> <span class='ocrx_word' id='word_1_135' title='bbox 795 1054 941 1099; x_wconf 91' lang='lat' dir='ltr'>influit</span> <span class='ocrx_word' id='word_1_136' title='bbox 967 1055 1011 1097; x_wconf 88' lang='lat' dir='ltr'>in</span> <span class='ocrx_word' id='word_1_137' title='bbox 1039 1060 1289 1103; x_wconf 88' lang='lat' dir='ltr'>causatum,</span> <span class='ocrx_word' id='word_1_138' title='bbox 1332 1058 1376 1092; x_wconf 91' lang='lat' dir='ltr'>et</span> <span class='ocrx_word' id='word_1_139' title='bbox 1415 1050 1538 1107; x_wconf 89' lang='lat' dir='ltr'>prius</span> <span class='ocrx_word' id='word_1_140' title='bbox 1564 1048 1716 1092; x_wconf 89' lang='lat' dir='ltr'>unitur</span> <span class='ocrx_word' id='word_1_141' title='bbox 1748 1047 1803 1103; x_wconf 86' lang='lat' dir='ltr'>ei,</span> <span class='ocrx_word' id='word_1_142' title='bbox 1835 1062 1976 1108; x_wconf 87' lang='lat' dir='ltr'>quam</span> <span class='ocrx_word' id='word_1_143' title='bbox 2007 1061 2147 1098; x_wconf 68' lang='lat' dir='ltr'>causa</span> <span class='ocrx_word' id='word_1_144' title='bbox 2172 1064 2245 1095; x_wconf 86' lang='lat' dir='ltr'>se-</span> 
     </span>
     <span class='ocr_line' id='line_1_14' title="bbox 275 1115 2242 1176; baseline -0.004 -8"><span class='ocrx_word' id='word_1_145' title='bbox 275 1124 423 1168; x_wconf 90' lang='lat' dir='ltr'>cunda</span> <span class='ocrx_word' id='word_1_146' title='bbox 449 1139 498 1167; x_wconf 77' lang='lat' dir='ltr'>»z</span> <span class='ocrx_word' id='word_1_147' title='bbox 527 1124 606 1167; x_wconf 87' lang='lat' dir='ltr'>sed</span> <span class='ocrx_word' id='word_1_148' title='bbox 633 1123 786 1167; x_wconf 90' lang='lat' dir='ltr'>anima</span> <span class='ocrx_word' id='word_1_149' title='bbox 813 1120 986 1166; x_wconf 87' lang='lat' dir='ltr'>Christi</span> <span class='ocrx_word' id='word_1_150' title='bbox 1012 1127 1304 1176; x_wconf 85' lang='lat' dir='ltr'>comparatur</span> <span class='ocrx_word' id='word_1_151' title='bbox 1326 1116 1382 1160; x_wconf 90' lang='lat' dir='ltr'>ad</span> <span class='ocrx_word' id='word_1_152' title='bbox 1408 1115 1628 1169; x_wconf 86' lang='lat' dir='ltr'>Verbum,</span> <span class='ocrx_word' id='word_1_153' title='bbox 1654 1115 1772 1159; x_wconf 89' lang='lat' dir='ltr'>sicut</span> <span class='ocrx_word' id='word_1_154' title='bbox 1797 1129 1935 1161; x_wconf 86' lang='lat' dir='ltr'>causa</span> <span class='ocrx_word' id='word_1_155' title='bbox 1959 1115 2167 1165; x_wconf 75' lang='lat' dir='ltr'>secunda·</span> <span class='ocrx_word' id='word_1_156' title='bbox 2185 1116 2242 1161; x_wconf 90' lang='lat' dir='ltr'>ad</span> 
     </span>
     <span class='ocr_line' id='line_1_15' title="bbox 273 1176 1831 1250; baseline -0.005 -14"><span class='ocrx_word' id='word_1_157' title='bbox 273 1192 491 1250; x_wconf 88' lang='lat' dir='ltr'>primam;</span> <span class='ocrx_word' id='word_1_158' title='bbox 518 1191 639 1250; x_wconf 90' lang='lat' dir='ltr'>prius</span> <span class='ocrx_word' id='word_1_159' title='bbox 666 1203 776 1249; x_wconf 86' lang='lat' dir='ltr'>ergo</span> <span class='ocrx_word' id='word_1_160' title='bbox 801 1188 1004 1232; x_wconf 89' lang='lat' dir='ltr'>Verbum</span> <span class='ocrx_word' id='word_1_161' title='bbox 1032 1196 1099 1230; x_wconf 90' lang='lat' dir='ltr'>est</span> <span class='ocrx_word' id='word_1_162' title='bbox 1124 1185 1303 1229; x_wconf 89' lang='lat' dir='ltr'>unitum</span> <span class='ocrx_word' id='word_1_163' title='bbox 1330 1183 1469 1237; x_wconf 89' lang='lat' dir='ltr'>carni,</span> <span class='ocrx_word' id='word_1_164' title='bbox 1497 1197 1636 1242; x_wconf 88' lang='lat' dir='ltr'>quam</span> <span class='ocrx_word' id='word_1_165' title='bbox 1663 1176 1831 1229; x_wconf 86' lang='lat' dir='ltr'>anima.</span> 
     </span>
    </p>

    <p class='ocr_par' dir='ltr' id='par_1_5' title="bbox 271 1249 2241 1452">
     <span class='ocr_line' id='line_1_16' title="bbox 363 1249 2239 1314; baseline -0.004 -10"><span class='ocrx_word' id='word_1_166' title='bbox 363 1259 457 1303; x_wconf 78' lang='lat' dir='ltr'>SED</span> <span class='ocrx_word' id='word_1_167' title='bbox 490 1271 685 1303; x_wconf 81' lang='lat' dir='ltr'>CONTRA</span> <span class='ocrx_word' id='word_1_168' title='bbox 718 1266 798 1310; x_wconf 90' lang='lat' dir='ltr'>est,</span> <span class='ocrx_word' id='word_1_169' title='bbox 832 1255 953 1314; x_wconf 92' lang='lat' dir='ltr'>quod</span> <span class='ocrx_word' id='word_1_170' title='bbox 989 1254 1204 1297; x_wconf 88' lang='lat' dir='ltr'>Damasc.</span> <span class='ocrx_word' id='word_1_171' title='bbox 1239 1251 1347 1295; x_wconf 91' lang='lat' dir='ltr'>dicit</span> <span class='ocrx_word' id='word_1_172' title='bbox 1377 1251 1424 1294; x_wconf 90' lang='lat' dir='ltr'>in</span> <span class='ocrx_word' id='word_1_173' title='bbox 1470 1265 1507 1309; x_wconf 84' lang='lat'>3.</span> <span class='ocrx_word' id='word_1_174' title='bbox 1549 1249 1665 1294; x_wconf 93' lang='lat' dir='ltr'>libro</span> <span class='ocrx_word' id='word_1_175' title='bbox 1707 1249 1852 1307; x_wconf 83' lang='lat' dir='ltr'>(Orth.</span> <span class='ocrx_word' id='word_1_176' title='bbox 1883 1249 1980 1295; x_wconf 87' lang='lat' dir='ltr'>Fid.</span> <span class='ocrx_word' id='word_1_177' title='bbox 2017 1257 2110 1311; x_wconf 85' lang='lat' dir='ltr'>cap.</span> <span class='ocrx_word' id='word_1_178' title='bbox 2146 1251 2239 1310; x_wconf 82' lang='lat'><em>2.).·</em></span> 
     </span>
     <span class='ocr_line' id='line_1_17' title="bbox 275 1315 2241 1377; baseline -0.003 -11"><span class='ocrx_word' id='word_1_179' title='bbox 275 1342 299 1366; x_wconf 89' lang='lat'>«</span> <span class='ocrx_word' id='word_1_180' title='bbox 318 1325 466 1370; x_wconf 90' lang='lat' dir='ltr'>Simul</span> <span class='ocrx_word' id='word_1_181' title='bbox 483 1326 570 1369; x_wconf 89' lang='lat' dir='ltr'>Dei</span> <span class='ocrx_word' id='word_1_182' title='bbox 587 1324 726 1368; x_wconf 84' lang='lat' dir='ltr'>Verbi</span> <span class='ocrx_word' id='word_1_183' title='bbox 746 1337 867 1377; x_wconf 88' lang='lat' dir='ltr'>caro,</span> <span class='ocrx_word' id='word_1_184' title='bbox 890 1320 1027 1365; x_wconf 88' lang='lat' dir='ltr'>simul</span> <span class='ocrx_word' id='word_1_185' title='bbox 1050 1333 1155 1363; x_wconf 90' lang='lat' dir='ltr'>caro</span> <span class='ocrx_word' id='word_1_186' title='bbox 1180 1319 1380 1362; x_wconf 89' lang='lat' dir='ltr'>animata</span> <span class='ocrx_word' id='word_1_187' title='bbox 1397 1316 1646 1372; x_wconf 88' lang='lat' dir='ltr'>rationalis,</span> <span class='ocrx_word' id='word_1_188' title='bbox 1664 1326 1709 1361; x_wconf 90' lang='lat' dir='ltr'>et</span> <span class='ocrx_word' id='word_1_189' title='bbox 1729 1315 2048 1365; x_wconf 87' lang='lat' dir='ltr'>intellectualis</span> <span class='ocrx_word' id='word_1_190' title='bbox 2069 1334 2094 1361; x_wconf 78' lang='grc'>&gt;&gt;</span> <span class='ocrx_word' id='word_1_191' title='bbox 2111 1333 2123 1373; x_wconf 87' lang='grc'><strong>;</strong></span> <span class='ocrx_word' id='word_1_192' title='bbox 2143 1331 2241 1364; x_wconf 87' lang='lat' dir='ltr'>non</span> 
     </span>
     <span class='ocr_line' id='line_1_18' title="bbox 271 1384 1822 1452; baseline -0.005 -15"><span class='ocrx_word' id='word_1_193' title='bbox 271 1407 380 1452; x_wconf 89' lang='lat' dir='ltr'>ergo</span> <span class='ocrx_word' id='word_1_194' title='bbox 413 1393 522 1436; x_wconf 92' lang='lat' dir='ltr'>unio</span> <span class='ocrx_word' id='word_1_195' title='bbox 549 1392 688 1435; x_wconf 90' lang='lat' dir='ltr'>Verbi</span> <span class='ocrx_word' id='word_1_196' title='bbox 713 1391 768 1434; x_wconf 88' lang='lat' dir='ltr'>ad</span> <span class='ocrx_word' id='word_1_197' title='bbox 796 1403 980 1434; x_wconf 90' lang='lat' dir='ltr'>carnem</span> <span class='ocrx_word' id='word_1_198' title='bbox 1006 1386 1250 1447; x_wconf 90' lang='lat' dir='ltr'>praecessit</span> <span class='ocrx_word' id='word_1_199' title='bbox 1275 1385 1495 1429; x_wconf 90' lang='lat' dir='ltr'>unionem</span> <span class='ocrx_word' id='word_1_200' title='bbox 1522 1385 1578 1429; x_wconf 90' lang='lat' dir='ltr'>ad</span> <span class='ocrx_word' id='word_1_201' title='bbox 1605 1384 1822 1430; x_wconf 90' lang='lat' dir='ltr'>animam.</span> 
     </span>
    </p>

    <p class='ocr_par' dir='ltr' id='par_1_6' title="bbox 268 1450 2245 2121">
     <span class='ocr_line' id='line_1_19' title="bbox 360 1450 2240 1514; baseline -0.003 -9"><span class='ocrx_word' id='word_1_202' title='bbox 360 1460 648 1504; x_wconf 77' lang='lat' dir='ltr'>RESPONDEO</span> <span class='ocrx_word' id='word_1_203' title='bbox 686 1457 944 1510; x_wconf 86' lang='lat' dir='ltr'>dicendum,</span> <span class='ocrx_word' id='word_1_204' title='bbox 968 1455 1090 1514; x_wconf 90' lang='lat' dir='ltr'>quod</span> <span class='ocrx_word' id='word_1_205' title='bbox 1117 1468 1224 1498; x_wconf 88' lang='lat' dir='ltr'>caro</span> <span class='ocrx_word' id='word_1_206' title='bbox 1251 1453 1455 1496; x_wconf 89' lang='lat' dir='ltr'>humana</span> <span class='ocrx_word' id='word_1_207' title='bbox 1483 1462 1551 1496; x_wconf 91' lang='lat' dir='ltr'>est</span> <span class='ocrx_word' id='word_1_208' title='bbox 1577 1450 1899 1511; x_wconf 85' lang='lat' dir='ltr'>assumptibilis</span> <span class='ocrx_word' id='word_1_209' title='bbox 1933 1466 1960 1496; x_wconf 88' lang='lat' dir='ltr'>a</span> <span class='ocrx_word' id='word_1_210' title='bbox 1985 1452 2140 1498; x_wconf 88' lang='lat' dir='ltr'>Verbo</span> <span class='ocrx_word' id='word_1_211' title='bbox 2173 1466 2240 1499; x_wconf 88' lang='lat' dir='ltr'>se-</span> 
     </span>
     <span class='ocr_line' id='line_1_20' title="bbox 271 1518 2240 1583; baseline -0.002 -12"><span class='ocrx_word' id='word_1_212' title='bbox 271 1527 470 1572; x_wconf 91' lang='lat' dir='ltr'>cundum</span> <span class='ocrx_word' id='word_1_213' title='bbox 498 1526 720 1579; x_wconf 88' lang='lat' dir='ltr'>ordinem,</span> <span class='ocrx_word' id='word_1_214' title='bbox 747 1539 884 1583; x_wconf 92' lang='lat' dir='ltr'>quem</span> <span class='ocrx_word' id='word_1_215' title='bbox 910 1523 1048 1566; x_wconf 89' lang='lat' dir='ltr'>habet</span> <span class='ocrx_word' id='word_1_216' title='bbox 1085 1521 1139 1565; x_wconf 89' lang='lat' dir='ltr'>ad</span> <span class='ocrx_word' id='word_1_217' title='bbox 1183 1520 1386 1564; x_wconf 88' lang='lat' dir='ltr'>animam</span> <span class='ocrx_word' id='word_1_218' title='bbox 1427 1518 1715 1575; x_wconf 89' lang='lat' dir='ltr'>rationalem,</span> <span class='ocrx_word' id='word_1_219' title='bbox 1753 1519 1871 1564; x_wconf 91' lang='lat' dir='ltr'>sicut</span> <span class='ocrx_word' id='word_1_220' title='bbox 1910 1519 1968 1565; x_wconf 89' lang='lat' dir='ltr'>ad</span> <span class='ocrx_word' id='word_1_221' title='bbox 2006 1520 2240 1580; x_wconf 79' lang='lat' dir='ltr'>propriam</span> 
     </span>
     <span class='ocr_line' id='line_1_21' title="bbox 269 1586 2245 1646; baseline -0.003 -8"><span class='ocrx_word' id='word_1_222' title='bbox 269 1593 492 1638; x_wconf 86' lang='lat' dir='ltr'>formam:</span> <span class='ocrx_word' id='word_1_223' title='bbox 521 1595 642 1637; x_wconf 92' lang='lat' dir='ltr'>hunc</span> <span class='ocrx_word' id='word_1_224' title='bbox 670 1602 820 1636; x_wconf 89' lang='lat' dir='ltr'>autem</span> <span class='ocrx_word' id='word_1_225' title='bbox 851 1591 1058 1634; x_wconf 89' lang='lat' dir='ltr'>ordinem</span> <span class='ocrx_word' id='word_1_226' title='bbox 1084 1602 1178 1632; x_wconf 90' lang='lat' dir='ltr'>non</span> <span class='ocrx_word' id='word_1_227' title='bbox 1204 1588 1356 1641; x_wconf 91' lang='lat' dir='ltr'>habet,</span> <span class='ocrx_word' id='word_1_228' title='bbox 1384 1597 1632 1646; x_wconf 88' lang='lat' dir='ltr'>antequam</span> <span class='ocrx_word' id='word_1_229' title='bbox 1659 1586 1812 1630; x_wconf 90' lang='lat' dir='ltr'>anima</span> <span class='ocrx_word' id='word_1_230' title='bbox 1837 1587 2074 1633; x_wconf 85' lang='lat' dir='ltr'>rationalis</span> <span class='ocrx_word' id='word_1_231' title='bbox 2100 1589 2145 1639; x_wconf 82' lang='lat' dir='ltr'>ei</span> <span class='ocrx_word' id='word_1_232' title='bbox 2165 1586 2245 1639; x_wconf 72' lang='lat' dir='ltr'>ad-</span> 
     </span>
     <span class='ocr_line' id='line_1_22' title="bbox 268 1653 2240 1719; baseline -0.002 -15"><span class='ocrx_word' id='word_1_233' title='bbox 268 1663 438 1705; x_wconf 87' lang='lat' dir='ltr'>veniat:</span> <span class='ocrx_word' id='word_1_234' title='bbox 467 1661 570 1719; x_wconf 90' lang='lat' dir='ltr'>quia</span> <span class='ocrx_word' id='word_1_235' title='bbox 597 1659 733 1703; x_wconf 89' lang='lat' dir='ltr'>simul</span> <span class='ocrx_word' id='word_1_236' title='bbox 760 1659 868 1702; x_wconf 91' lang='lat' dir='ltr'>dum</span> <span class='ocrx_word' id='word_1_237' title='bbox 895 1657 1045 1715; x_wconf 88' lang='lat' dir='ltr'>aliqua</span> <span class='ocrx_word' id='word_1_238' title='bbox 1078 1655 1267 1699; x_wconf 91' lang='lat' dir='ltr'>materia</span> <span class='ocrx_word' id='word_1_239' title='bbox 1303 1654 1367 1710; x_wconf 87' lang='lat' dir='ltr'>fit,</span> <span class='ocrx_word' id='word_1_240' title='bbox 1404 1655 1586 1714; x_wconf 91' lang='lat' dir='ltr'>propria</span> <span class='ocrx_word' id='word_1_241' title='bbox 1629 1653 1819 1712; x_wconf 91' lang='lat' dir='ltr'>alicujus</span> <span class='ocrx_word' id='word_1_242' title='bbox 1853 1653 2048 1710; x_wconf 72' lang='lat' dir='ltr'>formae,</span> <span class='ocrx_word' id='word_1_243' title='bbox 2079 1655 2240 1716; x_wconf 84' lang='lat' dir='ltr'>recipit</span> 
     </span>
     <span class='ocr_line' id='line_1_23' title="bbox 268 1721 2238 1782; baseline -0.002 -10"><span class='ocrx_word' id='word_1_244' title='bbox 268 1728 395 1772; x_wconf 89' lang='lat' dir='ltr'>illam</span> <span class='ocrx_word' id='word_1_245' title='bbox 420 1727 637 1781; x_wconf 90' lang='lat' dir='ltr'>formam;</span> <span class='ocrx_word' id='word_1_246' title='bbox 669 1727 787 1770; x_wconf 91' lang='lat' dir='ltr'>unde</span> <span class='ocrx_word' id='word_1_247' title='bbox 813 1726 859 1769; x_wconf 89' lang='lat' dir='ltr'>in</span> <span class='ocrx_word' id='word_1_248' title='bbox 886 1725 1051 1768; x_wconf 91' lang='lat' dir='ltr'>eodem</span> <span class='ocrx_word' id='word_1_249' title='bbox 1077 1723 1263 1768; x_wconf 89' lang='lat' dir='ltr'>instanti</span> <span class='ocrx_word' id='word_1_250' title='bbox 1287 1723 1556 1767; x_wconf 89' lang='lat' dir='ltr'>terminatur</span> <span class='ocrx_word' id='word_1_251' title='bbox 1583 1721 1805 1777; x_wconf 88' lang='lat' dir='ltr'>alteratio,</span> <span class='ocrx_word' id='word_1_252' title='bbox 1836 1722 1884 1767; x_wconf 90' lang='lat' dir='ltr'>in</span> <span class='ocrx_word' id='word_1_253' title='bbox 1915 1737 2008 1782; x_wconf 87' lang='lat' dir='ltr'>quo</span> <span class='ocrx_word' id='word_1_254' title='bbox 2029 1723 2238 1774; x_wconf 78' lang='lat' dir='ltr'>&#39;introdu-</span> 
     </span>
     <span class='ocr_line' id='line_1_24' title="bbox 270 1789 2237 1851; baseline -0.001 -13"><span class='ocrx_word' id='word_1_255' title='bbox 270 1795 383 1839; x_wconf 90' lang='lat' dir='ltr'>citur</span> <span class='ocrx_word' id='word_1_256' title='bbox 408 1794 556 1838; x_wconf 90' lang='lat' dir='ltr'>forma</span> <span class='ocrx_word' id='word_1_257' title='bbox 578 1792 906 1846; x_wconf 88' lang='lat' dir='ltr'>substantialis;</span> <span class='ocrx_word' id='word_1_258' title='bbox 930 1802 975 1835; x_wconf 93' lang='lat' dir='ltr'>et</span> <span class='ocrx_word' id='word_1_259' title='bbox 996 1791 1099 1835; x_wconf 89' lang='lat' dir='ltr'>inde</span> <span class='ocrx_word' id='word_1_260' title='bbox 1118 1800 1198 1845; x_wconf 90' lang='lat' dir='ltr'>est,</span> <span class='ocrx_word' id='word_1_261' title='bbox 1218 1791 1340 1849; x_wconf 93' lang='lat' dir='ltr'>quod</span> <span class='ocrx_word' id='word_1_262' title='bbox 1358 1804 1464 1834; x_wconf 91' lang='lat' dir='ltr'>caro</span> <span class='ocrx_word' id='word_1_263' title='bbox 1482 1804 1576 1834; x_wconf 89' lang='lat' dir='ltr'>non</span> <span class='ocrx_word' id='word_1_264' title='bbox 1595 1789 1750 1834; x_wconf 88' lang='lat' dir='ltr'>debuit</span> <span class='ocrx_word' id='word_1_265' title='bbox 1767 1799 1871 1835; x_wconf 90' lang='lat' dir='ltr'>ante</span> <span class='ocrx_word' id='word_1_266' title='bbox 1889 1790 2075 1845; x_wconf 79' lang='lat' dir='ltr'>assumi,</span> <span class='ocrx_word' id='word_1_267' title='bbox 2092 1803 2237 1851; x_wconf 79' lang='lat' dir='ltr'>&#39;quam</span> 
     </span>
     <span class='ocr_line' id='line_1_25' title="bbox 270 1856 2237 1919; baseline -0.002 -13"><span class='ocrx_word' id='word_1_268' title='bbox 270 1872 387 1906; x_wconf 91' lang='lat' dir='ltr'>esset</span> <span class='ocrx_word' id='word_1_269' title='bbox 413 1876 518 1905; x_wconf 90' lang='lat' dir='ltr'>caro</span> <span class='ocrx_word' id='word_1_270' title='bbox 545 1862 770 1905; x_wconf 77' lang='lat' dir='ltr'>humana:</span> <span class='ocrx_word' id='word_1_271' title='bbox 798 1860 919 1919; x_wconf 91' lang='lat' dir='ltr'>quod</span> <span class='ocrx_word' id='word_1_272' title='bbox 942 1858 1118 1902; x_wconf 86' lang='lat' dir='ltr'>factum</span> <span class='ocrx_word' id='word_1_273' title='bbox 1140 1867 1220 1911; x_wconf 90' lang='lat' dir='ltr'>est,</span> <span class='ocrx_word' id='word_1_274' title='bbox 1240 1858 1394 1901; x_wconf 91' lang='lat' dir='ltr'>anima</span> <span class='ocrx_word' id='word_1_275' title='bbox 1415 1856 1626 1901; x_wconf 87' lang='lat' dir='ltr'>rationali</span> <span class='ocrx_word' id='word_1_276' title='bbox 1649 1856 1942 1912; x_wconf 89' lang='lat' dir='ltr'>adveniente;</span> <span class='ocrx_word' id='word_1_277' title='bbox 1962 1857 2080 1903; x_wconf 86' lang='lat' dir='ltr'>sicut</span> <span class='ocrx_word' id='word_1_278' title='bbox 2099 1858 2237 1918; x_wconf 81' lang='lat' dir='ltr'>igitur</span> 
     </span>
     <span class='ocr_line' id='line_1_26' title="bbox 270 1924 2236 1986; baseline -0.002 -13"><span class='ocrx_word' id='word_1_279' title='bbox 270 1930 422 1973; x_wconf 89' lang='lat' dir='ltr'>anima</span> <span class='ocrx_word' id='word_1_280' title='bbox 446 1943 540 1972; x_wconf 92' lang='lat' dir='ltr'>non</span> <span class='ocrx_word' id='word_1_281' title='bbox 567 1938 633 1973; x_wconf 93' lang='lat' dir='ltr'>est</span> <span class='ocrx_word' id='word_1_282' title='bbox 658 1929 780 1986; x_wconf 90' lang='lat' dir='ltr'>prius</span> <span class='ocrx_word' id='word_1_283' title='bbox 807 1937 1052 1985; x_wconf 89' lang='lat' dir='ltr'>assumpta,</span> <span class='ocrx_word' id='word_1_284' title='bbox 1080 1939 1219 1985; x_wconf 89' lang='lat' dir='ltr'>quam</span> <span class='ocrx_word' id='word_1_285' title='bbox 1246 1939 1378 1978; x_wconf 90' lang='lat' dir='ltr'>caro;</span> <span class='ocrx_word' id='word_1_286' title='bbox 1406 1924 1510 1984; x_wconf 92' lang='lat' dir='ltr'>quia</span> <span class='ocrx_word' id='word_1_287' title='bbox 1532 1933 1692 1968; x_wconf 89' lang='lat' dir='ltr'>contra</span> <span class='ocrx_word' id='word_1_288' title='bbox 1713 1933 1925 1969; x_wconf 87' lang='lat' dir='ltr'>naturam</span> <span class='ocrx_word' id='word_1_289' title='bbox 1951 1924 2132 1971; x_wconf 85' lang='lat' dir='ltr'>animae</span> <span class='ocrx_word' id='word_1_290' title='bbox 2153 1935 2236 1980; x_wconf 85' lang='lat' dir='ltr'>est,</span> 
     </span>
     <span class='ocr_line' id='line_1_27' title="bbox 269 1992 2233 2055; baseline -0.001 -15"><span class='ocrx_word' id='word_1_291' title='bbox 269 2006 317 2040; x_wconf 91' lang='lat' dir='ltr'>ut</span> <span class='ocrx_word' id='word_1_292' title='bbox 333 1997 454 2055; x_wconf 91' lang='lat' dir='ltr'>prius</span> <span class='ocrx_word' id='word_1_293' title='bbox 471 1996 540 2049; x_wconf 85' lang='lat' dir='ltr'>sit,</span> <span class='ocrx_word' id='word_1_294' title='bbox 559 2010 695 2054; x_wconf 88' lang='lat' dir='ltr'>quam</span> <span class='ocrx_word' id='word_1_295' title='bbox 713 1994 894 2053; x_wconf 92' lang='lat' dir='ltr'>corpori</span> <span class='ocrx_word' id='word_1_296' title='bbox 915 1994 1116 2038; x_wconf 87' lang='lat' dir='ltr'>uniatur:</span> <span class='ocrx_word' id='word_1_297' title='bbox 1141 1992 1205 2036; x_wconf 89' lang='lat' dir='ltr'>ita</span> <span class='ocrx_word' id='word_1_298' title='bbox 1221 2007 1320 2037; x_wconf 83' lang='lat' dir='ltr'>caro</span> <span class='ocrx_word' id='word_1_299' title='bbox 1338 2007 1419 2036; x_wconf 86' lang='lat' dir='ltr'>non</span> <span class='ocrx_word' id='word_1_300' title='bbox 1442 1992 1577 2036; x_wconf 86' lang='lat' dir='ltr'>debuit</span> <span class='ocrx_word' id='word_1_301' title='bbox 1586 1993 1711 2051; x_wconf 85' lang='lat' dir='ltr'>prius</span> <span class='ocrx_word' id='word_1_302' title='bbox 1727 1993 1898 2048; x_wconf 83' lang='lat' dir='ltr'>assumi,</span> <span class='ocrx_word' id='word_1_303' title='bbox 1912 2006 2040 2051; x_wconf 83' lang='lat' dir='ltr'>quam</span> <span class='ocrx_word' id='word_1_304' title='bbox 2061 1994 2207 2039; x_wconf 83' lang='lat' dir='ltr'>anima</span> <span class='ocrx_word' id='word_1_305' title='bbox 2215 2009 2233 2046; x_wconf 88' lang='lat'><em>;</em></span> 
     </span>
     <span class='ocr_line' id='line_1_28' title="bbox 270 2055 2033 2121; baseline -0.001 -15"><span class='ocrx_word' id='word_1_306' title='bbox 270 2063 374 2121; x_wconf 89' lang='lat' dir='ltr'>quia</span> <span class='ocrx_word' id='word_1_307' title='bbox 398 2077 491 2106; x_wconf 92' lang='lat' dir='ltr'>non</span> <span class='ocrx_word' id='word_1_308' title='bbox 518 2063 637 2120; x_wconf 90' lang='lat' dir='ltr'>prius</span> <span class='ocrx_word' id='word_1_309' title='bbox 664 2072 728 2106; x_wconf 91' lang='lat' dir='ltr'>est</span> <span class='ocrx_word' id='word_1_310' title='bbox 755 2076 862 2105; x_wconf 92' lang='lat' dir='ltr'>caro</span> <span class='ocrx_word' id='word_1_311' title='bbox 889 2061 1106 2114; x_wconf 87' lang='lat' dir='ltr'>humana,</span> <span class='ocrx_word' id='word_1_312' title='bbox 1134 2074 1273 2118; x_wconf 88' lang='lat' dir='ltr'>quam</span> <span class='ocrx_word' id='word_1_313' title='bbox 1298 2060 1464 2104; x_wconf 87' lang='lat' dir='ltr'>habeat</span> <span class='ocrx_word' id='word_1_314' title='bbox 1491 2059 1693 2103; x_wconf 89' lang='lat' dir='ltr'>animam</span> <span class='ocrx_word' id='word_1_315' title='bbox 1720 2055 2033 2104; x_wconf 69' lang='lat' dir='ltr'>rationalem.⁴</span> 
     </span>
    </p>

    <p class='ocr_par' dir='ltr' id='par_1_7' title="bbox 266 2126 2237 2458">
     <span class='ocr_line' id='line_1_29' title="bbox 358 2126 2235 2188; baseline -0.001 -14"><span class='ocrx_word' id='word_1_316' title='bbox 358 2131 432 2174; x_wconf 89' lang='lat' dir='ltr'>AD</span> <span class='ocrx_word' id='word_1_317' title='bbox 460 2143 646 2174; x_wconf 79' lang='lat' dir='ltr'><strong>PRIMUM</strong></span> <span class='ocrx_word' id='word_1_318' title='bbox 673 2143 781 2188; x_wconf 87' lang='lat' dir='ltr'>ergo</span> <span class='ocrx_word' id='word_1_319' title='bbox 810 2128 1067 2182; x_wconf 90' lang='lat' dir='ltr'>dicendum,</span> <span class='ocrx_word' id='word_1_320' title='bbox 1092 2127 1214 2186; x_wconf 93' lang='lat' dir='ltr'>quod</span> <span class='ocrx_word' id='word_1_321' title='bbox 1235 2141 1342 2171; x_wconf 89' lang='lat' dir='ltr'>caro</span> <span class='ocrx_word' id='word_1_322' title='bbox 1360 2126 1563 2170; x_wconf 89' lang='lat' dir='ltr'>humana</span> <span class='ocrx_word' id='word_1_323' title='bbox 1590 2128 1776 2170; x_wconf 89' lang='lat' dir='ltr'>sortitur</span> <span class='ocrx_word' id='word_1_324' title='bbox 1792 2140 1890 2171; x_wconf 92' lang='lat' dir='ltr'>esse</span> <span class='ocrx_word' id='word_1_325' title='bbox 1907 2141 1990 2186; x_wconf 91' lang='lat' dir='ltr'>per</span> <span class='ocrx_word' id='word_1_326' title='bbox 2006 2127 2235 2184; x_wconf 85' lang='lat' dir='ltr'>animam;</span> 
     </span>
     <span class='ocr_line' id='line_1_30' title="bbox 269 2194 2235 2256; baseline 0 -15"><span class='ocrx_word' id='word_1_327' title='bbox 269 2206 312 2242; x_wconf 93' lang='lat' dir='ltr'>et</span> <span class='ocrx_word' id='word_1_328' title='bbox 336 2197 440 2241; x_wconf 91' lang='lat' dir='ltr'>ideo</span> <span class='ocrx_word' id='word_1_329' title='bbox 468 2206 570 2240; x_wconf 89' lang='lat' dir='ltr'>ante</span> <span class='ocrx_word' id='word_1_330' title='bbox 598 2196 842 2240; x_wconf 88' lang='lat' dir='ltr'>adventum</span> <span class='ocrx_word' id='word_1_331' title='bbox 870 2195 1050 2239; x_wconf 90' lang='lat' dir='ltr'>animae</span> <span class='ocrx_word' id='word_1_332' title='bbox 1075 2208 1171 2238; x_wconf 90' lang='lat' dir='ltr'>non</span> <span class='ocrx_word' id='word_1_333' title='bbox 1198 2204 1265 2238; x_wconf 92' lang='lat' dir='ltr'>est</span> <span class='ocrx_word' id='word_1_334' title='bbox 1293 2208 1400 2237; x_wconf 91' lang='lat' dir='ltr'>caro</span> <span class='ocrx_word' id='word_1_335' title='bbox 1427 2194 1645 2247; x_wconf 89' lang='lat' dir='ltr'>humana,</span> <span class='ocrx_word' id='word_1_336' title='bbox 1673 2194 1753 2238; x_wconf 93' lang='lat' dir='ltr'>sed</span> <span class='ocrx_word' id='word_1_337' title='bbox 1780 2202 1931 2252; x_wconf 88' lang='lat' dir='ltr'>potest</span> <span class='ocrx_word' id='word_1_338' title='bbox 1948 2208 2055 2240; x_wconf 75' lang='lat' dir='ltr'>esse</span> <span class='ocrx_word' id='word_1_339' title='bbox 2088 2195 2235 2256; x_wconf 81' lang='lat' dir='ltr'>dispo-</span> 
     </span>
     <span class='ocr_line' id='line_1_31' title="bbox 266 2260 2237 2321; baseline -0.001 -12"><span class='ocrx_word' id='word_1_340' title='bbox 266 2265 370 2309; x_wconf 89' lang='lat' dir='ltr'>sitio</span> <span class='ocrx_word' id='word_1_341' title='bbox 399 2265 453 2307; x_wconf 91' lang='lat' dir='ltr'>ad</span> <span class='ocrx_word' id='word_1_342' title='bbox 481 2277 663 2307; x_wconf 89' lang='lat' dir='ltr'>carnem</span> <span class='ocrx_word' id='word_1_343' title='bbox 690 2264 965 2307; x_wconf 87' lang='lat' dir='ltr'>humanam:</span> <span class='ocrx_word' id='word_1_344' title='bbox 992 2263 1039 2306; x_wconf 93' lang='lat' dir='ltr'>in</span> <span class='ocrx_word' id='word_1_345' title='bbox 1066 2262 1371 2321; x_wconf 88' lang='lat' dir='ltr'>conceptione</span> <span class='ocrx_word' id='word_1_346' title='bbox 1403 2271 1557 2305; x_wconf 89' lang='lat' dir='ltr'>tamen</span> <span class='ocrx_word' id='word_1_347' title='bbox 1592 2260 1765 2306; x_wconf 89' lang='lat' dir='ltr'>Christi</span> <span class='ocrx_word' id='word_1_348' title='bbox 1798 2261 1990 2321; x_wconf 85' lang='lat' dir='ltr'>Spiritus</span> <span class='ocrx_word' id='word_1_349' title='bbox 2022 2261 2237 2319; x_wconf 75' lang='lat' dir='ltr'>Sanctus„</span> 
     </span>
     <span class='ocr_line' id='line_1_32' title="bbox 267 2328 2233 2391; baseline 0.001 -16"><span class='ocrx_word' id='word_1_350' title='bbox 267 2332 343 2391; x_wconf 92' lang='lat' dir='ltr'>qui</span> <span class='ocrx_word' id='word_1_351' title='bbox 369 2341 436 2375; x_wconf 90' lang='lat' dir='ltr'>est</span> <span class='ocrx_word' id='word_1_352' title='bbox 461 2345 599 2389; x_wconf 87' lang='lat' dir='ltr'>agens</span> <span class='ocrx_word' id='word_1_353' title='bbox 625 2331 822 2375; x_wconf 87' lang='lat' dir='ltr'>infinitae</span> <span class='ocrx_word' id='word_1_354' title='bbox 848 2330 1039 2384; x_wconf 89' lang='lat' dir='ltr'>virtutis,</span> <span class='ocrx_word' id='word_1_355' title='bbox 1067 2329 1204 2373; x_wconf 92' lang='lat' dir='ltr'>simul</span> <span class='ocrx_word' id='word_1_356' title='bbox 1231 2339 1275 2373; x_wconf 91' lang='lat' dir='ltr'>et</span> <span class='ocrx_word' id='word_1_357' title='bbox 1301 2329 1541 2373; x_wconf 88' lang='lat' dir='ltr'>materiam</span> <span class='ocrx_word' id='word_1_358' title='bbox 1570 2328 1806 2388; x_wconf 90' lang='lat' dir='ltr'>disposuit,</span> <span class='ocrx_word' id='word_1_359' title='bbox 1833 2338 1878 2374; x_wconf 88' lang='lat' dir='ltr'>et</span> <span class='ocrx_word' id='word_1_360' title='bbox 1902 2329 1959 2379; x_wconf 89' lang='lat' dir='ltr'>ad</span> <span class='ocrx_word' id='word_1_361' title='bbox 1980 2328 2233 2389; x_wconf 84' lang='lat' dir='ltr'>perfectum</span> 
     </span>
     <span class='ocr_line' id='line_1_33' title="bbox 266 2398 2094 2458; baseline -0.001 -15"><span class='ocrx_word' id='word_1_362' title='bbox 266 2398 485 2458; x_wconf 87' lang='lat' dir='ltr'>perduxit.</span> <span class='ocrx_word' id='word_1_363' title='bbox 2092 2446 2094 2449; x_wconf 9' lang='grc' dir='ltr'>ξ</span> 
     </span>
    </p>

    <p class='ocr_par' dir='ltr' id='par_1_8' title="bbox 263 2463 2231 3114">
     <span class='ocr_line' id='line_1_34' title="bbox 356 2463 2231 2523; baseline 0.001 -13"><span class='ocrx_word' id='word_1_364' title='bbox 356 2466 433 2510; x_wconf 85' lang='lat' dir='ltr'>AD</span> <span class='ocrx_word' id='word_1_365' title='bbox 466 2478 726 2510; x_wconf 79' lang='lat' dir='ltr'>SECUNDUM</span> <span class='ocrx_word' id='word_1_366' title='bbox 752 2464 1011 2518; x_wconf 88' lang='lat' dir='ltr'>dicendum,</span> <span class='ocrx_word' id='word_1_367' title='bbox 1040 2464 1162 2523; x_wconf 92' lang='lat' dir='ltr'>quod</span> <span class='ocrx_word' id='word_1_368' title='bbox 1186 2463 1337 2508; x_wconf 90' lang='lat' dir='ltr'>forma</span> <span class='ocrx_word' id='word_1_369' title='bbox 1364 2473 1467 2508; x_wconf 90' lang='lat' dir='ltr'>actu</span> <span class='ocrx_word' id='word_1_370' title='bbox 1494 2463 1571 2508; x_wconf 88' lang='lat' dir='ltr'>dat</span> <span class='ocrx_word' id='word_1_371' title='bbox 1595 2463 1820 2522; x_wconf 85' lang='lat' dir='ltr'>speciem:</span> <span class='ocrx_word' id='word_1_372' title='bbox 1848 2464 2040 2512; x_wconf 76' lang='lat' dir='ltr'>materia</span> <span class='ocrx_word' id='word_1_373' title='bbox 2060 2474 2231 2522; x_wconf 78' lang='lat' dir='ltr'>autem,</span> 
     </span>
     <span class='ocr_line' id='line_1_35' title="bbox 265 2530 2225 2593; baseline 0.001 -16"><span class='ocrx_word' id='word_1_374' title='bbox 265 2543 485 2593; x_wconf 89' lang='lat' dir='ltr'>quantum</span> <span class='ocrx_word' id='word_1_375' title='bbox 502 2544 570 2576; x_wconf 91' lang='lat' dir='ltr'>est</span> <span class='ocrx_word' id='word_1_376' title='bbox 596 2533 649 2576; x_wconf 93' lang='lat' dir='ltr'>de</span> <span class='ocrx_word' id='word_1_377' title='bbox 669 2547 731 2585; x_wconf 90' lang='lat' dir='ltr'>se,</span> <span class='ocrx_word' id='word_1_378' title='bbox 750 2542 816 2576; x_wconf 90' lang='lat' dir='ltr'>est</span> <span class='ocrx_word' id='word_1_379' title='bbox 831 2532 878 2575; x_wconf 93' lang='lat' dir='ltr'>in</span> <span class='ocrx_word' id='word_1_380' title='bbox 896 2532 1098 2591; x_wconf 90' lang='lat' dir='ltr'>potentia</span> <span class='ocrx_word' id='word_1_381' title='bbox 1117 2531 1172 2575; x_wconf 91' lang='lat' dir='ltr'>ad</span> <span class='ocrx_word' id='word_1_382' title='bbox 1189 2531 1410 2591; x_wconf 91' lang='lat' dir='ltr'>speciem;</span> <span class='ocrx_word' id='word_1_383' title='bbox 1429 2540 1473 2576; x_wconf 91' lang='lat' dir='ltr'>et</span> <span class='ocrx_word' id='word_1_384' title='bbox 1493 2531 1597 2576; x_wconf 91' lang='lat' dir='ltr'>ideo</span> <span class='ocrx_word' id='word_1_385' title='bbox 1617 2540 1776 2576; x_wconf 90' lang='lat' dir='ltr'>contra</span> <span class='ocrx_word' id='word_1_386' title='bbox 1801 2531 2029 2580; x_wconf 79' lang='lat' dir='ltr'>rationem</span> <span class='ocrx_word' id='word_1_387' title='bbox 2045 2530 2225 2588; x_wconf 70' lang='lat' dir='ltr'>formae</span> 
     </span>
     <span class='ocr_line' id='line_1_36' title="bbox 267 2598 2229 2660; baseline 0.001 -15"><span class='ocrx_word' id='word_1_388' title='bbox 267 2610 384 2645; x_wconf 91' lang='lat' dir='ltr'>esset</span> <span class='ocrx_word' id='word_1_389' title='bbox 409 2600 531 2659; x_wconf 93' lang='lat' dir='ltr'>quod</span> <span class='ocrx_word' id='word_1_390' title='bbox 558 2599 877 2658; x_wconf 87' lang='lat' dir='ltr'>praeexisteret</span> <span class='ocrx_word' id='word_1_391' title='bbox 902 2609 1090 2643; x_wconf 89' lang='lat' dir='ltr'>naturae</span> <span class='ocrx_word' id='word_1_392' title='bbox 1107 2599 1290 2658; x_wconf 90' lang='lat' dir='ltr'>speciei,</span> <span class='ocrx_word' id='word_1_393' title='bbox 1317 2613 1434 2658; x_wconf 92' lang='lat' dir='ltr'>quae</span> <span class='ocrx_word' id='word_1_394' title='bbox 1460 2598 1689 2658; x_wconf 90' lang='lat' dir='ltr'>perficitur</span> <span class='ocrx_word' id='word_1_395' title='bbox 1714 2612 1794 2658; x_wconf 88' lang='lat' dir='ltr'>per</span> <span class='ocrx_word' id='word_1_396' title='bbox 1819 2600 2040 2644; x_wconf 84' lang='lat' dir='ltr'>unionem</span> <span class='ocrx_word' id='word_1_397' title='bbox 2056 2601 2153 2660; x_wconf 72' lang='lat' dir='ltr'>ejus</span> <span class='ocrx_word' id='word_1_398' title='bbox 2168 2600 2229 2646; x_wconf 74' lang='lat' dir='ltr'>ad</span> 
     </span>
     <span class='ocr_line' id='line_1_37' title="bbox 266 2664 2231 2725; baseline 0.001 -15"><span class='ocrx_word' id='word_1_399' title='bbox 266 2665 531 2710; x_wconf 86' lang='lat' dir='ltr'>materiam:</span> <span class='ocrx_word' id='word_1_400' title='bbox 559 2679 653 2709; x_wconf 92' lang='lat' dir='ltr'>non</span> <span class='ocrx_word' id='word_1_401' title='bbox 680 2675 832 2708; x_wconf 89' lang='lat' dir='ltr'>autem</span> <span class='ocrx_word' id='word_1_402' title='bbox 860 2675 926 2708; x_wconf 91' lang='lat' dir='ltr'>est</span> <span class='ocrx_word' id='word_1_403' title='bbox 952 2675 1110 2708; x_wconf 91' lang='lat' dir='ltr'>contra</span> <span class='ocrx_word' id='word_1_404' title='bbox 1132 2675 1343 2709; x_wconf 89' lang='lat' dir='ltr'>naturam</span> <span class='ocrx_word' id='word_1_405' title='bbox 1363 2666 1596 2720; x_wconf 87' lang='lat' dir='ltr'>materiae,</span> <span class='ocrx_word' id='word_1_406' title='bbox 1615 2665 1737 2724; x_wconf 92' lang='lat' dir='ltr'>quod</span> <span class='ocrx_word' id='word_1_407' title='bbox 1754 2664 2027 2725; x_wconf 76' lang='lat' dir='ltr'>praeexistat</span> <span class='ocrx_word' id='word_1_408' title='bbox 2039 2675 2231 2717; x_wconf 64' lang='lat' dir='ltr'>naturae</span> 
     </span>
     <span class='ocr_line' id='line_1_38' title="bbox 265 2731 2229 2794; baseline 0 -16"><span class='ocrx_word' id='word_1_409' title='bbox 265 2733 462 2793; x_wconf 90' lang='lat' dir='ltr'>speciei;</span> <span class='ocrx_word' id='word_1_410' title='bbox 488 2743 532 2777; x_wconf 92' lang='lat' dir='ltr'>et</span> <span class='ocrx_word' id='word_1_411' title='bbox 556 2732 661 2776; x_wconf 92' lang='lat' dir='ltr'>ideo</span> <span class='ocrx_word' id='word_1_412' title='bbox 689 2731 1022 2786; x_wconf 87' lang='lat' dir='ltr'>dissimilitudo,</span> <span class='ocrx_word' id='word_1_413' title='bbox 1049 2746 1164 2790; x_wconf 89' lang='lat' dir='ltr'>quae</span> <span class='ocrx_word' id='word_1_414' title='bbox 1193 2742 1262 2776; x_wconf 89' lang='lat' dir='ltr'>est</span> <span class='ocrx_word' id='word_1_415' title='bbox 1286 2732 1403 2776; x_wconf 91' lang='lat' dir='ltr'>inter</span> <span class='ocrx_word' id='word_1_416' title='bbox 1430 2731 1656 2791; x_wconf 89' lang='lat' dir='ltr'>originem</span> <span class='ocrx_word' id='word_1_417' title='bbox 1681 2742 1904 2787; x_wconf 87' lang='lat' dir='ltr'>nostram,</span> <span class='ocrx_word' id='word_1_418' title='bbox 1929 2741 1976 2783; x_wconf 73' lang='lat' dir='ltr'>et</span> <span class='ocrx_word' id='word_1_419' title='bbox 1999 2732 2229 2794; x_wconf 72' lang='lat' dir='ltr'>originem</span> 
     </span>
     <span class='ocr_line' id='line_1_39' title="bbox 266 2798 2224 2860; baseline 0.001 -15"><span class='ocrx_word' id='word_1_420' title='bbox 266 2799 452 2854; x_wconf 88' lang='lat' dir='ltr'>Christi,</span> <span class='ocrx_word' id='word_1_421' title='bbox 477 2799 729 2844; x_wconf 90' lang='lat' dir='ltr'>secundum</span> <span class='ocrx_word' id='word_1_422' title='bbox 765 2798 855 2842; x_wconf 91' lang='lat' dir='ltr'>hoc</span> <span class='ocrx_word' id='word_1_423' title='bbox 890 2800 1012 2857; x_wconf 93' lang='lat' dir='ltr'>quod</span> <span class='ocrx_word' id='word_1_424' title='bbox 1046 2813 1152 2843; x_wconf 87' lang='lat' dir='ltr'>caro</span> <span class='ocrx_word' id='word_1_425' title='bbox 1186 2808 1342 2843; x_wconf 92' lang='lat' dir='ltr'>nostra</span> <span class='ocrx_word' id='word_1_426' title='bbox 1376 2800 1498 2858; x_wconf 90' lang='lat' dir='ltr'>prius</span> <span class='ocrx_word' id='word_1_427' title='bbox 1533 2799 1787 2859; x_wconf 88' lang='lat' dir='ltr'>concipitur</span> <span class='ocrx_word' id='word_1_428' title='bbox 1818 2812 1958 2860; x_wconf 80' lang='lat' dir='ltr'>quam</span> <span class='ocrx_word' id='word_1_429' title='bbox 1982 2799 2224 2859; x_wconf 63' lang='lat' dir='ltr'>animetur,</span> 
     </span>
     <span class='ocr_line' id='line_1_40' title="bbox 263 2865 2222 2934; baseline 0.002 -23"><span class='ocrx_word' id='word_1_430' title='bbox 263 2881 358 2934; x_wconf 87' lang='lat' dir='ltr'>non</span> <span class='ocrx_word' id='word_1_431' title='bbox 385 2877 537 2911; x_wconf 91' lang='lat' dir='ltr'>autem</span> <span class='ocrx_word' id='word_1_432' title='bbox 566 2880 671 2910; x_wconf 91' lang='lat' dir='ltr'>caro</span> <span class='ocrx_word' id='word_1_433' title='bbox 697 2865 881 2919; x_wconf 88' lang='lat' dir='ltr'>Christi,</span> <span class='ocrx_word' id='word_1_434' title='bbox 909 2874 975 2909; x_wconf 90' lang='lat' dir='ltr'>est</span> <span class='ocrx_word' id='word_1_435' title='bbox 1000 2866 1252 2910; x_wconf 90' lang='lat' dir='ltr'>secundum</span> <span class='ocrx_word' id='word_1_436' title='bbox 1278 2866 1405 2920; x_wconf 91' lang='lat' dir='ltr'>illud,</span> <span class='ocrx_word' id='word_1_437' title='bbox 1433 2867 1555 2926; x_wconf 94' lang='lat' dir='ltr'>quod</span> <span class='ocrx_word' id='word_1_438' title='bbox 1572 2866 1804 2926; x_wconf 90' lang='lat' dir='ltr'>praecedit</span> <span class='ocrx_word' id='word_1_439' title='bbox 1818 2876 2007 2917; x_wconf 67' lang='lat' dir='ltr'>naturae</span> <span class='ocrx_word' id='word_1_440' title='bbox 2021 2866 2222 2928; x_wconf 76' lang='lat' dir='ltr'>comple-</span> 
     </span>
     <span class='ocr_line' id='line_1_41' title="bbox 265 2930 2226 2992; baseline 0.002 -13"><span class='ocrx_word' id='word_1_441' title='bbox 265 2944 494 2979; x_wconf 89' lang='lat' dir='ltr'>mentum:</span> <span class='ocrx_word' id='word_1_442' title='bbox 527 2933 645 2977; x_wconf 89' lang='lat' dir='ltr'>sicut</span> <span class='ocrx_word' id='word_1_443' title='bbox 671 2943 715 2976; x_wconf 91' lang='lat' dir='ltr'>et</span> <span class='ocrx_word' id='word_1_444' title='bbox 741 2932 861 2991; x_wconf 90' lang='lat' dir='ltr'>quod</span> <span class='ocrx_word' id='word_1_445' title='bbox 889 2946 972 2976; x_wconf 89' lang='lat' dir='ltr'>nos</span> <span class='ocrx_word' id='word_1_446' title='bbox 1000 2933 1287 2992; x_wconf 89' lang='lat' dir='ltr'>concipimur</span> <span class='ocrx_word' id='word_1_447' title='bbox 1310 2948 1362 2978; x_wconf 86' lang='lat' dir='ltr'>ex</span> <span class='ocrx_word' id='word_1_448' title='bbox 1379 2934 1552 2979; x_wconf 90' lang='lat' dir='ltr'>semine</span> <span class='ocrx_word' id='word_1_449' title='bbox 1569 2934 1668 2990; x_wconf 88' lang='lat' dir='ltr'>viri,</span> <span class='ocrx_word' id='word_1_450' title='bbox 1694 2948 1789 2979; x_wconf 91' lang='lat' dir='ltr'>non</span> <span class='ocrx_word' id='word_1_451' title='bbox 1815 2943 1969 2980; x_wconf 85' lang='lat' dir='ltr'>autem</span> <span class='ocrx_word' id='word_1_452' title='bbox 1989 2930 2226 2983; x_wconf 81' lang='lat' dir='ltr'>Christus:</span> 
     </span>
     <span class='ocr_line' id='line_1_42' title="bbox 263 3000 2224 3059; baseline 0.001 -13"><span class='ocrx_word' id='word_1_453' title='bbox 263 3002 344 3046; x_wconf 91' lang='lat' dir='ltr'>sed</span> <span class='ocrx_word' id='word_1_454' title='bbox 370 3000 636 3054; x_wconf 86' lang='lat' dir='ltr'>differentia,</span> <span class='ocrx_word' id='word_1_455' title='bbox 664 3014 780 3059; x_wconf 89' lang='lat' dir='ltr'>quae</span> <span class='ocrx_word' id='word_1_456' title='bbox 808 3009 928 3043; x_wconf 91' lang='lat' dir='ltr'>esset</span> <span class='ocrx_word' id='word_1_457' title='bbox 953 3010 1172 3058; x_wconf 91' lang='lat' dir='ltr'>quantum</span> <span class='ocrx_word' id='word_1_458' title='bbox 1199 3000 1255 3044; x_wconf 91' lang='lat' dir='ltr'>ad</span> <span class='ocrx_word' id='word_1_459' title='bbox 1283 3001 1509 3059; x_wconf 90' lang='lat' dir='ltr'>originem</span> <span class='ocrx_word' id='word_1_460' title='bbox 1527 3001 1707 3046; x_wconf 88' lang='lat' dir='ltr'>animae</span> <span class='ocrx_word' id='word_1_461' title='bbox 1724 3000 2060 3047; x_wconf 87' lang='lat' dir='ltr'>redundaretin</span> <span class='ocrx_word' id='word_1_462' title='bbox 2081 3001 2224 3048; x_wconf 85' lang='lat' dir='ltr'>diver-</span> 
     </span>
     <span class='ocr_line' id='line_1_43' title="bbox 263 3069 676 3114; baseline -0.007 0"><span class='ocrx_word' id='word_1_463' title='bbox 263 3069 444 3114; x_wconf 89' lang='lat' dir='ltr'>sitatem</span> <span class='ocrx_word' id='word_1_464' title='bbox 477 3078 676 3112; x_wconf 88' lang='lat' dir='ltr'>naturae.</span> 
     </span>
    </p>

    <p class='ocr_par' dir='ltr' id='par_1_9' title="bbox 261 3133 2226 3685">
     <span class='ocr_line' id='line_1_44' title="bbox 353 3133 2226 3197; baseline 0.002 -17"><span class='ocrx_word' id='word_1_465' title='bbox 353 3136 428 3180; x_wconf 82' lang='lat' dir='ltr'>An</span> <span class='ocrx_word' id='word_1_466' title='bbox 447 3147 660 3180; x_wconf 69' lang='grc' dir='ltr'>ΤεκτιυΜ</span> <span class='ocrx_word' id='word_1_467' title='bbox 689 3133 947 3187; x_wconf 85' lang='lat' dir='ltr'>dicendum,</span> <span class='ocrx_word' id='word_1_468' title='bbox 974 3133 1095 3192; x_wconf 91' lang='lat' dir='ltr'>quod</span> <span class='ocrx_word' id='word_1_469' title='bbox 1122 3133 1327 3179; x_wconf 86' lang='lat' dir='ltr'>Verbum</span> <span class='ocrx_word' id='word_1_470' title='bbox 1361 3135 1449 3181; x_wconf 90' lang='lat' dir='ltr'>Dei</span> <span class='ocrx_word' id='word_1_471' title='bbox 1481 3151 1561 3196; x_wconf 89' lang='lat' dir='ltr'>per</span> <span class='ocrx_word' id='word_1_472' title='bbox 1592 3136 1716 3196; x_wconf 89' lang='lat' dir='ltr'>prius</span> <span class='ocrx_word' id='word_1_473' title='bbox 1747 3135 2017 3197; x_wconf 78' lang='lat' dir='ltr'>intelligitur</span> <span class='ocrx_word' id='word_1_474' title='bbox 2039 3137 2226 3184; x_wconf 61' lang='lat' dir='ltr'>&#39;unitum</span> 
     </span>
     <span class='ocr_line' id='line_1_45' title="bbox 263 3201 2224 3275; baseline 0.002 -27"><span class='ocrx_word' id='word_1_475' title='bbox 263 3204 401 3258; x_wconf 90' lang='lat' dir='ltr'>carni,</span> <span class='ocrx_word' id='word_1_476' title='bbox 429 3217 567 3262; x_wconf 90' lang='lat' dir='ltr'>quam</span> <span class='ocrx_word' id='word_1_477' title='bbox 601 3202 752 3245; x_wconf 86' lang='lat' dir='ltr'>anima</span> <span class='ocrx_word' id='word_1_478' title='bbox 779 3215 858 3260; x_wconf 90' lang='lat' dir='ltr'>per</span> <span class='ocrx_word' id='word_1_479' title='bbox 885 3201 1074 3244; x_wconf 90' lang='lat' dir='ltr'>modum</span> <span class='ocrx_word' id='word_1_480' title='bbox 1103 3214 1415 3257; x_wconf 88' lang='lat' dir='ltr'>communem,</span> <span class='ocrx_word' id='word_1_481' title='bbox 1435 3218 1526 3263; x_wconf 93' lang='lat' dir='ltr'>quo</span> <span class='ocrx_word' id='word_1_482' title='bbox 1545 3204 1674 3248; x_wconf 92' lang='lat' dir='ltr'>estin</span> <span class='ocrx_word' id='word_1_483' title='bbox 1691 3203 1880 3250; x_wconf 89' lang='lat' dir='ltr'>caeteris</span> <span class='ocrx_word' id='word_1_484' title='bbox 1908 3205 2224 3275; x_wconf 44' lang='lat' dir='ltr'>creaturis-per</span> 
     </span>
     <span class='ocr_line' id='line_1_46' title="bbox 262 3258 2218 3332; baseline 0.002 -17"><span class='ocrx_word' id='word_1_485' title='bbox 262 3270 522 3323; x_wconf 88' lang='lat' dir='ltr'>essentiam,</span> <span class='ocrx_word' id='word_1_486' title='bbox 549 3269 814 3328; x_wconf 85' lang='lat' dir='ltr'>potentiam,</span> <span class='ocrx_word' id='word_1_487' title='bbox 843 3277 887 3311; x_wconf 90' lang='lat' dir='ltr'>et</span> <span class='ocrx_word' id='word_1_488' title='bbox 917 3267 1241 3326; x_wconf 85' lang='lat' dir='ltr'>praesentiam:</span> <span class='ocrx_word' id='word_1_489' title='bbox 1277 3269 1397 3327; x_wconf 89' lang='lat' dir='ltr'>prius</span> <span class='ocrx_word' id='word_1_490' title='bbox 1431 3280 1587 3316; x_wconf 89' lang='lat' dir='ltr'>tamen</span> <span class='ocrx_word' id='word_1_491' title='bbox 1620 3270 1723 3315; x_wconf 91' lang='lat' dir='ltr'>dico</span> <span class='ocrx_word' id='word_1_492' title='bbox 1755 3285 1850 3316; x_wconf 90' lang='lat' dir='ltr'>non</span> <span class='ocrx_word' id='word_1_493' title='bbox 1881 3281 2104 3332; x_wconf 86' lang='lat' dir='ltr'>tempore,</span> <span class='ocrx_word' id='word_1_494' title='bbox 2137 3258 2218 3319; x_wconf 64' lang='lat' dir='ltr'>sed</span> 
     </span>
     <span class='ocr_line' id='line_1_47' title="bbox 261 3333 2224 3398; baseline 0.002 -16"><span class='ocrx_word' id='word_1_495' title='bbox 261 3349 435 3391; x_wconf 90' lang='lat' dir='ltr'>natura,</span> <span class='ocrx_word' id='word_1_496' title='bbox 462 3337 582 3395; x_wconf 89' lang='lat' dir='ltr'>prius</span> <span class='ocrx_word' id='word_1_497' title='bbox 617 3335 737 3380; x_wconf 87' lang='lat' dir='ltr'>enim</span> <span class='ocrx_word' id='word_1_498' title='bbox 771 3333 1040 3392; x_wconf 86' lang='lat' dir='ltr'>intelligitur</span> <span class='ocrx_word' id='word_1_499' title='bbox 1074 3348 1180 3377; x_wconf 84' lang='lat' dir='ltr'>caro</span> <span class='ocrx_word' id='word_1_500' title='bbox 1214 3345 1262 3378; x_wconf 91' lang='lat' dir='ltr'>ut</span> <span class='ocrx_word' id='word_1_501' title='bbox 1294 3337 1525 3394; x_wconf 89' lang='lat' dir='ltr'>quoddam</span> <span class='ocrx_word' id='word_1_502' title='bbox 1553 3352 1647 3392; x_wconf 90' lang='lat' dir='ltr'>ens,</span> <span class='ocrx_word' id='word_1_503' title='bbox 1681 3339 1803 3398; x_wconf 90' lang='lat' dir='ltr'>quod</span> <span class='ocrx_word' id='word_1_504' title='bbox 1831 3353 1857 3384; x_wconf 89' lang='lat' dir='ltr'>a</span> <span class='ocrx_word' id='word_1_505' title='bbox 1882 3338 2037 3384; x_wconf 88' lang='lat' dir='ltr'>Verbo</span> <span class='ocrx_word' id='word_1_506' title='bbox 2067 3368 2070 3370; x_wconf 94' lang='lat'><em>-</em></span> <span class='ocrx_word' id='word_1_507' title='bbox 2106 3339 2224 3395; x_wconf 84' lang='lat' dir='ltr'>abet,</span> 
     </span>
     <span class='ocr_line' id='line_1_48' title="bbox 262 3398 2225 3466; baseline 0.003 -18"><span class='ocrx_word' id='word_1_508' title='bbox 262 3420 400 3464; x_wconf 89' lang='lat' dir='ltr'>quam</span> <span class='ocrx_word' id='word_1_509' title='bbox 429 3414 475 3448; x_wconf 91' lang='lat' dir='ltr'>ut</span> <span class='ocrx_word' id='word_1_510' title='bbox 502 3403 716 3456; x_wconf 85' lang='lat' dir='ltr'>animata,</span> <span class='ocrx_word' id='word_1_511' title='bbox 743 3402 863 3462; x_wconf 91' lang='lat' dir='ltr'>quod</span> <span class='ocrx_word' id='word_1_512' title='bbox 892 3401 1027 3445; x_wconf 86' lang='lat' dir='ltr'>habet</span> <span class='ocrx_word' id='word_1_513' title='bbox 1054 3401 1106 3445; x_wconf 91' lang='lat' dir='ltr'>ab</span> <span class='ocrx_word' id='word_1_514' title='bbox 1136 3401 1312 3447; x_wconf 88' lang='lat' dir='ltr'>anima:</span> <span class='ocrx_word' id='word_1_515' title='bbox 1346 3404 1421 3447; x_wconf 87' lang='lat' dir='ltr'>sed</span> <span class='ocrx_word' id='word_1_516' title='bbox 1457 3405 1626 3450; x_wconf 89' lang='lat' dir='ltr'>unione</span> <span class='ocrx_word' id='word_1_517' title='bbox 1659 3404 1890 3465; x_wconf 80' lang='lat' dir='ltr'>personali</span> <span class='ocrx_word' id='word_1_518' title='bbox 1911 3405 2036 3466; x_wconf 80' lang='lat' dir='ltr'>prius</span> <span class='ocrx_word' id='word_1_519' title='bbox 2088 3398 2090 3401; x_wconf 45' lang='grc'>’</span> <span class='ocrx_word' id='word_1_520' title='bbox 2119 3418 2225 3452; x_wconf 79' lang='lat' dir='ltr'>cun·</span> 
     </span>
     <span class='ocr_line' id='line_1_49' title="bbox 262 3453 2224 3532; baseline 0.002 -17"><span class='ocrx_word' id='word_1_521' title='bbox 262 3472 370 3516; x_wconf 89' lang='lat' dir='ltr'>dum</span> <span class='ocrx_word' id='word_1_522' title='bbox 398 3470 679 3515; x_wconf 89' lang='lat' dir='ltr'>intellectum</span> <span class='ocrx_word' id='word_1_523' title='bbox 712 3478 892 3529; x_wconf 87' lang='lat' dir='ltr'>oportet</span> <span class='ocrx_word' id='word_1_524' title='bbox 924 3468 1045 3527; x_wconf 91' lang='lat' dir='ltr'>quod</span> <span class='ocrx_word' id='word_1_525' title='bbox 1079 3482 1185 3512; x_wconf 88' lang='lat' dir='ltr'>caro</span> <span class='ocrx_word' id='word_1_526' title='bbox 1214 3469 1392 3513; x_wconf 88' lang='lat' dir='ltr'>uniatur</span> <span class='ocrx_word' id='word_1_527' title='bbox 1425 3471 1619 3525; x_wconf 90' lang='lat' dir='ltr'>animae,</span> <span class='ocrx_word' id='word_1_528' title='bbox 1653 3487 1791 3532; x_wconf 88' lang='lat' dir='ltr'>quam</span> <span class='ocrx_word' id='word_1_529' title='bbox 1823 3472 1979 3520; x_wconf 81' lang='lat' dir='ltr'>Verbo</span> <span class='ocrx_word' id='word_1_530' title='bbox 1992 3489 2015 3519; x_wconf 50' lang='lat'>:2</span> <span class='ocrx_word' id='word_1_531' title='bbox 2109 3453 2224 3519; x_wconf 44' lang='grc' dir='ltr'>ἔξει</span> 
     </span>
     <span class='ocr_line' id='line_1_50' title="bbox 263 3534 2222 3603; baseline 0.003 -20"><span class='ocrx_word' id='word_1_532' title='bbox 263 3539 431 3583; x_wconf 87' lang='lat' dir='ltr'>unione</span> <span class='ocrx_word' id='word_1_533' title='bbox 466 3538 519 3581; x_wconf 92' lang='lat' dir='ltr'>ad</span> <span class='ocrx_word' id='word_1_534' title='bbox 558 3537 760 3581; x_wconf 86' lang='lat' dir='ltr'>animam</span> <span class='ocrx_word' id='word_1_535' title='bbox 797 3536 947 3588; x_wconf 86' lang='lat' dir='ltr'>habet,</span> <span class='ocrx_word' id='word_1_536' title='bbox 985 3534 1106 3594; x_wconf 88' lang='lat' dir='ltr'>quod</span> <span class='ocrx_word' id='word_1_537' title='bbox 1144 3535 1200 3578; x_wconf 87' lang='lat' dir='ltr'>sit</span> <span class='ocrx_word' id='word_1_538' title='bbox 1238 3534 1419 3581; x_wconf 88' lang='lat' dir='ltr'>unibilis</span> <span class='ocrx_word' id='word_1_539' title='bbox 1445 3536 1598 3582; x_wconf 88' lang='lat' dir='ltr'>Verbo</span> <span class='ocrx_word' id='word_1_540' title='bbox 1626 3541 1671 3583; x_wconf 90' lang='lat' dir='ltr'>in</span> <span class='ocrx_word' id='word_1_541' title='bbox 1697 3553 1916 3599; x_wconf 87' lang='lat' dir='ltr'>persona:</span> <span class='ocrx_word' id='word_1_542' title='bbox 1951 3553 2035 3603; x_wconf 77' lang='lat' dir='ltr'>pra</span> <span class='ocrx_word' id='word_1_543' title='bbox 2157 3540 2222 3593; x_wconf 81' lang='lat' dir='ltr'>&#39;m</span> 
     </span>
     <span class='ocr_line' id='line_1_51' title="bbox 262 3589 2202 3685; baseline -0.001 -35"><span class='ocrx_word' id='word_1_544' title='bbox 262 3606 368 3666; x_wconf 91' lang='lat' dir='ltr'>quia</span> <span class='ocrx_word' id='word_1_545' title='bbox 394 3618 590 3665; x_wconf 88' lang='lat' dir='ltr'>persona</span> <span class='ocrx_word' id='word_1_546' title='bbox 615 3619 708 3650; x_wconf 90' lang='lat' dir='ltr'>non</span> <span class='ocrx_word' id='word_1_547' title='bbox 736 3603 959 3649; x_wconf 89' lang='lat' dir='ltr'>invenitur</span> <span class='ocrx_word' id='word_1_548' title='bbox 985 3602 1072 3647; x_wconf 89' lang='lat' dir='ltr'>nisi</span> <span class='ocrx_word' id='word_1_549' title='bbox 1097 3602 1143 3647; x_wconf 91' lang='lat' dir='ltr'>in</span> <span class='ocrx_word' id='word_1_550' title='bbox 1175 3602 1386 3647; x_wconf 86' lang='lat' dir='ltr'>rationali</span> <span class='ocrx_word' id='word_1_551' title='bbox 1416 3613 1589 3650; x_wconf 86' lang='lat' dir='ltr'>natura.</span> <span class='ocrx_word' id='word_1_552' title='bbox 2023 3597 2026 3601; x_wconf 43' lang='grc'>“</span> <span class='ocrx_word' id='word_1_553' title='bbox 2048 3597 2055 3610; x_wconf 71' lang='grc'>’</span> <span class='ocrx_word' id='word_1_554' title='bbox 2086 3635 2134 3685; x_wconf 41' lang='lat'>4&amp;</span> <span class='ocrx_word' id='word_1_555' title='bbox 2199 3589 2202 3592; x_wconf 13' lang='grc' dir='ltr'><em>Δ</em></span> 
     </span>
    </p>
   </div>
   <div class='ocr_carea' id='block_1_3' title="bbox 2308 3225 2352 3926">
    <p class='ocr_par' dir='ltr' id='par_1_10' title="bbox 2308 3225 2352 3926">
     <span class='ocr_line' id='line_1_52' title="bbox 2308 3225 2352 3926; baseline 0 0"><span class='ocrx_word' id='word_1_556' title='bbox 2308 3225 2352 3926; x_wconf 95' lang='lat' dir='ltr'> </span> 
     </span>
    </p>
   </div>
  </div>
 </body>
</html>
