2352 3926
734 244 1009 293 QUABSTIO
1050 246 1158 285 LIX.
1201 245 1508 288 ARTICULUS
1548 245 1584 285 1.
2034 246 2135 302 491

181 346 404 392 formatur
426 346 672 406 judicium
709 349 829 394 unde
863 349 1028 394 dicitur
1061 348 1202 394 Eccli.
1242 361 1334 395 10.:
1365 348 1500 406 Iudex
1532 349 1694 409 sapiens
1713 346 1925 407 judicabit
1938 348 2144 408 populum

179 428 313 460 suum.
346 415 493 460 Primo
521 425 673 460 autem
699 415 778 461 duo
804 417 1154 476 praeexiguntur
1179 416 1235 461 ad
1252 416 1497 475 judicium:
1534 415 1613 460 sed
1646 414 1826 475 proprie
1859 415 2027 460 tertium
2063 423 2144 468 est,

180 481 434 527 secundum
461 482 583 542 quod
617 483 835 543 accipitur
865 482 1015 527 forma
1049 483 1227 542 judicii3
1267 483 1373 542 quia
1407 483 1504 542 ipsa
1537 482 1653 526 ratio
1689 481 1846 541 judicii
1878 491 1945 526 est
1977 480 2049 526 lex
2080 494 2146 525 sa-

180 547 391 608 pientiae,
416 548 491 593 vel
514 549 730 604 veritatis,
751 550 1004 595 secundum
1031 550 1444 614 quamnjudicatun
1471 560 1515 594 et
1540 549 1645 608 quia
1666 548 1805 594 Filius
1831 558 1900 593 est
1924 547 2146 608 sapientia

181 615 348 674 genita,
375 625 420 660 et
444 616 609 661 veritas
642 631 668 661 a
699 617 833 661 Patre
865 617 1132 676 procedens,
1166 626 1208 660 et
1239 616 1390 674 ipsum
1421 615 1618 676 perfecte
1647 625 2008 675 repraesentans,
2038 614 2144 660 ideo

179 682 361 744 proprie
385 683 620 741 judiciaria
644 693 844 743 potestas
870 683 1123 727 attribuitur
1148 682 1265 727 Filio
1292 682 1404 737 Dei;
1431 683 1551 727 unde
1577 683 1769 742 August.
1798 682 1907 727 dicit
1930 681 1978 726 in
1994 680 2070 726 lib.
2089 682 2144 726 de

180 747 303 794 Vera
325 748 567 808 Religione
595 750 707 810 (cap.
730 751 839 809 31.).·
868 767 892 792 «
919 750 1044 794 Haec
1073 760 1140 794 est
1171 749 1560 794 incommutabilis
1595 749 1673 793 illa
1707 749 1889 804 veritas,
1923 763 2040 809 quae
2071 747 2145 793 lex

181 816 581 875 omniumartium
606 826 728 862 recte
755 817 930 870 dicitur,
958 826 1001 861 et
1027 831 1098 861 ars
1125 817 1452 875 omnipotentis
1480 816 1686 871 artificis3
1714 826 1760 860 ut
1787 826 1941 861 autem
1966 830 2068 871 nos,
2101 826 2146 860 et

180 896 341 930 ornnes
359 885 539 930 animae
554 885 798 930 rationales
814 886 1066 930 secundum
1082 885 1322 930 veritatem
1340 885 1396 929 de
1414 884 1700 929 inferioribus
1727 894 1847 930 recte
1873 882 2144 943 judicamus,

180 951 245 996 sic
271 952 326 996 de
352 952 499 1007 nobis,
526 951 708 1011 quando
742 952 892 996 eidem
928 952 1245 1006 cohaeremus,
1282 951 1382 996 sola
1416 952 1515 1010 ipsa
1548 952 1713 996 veritas
1738 952 1931 1010 judicat;
1958 951 2014 996 de
2045 952 2145 1011 ipsa

178 1031 289 1062 vero
310 1032 395 1063 nec
421 1019 576 1063 Pater:
599 1033 694 1063 non
721 1019 843 1063 enim
865 1019 1018 1063 minor
1043 1029 1124 1073 est,
1151 1033 1290 1078 quam
1316 1019 1438 1078 ipse:
1466 1028 1510 1062 et
1531 1018 1636 1062 ideo
1664 1033 1779 1077 quae
1806 1019 1942 1063 Pater
1958 1018 2144 1076 judicat,

179 1095 260 1144 per
282 1085 430 1144 ipsam
454 1085 624 1144 judicat
649 1100 698 1140 »3
721 1096 765 1130 et
781 1095 940 1145 postea
957 1086 1213 1130 concludit:
1235 1087 1410 1130 «Pater
1427 1099 1536 1144 ergo
1554 1099 1649 1129 non
1665 1086 1836 1144 judicat
1849 1099 2143 1145 quemquam,

177 1151 256 1196 sed
283 1165 420 1196 omne
446 1153 665 1210 judicium
693 1153 816 1197 dedit
840 1153 955 1196 Filio
984 1170 1023 1197 ›>.

265 1218 344 1264 An
369 1233 557 1266 PRIMUM
583 1234 694 1278 ergo
722 1220 982 1276 dicendum,
1009 1220 1132 1279 quod
1159 1235 1214 1265 ex
1231 1219 1309 1264 illa
1325 1220 1503 1265 ratione
1521 1220 1751 1279 probatur,
1769 1219 1892 1279 quod
1907 1219 2145 1279 judiciaria

177 1295 378 1345 potestas
404 1287 461 1332 sit
486 1287 747 1332 communis
771 1287 856 1331 toti
883 1286 1117 1342 Trinitati;
1144 1287 1268 1347 quod
1293 1302 1453 1332 verum
1481 1298 1571 1332 est:
1599 1287 1679 1331 sed
1710 1297 1865 1331 tamen
1897 1301 1976 1346 per
2008 1301 2145 1347 quan-

178 1352 287 1397 dam
327 1354 745 1414 appropriationem
784 1354 1020 1412 judiciaria
1060 1364 1261 1414 potestas
1303 1354 1558 1399 attribuitur
1597 1353 1729 1408 Filio,
1771 1363 1821 1398 ut
1861 1353 2034 1398 dictum
2078 1363 2146 1399 est

180 1420 247 1478 (in
273 1420 427 1480 corp).

269 1487 347 1532 AD
373 1501 634 1533 SECUNDUM
660 1488 921 1543 dicendum,
949 1487 1086 1548 quod,
1104 1489 1222 1533 sicut
1234 1489 1426 1548 August.
1441 1488 1550 1532 dicit
1566 1488 1612 1533 in
1631 1487 1670 1532 6.
1690 1488 1745 1532 de
1763 1486 1926 1532 Trinit.
1944 1488 2058 1548 (cap.
2077 1503 2143 1534 10.

181 1556 260 1600 cir.
278 1556 461 1615 princ),
493 1556 618 1600 Patri
651 1556 904 1601 attribuitur
940 1558 1179 1601 aeternitas
1211 1567 1395 1616 propter
1432 1556 1886 1601 commendationem
1919 1556 2144 1616 principii,

180 1623 303 1681 quod
329 1623 600 1682 importatur
630 1624 676 1667 in
712 1624 887 1668 ratione
922 1625 1221 1679 aeternitatis;
1255 1624 1423 1668 ibidem
1463 1625 1600 1667 etiam
1634 1624 1827 1682 August.
1865 1623 1988 1678 dicit,
2021 1623 2145 1683 quod

179 1689 319 1735 Filius
341 1700 408 1735 est
423 1705 494 1735 ars
510 1691 679 1746 Patris;
702 1691 765 1735 sic
786 1692 922 1750 igitur
940 1692 1183 1736 auctoritas
1202 1691 1432 1750 judicandi
1449 1691 1702 1735 attribuitur
1718 1691 1855 1745 Patri,
1875 1691 2145 1750 inquantum

180 1767 248 1801 est
272 1757 546 1817 principium
568 1758 691 1802 Filii:
720 1758 798 1802 sed
823 1759 920 1818 ipsa
947 1759 1061 1802 ratio
1088 1758 1243 1817 iudicii
1270 1758 1522 1802 attribuitur
1547 1757 1678 1811 Filio,
1706 1758 1782 1816 qui
1805 1768 1871 1802 est
1897 1773 1983 1812 ars,
2011 1768 2055 1802 et
2080 1772 2146 1803 sa-

178 1825 348 1884 pientia
372 1826 543 1880 Patris;
570 1836 619 1870 ut
644 1825 819 1870 scilicet
843 1827 960 1870 sicut
985 1827 1118 1870 Pater
1134 1825 1242 1870 facit
1255 1826 1411 1869 omnia
1424 1840 1503 1884 per
1515 1825 1978 1884 Filium,inquantum
1992 1835 2059 1870 est
2073 1840 2144 1870 ars

180 1894 289 1952 ejus,
314 1893 378 1938 ita
403 1894 541 1938 etiam
567 1894 735 1952 judicet
761 1894 917 1938 omnia
943 1908 1021 1953 per
1046 1893 1226 1947 Filium,
1252 1894 1523 1952 inquantum
1551 1903 1618 1937 est
1643 1892 1877 1951 sapientia,
1904 1903 1949 1937 et
1978 1893 2144 1937 veritas

180 1961 301 2019 ejus;
323 1970 365 2005 et
391 1960 481 2006 hoc
508 1961 788 2020 significatur
813 1961 860 2004 in
884 1959 1093 2014 Daniele,
1121 1961 1195 2004 ubi
1223 1960 1372 2019 primo
1400 1960 1576 2013 dicitur,
1601 1960 1722 2018 quod
1746 1961 1956 2018 Antiquus
1981 1960 2144 2005 dierum

177 2027 305 2073 sedit:
325 2037 370 2072 et
384 2038 543 2088 postea
560 2028 776 2083 subditur,
795 2028 917 2087 quod
934 2029 1074 2072 Filius
1094 2028 1273 2072 hominis
1292 2029 1486 2087 pervenit
1503 2042 1624 2086 usque
1642 2027 1695 2071 ad
1711 2028 1946 2086 Antiquum
1963 2027 2142 2083 dierum,

179 2100 220 2140 et
241 2094 349 2140 dedit
368 2097 406 2139 ei
429 2101 684 2155 potestatem,
716 2101 752 2140 et
786 2096 999 2150 honorem,
1036 2101 1072 2140 et
1106 2109 1310 2154 regnum:
1337 2109 1417 2153 per
1453 2094 1575 2153 quod
1613 2095 1742 2138 datur
1777 2093 1986 2153 intelligi,
2020 2095 2143 2154 quod

181 2161 426 2207 auctoritas
465 2162 698 2222 judicandi
733 2171 802 2206 est
833 2162 950 2221 apud
981 2162 1182 2217 Patrem,
1215 2176 1241 2206 a
1273 2176 1364 2221 quo
1396 2161 1535 2206 Filius
1569 2162 1745 2221 accepit
1775 2171 2049 2220 potestatem
2080 2163 2145 2222 ju-

180 2228 375 2274 dicandi.

267 2296 344 2341 ΑΙ)
362 2308 575 2342 TERTIUM
604 2296 863 2351 dicendum,
891 2297 1028 2356 quod,
1064 2297 1180 2341 sicut
1216 2297 1409 2356 August.
1447 2296 1555 2340 dicit
1590 2311 1725 2355 super
1747 2296 1878 2355 Joan.
1906 2297 2052 2355 (tract.
2081 2310 2143 2356 95.

178 2364 300 2408 inter.
319 2365 460 2423 princ.
485 2370 523 2409 et
547 2364 691 2422 med),
732 2381 755 2406 «
782 2364 842 2408 ita
870 2364 980 2408 dixit
1006 2363 1231 2418 Christus,
1258 2363 1380 2422 quod
1405 2363 1598 2422 Spiritus
1626 2363 1821 2408 Sanctus
1838 2374 1997 2423 arguet
2012 2379 2145 2408 mun·

179 2430 288 2475 dum
319 2431 376 2475 de
407 2441 612 2490 peccato,
638 2442 858 2491 tanquam
891 2431 1084 2476 diceret:
1116 2430 1198 2475 Ille
1232 2430 1452 2475 diffundet
1483 2431 1530 2474 in
1563 2432 1774 2476 cordibus
1805 2433 1964 2476 vestris
1998 2432 2145 2476 chari-

177 2507 344 2552 tatem3
371 2498 435 2542 sic
468 2498 590 2542 enim
626 2498 792 2543 timore
821 2498 1027 2557 depulso,
1064 2498 1284 2557 arguendi
1319 2498 1542 2542 habebitis
1576 2498 1832 2543 libertatem
1855 2515 1906 2553 »3
1934 2500 1997 2543 sic
2032 2513 2143 2558 ergo

181 2563 368 2624 Spiritui
393 2565 562 2610 Sancto
589 2565 845 2610 attribuitur
868 2565 1103 2624 judicium,
1130 2580 1224 2609 non
1259 2576 1479 2624 quantum
1515 2565 1570 2610 ad
1601 2565 1758 2625 judicii
1790 2566 2030 2621 rationem,
2063 2565 2142 2610 sed

179 2641 398 2691 quantum
426 2631 480 2677 ad
508 2631 721 2678 affectum
747 2633 990 2692 judicandi,
1019 2647 1154 2692 quem
1182 2632 1394 2677 homines
1421 2633 1603 2677 habent.

882 2783 1315 2840 ARTICULUS
1352 2783 1422 2838 II.
2055 2809 2132 2856 321

402 2916 594 2955 UTRUM
626 2917 939 2971 JUDICIARIA
979 2919 1255 2958 POTESTAS
1298 2919 1618 2959 CONVENIAT
1661 2919 1917 2970 CHRISTO‚

727 2992 1028 3032 SECUNDUM
1067 2994 1225 3040 QUOD
1267 2995 1367 3032 EST
1410 2994 1589 3032 HOMO.

267 3101 344 3146 An
371 3114 631 3147 SECUNDUM
657 3101 720 3145 sic
748 3103 1018 3161 proceditur.
1045 3104 1250 3159 Videtur,
1278 3106 1399 3164 quod
1426 3105 1662 3181 judiciaria
1685 3113 1884 3163 potestas
1911 3117 2003 3147 non
2031 3117 2142 3148 con-

178 3170 331 3213 veniat
357 3167 559 3222 ChrIst0‚
586 3169 836 3214 secundum
862 3171 984 3229 quod
1007 3181 1074 3216 est
1097 3172 1267 3216 homo.
1295 3173 1404 3217 dicit
1429 3173 1552 3216 enim
1579 3172 1772 3229 August.
1791 3171 1834 3213 in
1854 3170 1928 3213 lib.
1949 3171 2002 3215 de
2019 3170 2141 3215 Vera

178 3228 420 3293 Religione
447 3235 629 3294 (implic.
652 3243 741 3294 cap.
765 3252 807 3294 31
813 3237 859 3293 .),
888 3237 1009 3296 quod
1040 3254 1063 3279 «
1088 3239 1307 3296 judicium
1336 3239 1590 3283 attribuitur
1616 3237 1746 3292 Filio,
1774 3238 2042 3295 inquantum
2074 3246 2168 3301 est!

176 3301 275 3361 ipsa
296 3300 370 3346 lex
396 3302 568 3360 primae
595 3302 795 3346 veritatis
821 3318 873 3358 »ς
901 3304 977 3347 sed
1009 3304 1100 3348 hoc
1133 3306 1326 3364 pertinet
1358 3306 1413 3349 ad
1449 3306 1698 3357 Christum,
1732 3304 1983 3348 secundum
2017 3304 2140 3363 quod

179 3378 247 3413 est
270 3369 420 3423 Deus;
448 3382 558 3427 ergo
584 3368 819 3427 judiciaria
843 3380 1044 3429 potestas
1069 3386 1163 3416 non
1191 3372 1404 3417 convenit
1432 3372 1632 3425 Christo,
1656 3371 1906 3415 secundum
1934 3371 2056 3430 quod
2074 3379 2141 3416 est

177 3434 339 3490 homo,
360 3435 439 3480 sed
466 3435 716 3479 secundum
743 3437 865 3494 quod
891 3447 958 3482 est
988 3437 1127 3482 Deus.

267 3514 308 3547 2.
335 3502 633 3547 PRAETEREA.
647 3502 719 3546 Ad
737 3503 1019 3560 judiciariam
1030 3516 1308 3581 ‘potestatem
1326 3506 1517 3564 pertinet
1535 3504 1786 3563 praemiare
1803 3504 1918 3548 bene
1937 3514 2138 3563 agentes,

179 3567 298 3613 sicut
321 3578 366 3613 et
390 3569 548 3629 punire
572 3568 743 3614 malos:
770 3570 848 3613 sed
871 3571 1124 3629 praemium
1147 3572 1375 3616 bonorum
1394 3585 1585 3629 operum
1605 3581 1673 3615 est
1690 3570 1920 3616 beatitudo
1939 3581 2137 3626 aeterna,

178 3648 295 3695 quae
318 3649 412 3680 non
441 3635 571 3680 datur
595 3635 682 3680 nisi
707 3650 734 3680 a
755 3635 883 3681 Deo:
909 3636 1019 3683 dicit
1044 3638 1167 3683 enim
1193 3638 1386 3697 August.
1420 3652 1553 3696 super
1578 3636 1709 3695 Joan.
1743 3637 1889 3696 (tract.
1920 3652 1980 3697 23.
2018 3639 2138 3683 «inter
