2352 3926
256 217 363 270 208
759 231 1041 276 QUAESTIO
1082 232 1216 270 xxm.
1257 232 1566 272 Anne-,utus
1606 233 1684 272 111.

255 334 431 388 obtulit,
445 335 523 379 sed
543 336 636 393 ejus
652 335 1062 389 commemorati03
1081 335 1200 380 unde
1217 335 1410 395 August.
1428 336 1538 381 dicit
1553 337 1599 380 in
1622 349 1687 381 10.
1713 337 1768 381 de
1789 336 1890 381 Civ.
1907 337 1998 382 Dei
2015 337 2128 396 (cap.
2148 351 2221 384 20.

254 403 299 445 in
321 402 448 458 med.)
463 418 476 446 .·
508 418 531 442 «
551 401 776 445 Sacerdos
801 401 898 459 ipse
925 401 1134 446 Christus
1160 401 1372 458 offerens,
1397 403 1494 462 ipse
1520 414 1565 448 et
1590 403 1786 448 oblatio:
1816 404 1944 462 cujus
1968 404 2035 448 rei
2063 403 2224 448 Sacra-

258 479 467 512 mentum
494 468 810 526 quotidianum
836 482 935 512 esse
960 468 1106 513 voluit
1130 468 1364 514 Ecclesiae
1387 469 1721 515 sacrificium».

347 536 423 579 AD
452 548 667 580 TERTmM
694 534 953 588 dicendum,
980 535 1116 594 quod,
1139 536 1256 580 sicut
1283 537 1413 596 Orig.
1441 537 1550 580 dicit
1575 551 1709 596 super
1721 537 1853 594 Joan.
1877 536 1994 592 (tom.
2017 551 2059 596 9.
2084 551 2220 585 sccun-

256 601 355 645 dum
387 605 472 660 ejus
499 602 684 645 ordinem
715 608 803 660 sup.
831 601 934 645 illud
953 602 1076 658 Joan.
1103 617 1167 648 L:
1202 604 1308 648 Ecce
1337 605 1481 662 Agnus
1507 605 1628 661 Dei),
1662 603 1769 647 licet
1794 603 1972 647 diversa
2004 602 2222 649 animalia

257 668 303 711 in
330 669 472 712 veteri
497 667 599 726 lege
627 667 921 723 offerrentur3
949 668 1265 728 quotidianum
1296 680 1451 714 tamen
1478 669 1765 723 sacrificium,
1792 668 1916 728 quod
1948 667 2224 715 offerebatur

259 749 410 788 mane,
438 745 481 778 et
506 749 707 792 vespere,
727 744 824 779 erat
840 749 997 793 agnus,
1024 745 1074 780 ut
1097 736 1289 780 habetur
1305 736 1453 780 Nums
1473 736 1567 780 28.:
1587 734 2076 795 unde”significabatur,
2098 736 2221 795 quod

244 799 429 844 'oblatio
463 801 570 860 agni
601 802 709 855 veri,
737 802 852 846 idest
884 801 1069 856 Christi,
1103 813 1221 846 esset
1252 803 1526 848 sacrificium
1560 803 1980 847 consummativum
2010 803 2222 847 omnium

259 869 478 914 aliorum:
503 879 548 913 et
571 869 678 913 ideo
698 869 829 928 Joan.
862 884 898 914 1.
925 869 1110 915 dicitur:
1144 871 1249 914 Ecce
1276 871 1424 928 Agnus
1454 871 1553 924 Dei,
1583 871 1655 929 qui
1680 870 1786 914 tollit
1804 875 1978 929 peccata
2002 869 2163 917 mundi.

953 1030 1385 1088 ARTICULUS
1429 1031 1525 1086 IV.
2141 1059 2220 1105 133

668 1157 862 1205 UTRUM
900 1166 1177 1204 EFFECTUS
1220 1165 1552 1204 SACERDOTII
1595 1165 1815 1204 CHRISTI

357 1249 475 1289 NON
509 1249 696 1287 SOLUM
735 1250 808 1286 AD
848 1248 1004 1286 ALIOS
1045 1247 1428 1298 PERTINUERIT,
1463 1248 1563 1284 SED
1604 1247 1776 1285 ETIAM
1809 1247 1884 1284 AD
1926 1246 2108 1285 IPSUM.

878 1359 939 1430 (4.
966 1360 1078 1402 Dist.
1105 1372 1147 1414 4.
1175 1373 1212 1416 q.
1246 1369 1281 1400 ι.
1309 1363 1391 1402 art.
1414 1372 1450 1416 3.
1474 1372 1512 1415 q.
1538 1358 1609 1414 5.).

347 1472 424 1515 AD
445 1483 683 1522 QUARTUM
710 1471 773 1514 sic
792 1470 1065 1530 proceditur.
1092 1468 1296 1522 Videtur,
1315 1469 1438 1527 quod
1456 1467 1648 1512 effectus<
1669 1467 1912 1512 sacerdotii
1935 1467 2109 1513 Christi
2127 1482 2224 1514 non

255 1537 407 1582 solum
434 1538 698 1597 pertinuerit
724 1538 779 1581 ad
807 1537 935 1591 alios,
963 1537 1041 1580 sed
1069 1536 1207 1580 etiam
1235 1535 1327 1579 ad
1316 1549 1490 1594 1psum:
1519 1535 1573 1578 ad
1597 1533 1801 1579 officium
1828 1534 1952 1579 enim
1974 1534 2225 1581 sacerdotis

254 1605 448 1664 pertinet
474 1619 556 1664 pro
575 1604 747 1664 populo
783 1619 929 1657 orare,
953 1602 1204 1648 secundum
1223 1601 1333 1646 illud
1363 1615 1402 1645 2.
1429 1602 1641 1645 Machab.
1661 1616 1696 1646 1.
1709 1602 1995 1647 :Orationem
2007 1602 2226 1661 faciebant

254 1672 497 1728 sacerdotes,
527 1672 626 1716 dum
652 1677 1008 1716 consummaretur
1038 1671 1323 1728 sacrificium:
1351 1668 1430 1713 sed
1468 1653 1678 1713 Christus
1710 1683 1804 1712 non
1831 1668 1984 1713 solum
2008 1683 2092 1728 pro
2124 1667 2224 1714 aliis

256 1740 417 1793 oravit,
437 1739 515 1783 sed
534 1739 673 1782 etiam
690 1753 772 1797 pro
792 1738 958 1797 seipso,
977 1736 1231 1781 secundum
1248 1735 1371 1794 quod
1389 1750 1524 1794 supra
1544 1735 1717 1779 dictum
1735 1745 1803 1780 est
1815 1736 1876 1795 (q.
1887 1743 2032 1796 praec.
2050 1742 2134 1782 art.
2144 1750 2167 1796 3
2171 1736 2224 1794 .).·

257 1808 373 1850 sicut
400 1821 608 1865 expresse
627 1806 789 1849 dicitur
812 1805 926 1849 Heb.
950 1818 1002 1862 5.,
1025 1803 1182 1863 quod
1166 1819 1212 1847 m
1237 1803 1376 1847 diebus
1393 1804 1532 1847 caruis
1547 1817 1643 1847 suae
1659 1810 1816 1862 preces,
1834 1802 2226 1862 supplicationesque

258 1874 311 1917 ad
336 1875 495 1927 Deum,
514 1875 586 1931 qui
605 1875 733 1932 possit
754 1873 874 1916 illum
898 1873 1064 1915 salvum
1076 1871 1221 1929 facere
1243 1884 1269 1914 a
1290 1875 1434 1923 morte,
1454 1885 1548 1914 cum
1575 1870 1755 1914 clamore
1780 1869 1940 1924 valido,
1965 1875 2004 1914 et
2029 1869 2225 1928 lacrymis

256 1941 402 1985 obtulit
412 1956 430 1998 ,-
450 1954 560 1999 ergo
583 1939 895 1984 sacerdotium
914 1938 1088 1983 Christi
1104 1936 1318 1982 effectum
1336 1937 1495 1981 habuit
1511 1950 1606 1980 non
1624 1935 1776 1980 solum
1792 1936 1839 1980 in
1857 1935 1971 1991 aliis,
1989 1937 2068 1981 sed
2085 1938 2224 1981 etiam

257 2008 303 2051 in
330 2008 496 2065 seipso.

346 2088 386 2118 2.
414 2074 712 2118 PRAETEREA.
748 2072 957 2116 Christus
991 2070 1266 2115 sacrificium
1293 2069 1455 2114 obtulit
1480 2069 1680 2129 seipsum
1707 2069 1753 2113 in
1780 2084 1862 2114 sua
1883 2070 2119 2128 passione;
2145 2070 2224 2116 sed

256 2155 336 2200 per
352 2141 613 2200 passionem
639 2154 771 2184 suam
796 2153 891 2182 non
913 2137 1065 2182 solum
1093 2137 1190 2181 aliis
1209 2138 1387 2190 meruit,
1414 2138 1491 2181 sed
1510 2137 1647 2181 etiam
1671 2137 1767 2190 sibi,
1791 2146 1840 2180 ut
1864 2151 2000 2196 supra
2016 2136 2224 2182 habitum

259 2218 326 2252 est
352 2208 412 2265 (q.
439 2222 506 2266 19.
529 2213 608 2251 art.
627 2221 663 2266 3.
691 2212 728 2250 et
751 2206 843 2263 4.),·
868 2219 978 2263 ergo
996 2205 1304 2248 sacerdotium
1333 2204 1504 2248 Christi
1530 2218 1624 2248 non
1651 2203 1802 2248 solum
1824 2203 1983 2248 habuit
2009 2202 2224 2249 effectum

258 2276 306 2319 in
333 2275 447 2329 aliis,
474 2275 550 2318 sed
579 2275 717 2318 etiam
745 2274 791 2317 in
818 2274 982 2332 seipso.

350 2358 386 2401 3.
413 2343 712 2387 PRAETEREA.
738 2340 1057 2385 Sacerdotium
1080 2339 1242 2383 veteris
1261 2338 1375 2398 legis
1397 2338 1480 2382 fuit
1503 2339 1646 2397 figura
1663 2338 1908 2384 sacerdotii
1929 2338 2122 2384 Christi:
2144 2338 2224 2383 sed

256 2409 470 2454 sacerdos
496 2408 660 2452 veteris
688 2407 802 2466 legis
834 2422 929 2451 non
955 2406 1106 2451 solum
1139 2420 1221 2465 pro
1249 2405 1364 2459 aliis,
1391 2406 1470 2450 sed
1498 2407 1635 2450 etiam
1663 2420 1745 2464 pro
1773 2405 1923 2465 seipso
1949 2404 2226 2450 sacrificium
2304 2449 2308 2454 ,

257 2475 498 2521 offerebat:
522 2475 685 2535 dicitu-r
703 2477 824 2519 enim
852 2475 995 2518 Levit.
1019 2472 1100 2527 16„
1119 2473 1241 2532 quod
1259 2473 1452 2531 Pontifex
1469 2472 1700 2531 ingreditur
1724 2474 2029 2526 sanctuarium,
2053 2477 2098 2517 ut
2113 2478 2226 2532 roget

248 2552 331 2604 pro
356 2559 411 2597 se,
439 2549 475 2586 et
494 2550 575 2602 pro
599 2541 718 2585 domo
744 2556 836 2595 sua,
863 2548 901 2586 et
917 2549 1000 2600 pro
1027 2542 1220 2585 universo
1248 2546 1361 2584 coetu
1376 2540 1572 2598 filiorum
1592 2540 1751 2596 Israel,·
1775 2553 1886 2599 ergo
1912 2539 2052 2584 etiam
2076 2551 2223 2584 sacer-

256 2610 434 2654 dotium
461 2609 634 2653 Christi
659 2623 754 2652 non
781 2607 932 2652 solum
957 2608 1004 2650 in
1033 2607 1144 2660 aliis,
1172 2607 1251 2651 sed
1278 2609 1323 2650 in
1350 2607 1502 2664 seipso
1530 2605 1744 2650 effectum
1766 2606 1940 2652 habuit.

350 2677 444 2720 SED
464 2689 660 2720 CONTRA
676 2685 756 2728 est,
774 2675 896 2734 quod
914 2675 960 2717 in
979 2674 1209 2733 Ephesina
1234 2673 1424 2732 Synodo
1443 2674 1600 2731 (gener.
1619 2689 1656 2732 3.
1671 2680 1788 2732 part.
1800 2689 1838 2733 3.
1865 2680 1955 2733 cap.
1973 2688 2010 2718 1.
2027 2687 2120 2718 can.
2135 2673 2224 2731 ιο.)

256 2744 449 2803 legitur:
481 2761 503 2785 «
525 2743 574 2786 Si
601 2743 699 2802 quis
727 2743 848 2796 dicit,
877 2742 1113 2786 Christum
1140 2755 1222 2800 pro
1250 2755 1298 2785 se
1325 2740 1542 2785 obtulisse
1572 2739 1868 2794 oblationem,
1895 2750 1941 2785 et
1963 2753 2059 2784 non
2076 2739 2225 2799 magis

256 2825 339 2871 pro
365 2811 497 2854 nobis
523 2809 674 2853 solum
707 2810 822 2867 (non
849 2809 973 2852 enim
998 2808 1190 2867 indiguit
1225 2807 1465 2862 sacrificio,
1499 2807 1576 2867 qui
1601 2818 1844 2866 peccatum
1869 2806 2097 2865 nescivit),
2123 2821 2225 2851 ana·

258 2879 414 2923 thema
431 2877 524 2921 sit»
542 2894 551 2922 :
569 2877 648 2921 sed
670 2876 716 2919 in
734 2875 958 2920 sacrificio
987 2874 1220 2919 offerendo
1244 2875 1480 2934 potissime
1499 2874 1749 2918 sacerdotis
1767 2874 1974 2919 consistit
1994 2872 2224 2929 officiuim

259 2958 369 3004 ergo
398 2943 707 2988 sacerdotium
735 2942 907 2987 Christi
933 2957 1026 2986 non
1049 2942 1205 2985 habuit
1231 2940 1444 2985 effectum
1471 2941 1518 2985 in
1539 2941 1639 3000 ipso
1664 2940 1866 2986 Christo.

350 3011 639 3056 RESPONDEO
683 3009 942 3062 dicendum,
977 3009 1113 3067 quod,
1146 3009 1263 3052 sicut
1289 3008 1456 3052 dictum
1489 3018 1555 3052 est
1580 3010 1680 3063 (art.
1714 3024 1749 3054 ι.
1774 3008 1860 3068 huj.
1902 3008 1979 3068 q.),
2010 3007 2225 3053 sacerdos

257 3078 545 3123 constituitur
570 3076 746 3121 medius
773 3076 887 3119 inter
914 3076 1081 3129 Deum,
1108 3085 1152 3119 et
1178 3074 1421 3134 populum:
1463 3074 1540 3119 ille
1583 3085 1737 3119 autem
1772 3074 1948 3134 indiget
1978 3074 2133 3120 medio
2166 3073 2223 3119 ad

256 3146 425 3199 Deum,
453 3145 529 3204 qui
552 3158 632 3204 per
658 3145 857 3203 seipsum
886 3142 1101 3185 accedere
1130 3142 1184 3185 ad
1211 3142 1362 3185 Deum
1395 3156 1490 3186 non
1531 3152 1701 3201 potest:
1743 3150 1789 3187 et
1827 3140 1930 3187 talis
1966 3140 2226 3187 sacerdotio

256 3213 505 3270 subjicitur,
532 3210 747 3255 effectum
773 3209 1014 3254 sacerdotii
1041 3209 1338 3267 participans;
1360 3209 1452 3253 hoc
1477 3219 1629 3253 autern
1653 3208 1839 3255 Christo
1860 3222 1956 3253 non
1978 3208 2221 3268 competit:

257 3280 366 3323 dicit
399 3279 522 3324 enim
550 3276 802 3338 Apostolus
830 3276 884 3320 ad
918 3276 1030 3319 Heb.
1080 3288 1143 3333 7.:
1178 3275 1383 3320 Accedens
1410 3285 1487 3335 per
1516 3278 1771 3335 semetipsum
1797 3275 1852 3320 ad
1885 3276 2044 3330 Deum,
2068 3282 2224 3335 semper

254 3349 400 3391 vivens
432 3346 485 3391 ad
511 3343 859 3405 interpellandum
877 3350 960 3402 pro
981 3343 1130 3386 nobis:
1158 3352 1203 3386 et
1233 3342 1337 3386 ideo
1368 3343 1531 3387 Christo
1555 3358 1638 3388 non
1670 3344 1862 3389 convenit
1884 3342 2070 3402 effectum
2092 3355 2227 3387 sacer·

257 3413 361 3458 dotii
386 3415 431 3457 in
451 3429 488 3457 se
513 3414 729 3471 suscipere,
757 3410 835 3455 sed
863 3409 1011 3470 potius
1034 3409 1183 3467 ipsum
1207 3407 1305 3452 aliis
1324 3410 1690 3455 communicare:
1718 3409 1918 3468 primum
1935 3409 2060 3454 enim
2081 3420 2223 3467 agens

256 3480 303 3523 in
336 3479 539 3538 quolibet
571 3492 736 3538 genere
767 3478 830 3522 ita
862 3486 929 3521 est
952 3474 1159 3529 influenS,
1189 3475 1310 3534 quod
1342 3489 1436 3519 non
1475 3486 1542 3520 est
1577 3476 1800 3535 recipiens
1834 3475 1880 3520 in
1915 3488 2084 3535 genere
2115 3473 2222 3519 mo:

258 3548 374 3591 sicut
399 3547 468 3591 sol
494 3546 736 3600 illuminat,
763 3544 842 3589 sed
867 3557 960 3588 non
986 3542 1280 3595 illuminatur,
1320 3552 1364 3586 et
1403 3542 1521 3601 ignis
1549 3542 1770 3598 calefacit,
1810 3542 1891 3587 sed
1926 3555 2021 3587 non
2051 3540 2223 3588 calefit:

261 3613 468 3659 Christus
496 3623 648 3658 autem
681 3623 748 3658 est
772 3611 876 3656 fons
901 3610 1040 3655 totius
1066 3608 1331 3654 sacerdotii:
1369 3623 1478 3652 nam
1512 3610 1725 3654 sacerdos
1766 3608 1926 3669 legalis
1952 3617 2050 3654 etat
2077 3606 2226 3668 figura
