2352 3926
603 204 882 252 QUAESTIO
923 202 1112 241 XXXIX.
1154 199 1462 241 ARTICULUS
1501 197 2058 252 v1.337

99 294 263 368 fiat
283 313 344 357 D.
369 311 447 356 Th.
467 317 555 370 sup.
572 308 677 354 illud
693 308 796 353 Luc.
815 321 880 367 3..·
896 305 994 365 Iesu
1018 304 1265 365 baptizato),
1296 319 1320 345 «
1343 317 1450 348 cum
1477 302 1718 380 oportebat
1738 299 1949 346 delictis
1938 314 2065 359 igno-

14 391 228 429 scere
244 395 287 433 ιο,
313 376 435 438 quod
462 376 520 421 sit
551 378 597 420 in
628 375 890 434 baptismo,
907 387 932 415 α
956 371 1260 416 mansuetudo
1296 370 1554 415 necessaria
1588 378 1697 423 erat,
1728 382 1845 429 quae
1878 368 2066 413 demon-

101 456 267 493 stratur
291 445 338 490 in
356 443 595 489 columba:
622 442 702 487 sed
720 442 795 486 ubi
818 439 971 501 adepti
989 453 1150 484 sumus
1169 438 1378 498 gratiam,
1395 447 1535 482 restat
1550 437 1706 497 judicii
1728 446 1923 497 tempus,
1940 438 2063 498 quod

80 532 85 545 ·-
101 512 382 576 significatur
406 525 487 579 per
512 512 668 570 ignem
687 525 729 553 1).

1756 583 1775 602 0

781 652 1217 711 ARTICULUS
1258 653 1387 708 VII.
1981 683 2068 716 220

179 779 373 823 UTRUM
411 778 553 818 ILLA,
579 744 856 826 COLUMBA‚
895 776 951 813 IN
994 775 1110 820 QUO
1146 773 1415 812 APPARUIT
1450 774 1691 813 SPIRITUS
1726 776 1991 829 SANCTUS,

745 850 942 888 FUERIT
982 849 1168 887 VERUM
1209 849 1434 887 ANIMAL.

585 938 725 997 (joan.
759 954 794 983 1.
828 938 915 982 lect.
948 951 1018 982 20.
1051 943 1090 982 et
1119 944 1252 996 opusc.
1287 936 1358 982 60.
1392 943 1481 996 cap.
1515 937 1593 996 9.).

195 1047 272 1090 An
304 1057 547 1090 sup-rmum
573 1043 637 1087 sic
663 1043 936 1102 proceditur.
963 1041 1168 1094 Videtur,
1195 1041 1317 1100 quod
1343 1040 1422 1084 illa
1449 1040 1678 1095 columba,
1700 1043 1747 1086 in
1770 1058 1858 1102 qua
1882 1044 2074 1103 Spiritus

9 1121 32 1164 'ji
109 1113 303 1159 Sanctus
335 1112 554 1172 apparuit,
579 1124 673 1154 non
696 1110 830 1153 fuerit
853 1123 1012 1153 verum
1042 1108 1235 1152 animal:
1269 1108 1380 1152 illud
1414 1109 1536 1152 enim
1568 1109 1745 1154 videtur
1770 1112 1922 1168 specie
1943 1122 2074 1156 tenus

28 1209 32 1212 -
100 1194 340 1241 apparere,
367 1179 489 1239 quod
522 1179 775 1223 secundum
807 1177 1153 1221 similitudinem
1186 1187 1392 1235 apparet:
1426 1176 1504 1220 sed
1538 1176 1649 1221 Luc,
1687 1192 1723 1236 3.
1758 1178 1921 1222 dicitur
1954 1180 2077 1238 quod

22 1250 55 1307 ‘513'
107 1247 309 1294 descendit
338 1248 519 1306 Spiritus
549 1247 724 1291 Sanctus
755 1245 967 1304 corporali
997 1246 1140 1303 specie,
1177 1246 1284 1288 sicut
1314 1244 1518 1297 columba,
1551 1245 1596 1287 in
1627 1246 1790 1303 ipsum;
1838 1259 1933 1290 non
1966 1261 2077 1306 ergo

107 1314 193 1360 fuit
214 1328 323 1359 vera
347 1313 576 1368 columba,
609 1312 688 1357 sed
721 1312 944 1371 quaedam
977 1311 1228 1356 similitudo
1261 1310 1518 1354 columbae.

199 1394 241 1426 2.
266 1381 564 1426 Pium-anm.
603 1380 733 1424 Sicut
762 1389 923 1423 natura
954 1377 1070 1422 nihil
1101 1378 1210 1422 facit
1240 1377 1417 1431 frustra,
1449 1378 1513 1422 ita
1544 1392 1629 1422 nec
1661 1379 1807 1434 Deus,
1836 1389 1886 1424 ut
1917 1380 2080 1425 dicitur

110 1449 159 1494 in
183 1461 220 1493 1.
238 1448 295 1493 de
318 1447 470 1494 Coelo
497 1448 600 1506 (tex.
629 1461 693 1506 32.
726 1453 765 1492 et
795 1447 867 1491 lib.
901 1461 941 1491 2.
978 1452 1057 1491 tex.
1085 1446 1204 1505 59.).·
1238 1445 1319 1489 sed
1352 1459 1459 1488 cum
1492 1444 1709 1490 columba
1733 1446 1811 1491 illa
1833 1461 1928 1491 non
1950 1448 2083 1492 adve-

13 1511 36 1546 ‘1
110 1515 242 1568 uerit,
266 1515 357 1559 nisi
379 1521 427 1559 ut
450 1514 611 1573 aliquid
640 1515 905 1573 significaret,
933 1520 1056 1572 atque
1081 1514 1349 1573 praeteriret,
1384 1522 1433 1556 ut
1459 1512 1578 1572 Aug.
1613 1513 1723 1558 dicit
1753 1515 1800 1558 in
1833 1527 1872 1558 2.
1901 1515 1956 1559 de
1985 1513 2084 1559 Tri-

11 1621 24 1642 ῆ
110 1582 252 1627 nitate
286 1582 398 1642 (cap.
430 1581 472 1627 6.
504 1583 550 1625 in
570 1581 688 1641 fin),
720 1580 884 1624 frustra
917 1579 1075 1624 fuisset
1103 1593 1214 1624 vera
1246 1578 1487 1641 columba:
1522 1580 1628 1639 quia
1667 1581 1758 1625 hoc
1801 1582 1951 1641 ipsum
1983 1581 2083 1627 fieri

112 1659 291 1709 poterat
310 1663 390 1708 per
406 1647 648 1693 columbae
665 1647 1033 1701 similitudinem3
1051 1661 1144 1690 non
1164 1660 1274 1705 ergo
1292 1645 1370 1690 illa
1388 1646 1603 1691 columba
1619 1646 1703 1692 fuit
1717 1663 1879 1693 verum
1897 1648 2082 1694 animal.

206 1731 243 1776 3.
268 1716 566 1761 PRAETEREA.
594 1715 901 1774 Proprietates
943 1713 1184 1773 cujuslibet
1209 1716 1274 1758 rei
1300 1713 1472 1757 ducunt
1497 1714 1544 1758 in
1577 1715 1888 1774 cognitionem
1921 1726 2084 1760 natura

24 1778 48 1816 ἶ
113 1782 234 1828 illius
265 1783 352 1826 rei:
387 1782 425 1826 si
457 1795 566 1841 ergo
598 1781 756 1825 fuisset
779 1780 858 1825 illa
884 1780 1100 1825 columba
1120 1794 1283 1825 verum
1306 1779 1490 1836 animal,
1516 1782 1813 1840 proprietates
1839 1781 2084 1826 columbae

28 1845 445 1911 2-,saignificassent
468 1858 679 1892 naturam
699 1848 796 1892 veri
822 1847 1047 1901 animalis,
1074 1861 1168 1891 non
1193 1857 1345 1891 autem
1365 1846 1552 1892 effectus
1577 1848 1768 1908 Spiritus
1792 1849 1971 1903 Sancti;
1989 1862 2084 1892 non

46 1921 228 1982 ,ᾗςὲτςο
257 1916 448 1970 videtur,
480 1915 602 1975 quod
634 1914 713 1959 illa
745 1915 960 1959 columba
991 1914 1128 1959 fuerit
1157 1929 1318 1958 verum
1351 1914 1535 1961 animal.

130 2013 135 2017 «
206 1983 301 2030 SED
328 1996 524 2029 CONTRA
550 1992 618 2027 est
649 1982 771 2041 quod
803 1983 997 2041 August.
1030 1982 1139 2026 dicit
1164 1982 1210 2025 in
1237 1981 1311 2026 lib.
1335 1983 1389 2026 de
1412 1983 1579 2041 Agone
1600 1984 1861 2028 Christiano
1884 1986 1993 2044 (cap.
2016 1999 2084 2029 22.

43 2047 77 2102 i*
117 2051 323 2109 a'med.).·
353 2066 378 2093 c<
393 2050 556 2110 Neque
573 2050 663 2094 hoc
681 2051 743 2094 ita
760 2050 969 2103 dicimus,
1002 2045 1052 2093 u‘t
1073 2049 1330 2093 Dominum
1347 2050 1502 2107 Jesum
1527 2050 1762 2095 Christum
1790 2052 1996 2096 dicamus
2017 2066 2088 2096 so·

116 2118 213 2165 lum
244 2132 405 2163 verum
437 2131 599 2178 corpus
631 2118 857 2171 habuisse,
886 2117 1106 2176 Spiritum
1140 2127 1294 2160 autem
1328 2117 1551 2161 Sanctum
1581 2117 1803 2163 fallaciter
1826 2120 2085 2179 apparuisse

47 2219 49 2227 2
119 2185 273 2232 oculis*
296 2185 562 2231 hominum:
595 2185 675 2230 sed
708 2185 845 2229 ambo
877 2183 956 2228 illa
988 2198 1183 2243 corpora
1215 2198 1324 2228 vera
1357 2198 1454 2228 esse
1489 2185 1715 2230 credimus
1743 2202 1783 2230 ».

138 2294 142 2295 γ
206 2253 495 2299 ΚεεΡοΝῡΕο
523 2253 781 2306 dicendum,
822 2253 959 2311 quod,
993 2253 1110 2296 sicut
1141 2266 1275 2311 supra
1310 2252 1482 2296 dictum
1515 2262 1582 2296 est
1612 2253 1674 2311 (q.
1704 2268 1741 2312 5.
1777 2260 1859 2299 art.
1886 2253 1961 2311 1.),
1994 2267 2088 2298 11011

118 2321 322 2375 decebat,
353 2331 404 2365 ut
433 2320 573 2365 Filius
604 2320 708 2374 Dei,
735 2321 812 2379 qui
834 2330 902 2364 est
922 2319 1088 2364 veritas
1111 2320 1271 2373 Patris,
1299 2319 1450 2378 aliqua
1472 2319 1658 2364 fictione
1680 2330 1898 2365 uteretur:
1924 2331 1968 2365 et
1983 2321 2088 2364 ideo

118 2392 215 2435 non
243 2388 596 2449 phantasticum,
628 2387 707 2431 sed
739 2401 900 2432 verum
934 2400 1100 2446 corpus
1134 2382 1333 2446 accepit:
1369 2397 1414 2431 et
1445 2387 1550 2446 quia
1584 2387 1778 2446 Spiritus
1812 2388 2008 2435 Sanctus
2031 2388 2092 2431 di·

0 2450 64 2516 [ᾗ
121 2454 236 2501 citur
264 2457 438 2515 spiritus
475 2457 680 2509 veritatis,
715 2465 764 2498 ut
795 2464 920 2512 patet
959 2454 1090 2512 Joan.
1146 2452 1211 2499 16.
1244 2454 1350 2498 ideo
1383 2455 1522 2498 etiam
1563 2456 1643 2514 ipse
1674 2471 1822 2500 verum
1854 2457 2092 2501 columbam

122 2523 340 2577 formavit,
363 2524 409 2567 in
433 2536 516 2581 qua
541 2527 790 2582 appareret;
821 2521 928 2565 licet
953 2535 1047 2565 non
1075 2531 1326 2566 assumeret
1351 2521 1498 2580 ipsam
1525 2522 1571 2565 in
1600 2523 1817 2567 unitatem
1844 2537 2090 2582 personae3

0 2595 4 2650 ζ
122 2589 244 2635 unde
266 2601 372 2649 post
391 2589 621 2648 praedicta
647 2589 784 2633 verba
808 2589 1001 2647 August.
1026 2588 1198 2633 subdit:
1231 2604 1255 2630 «
1274 2588 1402 2633 Sicut
1417 2602 1511 2633 non
1540 2591 1793 2648 oportebat,
1813 2601 1861 2638 ut
1875 2590 2090 2635 homines

0 2652 22 2704 ἶ
48 2670 94 2714 {gx
122 2655 300 2703 falleret
322 2656 442 2700 filius
467 2657 578 2710 Dei;
604 2656 668 2700 sic
697 2657 836 2700 etiam
862 2670 956 2699 non
983 2657 1236 2715 oportebat,
1264 2666 1312 2700 ut
1337 2655 1513 2700 falleret
1546 2657 1738 2714 Spiritus
1767 2658 1989 2702 Sanctus:
2014 2657 2092 2702 sed

0 2731 25 2769 J
54 2724 81 2785 73
125 2723 430 2784 omnipotenti
470 2724 589 2777 Deo,
626 2724 703 2782 qui
735 2723 996 2767 universam
1030 2734 1285 2767 creaturam
1326 2738 1380 2767 ex
1411 2723 1557 2768 nihilo
1589 2723 1839 2779 fabricavit,
1871 2739 1966 2769 non
1999 2734 2096 2768 erat

0 2796 6 2847 ξ
125 2787 307 2835 difficile
338 2804 499 2835 verum
532 2804 697 2848 corpus
730 2789 974 2834 columbae
1007 2790 1103 2834 sine
1138 2790 1331 2834 aliarum
1365 2790 1686 2834 columbarum
1720 2792 1958 2836 ministero
1985 2791 2096 2850 figu-

0 2865 3 2889 :
29 2867 74 2914 ²43
124 2870 247 2901 rare:
246 2847 389 2901 sicut
412 2870 506 2901 non
537 2856 621 2901 fuit
648 2858 690 2901 ei
722 2856 905 2902 difficile
936 2871 1099 2901 verum
1127 2871 1292 2933 corpus
1318 2857 1365 2901 in
1392 2868 1522 2902 utero
1555 2858 1729 2903 Mariae
1757 2860 1854 2904 sine
1880 2858 2001 2902 virili
2031 2872 2096 2902 se-

0 2941 3 2973 ι
126 2923 253 2969 mine
277 2922 520 2979 fabricare3
548 2939 654 2968 cum
682 2934 887 2968 creatura
915 2939 1135 2983 corporea
1154 2934 1199 2968 et
1224 2925 1269 2968 in
1295 2926 1544 2969 visceribus
1568 2924 1799 2970 foeminae
1828 2926 1882 2970 ad
1900 2925 2098 2970 forman-

0 2989 3 3009 ³
36 3033 65 3055 a
128 2991 241 3036 dum
263 2991 517 3045 hominem,
545 3001 590 3036 et
613 2992 660 3035 in
686 2992 785 3049 ipso
806 2991 979 3035 mundo
998 2992 1053 3035 ad
1071 2991 1365 3036 formandam
1384 2992 1666 3046 columbam,
1689 2993 1884 3052 imperio
1903 2992 2095 3036 Domini

127 3056 444 3117 voluntatique
469 3059 657 3103 serviret
678 3076 720 3102 >›.

218 3123 295 3169 AD
321 3137 506 3170 PRmuM
533 3139 643 3184 ergo
671 3125 931 3180 dicendum,
958 3125 1080 3184 quod
1109 3126 1301 3185 Spiritus
1332 3126 1527 3171 Sanctus
1552 3127 1715 3171 dicitur
1743 3126 2029 3171 descendisse
2051 3126 2097 3169 in

38 3180 82 3257 .
130 3191 297 3249 specie,
320 3190 396 3234 vel
421 3191 715 3236 similitudine
744 3191 999 3254 columbae,
1027 3206 1120 3237 non
1151 3194 1205 3237 ad
1233 3193 1566 3238 excludendam
1585 3195 1823 3238 veritatem
1843 3193 2098 3248 columbae,

132 3257 213 3302 sed
238 3257 294 3301 ad
321 3259 654 3303 ostendendum
679 3259 839 3318 quod
828 3274 923 3318 ipse
950 3274 1043 3304 non
1073 3261 1279 3319 apparuit
1304 3262 1349 3304 in
1377 3262 1527 3320 specie
1554 3275 1661 3305 suae
1688 3260 1978 3304 substantiae.

223 3323 300 3367 AD
326 3336 586 3369 SECUNDUM
623 3326 882 3379 dicendum,
916 3327 1036 3385 quod
1064 3341 1158 3371 non
1184 3327 1268 3371 fuit
1300 3327 1579 3386 superfluum
1606 3326 1806 3370 formare
1839 3340 1995 3370 veram
2028 3340 2102 3371 co·

78 3383 356 3446 lumbam,
378 3400 426 3434 ut
450 3390 498 3434 in
526 3405 579 3435 ea
606 3390 797 3451 Spiritus
826 3392 1021 3437 Sanctus
1049 3405 1305 3453 appareret:
1341 3395 1446 3452 quia
1473 3408 1552 3452 per
1577 3394 1723 3452 ipsam
1755 3394 1995 3437 veritatem
2028 3407 2102 3437 co-

44 3453 318 3524 ,}31umbae
343 3456 622 3514 significatur
643 3458 806 3501 veritas
829 3458 1021 3517 Spiritus
1049 3460 1219 3514 Sancti,
1246 3471 1291 3505 et
1316 3460 1560 3505 effectuum
1589 3462 1697 3518 ejus

227 3522 304 3567 An
325 3534 540 3568 Tannum
565 3523 824 3581 dicendum,
842 3525 964 3584 quod
991 3528 1288 3586 proprietates
1317 3527 1559 3571 columbae
1582 3526 1747 3570 eodem
1770 3526 1912 3570 modo
1931 3526 2102 3571 ducunt

47 3588 196 3633 ad
232 3587 577 3647 significandam
613 3600 821 3635 naturam
861 3591 1118 3647 columbae,
1152 3604 1195 3638 et
1232 3594 1286 3638 ad
1324 3593 1650 3651 significandos
1688 3591 1876 3637 effectus
1910 3593 2101 3653 Spiritus

49 3643 85 3678 :iffi

51 3678 56 3684 υ
61 3678 66 3687 ι
74 3686 76 3688 ,

323 3689 358 3724 8.
384 3689 537 3725 Taunus
563 3690 694 3725 Summa
726 3692 927 3738 Theologiea.
954 3694 1034 3729 Vol.
1064 3695 1123 3731 lv.
1882 3707 1921 3730 22
