2352 3926
310 214 417 268 680
788 220 1067 273 QUAESTIO
1109 225 1298 264 LXXVI.
1339 224 1647 264 ARTICULUS
1686 223 1802 264 vm.

307 342 430 376 mata
455 331 530 376 vel
554 331 600 374 in
624 329 769 374 oculis
795 329 1087 384 intuentium,
1112 327 1188 373 vel
1214 328 1354 373 etiarn
1384 328 1432 372 in
1454 327 1564 387 ipsis
1591 326 1998 373 sacramentalibus
2029 327 2274 374 dimensio·

306 400 452 453 nibus,
479 408 528 441 ut
554 397 724 441 dictum
750 407 817 440 est
844 396 1000 454 (ibid).

397 466 473 509 AD
497 476 712 508 TERTmM
730 463 991 517 dicendum,
1005 462 1128 522 quod
1142 462 1453 507 dimensiones
1471 462 1616 521 panis,
1629 471 1674 506 et
1689 463 1782 506 vini
1800 461 2056 520 consecrati
2070 464 2271 516 mafient,

305 531 626 575 immutatione
651 531 770 573 circa
798 544 873 574 eas
901 529 1177 574 miraculose
1209 529 1344 584 facta,
1378 540 1599 589 quantum
1626 529 1682 574 ad
1717 529 1806 573 alia
1838 529 2108 585 accidentia,
2131 538 2182 575 ut
2210 529 2275 574 di-

309 608 433 643 ctum
460 607 528 641 est
552 599 609 656 (q,
648 610 706 656 75.
734 603 816 642 art.
843 597 918 657 5.).

884 913 1340 991 QUAESTIO·
1385 912 1706 972 LXXVII.

422 1069 502 1109 DE
535 1035 972 1110 ACCIDENTIBUS
1006 1068 1476 1109 REMANENTIBUS
1508 1067 1575 1107 IN
1608 1067 1735 1108 HOC
1767 1065 2184 1117 SACRAMENTO,

763 1158 845 1199 IN
892 1158 1077 1199 OCTO
1109 1157 1471 1199 ARTICULO
1488 1157 1517 1199 S
1548 1156 1825 1199 DIVISA.

405 1337 585 1382 Deinde
618 1335 1003 1381 considerandum
1036 1345 1104 1379 est
1135 1334 1191 1379 de
1225 1333 1532 1379 accidentibus
1564 1333 1904 1392 remanentibus
1935 1333 1983 1377 in
2011 1332 2104 1377 hoc
2135 1344 2281 1378 sacra·

317 1414 489 1450 mento.

941 1510 996 1554 Et
1022 1510 1137 1554 circa
1162 1509 1237 1553 hoc
1263 1514 1525 1567 quaeruntur
1549 1512 1651 1552 octo.

405 1607 578 1650 Primo.
607 1607 775 1651 Utrum
799 1607 1068 1661 accidentia,
1090 1620 1206 1666 quae
1228 1615 1480 1658 remanent,
1502 1605 1592 1648 sint
1612 1604 1709 1648 sine
1735 1603 1954 1662 subjecto.

401 1673 631 1718 Secundo.
655 1674 824 1717 Utrum
853 1674 1079 1733 quantitas
1106 1673 1360 1717 dimensiva
1381 1673 1438 1716 sit
1454 1672 1708 1729 subjectum
1736 1670 1935 1714 aliorum
1961 1668 2279 1714 accidentium.

409 1739 585 1784 Tertio.
620 1741 790 1785 Utrum
821 1740 1087 1800 hujusmodi
1121 1740 1374 1785 accidentia
1405 1739 1583 1798 possint
1612 1739 1858 1783 immutare
1891 1735 2078 1797 aliquod
2117 1749 2283 1795 corpus
2348 1778 2352 1804 ;

321 1807 640 1852 extrinsecum.

410 1873 604 1926 Quarto.
632 1874 799 1920 Utrum
827 1875 1004 1934 possint
1030 1875 1276 1934 corrumpi.

408 1941 601 1994 Quinto.
629 1942 798 1986 Utrum
826 1957 880 1986 ex
906 1942 970 1986 eis
997 1942 1141 2002 possit
1163 1941 1334 2001 aliquid
1360 1940 1583 2000 generari.

410 2008 565 2053 Sex'to.
589 2009 755 2053 Utrum
778 2009 955 2068 possint
978 2009 1165 2054 nutrire.
2340 2012 2352 2077 ᾗ

414 2075 635 2134 Septimo.
663 2076 735 2120 De
758 2075 981 2120 fractione
1007 2076 1137 2135 panis
1165 2075 1432 2120 consecrati.

410 2143 608 2188 Octav0.
637 2143 805 2187 Utrum
829 2143 938 2187 vino
973 2153 1243 2188 consecrato
1270 2142 1415 2202 possit
1441 2141 1610 2201 aliquid
1636 2140 1915 2201 permisceri.

1054 2306 1489 2365 ARTICULUS
1526 2307 1569 2361 1.
2197 2316 2287 2376 456

617 2442 813 2481 UTRUM
840 2443 1183 2483 ACCIDENTIA
1209 2442 1542 2483 REMANEANT
1572 2442 1690 2482 SINE
1717 2439 1990 2496 SUBJECTO

995 2525 1052 2565 IN
1084 2525 1203 2563 HOC
1232 2524 1614 2564 SACRAMENTO.

740 2633 889 2693 (Supr.
917 2649 955 2693 q.
983 2647 1041 2694 75.
1069 2640 1150 2678 art.
1173 2649 1210 2693 5.
1238 2640 1275 2678 et
1300 2649 1332 2678 1.
1357 2635 1466 2679 Dist.
1494 2647 1565 2693 47.
1588 2639 1669 2678 art.
1690 2647 1733 2691 4.
1756 2641 1871 2693 corp.
1972 2663 1974 2667 ψ

352 2707 388 2747 et
412 2704 455 2760 4.
482 2703 592 2747 Dist.
619 2716 683 2747 12.
711 2716 748 2760 q.
777 2713 811 2746 1.
835 2707 917 2746 art.
945 2717 980 2746 1.
1008 2707 1044 2746 et
1069 2702 1140 2745 lib.
1168 2715 1209 2758 4.
1238 2701 1384 2746 Contr.
1411 2716 1450 2760 g.
1479 2709 1568 2760 cap.
1597 2701 1658 2761 63.
1682 2707 1718 2745 et
1743 2701 1806 2760 65.
1827 2707 1865 2746 et
1886 2699 2041 2758 Quodl.
2059 2714 2097 2760 3.
2119 2701 2199 2744 art.
2221 2713 2258 2744 1.

523 2775 561 2814 et
593 2768 746 2827 Quodl.
779 2782 820 2826 4.
855 2774 935 2812 art.
962 2782 999 2828 5.
1033 2775 1071 2813 et
1102 2776 1236 2828 opusc.
1264 2784 1301 2828 3.
1335 2776 1425 2827 cap.
1458 2769 1498 2813 8.
1531 2774 1568 2813 et
1599 2785 1634 2814 1.
1671 2767 1772 2813 Cor.
1795 2783 1831 2827 3.
1865 2767 1952 2813 lect.
1978 2766 2088 2828 29).

413 2882 490 2927 An
507 2892 696 2927 PR1MUM
715 2882 779 2924 sic
800 2879 1074 2939 proceditur.
1092 2879 1296 2934 Videtur,
1314 2879 1436 2939 quod
1462 2880 1715 2925 accidentia
1730 2893 1825 2924 non
1841 2887 2109 2925 remaneant
2133 2878 2179 2924 in
2194 2878 2287 2924 hoc
2328 2893 2339 2929 ς

324 2959 613 2995 sacramento
632 2949 728 2993 sine
751 2947 980 3006 subjecto:
999 2946 1113 2991 nihil
1130 2947 1252 2991 enirn
1270 2947 1594 3002 inordinatum,
1617 2957 1695 2992 aut
1714 2946 1851 2992 fallax
1867 2947 2003 2992 debet
2017 2960 2116 2992 esse
2131 2946 2180 2992 in
2194 2946 2287 2992 hoc
2315 2966 2349 2978 ν-

325 3027 612 3063 sacramento
638 3016 862 3060 veritatis:
892 3015 970 3059 sed
1000 3015 1253 3059 accidentia
1286 3030 1385 3060 esse
1412 3017 1509 3060 sine
1533 3016 1739 3075 subjecto
1771 3025 1841 3060 est
1861 3024 2020 3062 contra
2044 3028 2198 3061 rerum
2220 3027 2290 3060 or·
2324 3046 2342 3075 3

326 3086 479 3129 dinem
507 3099 645 3144 quem
671 3084 798 3128 Deus
819 3093 1007 3127 naturae
1026 3082 1210 3126 indidit:
1237 3083 1415 3127 videtur
1443 3084 1583 3127 etiam
1617 3083 1673 3127 ad
1699 3083 1928 3142 quandam
1945 3081 2288 3142 fallaciampext-

325 3154 482 3207 tinere,
511 3166 617 3196 cum
646 3151 900 3195 accidentia
926 3148 1189 3194 naturaliter
1206 3149 1294 3193 sint
1311 3164 1440 3209 signa
1452 3160 1640 3194 naturae
1666 3149 1880 3209 subjecti3
1901 3163 2012 3210 ergo
2038 3149 2086 3194 in
2110 3148 2203 3195 hoc
2221 3162 2289 3195 sa·
2301 3139 2352 3309 ἒ

327 3229 561 3264 eramento
588 3233 683 3263 non
705 3228 809 3263 sunt
835 3217 1086 3262 accidentia
1108 3217 1206 3261 sine
1234 3217 1455 3293 subjecto.
2350 3226 2352 3234 ²

418 3300 457 3331 2.
485 3287 782 3332 PRAETEREA.
807 3285 925 3329 Fieri
949 3298 1044 3329 non
1067 3293 1216 3343 potest
1235 3284 1371 3329 etiam
1391 3284 1681 3339 miraculose,
1699 3284 1822 3344 quod
1843 3283 2047 3330 definitio
2070 3283 2136 3329 rei
2161 3282 2290 3330 aben
2308 3299 2340 3348 f}

327 3364 573 3414 separetur,
606 3353 680 3399 vel
708 3352 830 3412 quod
849 3352 927 3396 uni
951 3351 1018 3396 rei
1045 3352 1288 3396 conveniat
1314 3352 1516 3396 definitio
1537 3352 1718 3396 alterius
1744 3352 1833 3406 rei;
1859 3361 1968 3411 puta
1990 3350 2115 3411 quod
2140 3350 2331 3402 homa}

328 3436 519 3466 manens
538 3422 684 3465 homo
707 3421 764 3465 sit
782 3419 953 3464 animal
975 3418 1259 3464 irrationale:
1289 3420 1342 3463 ad
1370 3420 1460 3464 hoc
1485 3420 1608 3464 enim
1631 3429 1909 3479 sequeretur,
1932 3418 2319 3466 contradictoria*⁴

329 3504 425 3533 esse
453 3488 614 3542 simu13
639 3488 730 3532 hoc
766 3487 891 3532 enim
922 3486 1044 3547 quod
1071 3486 1297 3544 significat
1322 3501 1494 3531 nomen
1526 3490 1590 3532 rei
1623 3497 1690 3532 est
1722 3486 1941 3542 definitio,
1972 3495 2023 3531 ut
2050 3486 2217 3532 dicitur
2237 3485 2305 3538 in,-

327 3569 369 3611 4.
393 3556 594 3615 Metaph.
624 3556 718 3612 (tex.
747 3555 866 3613 28.).·
894 3554 972 3599 sed
992 3554 1046 3598 ad
1071 3552 1382 3599 definitionem
1409 3554 1654 3599 accidentis
1681 3554 1886 3614 pertinet,
1913 3554 2036 3615 quod
2052 3554 2173 3600 sitin
2189 3552 2289 3601 sub·

326 3624 462 3681 jecto,
496 3624 549 3668 ad
585 3622 896 3668 definitionem
913 3635 1022 3667 vero
1040 3620 1314 3667 substantiae
1332 3621 1453 3681 quod
1473 3636 1554 3681 per
1574 3636 1621 3667 se
1639 3621 1851 3668 subsistat
1873 3635 1968 3668 non
1993 3621 2040 3667 in
2056 3621 2289 3683 subjecto}
