2352 3926
325 213 434 267 394
815 204 1093 255 QUAESTIO
1135 210 1280 248 XLVI.
1322 193 1785 250 ARTIctiLtrs-vin.

322 312 369 355 in
397 312 620 371 principio
645 311 871 355 secundae
894 312 1029 370 partis
1056 311 1263 355 habitum
1291 322 1358 355 est
1385 311 1482 368 (1-2.
1509 325 1547 370 q.
1574 313 1658 370 4.);
1699 326 1794 357 non
1834 323 1945 373 ergo
1985 315 2131 373 potuit
2170 324 2287 370 esse,

324 380 446 436 quod
475 379 627 421 anima
656 377 828 421 Christi
853 388 950 422 tota
976 378 1112 421 simul
1138 388 1380 436 pateretur,
1407 389 1451 422 et
1475 378 1708 423 frueretur.

416 460 452 503 3.
480 445 778 489 PRAETEREA.
805 444 976 488 Fruitio
1003 445 1135 489 beata
1162 456 1230 491 est
1255 446 1508 490 secundum
1547 446 1875 503 cognitionem,
1907 458 1952 492 et
1993 453 2201 493 amorem
2227 448 2290 492 di-

320 513 547 566 vinorum,
580 521 629 554 ut
652 521 781 587 pater
806 526 886 587 per
912 512 1105 570 August.
1132 513 1179 556 in
1211 527 1246 556 1.
1274 513 1329 556 de
1355 513 1513 556 Doctr.
1542 512 1711 556 Christ.
1738 515 1806 570 (ex
1832 521 1922 574 cap.
1948 529 1991 571 4.
2017 520 2055 559 et
2074 517 2183 574 10)
2208 515 2287 560 sed

319 592 414 622 non
441 593 602 622 omnes
619 578 737 622 vires
755 579 934 622 animae
953 579 1178 638 attingunt
1195 580 1250 623 ad
1270 580 1660 638 cognoscendum,
1679 589 1724 624 et
1740 581 1990 626 amandum
2002 581 2177 638 Deum3
2193 595 2288 626 non

321 660 432 704 ergo
458 655 555 688 tota
583 647 735 688 anima
764 645 934 690 Christi
959 645 1204 690 fruebatur.

412 711 506 755 SED
531 724 726 755 CONTRA
753 722 833 765 est,
861 713 983 770 quod
1009 713 1225 757 Damasc.
1254 714 1398 757 dicit
1387 729 1432 757 1n
1459 728 1496 772 3.
1520 712 1597 758 lib.
1622 713 1767 769 (Orth
1791 714 1884 758 Fid.
1908 722 1998 775 cap.
2019 730 2082 774 15.-
2098 714 2248 760 amad.
2250 717 2289 769 1,

322 779 445 837 quod
465 796 488 820 «
507 779 715 822 divinitas
745 778 917 823 Christi
941 781 1146 838 permisit
1172 782 1298 825 carni
1324 796 1473 839 agere,
1492 790 1534 824 et
1552 781 1644 839 pati
1665 795 1780 839 quae
1799 783 1981 841 propria
1998 798 2046 824 n·
2036 793 2179 842 ‚ergo
2192 783 2289 841 pari

320 846 512 899 ratione,
540 860 646 888 cum
668 847 904 904 proprium
931 858 1051 892 esset
1077 849 1258 892 animae
1300 848 1487 902 Christi,
1527 848 1799 907 inquantum
1841 859 1938 894 erat
1977 849 2124 904 beata,
2165 850 2290 910 quod
2348 865 2352 870 ·

321 912 556 967 frueretur,
583 914 734 972 passio
761 915 857 972 ejus
882 913 1146 958 fruitionem
1172 929 1266 959 non
1293 916 1580 974 impediebat.

412 980 702 1025 Rnsponmzo
729 981 989 1036 dicendum,
1006 982 1144 1040 quod,
1162 983 1278 1026 sicut
1295 983 1465 1026 dictum
1485 992 1552 1026 est
1570 983 1691 1041 prius
1709 983 1811 1040 (art.
1823 991 1953 1043 praec
1956 983 2006 1042 .)‚
2023 993 2122 1028 tota
2137 984 2289 1028 anima

321 1057 474 1107 potest
498 1047 690 1106 intelligi
715 1058 760 1092 et
786 1049 1037 1092 secundum
1064 1050 1323 1103 essentiam,
1351 1061 1395 1093 et
1421 1051 1672 1094 secundum
1699 1063 1860 1094 omnes
1902 1052 1998 1108 ejus
2038 1050 2288 1110 potentias:

321 1115 360 1159 si
386 1125 539 1159 autem
564 1115 843 1174 intelligatur
868 1117 1119 1160 secundum
1146 1117 1404 1171 essentiam,
1432 1117 1496 1160 sic
1522 1127 1619 1161 tota
1647 1118 1798 1161 anima
1824 1117 2067 1173 fruebatur,
2103 1118 2289 1177 inquan-

321 1192 419 1226 tum
446 1192 514 1226 est
538 1183 794 1241 subJ'ectum
821 1183 1065 1242 superioris
1091 1184 1229 1242 partis
1257 1184 1451 1237 animae,
1480 1186 1605 1241 cujus
1633 1194 1700 1228 est
1720 1183 1807 1227 frui
1828 1185 2080 1238 divinitate3
2104 1194 2152 1229 ut
2172 1185 2290 1229 sicut

321 1250 472 1308 passio
514 1250 690 1293 ratione
731 1250 952 1294 essentiae
996 1251 1249 1294 attribuitur
1290 1251 1513 1308 superiori
1554 1252 1668 1308 parti
1705 1251 1898 1305 animae,
1923 1251 1987 1295 ita
2010 1263 2036 1295 e
2061 1263 2287 1296 converso

320 1316 473 1360 fruitio
501 1317 676 1360 ratione
703 1318 946 1375 superioris
974 1317 1111 1375 partis
1139 1318 1318 1361 animae
1349 1318 1614 1360 attribuatur
1636 1318 1884 1363 essentiaet
1907 1318 2077 1362 sivero
2096 1318 2291 1376 accipia-

321 1397 423 1427 mus
448 1393 594 1427 totam
622 1384 824 1427 animam
851 1385 1026 1427 ratione
1055 1385 1263 1427 omnium
1290 1385 1598 1443 potentiarum
1640 1386 1750 1442 ejus,
1777 1385 1842 1428 sic
1867 1396 1961 1428 non
1997 1394 2095 1429 tota
2133 1385 2290 1429 'anima

319 1451 572 1496 fruebatur:
600 1466 684 1495 nec
712 1452 881 1496 directe
910 1452 1118 1511 quidem3
1147 1453 1251 1510 quia
1277 1451 1431 1495 fruitio
1458 1466 1553 1495 non
1579 1452 1730 1510 potest'
1756 1465 1855 1496 esse
1891 1462 2018 1496 actus
2051 1450 2291 1510 cujuslibet

319 1519 458 1578 partis
485 1520 688 1564 animae:
715 1533 799 1563 nec
833 1533 912 1578 per
934 1519 1282 1562 redundantiam
1309 1518 1506 1576 gloriae3
1531 1520 1636 1578 quia
1653 1519 1763 1562 dum
1780 1518 1991 1564 Christus
2009 1529 2104 1564 erat
2124 1519 2289 1573 viator,

320 1599 414 1629 non
441 1586 577 1630 fiebat
601 1587 900 1630 redundantia
927 1586 1100 1644 gloriae
1128 1600 1153 1629 a
1179 1587 1401 1645 superiori
1427 1598 1553 1645 parte
1574 1588 1621 1630 in
1647 1585 1923 1640 inferiorem,
1954 1600 2040 1631 nec
2056 1587 2112 1631 ab
2137 1589 2290 1631 anima

319 1653 367 1696 in
395 1668 583 1712 corpus:
609 1654 690 1698 sed
717 1654 823 1711 quia
849 1668 933 1697 nec
961 1667 985 1697 e
1013 1666 1237 1696 converso
1264 1654 1470 1712 superior
1491 1669 1592 1713 pars
1618 1654 1798 1697 animae
1819 1654 2148 1713 impediebatur
2169 1654 2290 1698 circa

319 1721 381 1774 id,
409 1721 530 1779 quod
559 1732 626 1765 est
651 1720 737 1765 sibi
763 1721 998 1780 proprium
1026 1735 1105 1779 per
1145 1719 1424 1775 inferiorem,
1468 1735 1751 1780 consequens
1775 1713 1878 1776 'est‚
1920 1721 2043 1780 quod
2081 1720 2290 1781 superior

320 1802 424 1847 pars
452 1789 633 1832 animae
659 1787 857 1846 perfecte
882 1787 1114 1832 fruebatur
1141 1787 1329 1832 Christo
1361 1790 1572 1847 patiente.

411 1855 488 1900 AD
514 1868 703 1900 PmMUM
730 1869 840 1914 ergo
868 1856 1128 1909 dicendum,
1156 1856 1278 1914 quod
1306 1855 1523 1914 gaudium
1544 1854 1768 1899 fruitionis
1789 1867 1884 1899 non
1906 1854 2209 1900 contrariatur
2229 1855 2291 1899 di-

321 1932 443 1966 recte
470 1922 620 1966 d-olori
645 1923 882 1982 passionis,
910 1925 1015 1981 quia
1040 1936 1134 1966 non
1162 1933 1265 1966 sunt
1291 1923 1346 1966 de
1375 1923 1558 1966 eodem:
1588 1921 1703 1965 nihil
1729 1931 1882 1966 autem
1922 1922 2147 1981 prohibet,
2182 1934 2290 1966 con-

319 1990 456 2033 traria
482 1991 630 2033 eidem
659 1990 807 2033 inesse
829 2004 923 2033 non
946 1990 1198 2033 secundum
1225 1989 1371 2034 idem:
1398 2000 1443 2033 et
1460 1990 1524 2033 sic
1541 1989 1758 2047 gaudium
1774 1987 2000 2033 fruitionis
2023 1998 2174 2048 potest
2193 2002 2291 2049 per·

320 2057 464 2100 tinere
493 2057 547 2100 ad
575 2060 857 2116 superiorem
881 2067 1057 2115 partem
1084 2057 1270 2100 rationis
1291 2071 1371 2115 per
1387 2057 1622 2114 proprium
1650 2066 1830 2110 actum;
1853 2055 1987 2100 dolor
2013 2066 2167 2101 autem
2192 2069 2290 2116 pas-

321 2124 461 2168 sionis
489 2124 741 2167 secundum
774 2125 1052 2182 subjectum:
1082 2124 1137 2166 ad
1171 2126 1414 2167 essentiam
1442 2138 1551 2167 vero
1586 2124 1765 2166 animae
1798 2123 1992 2182 pertinet
2020 2122 2157 2168 dolor
2186 2137 2288 2182 pas·

320 2192 461 2235 sionis
488 2205 542 2235 ex
568 2202 693 2250 parte
721 2192 941 2250 corporis,
976 2192 1102 2249 cujus
1135 2201 1203 2234 est
1233 2190 1407 2245 forma3
1435 2190 1654 2249 guadium
1678 2203 1789 2234 vero
1822 2189 2050 2234 fruitionis
2082 2204 2136 2235 ex
2161 2200 2288 2276 parte

320 2259 565 2317 potentiae,
589 2259 660 2301 cui
683 2258 931 2316 subjicitur.

412 2326 488 2370 AD
516 2331 777 2370 SECUNDUM
805 2325 1064 2379 dicendum,
1088 2325 1209 2384 quod
1230 2325 1420 2369 verbum
1447 2325 1559 2369 illud
1586 2324 1859 2383 Philosoph1
1882 2324 2023 2368 habet
2044 2323 2284 2369 veritatem

318 2392 494 2436 ratione
521 2393 860 2446 redundantiae,
888 2406 1004 2451 quae
1030 2392 1294 2436 naturaliter
1327 2392 1376 2436 fit
1405 2393 1458 2436 ab
1492 2406 1583 2435 una
1606 2392 1814 2451 'potentia
1840 2392 2020 2436 animae
2045 2391 2094 2436 in
2119 2389 2285 2436 aliam:

321 2460 400 2504 sed
426 2460 516 2504 hoc
543 2460 590 2503 in
619 2459 804 2504 Christo
831 2474 925 2503 non
951 2459 1048 2514 fuit,
1077 2471 1125 2503 ut
1150 2475 1286 2519 supra
1313 2460 1485 2504 dictum
1513 2470 1581 2503 est
1609 2459 1673 2515 (in
1697 2467 1806 2518 corp.
1836 2459 1954 2517 art).

411 2527 488 2571 AD
507 2539 724 2571 TERTIUM
743 2527 1004 2581 dicendum,
1023 2527 1144 2586 quod
1162 2528 1278 2572 ratio
1301 2527 1380 2571 illa
1401 2527 1607 2588 procedit
1623 2526 1678 2571 de
1695 2527 1920 2571 totalitate
1938 2526 2135 2582 animae,
2152 2539 2289 2586 quan-

320 2604 419 2638 tum
448 2594 504 2638 ad
531 2595 627 2654 ejus
652 2594 892 2654 potentias.

1017 2742 1451 2800 ARTICULUS
1487 2743 1586 2797 IX.
2198 2768 2287 2815 254

454 2863 646 2902 UTRUM
687 2863 952 2902 CHRISTUS
995 2865 1191 2903 FUERIT
1235 2863 1612 2903 CONVENIENTI
1653 2862 1910 2902 TEMPORE
1950 2862 2162 2902 PASSUS.
2348 2857 2352 2869 ⁵

1047 2960 1177 3017 (Infr.
1205 2966 1287 3004 art.
1316 2974 1380 3004 10.
1410 2960 1561 3019 corp),

392 3064 485 3108 AD
512 3075 690 3108 NONUM
716 3063 779 3107 sic
807 3063 1080 3122 proceditur.
1108 3064 1311 3117 Videtur,
1331 3064 1452 3123 quod
1473 3063 1684 3108 Christus
1708 3076 1804 3107 non
1828 3060 1965 3106 fuerit
1990 3061 2285 3106 convenienti
2346 3056 2352 3082 f

319 3142 527 3190 tempore
554 3145 736 3190 passus;
764 3131 913 3189 passio
943 3131 1065 3173 enim
1085 3130 1258 3174 Christi
1281 3131 1556 3190 figurabatur
1583 3145 1662 3190 per
1688 3127 2059 3174 immolationem
2082 3129 2188 3188 agni
2206 3138 2284 3189 pa-
2351 3148 2352 3152 ¹

319 3199 507 3243 schalis:
555 3198 674 3242 unde
707 3208 751 3242 et
777 3197 1027 3256 Apostolus
1070 3198 1177 3240 dicit
1226 3212 1260 3241 1.
1295 3198 1349 3241 ad
1393 3198 1660 3242 Corinthios
1692 3211 1752 3253 5.:
1789 3196 1947 3242 Pascha
1979 3203 2166 3241 nostrum
2204 3195 2285 3241 im-

318 3266 497 3310 molatus
528 3273 582 3310 est
618 3266 831 3310 Christus:
868 3265 946 3308 sed
974 3279 1117 3322 agnus
1145 3265 1373 3323 paschalis
1402 3265 1725 3309 immolabatur
1758 3263 2094 3323 quartadecima
2123 3262 2197 3307 die
2227 3260 2284 3307 ad
2335 3271 2338 3277 ’

262 3362 266 3365 -
320 3348 572 3391 vesperam,
609 3343 654 3376 ut
688 3333 849 3375 dicitur
875 3332 1019 3375 Exodi
1058 3345 1148 3384 12.;
1178 3345 1287 3388 ergo
1321 3332 1512 3386 videtur,
1548 3332 1670 3391 quod
1701 3330 1910 3376 Christus
1941 3338 2049 3375 tunc
2082 3327 2285 3374 debuerit

321 3401 427 3458 pati,
456 3401 574 3459 quod
606 3410 727 3457 patet
753 3414 850 3443 esse
878 3397 1067 3442 falsum:
1096 3412 1202 3441 narn
1230 3408 1337 3441 tunc
1365 3399 1542 3442 Pascha
1570 3413 1676 3442 curn
1702 3398 1794 3442 suis
1827 3396 2059 3457 discipulis
2092 3395 2287 3441 celebra·

322 3467 398 3520 vit,
426 3467 677 3511 secundum
696 3466 804 3510 illud
824 3466 963 3510 Marc.
988 3477 1074 3520 14:
1103 3466 1246 3509 Primo
1265 3466 1328 3509 die
1348 3481 1611 3523 azymorum,
1631 3466 1794 3526 quando
1816 3464 1976 3511 Pascha
1990 3460 2281 3518 immolabant,-

322 3534 529 3592 sequenti
557 3545 708 3577 autem
738 3535 806 3578 die
834 3547 990 3592 passus
1016 3531 1109 3576 fuit.

412 3611 451 3643 2.
471 3601 766 3645 PRAETEREA.
789 3601 946 3645 Passio
966 3599 1139 3644 Christi
1157 3599 1319 3643 dicitur
1336 3601 1431 3658 eJus
1450 3600 1679 3654 exaltatio,
1697 3599 1949 3645 secundum
1965 3598 2211 3659 illudJoan.
2229 3597 2281 3659 3·.':
