2352 3926
295 256 398 326 832
831 265 1107 313 QUAES‘rIo
1147 265 1238 305 xc.
1278 252 1587 331 Aunoums
1622 264 1702 305 111.

290 373 395 419 ideo
420 372 526 417 licet
551 380 788 431 peccatum
812 369 1104 428 perficiatur'
1091 383 1138 412 m
1165 382 1391 412 consensu
1427 367 1608 424 cordis,
1623 366 1679 412 ad
1720 350 2046 427 perfectionem
2082 378 2238 415 tamen

291 438 593 500 poenitentiae
611 437 849 495 requiritur
865 445 909 479 et
927 435 1137 479 contritio
1156 434 1320 489 cordis,
1339 444 1384 479 et
1399 433 1628 490 confessio
1640 434 1751 488 oris,
1759 434 2062 481 etsatisfactio
2074 435 2237 495 open-is.

378 507 455 551 AD
481 517 799 551 CONTRARIUM
823 517 933 548 vero
959 512 1082 562 patet
1106 501 1273 547 solutio
1299 516 1381 561 per
1404 515 1460 547 ea
1485 515 1602 560 quae
1627 501 1747 547 dicta
1768 511 1872 547 sunt
1894 501 1960 560 (in
1976 510 2096 563 corp.
2115 500 2239 562 arte).

977 700 1409 759 ARTICULUS
1452 701 1552 756 ΙΙΙ.
2135 740 2139 742 -
2157 716 2240 775 548

290 858 481 898 UTRUM
513 855 822 895 PRAEDICTA
861 854 990 893 TRIA
1029 855 1151 894 SINT
1191 854 1395 894 PARTES
1435 852 1774 894 INTEGRALES
1813 850 2269 915 POEmTEN'rIAzQ

881 980 944 1039 (4.
970 981 1084 1026 Dist.
1116 981 1182 1027 16.
1216 996 1255 1041 q.
1281 997 1316 1026 ι.
1343 987 1425 1026 art.
1452 996 1487 1026 r.
1514 995 1552 1039 q.
1573 981 1647 1039 3.).

378 1105 454 1149 AD
482 1116 696 1149 TERTmM
723 1104 786 1148 sic
812 1104 1085 1163 proceditur.
1111 1103 1316 1157 Videtur,
1345 1103 1467 1162 quod
1492 1103 1723 1162 praedicta
1748 1101 1834 1147 tria
1858 1116 1953 1147 non
1978 1101 2068 1149 sint
2091 1111 2241 1161 partes

288 1171 533 1230 integrales
554 1171 881 1230 poenitentiae:
910 1171 1186 1229 poenitentia
1209 1171 1346 1224 enim,
1364 1180 1413 1214 ut
1429 1171 1598 1214 dictum
1619 1180 1686 1215 est
1714 1170 1769 1228 (q.
1796 1171 1866 1227 84.
1883 1175 1966 1215 art.
1978 1169 2055 1229 3.)‚
2082 1178 2241 1214 contra

290 1249 529 1299 peccatum
561 1239 815 1283 ordinatur:
849 1239 928 1283 sed
961 1249 1200 1297 peccatum
1233 1238 1397 1290 cordis,
1431 1238 1536 1292 oris,
1567 1248 1613 1282 et
1635 1239 1781 1296 operis
1805 1246 1908 1282 sunt
1928 1247 2078 1296 partes
2098 1237 2244 1296 subje-

290 1307 435 1350 ctivae
467 1306 655 1364 peccati,
688 1316 732 1350 et
762 1320 856 1349 non
888 1315 1035 1363 partes
1066 1304 1322 1363 integrales,
1356 1305 1461 1363 quia
1492 1315 1730 1363 peccatum
1763 1304 1818 1348 de
1850 1303 2055 1362 quolibet
2074 1304 2243 1348 horum

289 1374 596 1433 praedicatur;
629 1387 747 1431 ergo
772 1373 909 1416 etiam
940 1373 987 1416 in
1018 1372 1296 1430 poenitentia
1335 1371 1546 1415 contritio
1589 1371 1754 1425 cordis,
1797 1369 2024 1416 confessio
2061 1370 2168 1425 oris,
2199 1380 2245 1416 et

289 1439 535 1484 satisfactio
569 1441 716 1499 operis
749 1454 843 1483 non
875 1450 979 1483 sunt
1010 1449 1158 1498 partes
1190 1438 1448 1497 integrales.

379 1520 419 1551 2.
446 1507 742 1551 PRAETRREA.
768 1506 907 1550 Nulla
929 1521 1031 1565 pars
1058 1506 1288 1564 integralis
1305 1506 1352 1550 in
1374 1520 1422 1550 se
1446 1505 1648 1549 continet
1669 1504 1808 1549 aliam
1829 1504 1914 1550 sibi
1934 1504 2242 1551 condivisam:

288 1574 365 1618 sed
394 1574 604 1618 contritio
631 1574 832 1618 continet
852 1574 899 1617 in
921 1587 969 1617 se
987 1572 1337 1627 confessionem,
1357 1582 1401 1617 et
1418 1571 1775 1617 satisfactionem
1791 1573 1837 1616 in
1854 1573 2113 1632 proposit03
2132 1584 2243 1632 ergo

289 1655 382 1685 non
408 1652 512 1685 sunt
537 1651 685 1701 partes
711 1640 970 1698 integrales.

387 1723 423 1767 3.
449 1709 745 1753 PRAETEREA.
765 1708 830 1752 Ex
846 1708 1045 1786 partibus
1063 1707 1356 1766 integralibus
1373 1706 1524 1762 simul,
1543 1717 1586 1751 et
1604 1706 1850 1766 aequaliter
1874 1706 2161 1753 constituitur
2176 1715 2246 1752 to·

287 1787 400 1831 tum,
434 1779 550 1821 sicut
574 1777 694 1821 linea
719 1791 773 1821 ex
798 1776 889 1820 suis
914 1776 1137 1835 partibus:
1164 1776 1244 1820 sed
1269 1775 1360 1820 hoc
1386 1789 1481 1820 non
1508 1775 1728 1834 contingit
1753 1775 1851 1830 hic;
1878 1788 1990 1834 ergo
2014 1773 2246 1835 praedicta

287 1859 381 1888 non
408 1853 510 1888 sunt
535 1854 683 1904 partes
708 1843 950 1902 integrales
977 1843 1301 1903 poenitentiae.

379 1911 473 1956 SED
500 1924 708 1957 CONTRA.
734 1911 845 1955 Illae
872 1911 1080 1955 dicuntur
1105 1921 1253 1970 partes
1278 1909 1536 1969 integrales,
1562 1924 1617 1954 ex
1649 1909 1809 1968 quibus
1850 1907 2069 1968 perfectio
2105 1907 2246 1956 totius

287 1980 558 2038 integratur:
585 1978 664 2023 sed
690 1992 744 2023 ex
769 1978 908 2022 tribus
934 1977 1174 2037 praedictis
1216 1978 1465 2036 integratur
1504 1976 1721 2036 perfectio
1747 1976 1887 2036 ipsius
1914 1975 2245 2035 poenitentiae3
2275 2010 2282 2019 .

289 2061 398 2106 ergo
425 2056 530 2091 sunt
554 2056 703 2105 partes
729 2045 972 2104 integrales
998 2045 1318 2104 poenitentiae.

377 2114 665 2159 RESPONDEo
692 2113 950 2167 dicendum,
977 2112 1099 2171 quod
1125 2112 1310 2171 quidam
1337 2112 1557 2165 dixerunt,
1589 2111 1703 2155 haec
1730 2110 1816 2156 tria
1843 2124 1942 2156 esse
1971 2119 2124 2171 partes
2147 2109 2248 2161 sub·

286 2181 472 2240 jectivas
499 2180 828 2256 poenitenti-ae:
855 2180 933 2224 sed
958 2180 1049 2224 hoc
1074 2193 1169 2223 non
1195 2189 1344 2238 potest
1375 2194 1488 2234 esse,
1512 2179 1617 2238 quia
1639 2178 1828 2255 singulis
1866 2178 2064 2237 partibus
2098 2177 2247 2237 subje-

289 2249 416 2293 ctivis
443 2248 570 2292 adest
593 2257 689 2292 tota
713 2247 854 2292 virtus
879 2249 1033 2301 totius,
1060 2257 1104 2291 et
1130 2246 1281 2301 simul,
1307 2258 1352 2291 et
1378 2246 1650 2306 aequaliter3
1689 2246 1805 2290 sicut
1844 2255 1940 2291 tota
1978 2245 2120 2290 virtus
2151 2244 2247 2291 ani·

289 2315 435 2369 malis,
460 2316 730 2373 inquantum
756 2325 824 2359 est
845 2314 1032 2369 animal,
1058 2314 1255 2359 salvatur
1272 2317 1316 2359 in
1334 2315 1533 2374 qua-libet
1548 2315 1699 2374 specie
1722 2313 1944 2371 animalis,
1962 2327 2079 2374 quae
2094 2312 2247 2369 simul.

292 2392 336 2426 et
363 2382 609 2441 aequaliter
635 2381 838 2426 dividunt
863 2382 1052 2426 animal:
1081 2383 1159 2426 sed
1185 2382 1275 2427 hoc
1302 2397 1397 2427 non
1423 2392 1491 2427 est
1515 2382 1563 2426 in
1579 2382 1828 2441 proposito.
1844 2380 1901 2426 Et
1915 2381 2021 2426 ideo
2038 2379 2249 2426 auidiu-

289 2459 405 2504 runt,
431 2448 553 2508 quod
579 2458 683 2492 sunt
706 2458 854 2507 partes
881 2449 1174 2506 potentiales;
1201 2449 1279 2494 sed
1305 2464 1390 2494 nec
1416 2449 1507 2493 hoc
1532 2463 1693 2493 verum
1715 2462 1812 2492 esse
1838 2456 2000 2505 potest,
2021 2447 2128 2506 quia
2162 2449 2250 2492 sin·
2287 2470 2293 2475 -

289 2516 406 2576 gulis
438 2516 634 2575 partibus
667 2516 985 2575 potentialibus
1018 2517 1144 2561 adest
1174 2527 1323 2561 totum
1363 2516 1614 2560 secundum
1648 2525 1794 2559 totam
1835 2516 2093 2568 essentiam,
2132 2515 2250 2560 sicut

287 2593 385 2628 tota
411 2585 605 2628 essentia
631 2585 810 2627 animae
837 2583 964 2627 adest
990 2583 1173 2627 cuilibet
1198 2584 1292 2641 ejus
1318 2583 1570 2641 potentiae:
1598 2582 1676 2626 sed
1701 2582 1791 2626 hoc
1814 2596 1909 2626 non
1931 2592 2000 2626 est
2018 2582 2067 2626 in
2088 2595 2251 2641 propo-

291 2653 392 2696 sito.
418 2650 553 2695 Unde
573 2649 852 2708 relinquitur,
879 2651 1002 2708 quod
1026 2650 1256 2708 praedicta
1277 2652 1360 2694 tria
1379 2650 1468 2693 sint
1484 2659 1632 2708 partes
1652 2649 1896 2708 integrales
1917 2648 2249 2708 poenitentiae:

291 2718 347 2763 ad
373 2731 565 2777 quarum
590 2717 816 2762 rationem
843 2717 1048 2775 exigitur,
1076 2726 1124 2761 ut
1147 2726 1296 2761 totum
1327 2731 1421 2762 non
1465 2716 1581 2760 adsit
1620 2716 1808 2775 singulis
1850 2715 2065 2775 partibus,
2101 2729 2250 2777 neque

291 2785 544 2830 secundum
569 2794 717 2829 totam
741 2785 955 2828 virtutem
982 2785 1093 2842 ejus,
1118 2797 1267 2843 neque
1293 2783 1545 2829 secundum
1577 2793 1722 2828 totam
1755 2784 1851 2843 ejus
1877 2783 2143 2838 essentiam,
2169 2782 2251 2830 sed

292 2852 504 2897 omnibus
530 2850 681 2897 simul.

387 2920 462 2964 AD
489 2932 677 2964 PRIMUM
702 2933 813 2978 ergo
837 2918 1096 2972 dicendum,
1130 2918 1251 2978 quod
1278 2929 1535 2978 peccatum,
1568 2919 1672 2978 quia
1703 2919 1930 2964 rationem
1957 2917 2073 2964 mali
2088 2917 2251 2976 habet,

293 2997 442 3047 potest
462 2987 508 3031 in
526 3001 618 3031 uno
631 2995 809 3031 tanturn
826 2985 998 3045 perfici,
1021 2995 1070 3030 ut
1087 2985 1259 3030 dictum
1278 2995 1345 3030 est
1360 2987 1462 3043 (art.
1473 2995 1616 3046 praec.
1634 2986 1688 3032 ad
1703 2987 1767 3045 4.)
1778 3001 1794 3039 ,·
1815 2995 1859 3032 et
1873 2985 1979 3032 ideo
1994 2994 2251 3046 peccatum,

294 3054 415 3115 quod
440 3054 488 3098 in
514 3052 614 3098 solo
642 3053 780 3099 corde
803 3052 1044 3112 perficitur,
1073 3062 1142 3098 est
1165 3068 1251 3097 una
1277 3053 1452 3112 species
1485 3054 1687 3113 peccati3
1719 3055 1807 3099 alia
1837 3066 1947 3098 vero
1978 3052 2156 3113 species
2179 3062 2254 3099 est

293 3131 546 3182 peccatum,
573 3120 695 3180 quod
722 3120 950 3179 perficitur
975 3120 1021 3164 in
1050 3119 1201 3174 corde,
1231 3129 1275 3164 et
1301 3134 1405 3175 ore;
1433 3123 1556 3166 tertia
1578 3135 1687 3166 vero
1714 3120 1888 3181 species
1912 3129 1982 3166 est
1997 3128 2252 3180 peccam,

294 3189 416 3248 quod
442 3188 670 3248 perficitur
694 3188 741 3232 in
769 3187 923 3241 corde,
950 3201 1044 3264 ore,
1073 3197 1116 3232 et
1151 3201 1320 3246 opere;
1357 3197 1402 3231 et
1432 3188 1698 3246 hujusmodi
1733 3187 1910 3248 peccati
1940 3195 2092 3248 partes
2124 3186 2254 3246 quasi

294 3256 539 3315 integrales
565 3265 683 3309 sunt,
710 3254 832 3315 quod
859 3264 926 3300 est
950 3255 996 3299 in
1024 3255 1176 3308 corde,
1204 3263 1248 3299 et
1273 3254 1395 3313 quod
1423 3265 1490 3299 est
1515 3255 1561 3299 in
1589 3270 1682 3310 ore,
1709 3266 1754 3301 et
1778 3254 1902 3315 quod
1927 3263 1996 3300 est
2019 3253 2079 3300 in·
2087 3267 2250 3314 opetez

296 3334 340 3368 et
365 3323 468 3367 ideo
495 3323 815 3382 poenitentiae,
843 3336 977 3384 quae
984 3322 1030 3367 in
1066 3322 1136 3366 his
1166 3321 1305 3366 tribus
1332 3321 1574 3380 perficitur,
1606 3323 1721 3367 haec
1752 3322 1842 3367 tria
1873 3331 1978 3369 sunt
2006 3330 2159 3382 partes
2189 3321 2253 3365 in-

296 3389 504 3449 tegrales,

387 3458 462 3502 AD
482 3470 740 3501 SECUNDUM
764 3456 1024 3510 dicendum,
1051 3456 1171 3516 quod
1199 3470 1287 3500 una
1305 3470 1407 3514 pars
1426 3456 1658 3515 integralis
1672 3466 1821 3517 potest
1838 3455 2071 3501 continete
2086 3464 2251 3510 totum,

296 3524 402 3569 licet
427 3538 520 3568 non
543 3524 794 3569 secundum
812 3524 1057 3568 essentiam
1073 3539 1084 3579 ;
1105 3522 1451 3568 fundamentum
1469 3524 1589 3569 enirn
1607 3523 1953 3583 quodammodo
1968 3522 2133 3570 virtute
2146 3535 2254 3567 con-

296 3592 407 3637 tinet
427 3601 575 3637 totum
599 3590 881 3646 aedificium;
909 3600 954 3637 et
977 3590 1068 3637 hoc
1096 3589 1237 3637 modo
1265 3590 1476 3637 contritio
1501 3591 1704 3637 continet
1727 3590 1892 3636 virtute
1921 3598 2069 3635 totam
2095 3587 2251 3650 poeni-

295 3658 499 3707 tentiam.
