2352 3926
291 238 409 307 464¹
833 248 1112 294 QUAESTIO
1154 248 1240 288 Lv.
1281 237 1596 288 Ain-lentus
1628 249 1707 289 111.

994 438 1428 498 ARTICULUS
1464 439 1566 496 111.
1868 474 1873 477 Α
2143 445 2255 520 :4304

357 562 551 601 UTRUM
585 560 852 600 CHRISTUS
891 561 1033 600 POST
1073 562 1565 602 RESURRECTIONEM
1605 562 1880 602 DEBUERIT
1910 563 2199 606 CONTINUE

850 637 966 675 CUM
999 637 1305 676 DISCIPULIS
1347 635 1701 676 CONVERSARI.
2175 655 2177 657 ·

432 723 486 782 (3.
520 723 632 768 Dist.
663 737 728 768 21.
762 737 801 782 q.
832 738 872 768 2.
906 729 988 768 art.
1015 739 1052 783 3.
1086 732 1200 783 corp.
1233 730 1272 768 et
1302 725 1413 769 Dist.
1446 738 1515 769 22.
1549 739 1586 783 q.
1615 739 1651 783 3.
1685 730 1767 770 art.
1799 738 1840 770 2.
1873 739 1912 784 q.
1939 739 1977 785 3.
2003 733 2119 786 corp.
2176 720 2178 722 ’

699 796 739 835 et
763 791 886 847 Joan.
918 805 989 836 20.
1022 791 1108 836 lect.
1143 791 1185 836 6.
1213 793 1355 850 princ.
1389 798 1426 836 et
1458 799 1550 851 cap.
1583 805 1646 836 21.
1673 792 1854 851 priua).

383 895 458 939 An
486 907 704 940 TERTIUM
730 897 794 940 sic
821 896 1094 954 proceditur.
1126 896 1332 950 Videtur,
1360 897 1482 956 quod
1512 897 1719 942 Christus
1745 905 1850 955 post
1867 896 2252 942 resurrectionem

293 963 496 1008 debuerit
522 963 737 1007 continue
760 978 865 1007 cum
893 963 1125 1022 discipulis
1152 966 1432 1009 conversari:
1457 964 1513 1008 ad
1538 964 1629 1008 hoc
1652 965 1775 1008 enim
1802 963 2032 1023 discipulis
2058 966 2162 1023 pust
2195 979 2261 1010 re·

296 1030 626 1075 surrectionem
654 1031 874 1089 apparuit,
892 1040 941 1074 ut
956 1045 1034 1074 eos
1059 1031 1114 1074 de
1131 1030 1219 1074 fide
1244 1032 1586 1075 resurrectionis
1615 1030 1897 1084 certificaret,
1919 1039 1963 1075 et
1985 1030 2260 1076 consolatio·

293 1113 402 1142 nem
444 1098 711 1157 perturbatis
749 1097 942 1152 afferret,
969 1098 1222 1142 secundum
1248 1098 1359 1142 illud
1382 1099 1513 1156 Joan.
1542 1111 1636 1142 20.:
1669 1098 1821 1143 Gavisi
1843 1105 1942 1143 sunt
1955 1098 2148 1158 discipuli
2169 1100 2260 1143 viso

294 1167 511 1209 Domino:
547 1165 624 1209 sed
657 1167 803 1223 magis
836 1164 1026 1209 fuissent
1058 1165 1305 1219 certificati,
1345 1176 1389 1209 et
1426 1165 1665 1218 consolati,
1708 1165 1747 1208 si
1784 1165 1867 1209 eis·
1880 1167 2096 1210 continue
2129 1176 2261 1210 suam

297 1231 604 1291 praesentiam
628 1232 924 1287 exhibuisset3
953 1246 1063 1291 ergo
1089 1231 1279 1288 videtur,
1313 1233 1435 1291 quod
1463 1233 1677 1299 continue
1705 1246 1811 1275 curn
1837 1233 1901 1277 eis
1927 1232 2131 1277 debuerit
2157 1246 2263 1277 con-

295 1299 479 1344 versari.

383 1379 424 1410 2.
451 1366 750 1411 PRAETEREA.
777 1366 985 1411 Christus
1011 1379 1252 1424 resurgens
1280 1380 1304 1409 a
1332 1365 1524 1410 mortuis
1549 1365 1824 1418 nonstatim
1851 1365 2092 1411 ascendit
2079 1379 2127 1410 m
2160 1380 2260 1412 coe-

291 1434 405 1487 lum,
433 1433 512 1478 sed
539 1443 644 1492 post
660 1433 755 1477 dies
783 1433 1095 1492 quadraginta,
1113 1443 1161 1477 ut
1186 1432 1378 1476 habetur
1404 1433 1507 1477 Act.
1532 1446 1590 1477 1.:
1618 1431 1700 1476 illo
1727 1442 1880 1477 autem
1897 1441 2106 1492 tempore
2129 1432 2264 1478 inter-

294 1501 446 1545 medio
472 1501 520 1544 in
545 1500 674 1544 nullo
703 1499 793 1544 alio
820 1499 927 1544 loco
954 1500 1103 1558 potuit
1129 1499 1473 1544 convenientius
1501 1513 1613 1554 esse,
1641 1514 1780 1559 quam
1817 1499 1895 1544 ubi
1919 1499 2130 1560 discipuli
2162 1501 2260 1560 ejus

293 1578 421 1612 erant
456 1569 622 1627 pariter
659 1567 952 1626 congregati3
991 1581 1100 1625 ergo
1134 1566 1325 1621 videtur,
1358 1567 1481 1626 quod
1515 1567 1731 1612 continue
1765 1580 1871 1612 cum
1903 1567 1968 1612 eis
2001 1569 2260 1613 conversari

298 1635 515 1680 debuerit.

389 1717 426 1761 3.
455 1702 754 1747 PRAETEREA.
787 1702 893 1760 Ipso
921 1701 993 1746 die
1021 1702 1365 1746 resurrectionis
1391 1702 1667 1746 Dominicae
1700 1703 1913 1762 quinquies
1938 1702 2149 1748 Christus
2182 1703 2257 1763 ap·

298 1771 499 1829 paruisse
525 1769 704 1828 legitur,
730 1778 778 1812 ut
811 1769 1005 1827 August.
1034 1769 1142 1813 dicit
1167 1768 1242 1813 lib.
1280 1784 1317 1829 3.
1355 1769 1410 1813 de
1452 1770 1694 1814 Consensu
1725 1769 2122 1829 Evangelistarum
2150 1769 2262 1831 (cap.

299 1838 372 1882 ult.
396 1852 422 1882 a
453 1837 578 1895 med.)
597 1853 610 1882 .·
631 1838 774 1896 primo
803 1836 988 1895 quidem
1014 1836 1280 1885 mulieribus
1309 1837 1364 1880 ad
1392 1847 1767 1882 monumentum:
1794 1836 1968 1882 secundo
2000 1837 2174 1882 eisdem
2199 1851 2264 1882 re-

298 1904 604 1963 gredientibus
639 1919 664 1948 a
690 1914 994 1948 monumento
1020 1905 1068 1947 in
1093 1904 1279 1948 itinere:
1309 1906 1426 1949 tertio
1453 1904 1616 1949 Petro:
1644 1911 1792 1963 quarto
1826 1904 2003 1949 duobus
2029 1903 2262 1964 discipulis

297 1972 505 2016 euntibus
530 1972 577 2014 in
606 1970 869 2015 castellum:
898 1973 1039 2029 quinto
1067 1970 1268 2030 pluribus
1295 1972 1341 2014 in
1370 1971 1672 2026 Hierusalem,
1692 1972 1768 2015 ubi
1784 1985 1878 2015 non
1905 1981 2002 2016 erat
2027 1970 2262 2027 Thomas;

297 2054 406 2097 ergo
436 2040 572 2082 etiam
600 2039 790 2092 videtur,
819 2038 941 2097 quod
977 2051 1021 2082 et
1055 2037 1155 2082 aliis
1194 2039 1351 2083 diebus
1379 2050 1482 2083 ante
1510 2054 1640 2083 suam
1679 2039 1998 2084 ascensionem
2025 2039 2080 2084 ad
2112 2041 2262 2084 minus

296 2107 464 2165 pluries
494 2106 697 2149 debuerit
730 2119 960 2164 apparere.

383 2186 425 2228 4.
453 2173 752 2217 PRAETEREA.
780 2173 1011 2217 Dominus
1030 2182 1133 2216 ante
1160 2174 1424 2232 passionem
1443 2174 1506 2218 eis
1529 2173 1702 2218 dixerat
1726 2174 1886 2218 Matth.
1915 2172 2011 2219 26.:
2039 2174 2262 2234 Postquam

293 2256 574 2294 resurrexero,
602 2240 851 2299 praecedam
872 2255 947 2284 vos
968 2243 1012 2284 in
1043 2241 1308 2285 Galilaeam:
1342 2242 1464 2300 quod
1492 2242 1630 2285 etiam
1659 2241 1862 2299 angelus,
1889 2251 1934 2286 et
1958 2243 2152 2300 ipsemet
2170 2241 2264 2286 Do-

298 2308 447 2351 minus
475 2317 579 2366 post
598 2307 979 2351 resurrectionem
1012 2307 1276 2351 mulieribus
1316 2308 1447 2352 dixit:
1487 2318 1530 2352 et
1555 2319 1710 2352 tamen
1744 2318 1876 2353 antea
1901 2307 1948 2352 in
1975 2308 2263 2354 Hierusalem

298 2375 352 2419 ab
381 2375 445 2418 eis
471 2374 594 2418 visus
621 2384 702 2427 est,
730 2384 774 2418 et
798 2374 899 2433 ipso
927 2374 999 2419 die
1022 2375 1381 2430 resurrectionis,
1414 2385 1463 2419 ut
1495 2376 1668 2420 dictum
1696 2385 1762 2419 est
1787 2376 1851 2431 (in
1883 2389 1971 2434 arg.
1999 2376 2185 2435 praec),
2218 2386 2264 2420 et

297 2442 435 2486 etiam
462 2441 534 2485 die
563 2450 744 2494 octavo,
768 2451 817 2484 ut
842 2440 1006 2500 legitur
1026 2441 1157 2499 Joan.
1186 2455 1280 2495 20.;
1316 2457 1410 2486 non
1446 2456 1555 2501 ergo
1592 2442 1782 2496 videtur,
1809 2441 1931 2501 quod
1965 2443 2258 2488 convenienti

295 2508 437 2552 modo
464 2518 567 2566 post
591 2508 972 2552 resurrectionem
1000 2523 1105 2552 cum
1133 2508 1363 2567 discipulis
1390 2508 1524 2553 fuerit
1551 2519 1856 2553 conversatus.

388 2575 483 2620 SED
509 2587 705 2619 CONTRA
729 2584 809 2628 est,
832 2575 953 2633 quod
972 2575 1101 2632 Joan.
1132 2588 1202 2620 20.
1228 2577 1404 2630 dicitur,
1431 2577 1553 2635 quod
1572 2583 1668 2636 post
1698 2576 1781 2621 dies
1802 2582 1890 2621 octo
1926 2576 2118 2623 Christus
2141 2577 2263 2623 disci-

291 2643 405 2704 pulis
436 2644 640 2703 apparuit
650 2658 666 2694 ;
701 2655 794 2685 non
822 2655 931 2700 ergo
966 2642 1181 2686 continue
1210 2643 1563 2687 conversabatur
1590 2658 1696 2687 cum
1724 2643 1802 2687 eis.

386 2710 674 2754 RESPONDEO
721 2708 978 2763 dicendum,
1018 2710 1140 2767 quod
1170 2710 1291 2753 circa
1318 2712 1698 2755 resurrectionem
1726 2710 1897 2755 Christi
1923 2710 2014 2755 duo
2042 2721 2170 2757 erant
2200 2712 2262 2756 di-

296 2775 482 2837 scipulis
509 2775 805 2821 declarauda:
831 2775 1005 2820 scilicet
1036 2777 1134 2834 ipsa
1159 2778 1323 2821 veritas
1349 2778 1707 2831 resurrectionis,
1735 2787 1780 2822 et
1805 2777 1950 2837 gloria
1970 2779 2259 2839 resurgentis.

298 2844 372 2889 Ad
397 2845 636 2888 veritatem
665 2853 818 2887 autem
850 2843 1193 2887 resurrectionis
1221 2844 1601 2888 manifestandam
1629 2843 1808 2900 sufficit,
1841 2845 1963 2904 quod
1995 2845 2164 2906 pluries
2196 2846 2261 2892 eis

298 2911 519 2971 apparuit,
541 2920 587 2955 et
613 2925 718 2955 cum
755 2909 818 2953 eis
848 2909 1128 2954 familiariter
1166 2921 1234 2955 est
1270 2910 1463 2966 locutus,
1492 2922 1536 2955 et
1569 2912 1784 2966 comedit,
1818 2922 1863 2957 et
1892 2912 2018 2967 bibit,
2044 2923 2090 2958 et
2113 2927 2163 2958 se
2195 2913 2261 2959 eis

298 2979 576 3039 palpandum
604 2977 821 3037 praebuit.
860 2977 933 3020 Ad
969 2977 1165 3035 gloriam
1205 2989 1357 3022 autem
1390 2979 1666 3037 resurgentis
1699 2978 2083 3024 manifestandam
2114 2978 2263 3025 noluit

297 3047 512 3090 continue
540 3044 800 3089 conversari
829 3059 932 3087 cum
953 3045 1030 3098 eis,
1049 3045 1166 3088 sicut
1192 3046 1312 3103 prius
1331 3045 1514 3101 fecerat,
1541 3061 1598 3090 ne
1625 3047 1852 3092 videretur
1880 3046 1935 3091 ad
1957 3045 2096 3092 talem
2117 3047 2259 3092 vitam

296 3114 608 3167 resurrexisse,
628 3111 809 3171 qualem
830 3112 950 3170 prius
969 3112 1201 3155 habuerat.
1220 3113 1354 3157 Unde
1375 3113 1484 3158 Luc.
1508 3114 1585 3158 ult.
1610 3115 1719 3158 dicit
1741 3114 1827 3158 eis:
1855 3114 1974 3160 Haec
1998 3121 2093 3159 sunt
2112 3115 2260 3171 verba,

296 3196 400 3240 quae
433 3182 587 3225 locutus
618 3196 707 3224 sum
726 3180 883 3232 advos,
914 3194 1007 3223 cnm
1037 3179 1168 3223 adhuc
1195 3195 1311 3223 essem
1339 3182 1550 3225 vobiscum
1562 3197 1578 3234 ,·
1602 3191 1708 3225 tunc
1737 3181 1921 3241 quidem
1949 3191 2044 3226 erat
2068 3194 2173 3226 cum
2195 3181 2260 3227 eis

296 3249 551 3308 praesentia
579 3247 820 3305 corporali,
848 3246 925 3290 sed
955 3256 1056 3289 ante
1087 3261 1191 3289 cum
1221 3247 1283 3290 eis
1301 3247 1446 3291 fuerat
1462 3262 1556 3291 non
1574 3248 1726 3292 solum
1746 3248 1975 3308 corporali
1991 3249 2259 3308 praesentia,

297 3315 375 3360 sed
404 3316 541 3359 etiam
569 3330 649 3374 per
676 3314 1021 3358 similitudinem
1050 3313 1363 3369 mortalitatis3
1392 3315 1509 3358 unde
1544 3316 1666 3359 Beda
1700 3315 1930 3374 praedicta
1960 3315 2097 3360 verba
2129 3329 2262 3375 expo·

297 3397 410 3426 nens
440 3382 549 3441 (cap.
585 3397 652 3441 97.
671 3383 714 3425 in
734 3382 856 3439 Luc.)
892 3380 1020 3424 dicit:
1053 3398 1075 3421 «
1108 3381 1215 3425 Cum
1248 3382 1379 3425 adhuc
1412 3397 1532 3426 essem
1565 3385 1794 3437 vobiscum,
1821 3383 1936 3427 idest
1972 3396 2078 3427 cum
2110 3382 2259 3428 adhuc

298 3464 445 3493 essem
472 3450 516 3492 iu
557 3463 690 3492 carne
722 3447 920 3502 mortali,
957 3447 1003 3490 in
1041 3461 1128 3506 qua
1158 3448 1262 3491 estis
1298 3458 1341 3491 et
1372 3462 1476 3492 vos:
1505 3459 1611 3493 tunc
1640 3449 1824 3508 quidem
1852 3449 1898 3493 in
1931 3449 2093 3494 eadem
2125 3462 2259 3494 carne

298 3517 592 3561 resuscitatus
621 3526 728 3569 erat,
759 3517 836 3560 sed
866 3529 971 3559 cum
998 3514 1084 3558 illis
1113 3515 1158 3557 in
1187 3515 1345 3558 eadem
1377 3516 1652 3560 mortalitate
1679 3530 1772 3559 non
1801 3526 1896 3561 erat
1920 3533 1961 3560 n.

389 3584 463 3627 AD
491 3597 678 3629 PRIMUM
707 3598 816 3641 ergo
846 3581 1104 3636 dicendum,
1123 3582 1243 3641 quod
1267 3580 1476 3640 frequens
1500 3583 1670 3627 Christi
1689 3582 1908 3641 apparitio
1931 3581 2180 3628 sufficiebat
2202 3581 2258 3627 ad

301 3650 643 3695 certificandum
671 3649 917 3709 discipulos
946 3650 1000 3693 de
1026 3649 1214 3693 veritate
1240 3650 1606 3693 resurrectionis:
1635 3649 1921 3694 conversatio
1949 3658 2101 3694 autem
2119 3649 2263 3694 conti⁴
