2352 3926
271 199 385 268 586
750 213 1030 259 QUAESTIO
1070 213 1259 253 vam.
1298 214 1608 255 AR‘mcums
1632 216 1730 256 Ν.Χ

268 325 334 360 est
358 317 544 361 interius
570 315 864 360 inchoatum:
893 324 938 360 et
961 315 1066 360 ideo
1093 325 1432 361 sacramentum
1456 317 1671 376 baptismi
1694 331 1790 363 non
1810 328 1879 364 est
1897 319 2221 375 exhibendum,

268 383 356 428 nisi
381 383 422 427 ei
443 383 490 427 in
518 397 608 441 quo
635 382 862 427 interioris
890 382 1204 428 conversionis
1228 383 1413 443 aliquod
1445 383 1630 442 signum
1648 394 1856 444 apparet:
1882 386 1999 432 sicut
2021 400 2224 433 neeme-

267 450 417 494 dicina
444 449 693 508 corporalis
721 449 959 494 adhibetur
983 449 1183 505 infirmo,
1209 450 1297 495 nisi
1322 451 1369 494 in
1396 465 1452 495 eo
1479 450 1641 511 aliquis
1672 464 1826 498 motus
1856 452 2006 499 vitalis
2034 461 2223 504 name

268 527 495 577 appareat.

355 586 429 629 AD
470 598 686 629 TERTIUM
729 584 987 638 dicendum,
1029 585 1150 644 quod
1182 585 1434 644 baptismus
1477 595 1545 630 est
1586 586 1692 631 fidei
1718 597 2082 632 sacramentumz
2108 586 2223 634 fidoe

269 664 417 697 autem
447 652 655 696 informis
681 666 775 696 non
803 652 967 697 sufficit
994 653 1049 696 ad
1076 652 1286 707 salutem,
1313 667 1398 698 nec
1426 653 1525 713 ipsa
1547 663 1615 698 est
1639 653 2003 709 fundamentum,
2029 653 2107 700 sed
2125 655 2226 700 sola

267 720 377 763 fides
403 719 617 774 formata,
641 734 756 778 quae
782 734 861 779 per
887 719 1182 764 dilectionem
1205 730 1432 780 operatur,
1459 730 1508 764 ut
1528 721 1720 780 August.
1741 721 1848 766 dicit
1864 721 1911 766 in
1935 721 2010 767 lib.
2029 722 2084 766 de
2100 721 2224 778 Fide,

266 797 309 831 ct
328 787 556 846 Operibus
578 787 688 846 (cap.
707 787 821 844 16.).·
847 787 967 830 unde
993 800 1077 831 nec
1105 798 1442 832 sacramentum
1467 788 1681 847 baptismi
1698 787 1892 833 salutem
1918 788 2126 834 conferre
2148 803 2226 850 po-

268 864 355 898 test
382 868 487 897 cum
513 853 749 898 voluntate
771 854 1006 913 peccandi,
1034 868 1149 913 quae
1174 853 1280 898 fidei
1305 853 1504 898 formam
1527 855 1859 901 excluditznon
1884 865 1953 901 est
1977 865 2130 901 autem
2145 870 2226 915 per

267 921 618 980 impressionem
634 921 907 965 characteris
920 920 1201 980 baptismalis
1213 921 1372 981 aliquis
1390 922 1697 981 disponendus
1715 922 1770 966 ad
1788 921 1996 982 gratiam,
2008 923 2224 983 quamdiu

264 990 311 1032 in
340 1003 395 1032 eo
424 999 610 1048 apparet
634 988 846 1033 voluntas
872 988 1106 1048 peccandi,
1144 989 1249 1048 quia
1294 1005 1317 1030 <t
1343 989 1468 1033 Deus
1495 989 1729 1034 neminem
1764 989 1820 1034 ad
1850 990 2066 1036 virtutem
2097 1003 2225 1036 com-

268 1055 394 1116 pellit
419 1073 461 1111 »,
489 1058 604 1101 sicut
627 1056 844 1101 Damasc.
872 1055 981 1100 dicit
1001 1056 1094 1113 (lib.
1121 1070 1163 1101 2.
1193 1056 1313 1101 Orth.
1340 1056 1434 1101 Fid.
1462 1064 1554 1117 cap.
1575 1071 1643 1116 30.
1669 1058 1714 1102 in
1732 1057 1911 1118 princ).

990 1204 1424 1262 ARTICULUS
1459 1206 1529 1262 V.
2139 1224 2223 1282 388

738 1318 932 1358 UTRUM
972 1318 1386 1357 PECCATORIBUS
1427 1318 1744 1357 BAPTIZATIS

633 1393 756 1433 SINT
797 1394 1120 1433 IMPONENDA
1168 1392 1347 1432 OPERA
1399 1389 1853 1432 SATISFACTORIA.

259 1488 405 1549 (Supr.
427 1503 465 1548 q.
488 1503 561 1549 49.
588 1496 669 1534 art.
688 1505 725 1549 3.
750 1489 804 1534 ad
823 1505 864 1535 2.
891 1495 928 1534 et
949 1490 1051 1549 infr.
1078 1495 1159 1534 art.
1184 1489 1224 1535 6.
1250 1498 1362 1550 corp.
1384 1496 1423 1535 et
1442 1505 1483 1535 2.
1505 1491 1618 1535 Dist.
1642 1489 1684 1534 6.
1702 1504 1741 1548 q.
1763 1505 1798 1535 1.
1822 1495 1905 1536 art.
1930 1505 1967 1536 1.
1993 1504 2032 1548 q.
2053 1505 2089 1535 r.
2111 1497 2225 1552 corp.

870 1563 907 1602 et
924 1572 961 1615 3.
983 1558 1095 1601 Dist.
1117 1572 1183 1616 19.
1206 1563 1288 1602 art.
1307 1572 1344 1616 3.
1367 1572 1405 1616 q.
1428 1572 1469 1602 2.
1492 1556 1546 1602 ad
1571 1569 1608 1601 1.

486 1630 525 1669 et
543 1637 586 1681 4.
609 1624 720 1668 Dist.
744 1624 785 1669 6.
813 1639 851 1683 q.
878 1640 913 1669 1.
937 1630 1017 1670 art.
1040 1640 1075 1669 r.
1098 1639 1136 1683 q.
1163 1641 1198 1670 1.
1222 1632 1336 1684 corp.
1359 1631 1398 1670 et
1423 1624 1494 1669 lib.
1517 1638 1559 1682 4.
1582 1624 1728 1670 Contr.
1747 1638 1787 1683 g.
1810 1631 1905 1684 cap.
1920 1678 1921 1681 Ἰ
1925 1625 1993 1684 58.

1006 1698 1044 1737 et
1067 1693 1187 1737 Rom.
1214 1707 1274 1738 Π.
1297 1691 1384 1737 lect.
1402 1705 1443 1748 4.
1443 1691 1482 1749 ).

349 1795 425 1839 AD
449 1807 678 1846 QU1NTUM
710 1795 774 1840 sic
815 1795 1087 1854 proceditur.
1119 1795 1323 1850 Videtur,
1354 1795 1476 1854 quod
1510 1795 1824 1855 peccatoribus
1863 1795 2101 1855 baptizatis
2136 1796 2226 1842 sint

261 1877 401 1922 opera
427 1856 729 1907 satisfactoria
753 1863 1058 1922 imponenda3
1084 1863 1175 1907 hoc
1203 1863 1326 1908 enirn
1354 1863 1408 1906 ad
1434 1863 1651 1921 justitiam
1674 1863 1763 1907 Dei
1788 1863 2012 1921 pertinere
2032 1863 2223 1919 videtur,

258 1939 305 1974 ut
331 1945 412 1990 pro
447 1930 650 1990 quolibet
674 1940 864 1990 peccato
893 1930 1053 1990 aliquis
1079 1931 1304 1990 puniatur,
1332 1930 1585 1989 secundum
1607 1929 1718 1974 illud
1745 1929 1897 1974 Eccle.
1924 1929 2026 1975 ult.:
2058 1930 2225 1977 Cuncta

259 2013 362 2057 quae
375 1998 502 2057 fiunt,
531 1998 701 2043 adducet
732 1999 849 2042 Deus
868 1999 914 2042 in
930 1998 1164 2057 judicium:
1192 1999 1271 2042 sed
1299 2012 1440 2057 opera
1466 1996 1765 2042 satisfactoria
1791 1997 2088 2057 imponuntur
2119 2012 2222 2058 pec-

259 2066 486 2110 catoribus
518 2065 564 2109 in
596 2079 796 2125 poenam
827 2065 1175 2125 praeteritorum
1208 2075 1530 2124 peccatorum3
1558 2078 1668 2124 ergo
1694 2064 1887 2120 videtur,
1914 2066 2038 2125 quod
2062 2079 2224 2126 pecca-

257 2133 429 2177 toribus
454 2134 689 2193 baptizatis
716 2133 804 2178 sint
827 2147 965 2192 opera
992 2132 1295 2178 satisfactoria
1321 2133 1615 2192 imponenda.

347 2213 387 2244 2.
419 2200 716 2246 PRAETEREA.
749 2200 838 2245 Per
870 2215 1010 2259 opera
1042 2199 1343 2245 satisfactoria
1376 2200 1678 2244 exercitantur
1709 2208 1976 2259 peccatores
2008 2198 2069 2245 de
2095 2212 2223 2246 novo

257 2268 468 2313 conversi
493 2268 549 2312 ad
574 2268 808 2327 justitiam,
836 2278 880 2312 et
905 2268 1228 2312 subtrahuntur
1255 2268 1318 2312 eis
1345 2267 1614 2311 occasiones
1646 2267 1891 2326 peccandi:
1917 2280 2028 2311 nam
2052 2266 2227 2312 satisfa-

257 2349 360 2380 cere
388 2345 455 2379 est
480 2344 777 2394 peccatorum
803 2349 962 2380 causas
989 2335 1212 2390 excidere,
1242 2344 1287 2379 et
1311 2334 1511 2394 peccatis
1539 2334 1712 2378 aditum
1738 2347 1832 2378 non
1858 2333 2119 2394 indulgeret
2141 2334 2221 2380 sed

254 2402 346 2446 hoc
372 2402 572 2446 maxime
598 2412 667 2446 est
690 2403 999 2447 necessarium
1027 2417 1172 2461 nuper
1195 2402 1454 2461 baptizatis;
1482 2415 1592 2460 ergo
1618 2401 1810 2455 videtur,
1837 2400 1960 2460 quod
1986 2401 2223 2461 baptizatis

257 2471 346 2515 sint
371 2484 510 2530 opera
536 2469 839 2514 satisfactoria
864 2470 1157 2528 iniungenda.

350 2552 388 2597 3.
415 2537 713 2583 PRAETEREA.
745 2537 854 2582 Non
887 2538 1037 2580 minus
1070 2537 1273 2581 debitum
1306 2546 1387 2590 est,
1418 2545 1468 2579 ut
1498 2535 1644 2580 homo
1670 2535 1774 2579 Deo
1800 2534 2061 2591 satisfaciat,
2084 2550 2225 2596 quam

257 2604 491 2664 proximo:
511 2604 590 2649 sed
607 2618 751 2663 nuper
766 2603 1001 2662 baptizatis
1018 2603 1347 2663 injungendum
1368 2613 1448 2658 est,
1466 2612 1515 2647 ut
1531 2602 1810 2647 satisfaciant
1826 2603 2061 2662 proximis,
2082 2603 2121 2649 si
2141 2617 2223 2662 eos

257 2672 493 2728 laeserint;
521 2685 631 2731 ergo
659 2681 726 2716 est
752 2671 890 2715 etiam
918 2672 981 2715 eis
1004 2670 1348 2730 injungendum,
1366 2680 1414 2715 ut
1431 2671 1533 2715 Deo
1552 2669 1832 2715 satisfaciant
1856 2685 1937 2731 per
1957 2666 2098 2730 opera
2117 2685 2223 2732 poe-

258 2739 488 2784 nitentiae.

320 2806 445 2851 SED
479 2818 674 2851 CONTRA
715 2815 798 2860 est,
831 2805 953 2864 quod
986 2804 1200 2848 Ambros.
1235 2818 1369 2864 super
1401 2804 1511 2848 illud
1544 2804 1680 2848 Rom.
1719 2818 1786 2851 11.
1802 2805 1943 2850 :Sine
1964 2806 2223 2866 poenitentia

257 2880 363 2919 sunt
382 2873 507 2928 dona,
536 2879 572 2918 et
596 2875 762 2918 vocat-io
785 2874 882 2925 Dei,
912 2872 1040 2916 dicit·
1073 2888 1095 2913 ε(
1124 2871 1281 2916 Gratia
1309 2872 1432 2916 Dei'
1423 2887 1468 2915 1n
1497 2872 1723 2931 baptismo
1750 2886 1844 2917 non
1870 2872 2059 2933 requirit
2083 2872 2224 2932 gemi-

257 2952 371 2995 tum,
396 2955 545 3001 neque
572 2939 821 3000 planctum,
847 2939 922 2984 vel
947 2939 1086 2984 etiam
1119 2953 1232 2999 opus
1266 2939 1465 2999 aliquod,
1498 2940 1579 2984 sed
1616 2939 1764 2986 solam
1804 2940 1957 2997 fidem,
1989 2950 2035 2986 et
2064 2940 2221 2986 omnia

262 3010 399 3068 gratis
430 3009 662 3054 condonat
682 3025 724 3052 ».

348 3076 638 3123 RESPONDEO
666 3074 924 3129 dicendum,
951 3073 1073 3134 quod
1100 3073 1216 3118 sicut
1241 3074 1451 3134 Apostol.
1479 3075 1588 3119 dicit
1614 3075 1749 3119 Rom.
1777 3074 1844 3122 6.:
1868 3076 2133 3135 Quicumque
2149 3075 2221 3121 ba·

251 3146 405 3205 ptizati
434 3160 574 3190 sumus
603 3146 649 3189 in
679 3144 858 3198 Christo,
892 3145 936 3187 in
961 3148 1090 3187 morte
1115 3144 1242 3201 ipsius
1276 3144 1479 3203 baptizati
1502 3158 1668 3196 sumum
1701 3143 1926 3204 consepulti
1949 3145 2060 3201 mim
2082 3157 2227 3189 sumus

259 3214 295 3258 ei
321 3222 398 3272 per
430 3214 678 3273 baptismum
709 3214 755 3256 in
786 3217 975 3266 mortem,
1008 3210 1070 3254 ita
1102 3209 1274 3254 scilicet
1310 3211 1431 3269 quod
1465 3210 1608 3254 homo
1646 3225 1726 3270 per
1755 3209 2034 3270 baptismum
2074 3210 2222 3255 incora

260 3290 445 3338 poratur
486 3280 571 3340 ipsi
612 3279 749 3324 morti
786 3277 977 3333 Christi3
1019 3276 1308 3321 manifestum
1351 3287 1418 3321 est
1460 3286 1610 3321 autem
1651 3291 1706 3322 ex
1747 3277 2015 3338 supradictis
2050 3277 2111 3337 (q.
2147 3277 2220 3335 48.

262 3354 300 3392 et
324 3347 435 3406 49.),
463 3347 585 3406 quod
612 3361 738 3391 mors
766 3345 938 3391 Christi
964 3343 1262 3389 satisfactoria
1289 3342 1371 3388 fuit
1397 3343 1670 3388 sufficienter
1687 3358 1777 3404 ‚pro
1804 3343 2019 3403 peccatis,
2043 3357 2128 3388 non
2152 3358 2216 3389 so-

261 3415 348 3459 lum
373 3416 536 3469 nostris,
566 3414 633 3460 sed
662 3415 789 3459 etiam
822 3414 946 3459 totius
970 3411 1127 3464 mundi,
1153 3420 1199 3454 ut
1227 3411 1388 3455 dicitur
1418 3424 1452 3455 1.
1471 3412 1601 3469 Joan.
1626 3424 1688 3466 2.;
1714 3421 1758 3456 et
1782 3411 1886 3456 ideo
1913 3411 1956 3456 ei
1980 3410 2059 3471 qui
2081 3410 2222 3471 bapti·
2283 3449 2286 3451 Α
2312 3399 2325 3409 ”

259 3491 398 3536 zatur,
425 3496 506 3541 pro
535 3481 896 3560 quibuscumque
923 3480 1120 3541 peccatis
1146 3492 1238 3522 non
1268 3488 1334 3522 est
1359 3478 1510 3537 aliqua
1536 3477 1783 3523 satisfactio
1809 3476 2100 3538 iniungenda,
2125 3477 2222 3523 hoe

261 3549 382 3593 enim
411 3559 529 3593 esset
553 3548 766 3608 injuriam
793 3546 942 3593 facere
969 3545 1183 3607 passioni,
1211 3555 1256 3590 et
1287 3545 1425 3589 morti
1452 3545 1637 3599 Christi,
1671 3545 1799 3604 quasi
1830 3545 1926 3604 ipsa
1958 3557 2085 3590 non
2100 3551 2219 3591 esset

259 3614 487 3661 sufficiens
512 3615 567 3660 ad
594 3615 844 3676 plenariam
877 3612 1234 3660 satisfactionem
1260 3625 1342 3672 pro
1369 3612 1568 3671 peccatis
1593 3612 1939 3671 baptizatorum.¹
