2352 3926
324 249 430 304 5-12
863 238 1142 288 QUAESTIO
1182 207 1307 279 1-,x1j
1323 207 1633 278 Aancums
1671 234 1751 276 111.

412 364 452 396 2.
484 349 782 393 PRAETEREA.
817 344 1116 388 Sacramenta
1148 341 1314 384 debent
1346 353 1444 385 esse
1477 338 1798 383 convenientia
1828 338 1964 383 statui
1993 338 2185 382 humani
2216 347 2289 396 ge-

323 418 456 470 neris,
488 425 536 459 ut
567 423 690 473 patet
712 427 791 471 per
819 411 938 469 Aug.
972 423 1036 469 19.
1066 416 1223 453 contra
1248 407 1467 451 Faustum
1499 406 1611 464 (c'ap.
1638 405 1704 450 16.
1722 411 1759 450 et
1788 405 1905 465 17.).·
1937 406 2015 449 sed
2042 399 2184 450 status
2209 405 2290 448 hu·

324 484 448 528 mani
476 482 653 541 generis
674 494 768 523 non
790 478 872 522 fuit
894 486 1094 521 mutatus
1112 484 1215 535 post
1239 485 1493 534 peccatum,
1514 487 1655 532 usque
1683 473 1738 540 ³5³
1760 473 2094 532 reparationem
2119 470 2289 519 fictam

323 566 402 610 per
426 550 687 601 Christum;
714 559 824 604 ergo
846 558 995 603 neque
1022 552 1308 587 sacramenta
1335 541 1586 585 debuerunt
1607 541 1851 594 immutari,
1882 549 1932 584 ut
1946 549 2123 599 praeter
2146 552 2292 584 sacra-

322 628 475 662 menta
501 616 614 674 legis
639 624 827 658 naturae
860 612 948 656 alia
974 620 1275 655 statuerentur
1295 610 1342 652 in
1368 608 1469 666 lege
1495 608 1660 667 Moysi.

415 700 451 743 3.
486 683 783 728 PRAETEREA.
835 679 1024 732 Quanto
1067 677 1236 737 aliquid
1279 686 1346 721 est
1378 676 1525 734 magis
1562 675 1871 734 propinquum
1911 673 2130 732 perfecto,
2161 680 2291 719 tanto

323 753 469 811 magis
497 751 630 794 debet
657 750 699 793 ei
726 747 986 792 assimilari:
1011 746 1090 790 sed
1116 744 1334 804 perfectio
1363 743 1521 787 salutis
1543 744 1775 786 humanae
1807 754 1887 800 per
1909 741 2146 786 Christum
2171 740 2292 785 facta

325 830 405 873 est,
435 818 509 862 cui
531 816 855 877 propinquiora
884 813 1064 858 fuerunt
1090 821 1375 857 sacramenta
1400 811 1567 855 veteris
1594 809 1722 869 legis,
1741 822 1880 868 quam
1909 821 1962 852 ea
1978 820 2095 869 quae
2111 806 2295 852 fuerunt

326 896 428 930 ante
446 885 621 944 legem3
648 897 758 942 ergo
782 881 1034 926 debuerunt
1060 894 1157 924 esse
1184 877 1406 923 similiora
1437 878 1734 922 sacramentis
1762 876 1956 921 Christi:
1984 878 2113 935 cuius
2137 885 2293 921 tamen

327 953 607 998 contrarium
635 960 820 1010 apparet
838 964 891 994 ex
912 963 984 1002 eo,
1011 948 1134 1007 quod
1152 947 1460 991 sacerdotium
1478 944 1650 989 Christi
1676 943 1951 1004 praedicitur
1976 954 2074 987 esse
2091 942 2294 992 futurum

326 1021 580 1065 secundum
607 1018 816 1062 ordinem
838 1015 1195 1068 Melchisedech,
1227 1023 1274 1057 et
1303 1026 1398 1057 non
1424 1013 1676 1056 secundum
1709 1011 1918 1055 ordinem
1950 1011 2126 1063 Aaron,
2149 1019 2199 1054 ut
2219 1009 2295 1053 ha-

325 1089 455 1132 betur
480 1087 618 1130 Hebr.
652 1098 722 1144 7.;
755 1098 850 1128 non
884 1097 993 1142 ergo
1029 1083 1356 1127 convenienter
1380 1079 1563 1124 fuerunt
1594 1079 1811 1138 disposita
1838 1086 1942 1122 ante
1967 1077 2205 1122 Christum
2230 1091 2296 1121 sa-

328 1163 574 1199 eramenta.

419 1222 513 1266 SED
532 1233 729 1266 CONTRA
746 1228 827 1273 est,
846 1218 967 1278 quod
990 1218 1183 1275 August.
1212 1215 1321 1259 dicit
1351 1229 1416 1275 19.
1431 1222 1589 1258 contra
1610 1212 1829 1258 Faustum
1848 1212 1958 1272 (casn
1980 1225 2037 1272 13.
2054 1214 2099 1257 in
2114 1213 2293 1273 princ),

327 1290 450 1349 quod
481 1288 662 1348 «prima
688 1296 989 1339 sacramenta,
1012 1298 1128 1343 quae
1155 1283 1510 1335 celebrabantur,
1530 1291 1574 1325 et
1591 1281 1947 1324 observabantur
1968 1279 2156 1339 exlege,
2173 1292 2298 1341 prae·

327 1356 486 1400 nuntia
514 1364 641 1399 erant
667 1353 839 1398 Christi
870 1353 1047 1396 venturi
1074 1367 1124 1396 »2
1157 1350 1235 1394 sed
1267 1349 1577 1393 necessarium
1604 1358 1698 1391 erat
1726 1347 1781 1391 ad
1806 1348 2060 1391 humanam
2086 1346 2296 1400 salutem,

326 1434 375 1468 ut
401 1424 622 1467 adventus
649 1421 822 1466 Christi
848 1420 1263 1479 praenuntiaretur3
1291 1430 1402 1474 ergo
1445 1409 1754 1459 necessarium
1782 1423 1892 1468 erat,
1924 1423 2028 1458 ante
2058 1413 2298 1459 Christum

327 1499 615 1535 sacramenta
642 1488 868 1547 quaedam
896 1487 1090 1544 disponi.
1568 1501 1574 1505 ·
2176 1528 2180 1532 .

418 1557 709 1601 RESPONDEO
738 1555 998 1606 dicendum,
1036 1551 1157 1611 quod
1200 1560 1489 1594 sacramenta
1514 1549 1772 1594 necessaria
1804 1558 1908 1594 sunt
1947 1548 2004 1593 ad
2043 1549 2298 1592 humanam

328 1624 538 1677 salutem,
565 1624 836 1681 inquantum
855 1631 959 1665 sunt
986 1619 1212 1678 quaedam
1230 1617 1461 1662 sensibilia
1479 1617 1608 1676 signa
1634 1616 1929 1661 invisibilium
1951 1630 2118 1670 rerum,
2136 1615 2298 1675 quibus

327 1692 472 1735 homo
501 1689 833 1734 sanctificatur:
860 1687 1012 1731 nullus
1040 1695 1194 1730 autem
1221 1684 1497 1729 sanctificari
1522 1694 1673 1743 potest
1698 1693 1802 1743 post
1825 1693 2083 1745 peccatum,
2105 1682 2195 1728 nisi
2218 1695 2300 1742 per

331 1758 584 1812 Christum,
610 1772 730 1816 quem
745 1757 966 1816 proposuit
983 1755 1096 1798 Deus
1105 1753 1425 1812 propitiatorem
1439 1751 1646 1810 perfidem
1669 1754 1713 1795 in
1729 1753 1926 1810 sanguine
1941 1753 2084 1811 ipsius,
2102 1750 2157 1795 ad
2173 1755 2302 1795 osten·

327 1827 483 1870 sionem
504 1825 687 1883 justitiae
718 1837 826 1875 suae,
854 1828 900 1867 ut
923 1823 975 1866 sit
1000 1823 1080 1881 ipse
1101 1824 1251 1879 justus,
1270 1826 1306 1865 et
1316 1821 1550 1878 justificans
1571 1834 1678 1874 eum,
1699 1820 1772 1878 qui
1796 1834 1844 1864 ex
1851 1818 1938 1878 fide
1964 1825 2018 1863 est
2026 1819 2122 1876 Jesu
2140 1816 2301 1864 Christi

332 1892 473 1949 (Rom.
497 1891 557 1951 ξ.)
578 1907 590 1936 .·
619 1900 663 1935 et
688 1891 792 1934 ideo
820 1890 1061 1948 oportebat
1087 1897 1190 1932 ante
1209 1887 1380 1932 Christi
1407 1887 1654 1931 adventum
1679 1899 1777 1931 esse
1790 1885 2016 1946 quaedam
2043 1886 2174 1946 signa
2197 1885 2300 1929 visi-

330 1960 452 2013 bilia,
481 1959 642 2018 quibus
668 1958 814 2002 homo
847 1957 986 2002 fidem
1019 1970 1150 2000 suam
1177 1965 1499 2014 protestaretur
1531 1954 1586 1998 de
1611 1953 1763 1998 futuro
1801 1953 2052 2014 Salvatoris
2078 1953 2299 2006 adventu3

331 2037 374 2071 et
401 2026 666 2084 hujusmodi
691 2026 820 2084 signa
847 2025 1059 2068 dicuntur
1086 2032 1396 2077 sacramenta;
1422 2029 1469 2066 et
1493 2022 1558 2065 sic
1581 2031 1718 2081 patet,
1745 2021 1868 2082 quod
1895 2030 1999 2066 ante
2025 2019 2202 2065 Christi
2227 2019 2301 2064 ad-

330 2104 520 2138 ventum
545 2107 734 2137 necesse
760 2091 844 2136 fuit
870 2091 1097 2151 quaedam
1123 2099 1411 2134 sacramenta
1437 2089 1623 2133 institui.

421 2161 498 2205 An
530 2171 718 2205 PR1MUM
746 2172 856 2217 ergo
883 2158 1142 2211 dicendum,
1170 2156 1292 2216 quod
1318 2155 1470 2215 passio
1490 2156 1663 2200 Christi
1677 2165 1745 2200 est
1762 2168 1900 2200 causa
1919 2153 2068 2200 finalis
2092 2163 2300 2200 veterum

333 2237 744 2279 sacramentorum,
771 2240 887 2285 quae
914 2225 1089 2269 scilicet
1119 2225 1173 2267 ad
1199 2225 1346 2283 ipsam
1386 2223 1734 2282 significandam
1776 2232 1880 2267 sunt
1908 2222 2137 2277 instituta3
2163 2227 2302 2266 causa

333 2305 487 2338 autem
513 2293 659 2337 finalis
686 2307 780 2337 non
807 2292 1038 2352 praecedit
1053 2302 1276 2350 tempore,
1291 2291 1369 2334 sed
1387 2291 1538 2334 solum
1565 2291 1611 2334 in
1634 2290 1886 2334 intentione
1906 2290 2104 2349 agentis;
2130 2297 2176 2334 et
2194 2288 2301 2334 ideo

332 2375 427 2406 non
451 2371 517 2406 est
541 2361 886 2414 inconveniens,
914 2359 1065 2418 aliqua
1090 2367 1380 2403 sacramenta
1401 2367 1504 2402 ante
1527 2357 1700 2401 Christi
1725 2357 1987 2415 passionem
2012 2355 2166 2401 fuisse.

422 2430 498 2473 AD
525 2441 787 2473 SECUNDUM
814 2427 1076 2480 dicendum,
1103 2426 1225 2485 quod
1253 2435 1394 2469 status
1419 2425 1611 2468 humani
1639 2425 1817 2483 generis
1849 2433 1954 2483 post
1976 2433 2233 2483 peccatum,
2255 2431 2301 2468 et

334 2507 438 2541 ante
465 2495 716 2548 Christum,
742 2494 966 2554 dupliciter
991 2503 1141 2552 potest
1166 2491 1468 2536 considerari:
1496 2505 1580 2535 uno
1610 2491 1732 2535 modo
1760 2492 2011 2535 secundum
2037 2490 2144 2536 fidei
2167 2490 2303 2536 ratio-

333 2577 466 2608 nem:
501 2573 546 2606 et
571 2562 634 2606 sic
663 2576 842 2620 semper
864 2575 980 2604 unus
1007 2569 1050 2604 et
1077 2560 1197 2603 idem
1226 2559 1495 2618 perman'sit;
1513 2559 1618 2617 quia
1641 2557 1815 2602 scilicet
1839 2558 2198 2618 justificabantur
2221 2558 2302 2603 ho·

335 2631 482 2675 mines
508 2644 587 2689 per
614 2628 750 2672 fidem
776 2627 913 2671 futuri
941 2627 1113 2671 Christi
1140 2626 1381 2670 adventus:
1409 2626 1493 2669 alio
1511 2626 1630 2669 modo
1656 2635 1806 2684 potest
1831 2625 2111 2670 considerari
2141 2638 2301 2670 secun-

337 2699 445 2743 dum
481 2696 803 2748 intensionem,
846 2704 889 2738 et
945 2694 1264 2738 remissionem
1314 2693 1506 2751 peccati,
1548 2702 1592 2736 et
1637 2706 1874 2752 expressae
1916 2684 2193 2751 cognitionis
2243 2692 2301 2737 de

338 2766 547 2818 Christo;
575 2777 682 2806 nam
705 2776 784 2820 per
801 2762 1083 2805 incrementa
1110 2771 1368 2819 temporum
1399 2770 1442 2803 et
1458 2770 1696 2817 peccatum
1717 2760 1928 2818 coepitin
1945 2759 2135 2804 homine
2153 2759 2301 2818 magis

338 2832 581 2886 dominari,
608 2831 833 2873 intantum
861 2829 983 2887 quod
1017 2829 1191 2871 ratione
1228 2827 1429 2870 hominis
1471 2841 1550 2885 per
1583 2837 1823 2886 peccatum
1865 2827 2174 2881 obtenebrata,
2204 2840 2300 2871 non

338 2899 597 2945 sufficerent
632 2896 813 2940 homini
850 2895 904 2939 ad
930 2905 1052 2940 recte
1078 2894 1324 2937 vivendum
1362 2904 1602 2953 praecepta
1639 2894 1752 2952 legis
1779 2904 1982 2948 naturae,
2000 2885 2087 2939 ‘sed
2112 2907 2301 2939 necesse

337 2967 421 3012 fuit
447 2964 739 3010 determinari
765 2972 1005 3022 praecepta
1031 2960 1203 3020 in·lege
1243 2961 1423 3019 scripta,
1451 2972 1495 3005 et
1521 2975 1626 3005 cum
1663 2962 1734 3005 his
1765 2961 1990 3021 quaedam
2022 2961 2125 3005 fidei
2159 2974 2303 3006 sacra-

339 3043 507 3079 menta.
538 3031 793 3091 Oportebat
818 3029 971 3083 etiam,
998 3028 1121 3087 quod
1148 3043 1227 3087 per
1244 3028 1526 3072 incrementa
1542 3038 1805 3087 temporum
1830 3028 1977 3088 magis
2003 3027 2302 3087 explicaretur

341 3101 547 3160 cognitio
574 3099 693 3152 fidei,
711 3098 831 3157 quia,
854 3107 903 3140 ut
926 3096 1118 3153 Gregor.
1142 3095 1250 3138 dicit
1277 3096 1407 3150 (hom.
1432 3096 1498 3140 16.
1525 3097 1567 3139 in
1592 3096 1739 3153 Ezech.
1772 3109 1799 3140 a
1829 3095 1974 3153 med.),
2009 3112 2033 3137 «
2050 3109 2130 3155 per
2159 3094 2302 3140 incre·

339 3177 492 3213 menta
515 3178 776 3224 temporum
806 3163 946 3207 crevit
972 3162 1149 3206 divinae
1169 3162 1443 3219 cognitionis
1472 3173 1771 3220 augmentum
1789 3177 1841 3217 »3
1867 3171 1913 3207 et
1935 3162 2041 3206 ideo
2067 3162 2207 3207 etiam
2227 3174 2304 3206 ne-

340 3250 466 3280 cesse
488 3234 584 3287 fuit,
611 3232 733 3292 quod
760 3232 806 3275 in
832 3229 973 3274 veteri
990 3228 1092 3287 lege
1121 3230 1346 3286 quaedam
1380 3239 1667 3274 sacramenta
1693 3228 1812 3282 fidei,
1830 3242 1969 3288 quam
2001 3228 2230 3273 habebant
2245 3227 2302 3272 de

341 3303 526 3348 Christo
550 3310 759 3352 venturo,
787 3297 1216 3342 determinarentur:
1241 3310 1356 3353 quae
1375 3296 1557 3354 quidem
1579 3306 1902 3355 comparantur
1923 3296 1979 3340 ad
2001 3305 2314 3353 sacramenta„

340 3384 456 3430 quae
490 3368 671 3413 fuerunt
713 3375 815 3410 ante
849 3366 1014 3423 legem,
1048 3364 1164 3407 sicut
1190 3363 1541 3406 determinatum
1566 3364 1620 3406 ad
1646 3363 2069 3417 indeterminatum;
2090 3362 2195 3422 quia
2222 3361 2305 3406 sci-

341 3438 447 3481 licet
471 3447 572 3479 ante
600 3435 751 3494 legem
779 3447 872 3476 non
899 3430 981 3475 fuit
1007 3430 1304 3475 determinate
1329 3430 1576 3488 praefixum
1604 3430 1795 3484 homini,
1823 3430 1984 3489 quibus
2006 3428 2302 3474 sacramentis

342 3515 554 3557 uteretur,
591 3504 707 3548 sicut
749 3501 830 3545 fuit
862 3514 940 3559 per
980 3498 1157 3558 legem3
1195 3498 1315 3555 quod
1355 3509 1449 3541 erat
1490 3499 1797 3541 necessarium
1831 3506 1876 3542 et
1906 3505 2090 3557 propter
2121 3496 2302 3541 obtene-

341 3572 597 3615 brationem
625 3570 738 3628 legis
762 3566 993 3620 naturalis,
1011 3574 1055 3611 et
1076 3575 1124 3609 ut
1151 3574 1268 3608 esset
1294 3563 1636 3608 determinatim·
1661 3564 1765 3607 fidei
1791 3563 2077 3622 significatio,

433 3639 509 3683 AD
542 3649 756 3682 TER'rmM
785 3633 1043 3687 dicendum,
1065 3631 1185 3691 quod
1214 3642 1550 3675 sacramentum
1579 3630 1932 3684 Melchisedech,
1953 3627 2180 3689 quodfult
2195 3637 2301 3674 ante
