2352 3926
728 209 1007 257 QUABSTIO
1048 208 1156 248 LIV.
1195 206 1504 248 ARTICULUS
1543 207 1579 245 1.
2019 204 2085 260 45
2095 204 2123 258 5

170 313 262 360 alio
286 327 480 375 corpore
504 313 553 358 in
574 312 741 358 eodem
757 312 890 358 loco:
908 312 988 358 sed
1006 327 1171 390 corpus
1188 312 1360 358 Christi
1375 320 1481 390 post
1496 308 1878 356 resurrectionem
1892 306 1977 352 fuit
1991 306 2130 352 simul

172 395 280 426 cum
313 381 404 426 alio
437 394 629 440 corpore
661 380 707 424 in
740 380 905 425 eodem
936 379 1068 425 loco:
1101 380 1283 424 intravit
1314 379 1436 423 enim
1469 378 1525 423 ad
1558 375 1804 437 discipulos
1835 388 1943 419 suos
1980 373 2127 433 januis

174 448 350 502 clausis,
376 458 426 493 ut
450 448 613 492 dicitur
632 447 763 506 Joan.
791 460 882 501 20.;
909 461 1019 506 ergo
1046 447 1236 500 videtur,
1264 446 1385 506 quod
1402 444 1611 490 Christus
1629 454 1734 504 post
1748 443 2128 488 resurrectionem

173 528 265 560 non
290 510 498 560 habuerit
522 529 681 559 verum
708 528 886 573 corpus.

259 595 300 627 2.
326 581 625 627 PRAETEREA.
651 581 825 626 Verum
852 594 1018 639 corpus
1042 593 1138 624 non
1165 579 1396 624 evanescit
1421 580 1474 623 ab
1509 588 1694 638 aspectu
1721 577 2009 630 intuentium,
2039 574 2129 619 nisi

171 646 284 694 forte
310 659 651 708 corrumpatur:
677 648 756 692 sed
783 661 947 706 corpus
974 646 1147 691 Christi
1179 647 1362 690 evanuit
1395 647 1447 690 ab
1482 645 1628 690 oculis
1659 644 1988 704 discipulorum
2021 656 2128 687 eum

172 715 456 770 intuentium,
482 726 532 760 ut
556 715 720 758 dicitur
745 714 854 758 Luc.
881 713 987 767 ult.;
1014 727 1123 772 ergo
1149 713 1340 767 videtur,
1358 713 1479 772 quod
1499 713 1707 757 Christus
1724 722 1828 771 post
1843 710 2133 756 resurrectio·

172 795 281 827 nem
303 798 395 828 non
420 782 628 826 habuerit
651 795 811 825 verum
838 794 1016 839 corpus.

267 863 304 908 3.
327 850 624 895 PRAETEREA.
653 847 909 906 Cujuslibet
931 849 1027 891 veri
1055 847 1259 905 corporis
1283 856 1350 891 est
1367 846 1665 891 determinata
1682 845 1849 904 figura:
1867 844 1946 890 sed
1964 858 2129 908 corpus

176 915 348 961 Christi
370 916 576 976 apparuit
600 913 831 972 discipulis
858 914 904 957 in
938 913 1025 957 alia
1057 913 1221 971 effigie,
1254 923 1303 957 ut
1334 924 1456 972 patet
1487 913 1630 956 Marci
1657 912 1760 967 ult.;
1794 926 1904 970 ergo
1937 911 2128 966 videtur,

173 983 295 1043 quod
323 983 527 1028 Christus
552 992 656 1041 post
681 981 1062 1025 resurrectionem
1088 994 1183 1024 non
1209 981 1419 1024 habuerit
1439 995 1601 1024 verum
1628 993 1792 1038 corpus
1818 979 2088 1022 humanum.

262 1049 357 1095 SED
384 1062 575 1095 CONTRA
602 1058 683 1102 est,
711 1048 832 1107 quod
859 1048 1022 1092 dicitur
1048 1048 1159 1092 Luc.
1178 1048 1255 1092 ult.
1275 1049 1396 1108 quod
1417 1047 1604 1092 Christo
1623 1046 1854 1105 discipulis
1872 1056 2130 1106 apparente,

173 1118 423 1170 conturbati,
451 1123 487 1162 et
512 1118 730 1162 conterriti
753 1117 1046 1160 existimabant
1068 1132 1108 1160 se
1131 1118 1329 1176 spiritum
1353 1115 1508 1169 videre,
1533 1129 1585 1158 ac
1603 1114 1642 1159 si
1658 1128 1752 1158 non
1769 1114 1955 1158 haberet
1971 1128 2131 1158 verum

162 1192 352 1244 corpus,
377 1184 454 1229 sed
479 1183 840 1243 phantasticum:
869 1182 925 1227 ad
952 1183 1073 1242 quod
1097 1183 1430 1227 removendum
1455 1183 1552 1242 ipse
1574 1191 1733 1241 postea
1750 1181 1921 1226 subdit:
1939 1181 2128 1241 Palpate‚

169 1257 207 1297 et
225 1250 383 1304 videtu
410 1253 509 1311 quia
530 1251 704 1310 spiritus
735 1264 921 1305 carnem,
955 1256 994 1295 et
1023 1265 1112 1295 ossa
1142 1265 1227 1294 non
1259 1251 1392 1305 habet,
1423 1252 1530 1295 sicut
1561 1265 1625 1295 me
1655 1248 1802 1294 videtis
1831 1249 2008 1302 habere;
2036 1262 2131 1292 non

171 1332 283 1378 ergo
308 1317 466 1363 habuit
490 1331 655 1377 corpus
680 1317 1032 1376 phantasticum,
1058 1318 1137 1362 sed
1162 1332 1337 1362 verum.

261 1384 548 1430 Rnsponmzo
575 1385 834 1439 dicendum,
860 1385 996 1444 quod,
1023 1385 1141 1429 sicut
1165 1385 1383 1430 Damasc.
1409 1385 1518 1429 dicit
1541 1384 1588 1428 in
1604 1396 1646 1439 4.
1662 1383 1740 1428 lib.
1759 1383 1907 1442 (Orth.
1925 1383 2020 1428 Fid.
2038 1391 2130 1443 cap.

168 1452 244 1497 ult.
269 1467 296 1497 a
314 1452 492 1512 princ),
523 1467 547 1493 «
573 1450 684 1495 illud
709 1465 943 1511 resurgere
969 1452 1145 1506 dicitur,
1173 1453 1295 1511 quod
1323 1452 1488 1496 cecidit
1513 1466 1563 1495 »z
1593 1465 1758 1510 corpus
1785 1461 1939 1495 autem
1958 1450 2133 1495 Christi

169 1524 249 1579 p‘er
274 1529 471 1564 mortem
499 1518 964 1578 cecidit,‘inquantum
990 1518 1164 1563 scilicet
1184 1519 1268 1563 fuit
1293 1519 1347 1563 ab
1376 1533 1432 1563 eo
1460 1519 1614 1563 anima
1639 1529 1859 1578 separata,
1887 1533 2003 1577 quae
2036 1528 2132 1563 erat

172 1588 268 1645 ejus
292 1585 498 1630 formalis
519 1584 763 1645 perfectio;
790 1587 908 1630 unde
935 1587 1148 1645 oportuit,
1168 1587 1223 1630 ad
1250 1587 1340 1630 hoc
1367 1587 1491 1645 quod
1518 1596 1636 1630 esset
1659 1601 1767 1630 vera
1794 1585 1967 1631 Christi
1991 1600 2133 1630 resur-

172 1654 331 1708 rectio,
358 1663 407 1698 ut
430 1653 552 1697 idem
579 1667 742 1712 corpus
769 1653 941 1698 Christi
966 1654 1127 1698 iterato
1157 1654 1304 1698 eidem
1333 1655 1511 1698 animae
1541 1654 1766 1707 uniretur3
1785 1664 1830 1698 et
1846 1654 1949 1712 quia
1966 1653 2132 1697 veritas

172 1730 358 1765 naturae
385 1720 587 1779 corporis
614 1730 683 1764 est
708 1735 760 1764 ex
789 1720 950 1775 forma,
978 1735 1262 1780 consequens
1289 1731 1356 1765 est
1382 1720 1503 1780 quod
1533 1735 1699 1780 corpus
1734 1721 1903 1765 Christi
1935 1730 2038 1779 post
2067 1735 2134 1765 re-

174 1787 503 1833 surrectionem
526 1796 570 1830 et
594 1801 753 1830 verum
780 1801 944 1847 corpus
968 1787 1114 1841 fuerit,
1143 1799 1187 1832 et
1208 1788 1415 1847 ejusdem
1436 1798 1639 1842 naturae,
1658 1789 1786 1847 cujus
1802 1787 1949 1832 fuerat
1984 1788 2131 1847 prius:

174 1855 211 1900 si
238 1865 390 1899 autem
417 1855 512 1913 ejus
540 1868 702 1913 corpus
727 1853 882 1899 fuisset
907 1855 1259 1914 phantasticum,
1285 1870 1379 1900 non
1410 1855 1567 1900 fuisset
1597 1871 1704 1901 vera
1735 1855 2019 1910 resurrectio,
2053 1855 2132 1900 sed

171 1935 406 1982 apparens.

258 1988 335 2033 AD
365 2000 553 2033 PRIMUM
580 2002 689 2047 ergo
713 1988 971 2045 dicendum,
999 1990 1121 2049 quod
1149 2004 1314 2050 corpus
1334 1989 1506 2035 Christi
1519 2000 1623 2050 post
1637 1992 2019 2035 resurrectionem
2036 2004 2131 2034 non

169 2069 224 2102 ex
250 2054 489 2109 miraculo,
516 2055 595 2099 sed
622 2069 675 2099 ex
703 2056 966 2101 conditione
992 2056 1182 2115 gloriae,
1215 2057 1333 2102 sicut
1366 2058 1551 2117 quidam
1585 2058 1754 2112 dicunt,
1787 2058 1952 2102 clausis
1983 2057 2131 2116 Januis

168 2122 227 2168 ad
252 2120 499 2180 discipulos
519 2122 736 2177 introivit,
763 2123 900 2167 simul
925 2139 1033 2169 cum
1061 2124 1151 2169 alio
1180 2139 1371 2183 corpore
1397 2126 1444 2168 in
1471 2126 1635 2169 eodem
1657 2125 1765 2169 loco
1799 2125 2018 2169 existens:
2051 2123 2130 2169 sed

168 2196 320 2235 utrum
344 2189 436 2234 hoc
462 2189 630 2234 habere
656 2191 799 2249 possit
825 2205 990 2269 corpus
1016 2192 1270 2251 gloriosum
1297 2207 1351 2237 ex
1379 2192 1529 2252 aliqua
1554 2193 1827 2253 proprietate
1859 2192 1944 2236 sibi
1973 2192 2131 2246 indita,

154 2266 219 2303 ¹ut
242 2255 380 2301 simul
411 2270 516 2300 cum
550 2256 642 2301 alio
681 2272 873 2316 corpore
904 2259 951 2303 in
990 2259 1156 2304 eodem
1192 2259 1300 2304 loco
1337 2260 1511 2315 existat,
1546 2259 1730 2304 inferius
1767 2259 2030 2304 discutietur
2065 2259 2131 2316 (n

165 2323 365 2385 supplem.
390 2337 430 2383 q.
456 2324 517 2383 83.
544 2330 624 2368 art.
650 2326 729 2383 4),
768 2325 846 2370 ubi
881 2336 1039 2385 agetur
1075 2327 1130 2371 de
1167 2327 1498 2372 resurrectione
1535 2327 1795 2372 communi:
1821 2341 1942 2373 nunc
1977 2315 2130 2371 a'utem

169 2400 391 2452 quantum
418 2391 473 2434 ad
499 2392 784 2450 propositum
809 2392 988 2448 sufficit,
1015 2394 1259 2439 dicendum
1286 2405 1354 2439 est
1378 2394 1501 2454 quod
1526 2408 1621 2440 non
1644 2409 1698 2439 ex
1720 2404 1884 2439 natura
1910 2394 2130 2453 corporis,

166 2457 247 2503 sed
271 2459 422 2517 potius
448 2471 502 2502 ex
526 2458 691 2503 virtute
713 2459 958 2505 divinitatis
984 2461 1152 2516 unitae,
1174 2461 1286 2509 illud
1313 2476 1478 2520 corpus
1497 2462 1551 2506 ad
1569 2461 1831 2522 discipulos,
1848 2461 1954 2506 licet
1969 2475 2128 2506 verum

168 2534 300 2578 esset,
325 2524 472 2583 januis
498 2524 662 2570 clausis
683 2526 910 2572 introivit:
937 2528 1056 2572 unde
1072 2529 1265 2587 August.
1282 2529 1392 2573 dicit
1407 2531 1453 2573 in
1463 2529 1671 2606 ’quodam
1688 2543 1900 2574 sermone
1917 2528 2131 2573 Paschali

168 2591 402 2650 (colligitur
426 2606 477 2636 ex
498 2606 621 2637 serm.
646 2608 732 2653 159.
759 2593 805 2638 de
839 2594 1022 2655 Temp.),
1059 2595 1183 2655 quod
1219 2596 1405 2655 quidam
1437 2596 1502 2640 sic
1533 2597 1785 2655 disputant:
1823 2613 1847 2638 «
1883 2595 1933 2640 Si
1964 2609 2128 2673 corpus

169 2667 278 2712 erat,
303 2658 343 2702 si
366 2657 458 2703 hoc
484 2660 673 2705 surrexit
694 2661 749 2705 de
778 2661 1036 2720 sepulchro,
1063 2663 1184 2721 quod
1211 2663 1451 2722 pependit
1440 2677 1487 2707 ιιι
1504 2663 1645 2722 ligno,
1663 2664 1900 2723 quomodo
1916 2678 1995 2722 per
2013 2663 2128 2707 ostia

170 2722 325 2768 clausa
349 2724 515 2769 intrare
541 2727 718 2785 potuit?
746 2744 769 2770 >2
811 2738 855 2772 et
878 2729 1142 2788 respondet:
1179 2747 1202 2772 «
1237 2730 1286 2774 Si
1318 2730 1669 2789 comprehendis
1696 2730 1902 2785 modum,
1934 2744 2029 2774 non
2062 2740 2129 2774 est

170 2790 468 2844 miraculum;
492 2791 569 2837 ubi
590 2793 742 2838 deficit
760 2796 892 2850 ratio,
909 2796 971 2839 ibi
989 2806 1056 2841 est
1072 2796 1177 2840 fidei
1194 2797 1448 2841 aedificatio
1471 2814 1513 2841 »
1532 2797 1588 2841 Et
1603 2811 1736 2858 super
1746 2797 1861 2856 Joan
1883 2797 2022 2854 (tract.
2040 2811 2125 2841 121.

170 2871 196 2901 a
222 2857 346 2915 med.)
374 2857 505 2903 dicit:
537 2874 561 2900 α
586 2859 701 2904 Moli
726 2863 944 2921 corporis,
962 2863 1037 2907 ubi
1063 2863 1274 2908 divinitas
1293 2874 1401 2918 erat,
1419 2864 1535 2908 ostia
1554 2865 1707 2909 clausa
1724 2879 1817 2909 non
1836 2864 2125 2917 obstiterunt3

169 2924 246 2968 ille
271 2924 436 2983 quippe
461 2939 555 2969 non
577 2926 641 2970 eis
668 2929 831 2987 apertis
857 2929 1022 2974 intrare
1049 2932 1208 2988 potuit,
1236 2946 1327 2990 quo
1362 2941 1579 2976 nascente
1611 2932 1845 2991 virginitas
1878 2931 2034 2974 matris
2065 2930 2129 2973 in-

168 2990 339 3036 violata
365 2993 612 3050 permansit
637 3009 688 3048 »3
713 3004 758 3039 et
784 2995 908 3040 idern
934 2997 1043 3042 dicit
1078 2998 1215 3057 Greg.
1252 2999 1299 3042 in
1335 2999 1533 3058 quadam
1568 2998 1730 3044 homil.
1764 2999 1820 3043 de
1853 3008 2016 3042 octava
2046 2997 2128 3041 Pa-

171 3058 309 3102 schae
335 3058 461 3116 (quae
485 3065 542 3103 est
566 3060 636 3104 26.
662 3062 708 3104 in
733 3062 898 3122 Evang.
925 3066 1002 3109 cir.
1024 3066 1202 3124 princ..)

258 3125 333 3168 An
355 3137 615 3170 SECUNDUM
641 3126 898 3183 dicendum,
924 3131 1062 3189 quod,
1097 3133 1215 3176 sicut
1240 3132 1413 3176 dictum
1441 3142 1508 3177 est
1535 3132 1591 3191 (q
1613 3140 1756 3193 praec.
1783 3138 1863 3176 art.
1888 3132 1961 3190 3),
1994 3131 2130 3176 Chri-

168 3201 262 3236 stus
286 3192 528 3236 resurrexit
549 3192 603 3236 ad
629 3193 939 3241 immortalem
966 3196 1139 3256 gloriae
1155 3199 1321 3254 vitam3
1348 3200 1462 3244 haec
1492 3210 1559 3243 est
1584 3210 1737 3243 autem
1764 3198 2001 3258 dispositio
2031 3212 2128 3243 cor-

170 3260 294 3318 poris
320 3258 523 3317 gloriosi,
549 3269 598 3304 ut
621 3261 679 3304 sit
703 3262 948 3320 spirituale,
974 3265 1089 3309 idest
1114 3267 1367 3342 subjectum
1394 3267 1582 3325 spiritui,
1609 3277 1658 3310 ut
1688 3266 1850 3324 Apost.
1869 3266 1978 3310 dicit
2005 3279 2040 3310 1.
2068 3265 2124 3310 ad

169 3325 280 3372 Cor.
312 3338 376 3383 15.
405 3326 479 3370 Ad
502 3325 592 3370 hoc
626 3337 780 3372 autem
810 3329 932 3388 quod
965 3331 1023 3375 sit
1055 3333 1247 3377 omnino
1281 3347 1445 3392 corpus
1479 3334 1733 3391 subjectum
1759 3332 1948 3391 spiritui,
1982 3333 2128 3392 requi·

170 3392 279 3437 titur
305 3392 426 3451 quod
450 3393 600 3437 omnis
627 3394 747 3438 actio
774 3397 978 3455 corporis
1003 3398 1219 3443 subdatur
1244 3401 1424 3458 spiritus
1450 3399 1696 3443 voluntati:
1725 3399 1847 3457 quod
1875 3408 2027 3443 autem
2052 3398 2128 3443 ali-

170 3459 276 3518 quid
301 3459 520 3514 videatur,
547 3459 597 3504 fit
621 3474 701 3520 per
727 3462 955 3507 actionem
980 3464 1170 3511 visibilis
1202 3467 1248 3510 in
1280 3467 1444 3519 visum,
1478 3477 1525 3509 ut
1557 3476 1680 3524 patet
1705 3480 1784 3523 per
1811 3465 1984 3511 Philos.
2010 3466 2055 3510 in
2082 3478 2123 3510 2.

170 3525 226 3571 de
250 3525 422 3570 Anima
449 3526 548 3583 (tex.'
581 3540 639 3586 73.
672 3533 713 3572 et
738 3530 842 3587 74),
870 3539 915 3574 et
938 3530 1043 3575 ideo
1075 3532 1350 3592 quicumque
1382 3533 1519 3576 habet
1541 3545 1705 3591 corpus
1732 3531 2053 3590 glorificatum,
2077 3532 2126 3577 in

164 3588 391 3652 potestate
413 3606 498 3639 sua
522 3593 660 3639 habet
683 3594 840 3650 videri,
865 3597 1048 3655 quando
1063 3598 1176 3653 vult,
1197 3609 1241 3644 et
1263 3599 1447 3659 quando
1468 3611 1563 3643 non
1588 3597 1699 3652 vult,
1725 3611 1820 3643 non
1845 3598 2014 3655 videri3
2031 3599 2123 3646 hoc
