2352 3926
629 221 910 285 ouans-rm
952 236 1080 277 Lvn.
1120 235 1429 278 Axi-mutus
1472 238 1521 276 v.
1949 222 2052 294 483

112 341 260 388 *AD
291 353 552 388 SECUNDUM
585 339 847 395 dicendum,
879 340 1000 400 quod
1033 339 1150 384 ratio
1189 338 1268 384 illa
1308 338 1515 400 procedit
1553 338 1608 384 de
1649 351 1839 398 corpore
1882 338 2055 383 Christi

20 442 65 465 s
86 408 347 456 anundum
381 407 697 453 conditionem
729 416 916 452 naturae
950 421 1215 468 corporeae,
1251 420 1345 452 non
1373 416 1526 451 autern
1553 405 1805 451 secundum
1831 405 2056 450 rationem

24 481 68 526 221
82 475 291 523 unionis.

182 542 260 588 AD
282 554 498 588 TERTIUM
523 541 783 596 dicendum,
807 541 929 601 quod
952 540 1236 599 comparatio
1259 542 1344 584 ista
1369 549 1519 599 potest
1537 539 1706 584 attendi
1721 540 1788 585 vel
1804 539 2056 585 secundum

84 609 320 657 tationem
346 608 581 663 locorum3
608 618 652 654 et
677 611 741 653 sic
763 607 914 653 nullus
942 607 1071 652 locus
1099 618 1166 652 est
1190 617 1286 651 tam
1314 606 1445 661 altus,
1471 607 1547 666 qui
1575 606 1763 651 excedat
1789 607 2058 666 dignitatem

14 695 28 727 ρ
93 676 336 739 spiritualis
363 676 654 730 substantiae,
681 674 933 720 secundum
960 674 1083 733 quod
1117 674 1323 733 procedit
1359 674 1581 733 objectio:
1618 674 1685 718 vel
1713 673 1964 718 secundum
1996 674 2058 717 di-

93 744 316 804 gnitatem
341 757 519 798 eorum,
546 743 707 802 quibus
734 742 987 786 attribuitur
1011 741 1161 796 locus;
1189 752 1234 786 et
1257 741 1321 785 sic
1356 741 1538 800 corpori
1571 740 1743 786 Christi
1774 741 1975 796 debetur,
2007 750 2058 785 ut

10 817 31 851 5
94 811 152 858 sit
176 825 312 871 supra
336 809 590 871 spirituales
623 820 864 854 creaturas.

795 962 1231 1020 ARTICULUS
1263 963 1361 1018 VI.
1971 993 2050 1038 ,ις

230 1099 424 1139 UTRUM
461 1098 730 1138 ASCENSIO
772 1099 992 1138 CHRISTI
1033 1098 1119 1137 SIT
1160 1098 1339 1136 CAUSA
1377 1097 1631 1138 NOSTRAE
1674 1099 1917 1138 SALUTIS.

181 1210 259 1256 AD
291 1222 485 1256 SEXTUM
510 1210 575 1254 sic
601 1210 874 1270 proceditur.
897 1209 1101 1264 Videtur,
1126 1209 1247 1269 quod
1275 1210 1481 1254 ascensio
1509 1209 1681 1254 Christi
1707 1225 1802 1254 non
1835 1211 1891 1254 sit
1924 1226 2059 1256 causa

14 1299 40 1340 32
89 1283 277 1323 nostrae
302 1277 482 1323 salutis:
511 1277 720 1323 Christus
747 1278 871 1323 enim
896 1277 979 1322 fuit
1000 1292 1140 1322 causa
1164 1287 1349 1322 nostrae
1376 1276 1547 1331 salutis,
1569 1277 1839 1336 inquantum
1866 1277 2060 1323 salutem

91 1355 300 1390 nostram
325 1345 512 1389 meruit:
541 1346 618 1389 sed
641 1359 721 1404 per
747 1345 1066 1389 ascensionem
1088 1343 1204 1388 nihil
1228 1344 1359 1388 nobis
1381 1344 1572 1398 meruit;
1598 1344 1704 1403 quia
1731 1346 1938 1390 ascensio
1965 1361 2061 1405 per-

87 1413 207 1458 tinet
227 1413 284 1457 ad
309 1412 566 1472 praemium
593 1412 877 1456 exaltationis
905 1413 1023 1471 ejus:
1057 1425 1151 1456 non
1184 1422 1250 1455 est
1283 1420 1436 1455 autem
1467 1412 1590 1455 idern
1614 1412 1842 1466 meritum,
1871 1422 1915 1457 et
1936 1427 2062 1472 prae-

19 1482 33 1486 “
86 1479 264 1534 πιίιιῐῐι;
290 1479 407 1524 sicut
431 1493 516 1524 nec
543 1479 631 1534 via,
653 1489 699 1524 et
719 1479 965 1534 terminus;
999 1493 1108 1538 ergo
1141 1479 1331 1532 videtur,
1365 1478 1488 1538 quod
1520 1479 1727 1523 ascensio
1761 1479 1936 1524 Christi
1965 1494 2059 1524 non

92 1546 152 1592 sit
175 1560 314 1591 causa
337 1557 520 1591 nostrae
547 1545 718 1591 salutis.

185 1626 226 1658 2.
247 1613 547 1659 Puni-Eam.
573 1614 622 1658 Si
643 1613 849 1658 ascensio
878 1613 1051 1659 Christi
1063 1623 1130 1658 est
1157 1628 1294 1658 causa
1325 1623 1510 1658 nostrae
1536 1613 1707 1669 salutis,
1742 1615 1944 1659 maxime
1973 1615 2066 1660 hoc

97 1680 280 1726 viderur
304 1690 526 1741 quantum
553 1681 609 1725 ad
629 1681 736 1736 hoc,
763 1681 885 1740 quod
913 1682 1119 1726 ascensio
1147 1683 1243 1740 ejus
1279 1681 1337 1725 sit
1363 1695 1499 1725 causa
1529 1691 1714 1726 nostrae
1749 1682 2060 1727 ascensionis:

31 1764 54 1830 Ξ
97 1748 176 1793 sed
203 1748 293 1795 hoc
319 1747 539 1793 collatum
581 1758 648 1792 est
673 1748 805 1792 nobis
838 1762 918 1807 per
951 1750 1046 1806 ejus
1081 1749 1366 1807 passionem:
1402 1748 1521 1807 quia,
1554 1758 1604 1792 ut
1634 1748 1797 1792 dicitur
1826 1749 1940 1793 Heb.
1974 1763 2054 1803 1o.‚

45 1813 501 1874 habemusfiduciam
527 1817 572 1860 in
593 1817 767 1859 introitu
789 1822 1030 1860 sanctorum
1053 1823 1128 1875 per
1152 1818 1393 1874 sanguinem
1418 1818 1548 1876 ipsius
1557 1831 1574 1869 ;
1594 1830 1704 1875 ergo
1731 1816 1924 1870 videtur,
1936 1816 2060 1876 quod

41 1882 302 1937 ἑζζῑ-ὀεεεηείο
329 1881 502 1926 Christi
532 1895 627 1927 non
652 1881 786 1926 fuerit
812 1896 948 1926 causa
973 1892 1155 1926 nostrae
1182 1882 1352 1927 salutis.

187 1963 224 2009 3.
237 1949 534 1994 PRAETEREA.
562 1948 694 1993 Salus
716 1949 848 1993 nobis
873 1963 952 2008 per
971 1948 1206 1993 Christum
1227 1949 1394 1993 collata
1412 1959 1478 1994 est
1495 1950 1784 2008 sempiterna,
1807 1950 2060 1995 secundum

34 2014 207 2062 <illud
230 2015 316 2060 Isa.
346 2028 438 2074 51.:
465 2017 586 2061 Salus
605 2022 742 2061 autem
767 2031 859 2060 mea
890 2018 934 2060 in
964 2018 1256 2075 sempiternum
1273 2019 1377 2061 erit:
1405 2017 1485 2060 sed
1513 2017 1722 2061 Christus
1740 2032 1834 2061 non
1854 2018 2058 2061 ascendit

93 2082 142 2129 in
168 2081 368 2137 coelum,
393 2092 443 2128 ut
473 2083 570 2127 ibi'
558 2098 606 2127 m
632 2083 959 2160 sempiternum
986 2092 1127 2139 esset;
1155 2083 1318 2128 dicitur
1345 2084 1467 2127 enim
1485 2084 1588 2127 Act.
1619 2098 1652 2127 1.
1666 2084 2059 2141 :Quemadmodum

34 2162 57 2180 ‘-
92 2149 258 2196 vidistis
287 2165 378 2195 eum
409 2150 688 2196 ascendentem
713 2153 758 2194 in
776 2151 949 2205 coelum,
972 2152 1033 2195 ita
1062 2153 1196 2196 vemet
1206 2167 1221 2204 ;
1251 2150 1415 2210 legitur
1442 2151 1595 2205 etiam,
1623 2151 1777 2196 multis
1811 2152 1977 2196 sanctis
2011 2166 2060 2196 se

94 2217 432 2265 demonstrasse
449 2218 495 2262 in
508 2218 637 2263 terris
655 2228 756 2278 post
772 2232 903 2262 suam
926 2218 1258 2272 ascensionem,
1295 2219 1411 2263 sicut
1438 2218 1492 2262 de
1513 2218 1657 2262 Paulo
1680 2218 1845 2278 legitur
1870 2219 1973 2264 Act.
1993 2234 2032 2279 9.
2051 2235 2061 2272 ;

96 2298 209 2345 ergo
234 2285 425 2339 videtur,
458 2285 581 2344 quod
609 2287 706 2344 ejus
733 2286 940 2329 ascensio
967 2299 1061 2329 non
1087 2285 1146 2329 sit
1172 2300 1308 2329 causa
1336 2295 1519 2330 nostrae
1553 2285 1722 2330 salutis.

185 2352 280 2398 SED
313 2365 509 2398 CONTRA
536 2363 616 2406 est,
652 2352 775 2411 quod
802 2353 897 2411 ipse
932 2352 1038 2396 dicit
1059 2352 1193 2410 Joan.
1226 2351 1318 2397 16.:
1345 2353 1524 2412 Expedit
1554 2355 1683 2408 vobis,
1714 2361 1760 2399 ut
1790 2369 1859 2412 ego
1885 2353 2058 2408 vadam,

0 2428 2 2468 ὲ
93 2419 212 2467 idest
236 2429 285 2464 ut
309 2419 524 2464 recedam
556 2434 583 2463 a
606 2420 737 2464 vobis
763 2434 843 2479 per
875 2419 1210 2464 ascensionem.

184 2486 473 2533 RESPONDEO
507 2486 766 2541 dicendum,
803 2486 926 2546 quod
953 2487 1161 2530 ascensio
1202 2486 1375 2531 Christi
1413 2497 1481 2532 est
1517 2501 1652 2531 causa
1689 2498 1873 2531 nostrae
1905 2487 2061 2531 salutis

94 2554 346 2616 dupliciter:
375 2569 457 2599 uno
482 2554 603 2599 modo
630 2569 685 2599 ex
716 2565 842 2615 parte
869 2564 1048 2598 nostra:
1077 2555 1159 2598 ah'o
1193 2554 1312 2598 modo
1331 2569 1384 2598 ex
1410 2565 1536 2614 parte
1555 2555 1707 2614 ipsius.
1726 2555 1791 2598 Ex
1818 2565 1943 2614 parte
1971 2555 2064 2613 qui-

46 2615 205 2677 [dem
228 2631 399 2675 nostra,
430 2621 700 2681 inquantum
732 2636 812 2681 per
843 2621 1017 2666 Christi
1054 2622 1371 2666 ascensionem
1411 2637 1542 2667 mens
1574 2633 1730 2666 nostra
1766 2633 1976 2666 movetur
2012 2623 2058 2665 in

47 2683 280 2754 fipsum:
309 2690 414 2748 quia
436 2702 515 2748 per
530 2689 626 2747 ejus
654 2689 987 2742 ascensionem,
1003 2689 1120 2733 sicut
1137 2703 1271 2748 supra
1291 2689 1463 2733 dictum
1490 2700 1558 2734 est
1570 2690 1660 2747 (art
1681 2706 1716 2734 Ι.
1736 2690 1822 2748 huj.
1841 2705 1878 2748 q.
1899 2689 1952 2733 ad
1977 2705 1994 2746 3
2000 2691 2059 2747 .;)

50 2757 234 2818 gfff-primo
260 2754 445 2815 quidem
478 2755 608 2799 datur
632 2754 760 2800 locus
786 2755 914 2800 fidei:
948 2756 1120 2801 secundo
1159 2757 1278 2814 spei:
1314 2758 1434 2801 tertio
1469 2757 1699 2801 charitati:
1739 2757 1886 2815 quarto
1920 2757 2058 2800 etiam

59 2858 74 2873 s
97 2838 179 2884 per
210 2822 300 2867 hoc
326 2822 580 2867 reverentia
603 2833 760 2867 nostra
792 2833 982 2882 augetur
1004 2823 1089 2867 ad
1078 2838 1243 2882 ipsum,
1262 2824 1369 2867 dum
1396 2825 1489 2882 jam
1507 2838 1601 2868 non
1619 2824 1929 2868 existimamus
1954 2838 2059 2867 eum

50 2889 216 2935 sicut
239 2888 479 2934 hominem
510 2898 756 2943 terrenum,
789 2890 868 2934 sed
900 2890 1017 2935 sicut
1050 2890 1204 2934 Deum'
1238 2890 1511 2946 coelestem;
1538 2891 1655 2935 sicut
1691 2901 1735 2936 et
1761 2891 1921 2949 Apost.
1955 2890 2063 2934 dicit

0 2981 5 3000 ε
61 2952 74 2968 ”
98 2969 139 3003 2.
166 2956 223 3002 ad
250 2955 362 3001 Cor.
383 2968 445 3013 5.:
471 2956 527 3001 Et
556 2957 592 3000 si
616 2957 883 3015 cognovimus
916 2957 1138 3002 secundum
1164 2972 1331 3002 carnem
1358 2958 1585 3012 Christum,
1613 2958 1728 3002 idest
1752 2964 1779 2999 ⁰«
1799 2956 2057 3010 mortalem,

58 3033 178 3085 Ῥει·
209 3022 332 3084 quod
365 3022 622 3082 putavimus
650 3037 756 3068 eum
776 3033 953 3068 tanturn
985 3023 1284 3079 hominem»,
1312 3035 1360 3069 ut
1394 3023 1546 3069 Gloss.
1581 3025 1691 3083 (ord.
1724 3031 1762 3069 et
1787 3024 1920 3068 interl.
1950 3025 2064 3068 Petri

69 3095 81 3124 «ἶ
99 3090 267 3149 Lomb.)
293 3090 502 3150 exponit3
533 3105 556 3131 α
573 3088 653 3134 sed
684 3103 805 3134 nunc
837 3091 929 3149 jam
948 3105 1042 3135 non
1069 3092 1358 3135 movimus».
1386 3092 1451 3135 Ex
1477 3102 1602 3151 parte
1627 3101 1778 3135 autem
1806 3105 1899 3143 sua,
1924 3104 2061 3148 quan-

68 3165 195 3214 >stum
214 3157 270 3202 ad
288 3172 340 3202 ea
359 3171 475 3216 quae
493 3157 589 3216 ipse
621 3156 742 3210 fecit,
761 3157 1010 3202 ascendens
1042 3168 1226 3217 propter
1252 3169 1455 3202 nostram
1470 3158 1683 3202 salutem:
1708 3159 1850 3216 primo
1872 3158 2054 3214 quidem

59 3221 221 3283 viam
262 3227 395 3270 nobis
437 3226 720 3284 praeparavit
762 3226 1035 3269 ascendendi
1067 3226 1109 3269 in
1150 3226 1347 3279 coelum,
1383 3226 1633 3270 secundum
1669 3224 1789 3282 quod
1824 3224 1917 3281 ipse
1951 3225 2060 3268 dicit

67 3315 79 3343 5
105 3292 234 3351 Joan.
274 3305 354 3348 14.:
378 3294 414 3336 V
413 3292 490 3337 ado
510 3301 669 3351 parare
694 3293 811 3335 vobis
842 3291 993 3345 locum,
1030 3303 1074 3337 et
1095 3293 1233 3335 Mich.
1251 3306 1312 3336 2.:
1334 3293 1525 3337 Aser-radit
1543 3292 1726 3349 pandens
1752 3293 1830 3333 iter
1859 3297 1952 3334 ante
1970 3306 2031 3334 eos
2044 3307 2058 3342 ;

101 3360 206 3420 quia
232 3361 355 3404 enim
387 3360 482 3418 ipse
518 3370 583 3403 est
617 3369 752 3417 caput
783 3369 1005 3412 nostrum,
1034 3370 1212 3418 oportet
1245 3360 1351 3402 illuc
1387 3360 1512 3416 sequi
1548 3357 1767 3408 membra,
1802 3371 1892 3414 quo
1928 3368 2061 3415 caput

65 3427 359 3486 :praecessit
387 3426 522 3470 Unde
549 3426 711 3469 dicitur
742 3425 873 3482 Joan.
914 3437 996 3479 14:
1035 3427 1090 3470 Ut
1121 3428 1193 3469 ubi
1227 3443 1267 3483 eg„
1263 3442 1296 3469 o
1333 3441 1439 3478 sum,
1474 3431 1509 3467 ct
1539 3439 1613 3467 vos
1643 3426 1745 3477 sits,
1775 3435 1817 3466 et
1844 3424 1887 3466 in
1931 3423 2064 3481 hujus

62 3491 285 3553 jrsignum
312 3493 487 3537 animas
510 3503 789 3549 sanctorum,
816 3505 927 3550 quas
954 3491 1008 3535 de
1030 3490 1209 3536 inferno
1238 3493 1464 3544 eduxerat,
1488 3491 1532 3533 in
1557 3490 1737 3533 coelum
1771 3489 1980 3542 traduxit,
1999 3504 2064 3534 se·

104 3558 303 3604 cundum
328 3543 444 3604 illud
467 3559 539 3603 Ps.
554 3557 650 3617 67.:
670 3557 899 3603 Ascendens
920 3557 1108 3603 Christus
1134 3560 1178 3602 in
1195 3559 1342 3612 allum,
1370 3559 1513 3616 (aptit
1515 3571 1584 3600 am
1611 3556 1730 3599 duxit
1751 3557 2063 3615 captivitatem,-

63 3625 212 3686 ,quia
231 3625 407 3671 scilicet
441 3615 536 3680 eos,
571 3625 647 3685 qui
689 3624 867 3669 fuerant
901 3638 928 3668 a
961 3623 1144 3670 diabolo
1179 3625 1406 3684 captivati,
1439 3637 1597 3668 secum
1630 3623 1755 3667 duxit
1785 3623 1831 3667 in
1867 3623 2064 3678 coelum,

1540 3776 1560 3804 Ο
