2352 3926
266 193 339 263 96
810 203 1090 251 QUAESTIO
1129 202 1224 243 vn.
1261 202 1570 244 Alimentus
1607 203 1703 244 xn.

267 309 515 368 quantitate
542 306 751 361 naturali,
777 306 842 350 sic
868 315 1018 365 potest
1044 319 1142 351 esse
1164 306 1463 366 repugnantia
1489 320 1543 351 ex
1568 315 1694 364 parte
1719 305 1910 360 formae,
1938 305 2013 350 cui
2038 304 2224 350 debetur

268 376 568 421 determinata
589 374 830 434 quantitas,
856 373 974 417 sicut
998 382 1043 417 et
1059 372 1148 418 alia
1165 373 1415 418 accidentia
1434 373 1758 428 determinata3
1785 373 1904 417 unde
1926 371 2099 417 Philos.
2117 371 2229 416 dicit

266 444 314 488 in
341 456 381 487 2.
409 444 464 486 de
490 443 579 486 An.
609 442 706 498 (tex.
733 441 822 498 41.)
845 441 968 500 quod
995 456 1019 483 α
1045 441 1251 485 omnium
1286 451 1446 486 natura
1479 441 1786 485 constantium
1818 449 1886 484 est
1914 439 2151 493 terminus,
2184 446 2229 482 et

268 511 382 554 ratio
410 508 749 567 magnitudinis,
777 517 821 552 et
852 508 1087 567 augmenti
1111 525 1162 564 »3
1190 518 1234 553 et
1264 509 1370 553 inde
1397 521 1477 562 est,
1510 509 1633 567 quod
1665 507 1904 567 quantitati
1933 507 2072 551 totius
2105 506 2226 552 coeli

267 592 361 621 non
388 586 537 636 potest
562 575 659 619 fieri
686 575 880 629 additio;
908 574 1054 620 multo
1079 575 1218 634 igitur
1243 575 1390 634 magis
1416 575 1462 618 in
1488 575 1597 634 ipsis
1621 573 1782 619 formis
1810 574 2121 619 consideratur
2152 573 2230 618 ali-

269 644 369 703 quis
395 644 630 697 terminus,
658 641 775 686 ultra
801 656 938 701 quem
969 657 1063 687 non
1095 643 1470 702 progrediuntur3
1504 651 1549 685 et
1573 651 1757 700 propter
1787 642 1878 685 hoc
1905 654 2000 684 non
2033 650 2228 700 oportet,

271 712 392 770 quod
420 711 591 770 gratiae
629 709 802 754 Christi
836 710 979 769 possit
1018 709 1115 755 fieri
1152 709 1337 763 additio,
1374 710 1582 768 quamvis
1619 708 1678 752 sit
1713 707 1840 751 finita
1876 707 2131 752 secundum
2159 707 2231 752 sui

279 779 536 823 essentiam.

370 846 446 890 AD
480 858 742 890 SECUNDUM
769 845 1028 899 dicendum,
1060 844 1183 903 quod
1215 843 1355 887 virtus
1393 842 1544 885 divina
1576 841 1684 886 licet
1713 841 1857 901 possit
1887 840 2038 889 facere
2064 840 2230 901 aliquid

273 913 435 971 majus,
463 922 507 956 et
532 911 711 968 melius,
738 927 874 971 quam
893 912 950 957 sit
974 910 1216 955 habitualis
1233 910 1378 968 gratia
1395 909 1590 963 Christi3
1617 923 1711 952 non
1727 918 1883 953 tamen
1898 917 2053 968 posset
2066 907 2233 963 facere,

276 980 398 1040 quod
425 980 710 1024 ordinaretur
737 980 792 1023 ad
821 979 988 1038 aliquid
1016 980 1178 1036 majus,
1206 991 1343 1037 quam
1370 977 1427 1021 sit
1451 977 1560 1020 unio
1588 975 1840 1035 personalis
1867 975 1924 1020 ad
1949 975 2116 1021 Filium
2140 976 2235 1020 uni-

273 1049 478 1108 genitum
505 1062 531 1091 a
556 1048 713 1102 Patre;
736 1047 810 1091 cui
841 1047 998 1091 unioni
1024 1045 1299 1090 sufficienter
1325 1044 1651 1103 correspondet
1674 1043 1777 1088 talis
1799 1057 2015 1088 mensura
2045 1043 2233 1103 gratiae,

273 1115 524 1161 secundum
553 1114 865 1159 definitionem
889 1115 1066 1158 divinae
1099 1112 1360 1171 sapientiae.

363 1182 440 1227 AD
474 1195 691 1227 TERTmM
716 1182 976 1235 dicendum,
999 1181 1121 1240 quod
1147 1181 1194 1223 in
1225 1179 1460 1239 sapientia,
1493 1188 1537 1222 et
1563 1179 1708 1237 gratia
1734 1177 1895 1238 aliquis
1925 1188 2077 1238 potest
2105 1178 2238 1238 profi-

275 1263 377 1294 cere
394 1249 631 1309 dupliciter;
650 1264 732 1294 uno
750 1249 870 1293 modo
889 1248 1140 1293 secundum
1156 1247 1279 1305 ipsos
1295 1246 1476 1290 habitus
1493 1246 1757 1304 sapientiae,
1774 1255 1819 1290 et
1835 1246 2006 1305 gratiae
2022 1259 2239 1305 augmen-

274 1327 414 1371 tatos;
438 1327 482 1361 et
508 1317 572 1361 sic
600 1316 811 1361 Christus
844 1318 889 1360 in
924 1316 987 1360 eis
1023 1329 1117 1359 non
1143 1314 1432 1374 proficiebat:
1461 1313 1545 1357 alio
1578 1313 1700 1358 modo
1743 1313 1997 1359 secundum
2023 1313 2237 1369 effectus3

275 1385 546 1443 inquantum
572 1383 747 1428 scilicet
773 1383 934 1442 aliquis
962 1382 1250 1442 sapientiora,
1278 1391 1322 1426 et
1341 1381 1618 1425 virtuosiora
1636 1395 1776 1439 opera
1800 1380 1930 1427 facit:
1958 1391 2004 1426 et
2027 1381 2093 1427 sic
2109 1381 2242 1427 Chri-

276 1461 370 1495 stus
396 1451 661 1510 proficiebat
682 1453 904 1510 sapientia,
928 1461 972 1494 et
995 1452 1150 1508 gratia,
1176 1449 1295 1493 sicut
1321 1458 1365 1493 et
1382 1458 1551 1493 aetate:
1573 1448 1679 1507 quia
1700 1449 1953 1494 secundum
1973 1463 2240 1509 processum

277 1519 437 1563 aetatis
462 1517 733 1578 perfectiora
760 1532 901 1577 opera
924 1517 1132 1570 faciebat,
1155 1527 1204 1560 ut
1229 1530 1277 1560 se
1299 1530 1459 1560 verum
1486 1516 1727 1560 hominem
1753 1516 2101 1573 demonstraret,
2126 1517 2242 1563 etfin

275 1586 347 1630 his
369 1600 485 1646 quae
512 1595 616 1630 sunt
643 1586 698 1629 ad
719 1585 888 1639 Deum,
916 1594 960 1629 et
983 1585 1030 1628 in
1056 1584 1127 1628 his
1153 1598 1269 1643 quae
1297 1593 1402 1628 sunt
1427 1583 1483 1628 ad
1508 1583 1736 1632 homines.

945 1761 1380 1819 ARTICULUS
1412 1761 1571 1818 XIII.
2056 1758 2058 1760 ’
2190 1790 2238 1836 55

282 1887 562 1948 QUALITER
603 1899 809 1939 GRATIA
849 1900 1068 1939 CHRISTI
1109 1900 1438 1939 HABITUALIS
1480 1901 1541 1963 SE
1588 1900 1808 1939 HABEAT
1848 1900 1923 1939 AD
1970 1899 2243 1941 UNIONEM.

384 2011 439 2071 (3.
461 2011 575 2055 Dist.
597 2025 652 2070 13.
680 2025 718 2070 q.
740 2025 777 2070 3.
805 2016 887 2056 art.
909 2025 950 2056 2.
977 2025 1016 2070 q.
1038 2026 1075 2071 3.
1102 2017 1139 2056 et
1163 2019 1299 2071 opusc.
1326 2026 1366 2057 2.
1394 2019 1484 2071 cap.
1512 2025 1604 2071 254.
1630 2017 1667 2057 et
1693 2019 1829 2071 opusc.
1857 2011 1930 2058 60.
1958 2019 2048 2072 cap.
2070 2009 2146 2071 3.).

372 2122 449 2167 AD
477 2134 918 2168 TERTIUMDEOEMUM
950 2123 1014 2168 sic
1050 2124 1324 2182 proceditur.
1352 2123 1558 2178 Videtur,
1591 2123 1714 2183 quod
1747 2123 1894 2181 gratia
1924 2121 2168 2168 habitualis
2199 2122 2248 2168 in

284 2190 471 2235 Christo
503 2203 598 2233 non
632 2190 932 2249 subsequatur
964 2191 1209 2237 unionem:
1243 2192 1288 2236 id
1322 2192 1446 2236 enim
1476 2206 1572 2237 non
1598 2192 1801 2251 sequitur
1833 2190 1890 2237 ad
1915 2191 2146 2251 seipsumz:
2167 2189 2248 2236 sed

282 2259 397 2303 haec
435 2258 579 2317 gratia
609 2257 853 2302 habitualis
885 2258 1064 2303 videtur
1097 2259 1259 2304 eadem
1291 2274 1390 2304 esse
1423 2274 1530 2304 cum
1563 2260 1712 2318 gratia
1744 2258 1954 2305 unionis:
1984 2258 2095 2304 dicit
2123 2259 2249 2304 enim

283 2325 477 2384 August.
503 2324 550 2368 in
572 2323 648 2369 lib.
677 2325 731 2369 de
759 2326 988 2371 Praedest.
1026 2326 1179 2371 Sanct.
1215 2326 1328 2387 (cap.
1361 2327 1469 2387 15.).·
1501 2343 1525 2368 «
1551 2326 1616 2371 Ea
1644 2327 1788 2386 gratia
1820 2326 1871 2372 fit
1894 2326 1949 2372 ab
1980 2325 2115 2371 initio
2144 2325 2252 2373 fidei

284 2407 392 2437 suae
414 2392 559 2436 homo
587 2392 863 2452 quicumque
891 2393 1195 2449 Christianus,
1214 2409 1302 2453 qua
1325 2394 1470 2453 gratia
1496 2394 1642 2438 homo
1666 2393 1743 2439 ille
1771 2394 1825 2438 ab
1847 2393 1977 2440 initio
1995 2406 2079 2438 suo
2103 2391 2251 2450 factus

286 2470 355 2505 est
391 2459 599 2505 Christus
625 2475 674 2504 »ε
717 2475 913 2519 quorum
953 2461 1149 2507 duorum
1189 2463 1387 2522 primum
1419 2463 1613 2521 pertinet
1643 2462 1699 2506 ad
1733 2461 1927 2522 gratiam
1957 2459 2251 2519 habitualem,

285 2527 538 2573 secundum
565 2526 620 2571 ad
647 2527 840 2586 gratiam
865 2529 1072 2584 unionis;
1100 2543 1210 2589 ergo
1238 2529 1430 2586 videtur,
1457 2529 1580 2590 quod
1607 2529 1754 2589 gratia
1777 2529 2022 2576 habitualis
2041 2542 2137 2574 non
2153 2527 2254 2575 sub-

286 2604 501 2654 sequatur
526 2595 760 2639 unionem.
2010 2622 2021 2643 ,⁴

379 2675 419 2707 2.
445 2662 743 2707 PRAETEREA.
771 2663 1021 2721 Dispositio
1049 2663 1281 2723 praecedit
1301 2663 1632 2723 perfectionem
1654 2673 1881 2724 ternpore,
1905 2662 1983 2710 vel
2004 2661 2255 2709 saltemin-

288 2728 499 2784 tellectu3
526 2730 605 2775 sed
632 2729 777 2788 gratia
801 2730 1045 2775 habitualis
1060 2730 1239 2775 videtur
1261 2746 1359 2776 esse
1386 2733 1503 2777 sicut
1523 2731 1749 2791 quaedam
1767 2731 2005 2791 dispositio
2021 2730 2252 2776 humanae

289 2807 478 2842 naturae
505 2797 561 2841 ad
583 2798 803 2842 unionem
836 2797 1149 2856 personalem;
1186 2813 1296 2858 ergo
1328 2799 1521 2853 videtur,
1555 2798 1676 2857 quod
1710 2798 1855 2858 gratia
1884 2796 2128 2843 habitualis
2157 2811 2254 2842 non

290 2865 587 2924 subsequatur
609 2865 844 2918 unionem,
871 2865 950 2909 sed
977 2865 1124 2923 magis
1151 2866 1407 2924 praecedat.

318 2933 321 2936 ⁴
385 2946 423 2991 3.
449 2931 747 2977 PRAETEREA.
773 2931 1037 2976 Commune
1060 2942 1127 2976 est
1142 2934 1263 2991 prius
1281 2933 1490 2992 proprio:
1515 2933 1594 2977 sed
1613 2932 1758 2991 gratia
1780 2930 2024 2977 habitualis
2049 2941 2118 2977 est
2133 2945 2257 2977 com-

293 2999 443 3044 munis
463 2999 663 3054 Christo,
691 3008 736 3044 et
757 2999 855 3043 aliis
874 2999 1161 3043 hominibus:
1192 3001 1335 3058 gratia
1363 3010 1517 3046 autem
1545 3000 1728 3045 unionis
1755 3009 1824 3045 est
1847 3000 2030 3060 propria
2049 2999 2256 3055 Christo;

293 3081 403 3126 ergo
430 3066 554 3127 prior
581 3077 648 3111 est
674 3066 927 3110 secundum
950 3065 1233 3110 intellectum
1261 3068 1404 3126 gratia
1432 3067 1691 3123 habitualis,
1714 3081 1850 3127 quam
1877 3067 1975 3127 ipsa
1996 3068 2132 3123 unio;
2162 3081 2258 3113 non

294 3149 405 3194 ergo
432 3133 633 3194 sequitur
660 3148 777 3180 earn.

386 3202 480 3247 SED
508 3214 703 3247 CONTRA
741 3210 822 3254 est,
849 3201 970 3259 quod
998 3201 1158 3244 dicitur
1190 3201 1275 3245 Isa.
1302 3214 1399 3256 42.:
1427 3202 1534 3247 Ecce
1565 3217 1705 3246 servus
1731 3217 1857 3257 meus,
1891 3203 2118 3263 suscipiam
2140 3216 2258 3255 auom

295 3280 339 3315 et
361 3279 520 3329 postea
541 3269 767 3328 sequitur:
795 3268 907 3312 Dedi
929 3270 1127 3327 spiritum
1153 3283 1289 3313 meum
1314 3277 1437 3328 super
1464 3284 1582 3321 eum;
1613 3269 1735 3328 quod
1763 3270 1949 3328 quidem
1980 3268 2262 3330 pertinet-ad

295 3338 470 3382 donum
496 3337 667 3395 gratiae
693 3334 960 3389 habitualis3
987 3335 1106 3379 unde
1133 3334 1414 3394 relinquitur,
1437 3337 1557 3395 quod
1577 3337 1805 3395 susceptio
1823 3347 2010 3383 naturae
2030 3336 2261 3382 humanae

295 3406 340 3449 in
369 3405 588 3448 unitatem
610 3417 831 3463 personae
859 3402 1100 3462 praecedat
1128 3403 1321 3460 gratiam
1348 3402 1628 3447 habitualem
1657 3404 1703 3447 in
1731 3404 1934 3449 Christo.

386 3472 672 3516 RESPONDEO
697 3470 955 3524 dicendum,
973 3469 1094 3529 quod
1113 3470 1221 3514 unio
1239 3470 1469 3514 humanae
1491 3481 1678 3515 naturae
1706 3472 1760 3515 ad
1785 3472 1988 3516 divinam
2002 3484 2262 3532 personam,

299 3554 436 3598 quam
454 3553 587 3598 supra
604 3539 664 3597 (q.
683 3554 722 3584 2.
749 3544 828 3583 art.
851 3553 915 3583 10.
938 3543 974 3582 et
995 3552 1032 3596 q.
1052 3537 1094 3582 6.
1122 3544 1204 3582 art.
1233 3538 1295 3595 6.)
1326 3537 1520 3581 diximus
1548 3552 1646 3581 esse
1678 3540 1823 3597 ipsam
1851 3539 2046 3598 gratiam
2067 3538 2262 3590 unionis,

303 3607 537 3667 praecedit
561 3606 755 3668 gratiam
782 3604 1061 3651 habitualem
1087 3604 1133 3649 in
1161 3604 1363 3659 Christo,
1389 3619 1482 3649 non
1510 3605 1668 3650 ordine
1695 3606 1930 3666 temporis,
1954 3605 2035 3652 sed
2058 3615 2261 3659 naturae,

2329 2634 2352 2791 essa'W-fflcff,
2339 2591 2352 2615 s»
2341 2565 2352 2578 ‚02
2344 2524 2352 2551 Διΐ
2340 2431 2352 2492 1
2340 2375 2352 2410 :⁴³2-
2347 2354 2350 2357 »

2328 3011 2348 3032 ·'.!-
2331 2806 2352 3002 ύῑῦῆωέἥι“
