2352 3926
672 250 947 298 QUAESTIO
988 250 1042 289 11.
1084 250 1392 290 ARTICULUS
1434 249 1505 289 lv.
2002 249 2069 305 37

104 354 259 411 Verbi,
291 364 341 400 ut
371 368 426 400 ex
457 352 588 398 dictis
619 363 744 413 patet
777 352 879 410 (art.
905 367 945 398 2.
978 353 1065 412 huj.
1098 352 1188 412 q.).·
1222 353 1301 397 sed
1326 353 1373 397 in
1405 350 1560 397 Verbo
1592 364 1687 396 non
1719 359 1788 396 est
1819 349 1941 395 aliud
1974 365 2071 411 per-

7 444 39 480 s
100 435 240 477 nona,
265 432 310 467 et
339 431 515 476 natura,
541 429 590 466 ut
619 428 743 480 patet
774 434 828 465 ex
850 419 981 464 dictis
1014 419 1061 463 in
1100 433 1134 463 1.
1168 429 1295 478 parte
1323 419 1380 478 (q.
1403 434 1440 479 3.
1463 426 1544 464 art.
1572 434 1609 479 3.
1632 424 1668 464 et
1694 417 1786 478 7.);
1820 432 1926 462 cum
1958 432 2068 478 ergo

0 482 21 628 Ξ
103 496 264 536 natura
279 488 419 533 Verbi
444 488 501 532 sit
525 487 731 547 simplex,
753 497 803 532 ut
822 487 869 531 in
901 493 1193 531 1.‘ostensum
1219 496 1299 540 est,
1322 485 1603 546 impossibile
1625 495 1706 540 est,
1727 485 1851 545 quod
1874 499 2070 544 persona

104 556 280 604 Ghristi
294 556 354 601 sit
379 555 648 615 composita.

0 621 17 670 ἔ
128 626 157 650 r
194 635 236 668 2.
267 623 565 668 PRAETEREA.
601 621 769 667 Omnis
801 621 1077 680 compositio
1115 620 1292 665 videtur
1325 634 1422 665 esse
1465 636 1518 665 ex
1550 621 1773 680 partibus:
1807 620 1885 666 sed
1918 620 2070 664 divina

0 660 43 779 Ξ
101 701 267 736 natura
287 703 382 734 non
406 699 556 748 potest
580 688 750 733 habere
782 688 1009 733 rationem
1042 687 1203 747 partis:
1230 683 1335 746 quia
1374 688 1524 731 omnis
1548 703 1650 746 pars
1681 688 1817 732 habet
1843 687 2069 732 rationem

0 908 14 970 ἓ

0 1047 8 1071 ἱ

104 755 379 818 imperfecti3
400 770 510 816 ergo
527 754 809 815 impossibile
843 765 924 810 est,
947 755 1070 815 quod
1096 768 1292 814 persona
1320 754 1492 799 Christi
1525 756 1581 799 sit
1599 756 1856 815 composita
1878 770 1934 800 ex
1966 754 2072 799 dua-

98 825 191 871 bus
214 823 399 869 naturis.

134 922 137 923 γ
197 905 236 951 3.
261 891 559 936 Passum.
586 889 726 943 Quod
754 890 1047 950 componitur
1072 903 1126 934 ex
1154 888 1391 948 aliquibus,
1412 889 1588 934 videtur
1611 903 1708 934 esse
1725 890 2071 949 homogeneum

103 958 192 1014 eis;
218 958 335 1004 sicut
354 971 410 1003 ex
442 958 711 1017 corporibus
739 971 835 1002 non
861 956 1155 1016 componitur
1179 957 1267 1000 nisi
1293 970 1482 1015 corpus3
1510 957 1549 1000 si
1576 971 1686 1015 ergo
1714 971 1768 1001 ex
1800 956 1974 1001 duabus
1995 970 2073 1000 na-

93 1025 216 1072 ·turis
247 1024 416 1085 aliquid
447 1025 505 1069 sit
528 1025 575 1069 in
604 1024 789 1069 Christo
813 1024 1139 1084 compositum,
1167 1037 1454 1083 consequens
1477 1024 1562 1069 erit
1584 1024 1708 1083 quod
1734 1023 1845 1068 illud
1871 1039 1966 1068 non
1989 1024 2072 1069 erit

99 1105 315 1157 persona,
345 1091 424 1136 sed
458 1101 643 1146 natura;
670 1102 713 1137 et
738 1092 802 1136 sic
828 1092 876 1135 in
913 1091 1100 1136 Christo
1142 1091 1227 1136 erit
1262 1090 1382 1143 facta
1409 1091 1518 1136 unio
1549 1091 1598 1135 in
1629 1101 1814 1136 natura:
1847 1091 1970 1150 quod
2006 1100 2074 1135 est

99 1162 268 1205 ‘tonna
290 1158 521 1219 praedicta
556 1158 644 1216 (art
673 1174 714 1204 2.
742 1160 832 1217 huj.
865 1159 938 1217 q.).

194 1226 290 1272 SED
317 1239 514 1272 CONTRA
546 1236 627 1281 est,
653 1226 776 1286 quod
802 1226 1019 1270 Damasc.
1053 1225 1163 1270 dicit
1197 1240 1234 1285 3.
1268 1225 1343 1270 lib.
1377 1226 1524 1284 (Orth.
1551 1226 1646 1271 Fid.
1674 1233 1764 1286 cap.
1788 1240 1824 1285 3.
1857 1239 1899 1283 4.
1927 1231 1965 1270 et
1981 1224 2071 1284 5.):

103 1294 211 1339 «1111
242 1294 448 1339 Domino
478 1294 585 1352 Jesu
617 1294 804 1339 Christo
837 1294 948 1338 duas
978 1302 1161 1338 naturas
1203 1294 1545 1353 cognoscimus,
1576 1307 1718 1337 unam
1751 1301 1904 1337 autem
1930 1292 2072 1352 hypo-

106 1361 265 1408 stasim
291 1375 347 1406 ex
370 1370 559 1420 utraque
581 1362 887 1420 compositam
904 1378 944 1405 ».

195 1427 484 1474 RESPONDEO
516 1428 774 1482 dicendum,
810 1430 933 1488 quod
974 1443 1183 1488 persona,
1226 1429 1320 1473 sive
1351 1428 1612 1487 hypostasis
1645 1427 1819 1472 Christi
1855 1427 2074 1486 dupliciter

107 1506 259 1556 potest
282 1494 578 1540 considerari:
604 1510 688 1539 uno
714 1495 834 1539 modo
860 1497 1113 1540 secundum
1136 1495 1245 1539 illud
1265 1496 1387 1554 quod
1415 1506 1481 1540 est
1506 1496 1552 1539 in
1579 1510 1654 1550 se;
1679 1505 1723 1540 et
1746 1497 1804 1539 sic
1826 1502 1882 1539 est
1903 1496 2072 1539 omnino

106 1563 292 1623 simplex,
330 1562 447 1607 sicut
477 1571 521 1606 et
551 1572 712 1606 natura
735 1561 896 1606 Verbi:
924 1563 1008 1607 alio
1041 1563 1160 1607 modo
1189 1563 1441 1607 secundum
1474 1563 1700 1607 rationem
1727 1576 1964 1622 personae,
1997 1561 2072 1605 vel

108 1629 381 1690 hypostasis,
413 1629 469 1673 ad
500 1630 857 1688 quam'pertinet
887 1630 1128 1674 subsistere
1150 1630 1196 1673 in
1224 1630 1372 1689 aliqua
1401 1641 1583 1684 natura3
1617 1640 1662 1674 et
1693 1629 1946 1674 secundum
1978 1629 2069 1672 hoc

107 1710 303 1757 persona
339 1695 510 1741 Christi
541 1697 742 1740 subsistit
772 1698 817 1740 in
856 1696 1030 1741 duabus
1063 1697 1257 1751 naturis;
1290 1697 1410 1740 unde
1442 1696 1550 1741 licet
1581 1697 1637 1741 sit
1668 1697 1730 1740 ibi
1762 1711 1905 1740 unum
1931 1696 2069 1741 subsi-

0 1799 3 1829 3
109 1772 247 1817 stens,
279 1771 349 1808 est
369 1771 525 1807 tamen
556 1763 620 1807 ibi
651 1763 752 1817 alia,
786 1774 831 1808 et
857 1764 944 1808 alia
965 1765 1080 1808 ratio
1114 1764 1406 1808 subsistendi:
1431 1774 1475 1809 et
1495 1766 1551 1809 sic
1577 1764 1731 1809 dicitur
1747 1772 1930 1824 persona
1961 1778 2072 1809 com-

100 1833 255 1891 posita,
281 1830 550 1890 inquantum
577 1845 719 1874 unum
751 1831 927 1876 duobus
950 1832 1161 1876 subsistit.

0 1910 7 1918 ’
195 1895 254 1942 Et
277 1910 357 1957 per
380 1897 472 1941 hoc
498 1907 623 1956 patet
647 1898 884 1957 responsio
909 1912 973 1943 AD
999 1912 1202 1944 PR1MUM.

196 1963 274 2009 AD
299 1977 561 2010 SECUNDUM
587 1964 846 2020 dicendum,
873 1965 995 2024 quod
1020 1965 1099 2010 illa
1127 1966 1402 2024 compositio
1430 1980 1653 2025 personae
1686 1980 1743 2010 ex
1773 1965 1945 2009 naturis
1975 1979 2071 2009 non

109 2031 271 2077 dicitur
299 2045 397 2076 esse
428 2031 604 2076 ratione
635 2033 846 2092 partium,
878 2032 957 2077 sed
990 2033 1141 2092 potius
1173 2034 1349 2078 ratione
1382 2034 1583 2078 numeri:
1616 2034 1732 2078 sicut
1775 2047 1913 2077 omne
1945 2031 2073 2087 illud,

6 2113 38 2162 ζ]
95 2098 156 2145 ἃὶιι
185 2111 278 2159 quo
309 2099 400 2144 duo
432 2099 723 2154 conveniunt,
755 2109 905 2159 potest
935 2100 1026 2145 dici
1058 2115 1112 2144 ex
1144 2101 1209 2145 eis
1243 2101 1568 2160 compositum.

196 2165 274 2212 AD
305 2178 522 2212 TERTIUM
557 2166 816 2222 dicendum,
852 2167 975 2227 quod
1007 2181 1100 2211 non
1132 2167 1180 2211 in
1212 2168 1341 2212 omni
1374 2167 1710 2227 compositione
1743 2167 1835 2211 hoc
1867 2165 2076 2211 verifica·

94 2242 193 2295 να,
222 2233 346 2294 quod
376 2232 488 2278 illud
520 2234 642 2293 quod
675 2236 980 2295 componitur,
1014 2235 1069 2279 sit
1101 2235 1450 2294 homogeneum
1477 2235 1874 2295 componentibus,
1900 2234 1980 2278 sed
2003 2247 2075 2277 so-

91 2298 205 2346 tum
230 2299 281 2344 in
310 2300 510 2360 partibus
542 2302 769 2346 continui:
802 2316 912 2346 nam
945 2303 1215 2347 continuum
1258 2317 1353 2346 non
1397 2303 1689 2362 componitur
1729 2303 1817 2346 nisi
1849 2317 1903 2346 ex
1936 2301 2077 2345 conti-

3 2387 16 2413 2
90 2366 231 2412 uuis:
257 2366 429 2412 animal
457 2381 569 2413 vero
602 2370 894 2428 componitur
920 2383 976 2414 ex
1008 2370 1176 2424 anima,
1209 2379 1255 2414 et
1286 2383 1498 2428 corpore,
1531 2384 1729 2430 quorum
1760 2379 1975 2414 neutrum
2007 2378 2076 2413 est

109 2433 292 2479 animal.

0 1527 15 1544 ›'
0 1173 24 1490 wffifflfflw
0 963 20 1158 5³*ff
4 930 17 945 '—
0 857 10 904 ²*
6 750 19 786 *w-
20 600 25 619 ,Α
0 479 2 488 “
19 456 22 459 ,
11 332 19 338 r
7 282 19 316 ›-
13 238 27 260 r..
10 166 24 225 ,mn
20 119 22 122 ,
20 100 22 102 .

47 30 70 82 [22⁵2
64 0 78 14 ἲ,

81 46 82 49 ⁴
79 0 93 22 ΑΚ

93 0 111 19 ἦ.

147 0 154 13 ..

835 2572 1270 2631 ARTICULUS
1305 2574 1374 2629 V.
2023 2602 2069 2633 11

11 2662 102 2805 '7³'
108 2689 302 2733 uTRuM
335 2692 421 2731 εῖτ
443 2692 625 2732 FACTA
648 2693 858 2740 ALIQUA
882 2695 1018 2733 omo
1054 2694 1278 2746 ANIMAE,
1312 2695 1383 2734 ET
1419 2695 1687 2734 CORPORIS
1723 2696 1778 2733 IN
1811 2694 2069 2734 cums-ro,

130 2789 300 2850 (Infr.
322 2804 360 2850 q.
383 2790 451 2836 16.
473 2797 556 2837 art.
581 2806 616 2837 ι.
643 2798 683 2837 et
701 2807 737 2851 3.
761 2793 873 2839 Dist.
897 2793 938 2838 6.
962 2808 1000 2852 q.
1020 2809 1057 2853 3
1085 2799 1166 2838 art.
1196 2809 1227 2839 t.
1251 2800 1289 2839 et
1315 2794 1385 2838 lib.
1406 2807 1448 2851 4.
1477 2794 1620 2838 Contr.
1646 2809 1685 2852 g.
1713 2801 1802 2853 cap.
1816 2806 1879 2853 37.
1897 2799 1936 2838 et
1951 2806 2016 2850 41.

822 2866 862 2905 et
886 2867 1019 2920 opusc.
1046 2874 1087 2906 2.
1114 2868 1207 2921 cap
1235 2861 1360 2918 211..)

38 3020 41 3021 ⁷
199 2967 277 3014 AD
302 2982 531 3020 Qum’ruu
562 2970 627 3015 sic
660 2970 932 3030 proceditur.
966 2971 1171 3025 Videtur,
1214 2971 1337 3030 quod
1372 2971 1419 3015 in
1457 2971 1644 3016 Christo
1677 2985 1771 3014 non
1805 2969 1938 3014 fuerit
1968 2969 2076 3013 unio

111 3034 308 3091 animae,
333 3046 378 3081 et
403 3037 630 3096 corporis:
660 3052 712 3082 ex
740 3038 910 3082 unione
938 3038 1061 3083 enim
1088 3039 1284 3092 animae,
1318 3048 1363 3083 et
1395 3038 1599 3097 corporis
1632 3038 1678 3081 in
1710 3038 1842 3081 nobis
1866 3046 2076 3080 causatur

26 3114 57 3151 ε
95 3106 320 3162 persona,
350 3102 426 3148 vel
445 3104 704 3164 hypostasis
726 3105 954 3159 hominis3
981 3107 1017 3149 si
1041 3119 1152 3164 ergo
1177 3108 1343 3160 anima,
1368 3116 1412 3150 et
1435 3120 1599 3165 corpus
1621 3104 1834 3149 fuerunt
1823 3118 1869 3147 in
1894 3103 2077 3147 Christo

69 3169 250 3223 -unita,
281 3170 482 3229 sequitur
507 3171 631 3231 quod
662 3170 797 3216 fuerit
828 3187 883 3217 ex
916 3172 1086 3217 unione
1114 3186 1274 3216 eorum
1318 3173 1467 3232 aliqua
1508 3171 1768 3248 hypostasis
1809 3173 2076 3214 constituta:

14 3234 56 3294 ‘332‘
111 3246 208 3280 non
232 3245 385 3280 autem
409 3237 668 3297 hypostasis
693 3238 835 3284 Verbi
854 3239 956 3294 Dei,
981 3254 1095 3299 quae
1115 3250 1181 3284 est
1198 3249 1399 3294 aeterna3
1426 3253 1535 3298 ergo
1552 3239 1599 3282 in
1623 3239 1809 3283 Christo
1828 3239 1911 3281 erit
1928 3236 2079 3295 aliqua

109 3314 319 3361 persona,
350 3302 426 3348 vel
456 3303 715 3365 hypostasis
747 3317 925 3366 praeter
946 3306 1231 3366 hypostasim
1253 3306 1406 3362 Verbi,
1431 3306 1553 3366 quod
1577 3316 1644 3350 est
1668 3314 1825 3349 contra
1848 3303 2079 3363 praedicta

111 3368 219 3428 (art.
243 3383 283 3415 2.
309 3376 347 3415 et
367 3385 402 3429 3.
429 3374 610 3432 praec).

41 3427 58 3447 “
202 3448 244 3480 2.
270 3435 567 3484 PRAETEREA.
601 3439 668 3484 Ex
698 3440 869 3485 unione
902 3440 1096 3495 animae,
1139 3451 1184 3485 et
1226 3441 1430 3499 corporis
1474 3438 1762 3484 constituitur
1803 3446 1964 3481 natura
1995 3437 2076 3481 hu-

28 3503 62 3564 ᾗ)
98 3514 280 3548 -manae
305 3503 492 3563 speciei:
519 3505 735 3551 Damasc.
764 3517 916 3552 autem
939 3507 1047 3552 dicit
1071 3508 1118 3550 in
1148 3522 1184 3566 3.
1211 3506 1286 3551 lib.
1315 3507 1462 3565 (Orth.
1489 3505 1583 3550 Fid.
1612 3513 1703 3564 cap.
1718 3505 1775 3564 3.)
1793 3504 1914 3563 quod
1931 3506 1976 3548 in
1993 3505 2082 3549 Do-

11 3615 14 3618 .
102 3570 230 3614 susino
249 3569 344 3626 Jesu
373 3570 539 3617 Christo
564 3586 649 3618 non
673 3580 729 3618 est
753 3589 1011 3620 communem
1036 3575 1209 3634 speciem
1235 3575 1422 3634 accipere
1434 3588 1451 3626 ‚·
1485 3585 1595 3631 ergo
1622 3572 1667 3616 in
1685 3585 1742 3616 eo
1759 3584 1853 3616 non
1872 3580 1940 3616 est
1961 3570 2080 3615 facta

98 3634 313 3692 „mimam
339 3646 385 3682 et
409 3636 613 3696 corporis
637 3639 763 3684 unio.
