2352 3926
280 213 352 269 80
795 212 798 215 ’
837 224 1117 271 αυΑΕεΤΙο
1158 223 1232 265 v1.
1273 223 1582 265 ARTIcuLus
1619 224 1674 264 v.

277 330 415 384 lectu,
451 343 545 373 non
580 338 808 387 tempore:
848 327 1099 387 assumptio
1132 336 1286 372 autem
1317 337 1505 372 naturae
1532 336 1601 372 est
1630 326 1755 387 prior
1779 326 1827 371 in
1851 327 1927 372 via
1951 325 2240 381 intentionis;

280 397 403 458 quod
431 406 498 440 est
524 410 622 440 esse
645 395 768 454 prius
796 394 1076 453 simpliciter,
1103 403 1153 439 ut
1178 393 1351 439 dictum
1383 404 1452 438 est
1477 394 1540 451 (in
1567 402 1680 454 corp.
1707 395 1825 452 art).

370 465 446 508 AD
466 475 726 508 SECUNDUM
747 462 1006 515 dicendum,
1024 461 1162 520 quod,
1183 460 1310 505 Deus
1326 462 1389 505 ita
1413 471 1480 505 est
1507 461 1715 521 simplex,
1742 461 1864 520 quod
1891 460 2031 505 etiam
2057 469 2126 505 est
2146 474 2244 520 per-

279 531 576 584 fectissimus;
604 539 648 574 et
664 530 767 574 ideo
794 538 943 574 totum
969 538 1037 574 est
1057 531 1206 588 magis
1230 529 1379 573 simile
1405 528 1524 583 Deo,
1548 543 1686 588 quam
1703 538 1868 588 partes,
1884 528 2155 587 inquantum
2175 536 2245 572 est

280 598 535 659 perfectius.
1091 607 1099 627 ¹

368 666 445 710 AD
472 676 688 709 TERTIUM
710 663 968 718 dicendum,
995 661 1118 722 quod
1143 664 1253 707 unio
1280 662 1532 722 personalis
1551 671 1632 716 est,
1660 662 1716 706 ad
1743 675 1882 721 quam
1897 661 2168 706 terminatur
2179 675 2246 706 as-

282 733 497 792 sumpti0‚
523 745 619 776 non
651 740 805 776 autem
831 731 939 775 unio
966 740 1170 785 naturae,
1193 744 1310 789 quae
1332 729 1520 774 resultat
1551 743 1607 774 ex
1633 730 1959 789 conjunctione
1983 728 2196 788 partium.

986 927 1419 987 ARTICULUS
1460 927 1561 983 VI.
1632 925 1633 928 ‘
2186 953 2246 998 42

406 1083 601 1122 UTRUM
634 1081 869 1122 HUMANA
897 1081 1122 1122 NATURA
1155 1081 1241 1119 SIT
1274 1078 1561 1119 ASSUMPTA
1592 1076 1881 1118 MEDIANTE
1903 1076 2134 1117 GRATM.

501 1208 555 1268 (3.
575 1209 686 1253 Dist.
705 1223 746 1254 2.
764 1223 802 1267 q.
819 1223 859 1253 2.
883 1214 964 1253 art.
982 1222 1022 1253 2.
1041 1185 1079 1252 ei
1094 1208 1205 1252 Dist.
1223 1222 1278 1266 13.
1302 1221 1338 1265 q.
1354 1221 1389 1265 3.
1409 1210 1488 1249 art.
1507 1220 1542 1249 1.
1560 1210 1597 1249 et
1621 1204 1731 1249 Veri.
1749 1218 1788 1263 q.
1806 1217 1877 1249 20.
1894 1208 1976 1248 art.
1998 1217 2040 1248 2.

1000 1281 1037 1319 et
1059 1282 1192 1334 opusc.
1220 1289 1260 1319 2.
1287 1282 1380 1333 cap.
1406 1273 1536 1331 102.).

375 1401 451 1446 AD
479 1414 672 1446 SEXTUM
699 1401 763 1445 sic
790 1401 1063 1459 proceditur.
1096 1399 1301 1453 Videtur,
1334 1399 1455 1457 quod
1482 1397 1621 1442 Filius
1644 1397 1734 1442 Dei
1765 1395 2064 1457 assumpserit
2093 1397 2252 1442 huma-

286 1483 394 1513 nam
420 1479 629 1513 naturam
656 1469 884 1512 mediante
912 1468 1079 1525 gratia:
1107 1481 1186 1526 per
1213 1468 1406 1525 gratiam
1425 1466 1546 1510 enim
1574 1465 1757 1509 unimur
1782 1465 1910 1509 Deo:
1937 1463 2018 1510 sed
2042 1465 2248 1508 humana

285 1546 445 1580 natura
467 1539 511 1579 in
536 1536 720 1580 Christo
739 1535 937 1578 maxime
953 1534 1037 1578 fuit
1054 1535 1156 1578 Deo
1176 1534 1324 1587 unita3
1344 1547 1454 1592 ergo
1477 1532 1556 1576 illa
1573 1533 1682 1577 unio
1695 1531 1817 1576 facta
1837 1531 1922 1576 fuit
1937 1545 2019 1591 per
2040 1533 2249 1591 gratia‘m.

374 1616 414 1647 2.
438 1603 735 1647 PRAETEREA.
765 1603 893 1646 Sicut
919 1616 1084 1660 corpus
1111 1601 1222 1644 vivit
1243 1615 1324 1659 per
1347 1601 1565 1654 animam,
1589 1614 1705 1659 quae
1724 1609 1791 1644 est
1809 1600 1905 1657 ejus
1926 1598 2166 1658 perfectio:
2188 1598 2252 1643 ita

289 1670 442 1714 anima
467 1685 548 1729 per
575 1670 788 1728 gratiam:
818 1669 895 1713 sed
922 1669 1126 1712 humana
1158 1678 1319 1711 natura
1345 1668 1545 1712 redditur
1572 1681 1776 1726 congrua
1803 1666 1859 1710 ad
1886 1666 2250 1727 assumptionem

286 1751 366 1796 per
393 1737 608 1790 animam,
635 1746 683 1779 ut
709 1736 880 1779 dictum
909 1745 976 1779 est
1001 1736 1105 1792 (art.
1138 1749 1179 1792 4.
1214 1736 1300 1794 huj.
1325 1735 1384 1794 q.)
1397 1751 1414 1788 ,·
1444 1749 1554 1793 ergo
1581 1744 1626 1779 et
1652 1735 1805 1778 anima
1827 1747 2032 1792 congrua
2053 1732 2254 1778 redditur

288 1804 344 1848 ad
372 1805 729 1863 assumptionem
756 1817 836 1862 per
863 1803 1081 1862 gratiam3
1109 1817 1220 1862 ergo
1246 1802 1386 1847 Filius
1412 1803 1501 1846 Dei
1528 1802 1771 1862 assumpsit
1796 1801 2001 1846 animam
2021 1801 2252 1846 mediante

286 1871 443 1930 gratia.

382 1953 419 1997 3.
446 1938 744 1983 PRAETEREA.
768 1937 963 1996 August.
989 1938 1036 1981 in
1068 1950 1134 1994 15.
1160 1937 1217 1982 de
1244 1936 1407 1982 Trinit.
1436 1938 1548 1997 (cap.
1569 1937 1645 1997 15.)
1671 1937 1793 1991 dicit,
1812 1936 1935 1996 quod
1959 1935 2163 1980 Verbum
2189 1935 2254 1979 in-

291 2016 528 2050 carnatum
555 2015 636 2060 est,
663 2006 779 2049 sicut
808 2005 1000 2049 verbum
1037 2014 1246 2049 nostrum
1281 2007 1326 2049 in
1357 2019 1497 2049 voce:
1526 2005 1605 2050 sed
1639 2005 1826 2048 verbum
1860 2013 2067 2048 nostrum
2101 2003 2255 2048 unitur
2332 2034 2335 2038 Δ

288 2073 394 2117 voci
409 2073 638 2116 mediante
655 2073 810 2132 spiritu
829 2088 838 2126 3
860 2087 970 2132 ergo
990 2072 1197 2117 Verbum
1214 2073 1302 2116 Dei
1324 2074 1476 2116 unitur
1492 2073 1617 2116 carni
1634 2072 1864 2116 mediante
1881 2071 2049 2130 Spiritu
2067 2070 2257 2125 Sancto,

290 2151 334 2185 et
358 2140 420 2184 ita
446 2140 673 2184 mediante
700 2140 857 2198 gratia,
882 2154 997 2199 quae
1025 2140 1213 2199 Spiritui
1236 2140 1406 2183 Sancto
1432 2140 1697 2194 attribuitur,
1721 2138 1976 2184 secundum
1999 2138 2112 2184 illud
2138 2148 2175 2184 1.
2198 2139 2255 2183 ad

290 2207 401 2252 Cor.
434 2220 523 2251 12.:
551 2208 789 2252 Divisiones
808 2209 1049 2266 gratiarum
1074 2214 1180 2260 sunt,
1212 2207 1320 2251 idem
1347 2213 1482 2251 autem
1510 2209 1692 2266 spiritus.

380 2274 475 2319 SED
503 2287 698 2319 CONTRA
716 2285 795 2328 est,
815 2275 938 2333 quod
961 2275 1105 2333 gratia
1131 2285 1199 2318 est
1224 2274 1456 2333 quoddam
1480 2275 1692 2318 accidens
1714 2274 1909 2328 animae,
1930 2283 1981 2318 ut
1999 2275 2048 2318 in
2065 2285 2106 2318 2.
2127 2283 2256 2334 parte

288 2341 496 2386 habitum
522 2352 588 2386 est
614 2342 712 2399 (1-2.
740 2357 779 2400 q.
805 2354 894 2387 110.
922 2348 1002 2386 art.
1030 2342 1091 2398 2.)
1105 2358 1118 2387 :
1145 2342 1255 2385 unio
1284 2351 1438 2385 autem
1454 2341 1592 2385 Verbi
1612 2341 1668 2385 ad
1685 2341 1938 2385 humanam
1960 2340 2171 2391 naturam
2183 2353 2257 2387 est

289 2408 410 2453 facta
437 2409 689 2452 secundum
716 2409 1068 2463 subsistentiam,
1095 2419 1140 2453 et
1163 2424 1258 2453 non
1285 2409 1539 2454 secundum
1566 2409 1792 2463 accidens,
1817 2418 1868 2453 ut
1888 2421 1942 2452 ex
1967 2421 2103 2469 supra
2122 2408 2256 2454 dictis

293 2486 417 2536 patet
445 2476 502 2534 (q.
529 2491 568 2521 2.
587 2482 667 2520 art.
696 2477 784 2536 6.);
812 2491 922 2535 ergo
949 2487 1112 2521 natura
1136 2477 1342 2521 humana
1366 2491 1461 2522 non
1489 2487 1557 2521 est
1583 2487 1814 2536 assumpta
1839 2476 2256 2537 medianmgz‘utia.

380 2543 669 2588 RESPONDEO
698 2544 955 2597 dicendum,
983 2546 1104 2603 quod
1132 2547 1178 2588 in
1212 2544 1398 2589 Christo
1431 2545 1615 2604 ponitur
1641 2545 1785 2604 gratia
1810 2544 2011 2599 unionis<,
2035 2540 2081 2590 et
2108 2546 2256 2604 gratia

290 2610 548 2664 habitualis3
567 2613 709 2669 gratia
729 2625 838 2669 ergo
857 2626 949 2655 non
968 2622 1119 2670 potest
1135 2612 1328 2671 intelligi
1345 2622 1394 2656 ut
1410 2613 1614 2657 medium
1633 2614 1677 2657 in
1697 2613 2010 2670 assumptione
2025 2611 2256 2657 humanae

290 2688 493 2732 naturae,
510 2680 603 2722 sive
625 2678 869 2736 loquamur
892 2679 945 2722 de
969 2682 1111 2737 gratia
1129 2680 1325 2734 unionis,
1348 2682 1442 2724 sive
1462 2681 1516 2724 de
1540 2682 1684 2738 gratia
1701 2678 1942 2724 habituali:
1966 2678 2112 2739 gratia
2132 2678 2256 2724 enim

292 2746 474 2791 unionis
496 2755 564 2789 est
584 2745 732 2803 ipsum
750 2759 846 2789 esse
865 2746 1117 2804 personale,
1136 2747 1258 2805 quod
1276 2747 1414 2806 gratis
1437 2747 1649 2791 divinitus
1669 2747 1800 2791 datur
1820 2747 2051 2791 humanae
2066 2755 2256 2791 naturae

292 2813 338 2857 in
364 2825 559 2872 persona
584 2811 737 2866 Verbi,
764 2812 885 2870 quod
913 2812 1097 2870 quidem
1125 2823 1192 2857 est
1216 2815 1437 2859 terminus
1460 2815 1807 2874 assumptionis:
1834 2814 1980 2874 gratia
2005 2822 2160 2858 autem
2178 2813 2256 2858 ha-

293 2879 474 2932 bitualis
500 2879 727 2937 pertinens
755 2879 810 2922 ad
837 2879 1117 2936 spiritualem
1144 2882 1431 2926 sanctitatem
1457 2881 1578 2926 illius
1603 2881 1819 2935 hominis,
1852 2891 1921 2926 est
1951 2879 2139 2926 effectus
2165 2881 2260 2940 qui-

295 2947 402 2991 dam
430 2959 714 3005 consequens
748 2947 981 2999 unionem,
1014 2948 1264 2991 secundum
1300 2948 1411 2993 illud
1444 2949 1574 3007 Joan.
1613 2962 1679 2992 1.:
1724 2948 1913 2993 Vidimus
1932 2948 2124 3007 'gloriam
2154 2949 2256 3007 ejus,

294 3016 413 3074 quasi
443 3015 645 3072 unigeniti
676 3027 702 3058 a
735 3014 875 3067 Patre,
898 3013 1068 3071 plenum
1092 3017 1272 3071 gratiae,
1305 3023 1344 3061 et
1373 3018 1563 3062 veritatis
1571 3032 1587 3069 ;
1616 3030 1695 3076 per
1731 3016 1855 3075 quod
1888 3015 2019 3063 datur
2049 3014 2258 3076 intelligi,

296 3081 420 3142 quod
447 3095 499 3126 ex
525 3081 616 3125 hoc
643 3080 742 3138 ipso
770 3080 892 3139 quod
918 3079 995 3124 ille
1028 3081 1172 3125 homo
1207 3093 1274 3126 est
1306 3084 1565 3142 unigenitus
1603 3097 1629 3127 a
1661 3083 1795 3128 Patre
1832 3083 1977 3142 (quod
2012 3083 2150 3129 habet
2178 3095 2260 3143 per

294 3149 537 3206 unionem)
563 3148 702 3192 habet
727 3148 1053 3207 plenitudinem
1083 3149 1267 3206 gratiae,
1296 3161 1339 3194 et
1363 3151 1589 3195 veritatis:
1617 3150 1656 3194 si
1679 3163 1792 3195 vero
1811 3149 2099 3209 intelligatur
2114 3149 2260 3211 gratia

294 3218 503 3264 voluntas
530 3216 618 3261 Dei
645 3215 812 3274 aliquid
839 3215 977 3273 gratis
996 3214 1181 3270 facienS,
1199 3216 1272 3260 vel
1296 3218 1485 3272 donans,
1504 3218 1568 3262 sic
1586 3217 1696 3261 unio
1713 3216 1834 3262 facta
1855 3226 1925 3262 est
1943 3230 2025 3278 per
2049 3216 2259 3277 gratiam,

294 3300 389 3331 non
415 3285 532 3329 sicut
557 3297 636 3343 per
662 3282 882 3336 medium,
906 3282 983 3326 sed
1010 3282 1126 3326 sicut
1151 3297 1229 3341 per
1257 3298 1442 3328 causam
1470 3284 1759 3329 efficientem.

386 3353 463 3396 AD
496 3363 683 3397 ramum
717 3363 826 3407 ergo
861 3349 1120 3402 dicendum,
1150 3351 1271 3407 quod
1298 3351 1407 3394 unio
1440 3362 1596 3396 nostra
1629 3353 1684 3396 ad
1715 3351 1871 3396 Deum
1901 3360 1983 3396 est
1993 3364 2075 3412 per
2095 3362 2261 3428 opera·
2341 3344 2352 3390 ἓ

294 3420 497 3472 tionem;
526 3419 795 3477 inquantum
822 3415 995 3460 scilicet
1022 3430 1124 3459 eum
1147 3418 1484 3475 cognoscimus,
1509 3429 1552 3463 et
1571 3433 1799 3474 amamus3
1829 3428 1875 3463 et
1898 3418 2004 3464 ideo
2147 3417 2261 3463 unio
2328 3391 2352 3571 ἑ

2330 3760 2352 3781 3.»-

297 3498 363 3532 est
390 3501 468 3546 per
495 3486 686 3545 gratiam
714 3483 1008 3537 habitualem,
1032 3483 1300 3541 inquantum
1328 3485 1533 3543 operatio
1560 3485 1759 3545 perfecta
1775 3485 1991 3545 procedit
1998 3485 2072 3530 ab
2109 3484 2257 3529 abitu:

296 3554 374 3599 sed
403 3555 510 3598 unio
537 3562 724 3598 naturae
742 3553 970 3595 humanae
993 3551 1047 3594 ad
1069 3550 1272 3594 Verbum
1291 3551 1378 3595 Dei
1396 3562 1463 3596 est
1480 3554 1730 3597 secundum
1750 3567 1847 3598 esse
1866 3551 2118 3612 personale,
2135 3552 2259 3613 quod
2327 3554 2335 3560 ’“

298 3636 390 3667 non
418 3620 642 3681 dependet
670 3620 723 3664 ab
753 3619 905 3678 aliquo
932 3618 1103 3673 habitu,
1130 3618 1208 3663 sed
1236 3618 1500 3664 immediate
1534 3621 1588 3664 ab
1615 3620 1712 3679 ipsa
1739 3631 1915 3665 natura.

2326 3879 2347 3922 ἓξ,
