<?xml version="1.0" encoding="UTF-8"?>
<!DOCTYPE html PUBLIC "-//W3C//DTD XHTML 1.0 Transitional//EN"
    "http://www.w3.org/TR/xhtml1/DTD/xhtml1-transitional.dtd">
<html xmlns="http://www.w3.org/1999/xhtml" xml:lang="en" lang="en">
 <head>
  <title>
</title>
<meta http-equiv="Content-Type" content="text/html;charset=utf-8" />
  <meta name='ocr-system' content='tesseract 3.04.00' />
  <meta name='ocr-capabilities' content='ocr_page ocr_carea ocr_par ocr_line ocrx_word'/>
</head>
<body>
  <div class='ocr_page' id='page_1' title='image "./divithomaeaquina04thom_0444.png"; bbox 0 0 2352 3926; ppageno 0'>
   <div class='ocr_carea' id='block_1_1' title="bbox 267 174 1676 230">
    <p class='ocr_par' dir='ltr' id='par_1_1' title="bbox 267 174 1676 230">
     <span class='ocr_line' id='line_1_1' title="bbox 267 174 1676 230; baseline -0.001 -17"><span class='ocrx_word' id='word_1_1' title='bbox 267 175 376 230; x_wconf 87' lang='lat'>440</span> <span class='ocrx_word' id='word_1_2' title='bbox 823 174 1097 219; x_wconf 81' lang='lat' dir='ltr'>QUAESTlO</span> <span class='ocrx_word' id='word_1_3' title='bbox 1137 174 1226 212; x_wconf 88' lang='lat' dir='ltr'>LII.</span> <span class='ocrx_word' id='word_1_4' title='bbox 1267 174 1578 214; x_wconf 89' lang='lat' dir='ltr'>ARTICULUS</span> <span class='ocrx_word' id='word_1_5' title='bbox 1619 174 1676 214; x_wconf 90' lang='lat'>11.</span> 
     </span>
    </p>
   </div>
   <div class='ocr_carea' id='block_1_2' title="bbox 269 275 2257 3631">
    <p class='ocr_par' dir='ltr' id='par_1_2' title="bbox 269 275 2235 653">
     <span class='ocr_line' id='line_1_2' title="bbox 364 275 2232 335; baseline 0.001 -16"><span class='ocrx_word' id='word_1_6' title='bbox 364 288 400 333; x_wconf 86' lang='lat'>5.</span> <span class='ocrx_word' id='word_1_7' title='bbox 439 275 737 320; x_wconf 75' lang='lat' dir='ltr'>PRAETEREA.</span> <span class='ocrx_word' id='word_1_8' title='bbox 774 275 903 318; x_wconf 91' lang='lat' dir='ltr'>Sicut</span> <span class='ocrx_word' id='word_1_9' title='bbox 948 275 1232 334; x_wconf 86' lang='lat' dir='ltr'>Augustinus</span> <span class='ocrx_word' id='word_1_10' title='bbox 1269 276 1378 320; x_wconf 91' lang='lat' dir='ltr'>dicit</span> <span class='ocrx_word' id='word_1_11' title='bbox 1411 275 1459 319; x_wconf 93' lang='lat' dir='ltr'>in</span> <span class='ocrx_word' id='word_1_12' title='bbox 1495 276 1698 335; x_wconf 88' lang='lat' dir='ltr'>quodam</span> <span class='ocrx_word' id='word_1_13' title='bbox 1734 290 1947 322; x_wconf 88' lang='lat' dir='ltr'><strong>sermone</strong></span> <span class='ocrx_word' id='word_1_14' title='bbox 1979 276 2036 321; x_wconf 93' lang='lat' dir='ltr'>de</span> <span class='ocrx_word' id='word_1_15' title='bbox 2072 277 2232 322; x_wconf 79' lang='lat' dir='ltr'>Resur-</span> 
     </span>
     <span class='ocr_line' id='line_1_3' title="bbox 269 341 2235 402; baseline -0.001 -15"><span class='ocrx_word' id='word_1_16' title='bbox 269 345 473 387; x_wconf 89' lang='lat' dir='ltr'>rectione</span> <span class='ocrx_word' id='word_1_17' title='bbox 503 342 594 400; x_wconf 84' lang='lat' dir='ltr'>(qui</span> <span class='ocrx_word' id='word_1_18' title='bbox 619 348 673 386; x_wconf 81' lang='lat' dir='ltr'>est</span> <span class='ocrx_word' id='word_1_19' title='bbox 699 355 782 400; x_wconf 84' lang='lat'><strong><em>137.</em></strong></span> <span class='ocrx_word' id='word_1_20' title='bbox 808 341 854 385; x_wconf 79' lang='lat' dir='ltr'>de</span> <span class='ocrx_word' id='word_1_21' title='bbox 886 342 1029 401; x_wconf 82' lang='lat' dir='ltr'>Temp.</span> <span class='ocrx_word' id='word_1_22' title='bbox 1055 349 1214 401; x_wconf 83' lang='lat' dir='ltr'>parum</span> <span class='ocrx_word' id='word_1_23' title='bbox 1247 357 1273 386; x_wconf 86' lang='lat' dir='ltr'>a</span> <span class='ocrx_word' id='word_1_24' title='bbox 1299 344 1480 402; x_wconf 66' lang='lat' dir='ltr'>princ),</span> <span class='ocrx_word' id='word_1_25' title='bbox 1519 359 1542 383; x_wconf 88' lang='lat'>«</span> <span class='ocrx_word' id='word_1_26' title='bbox 1576 342 1786 388; x_wconf 90' lang='lat' dir='ltr'>Christus</span> <span class='ocrx_word' id='word_1_27' title='bbox 1820 344 1876 388; x_wconf 88' lang='lat' dir='ltr'>ad</span> <span class='ocrx_word' id='word_1_28' title='bbox 1905 343 2134 389; x_wconf 88' lang='lat' dir='ltr'>infernum</span> <span class='ocrx_word' id='word_1_29' title='bbox 2164 344 2235 386; x_wconf 77' lang='lat' dir='ltr'>de-</span> 
     </span>
     <span class='ocr_line' id='line_1_4' title="bbox 270 409 2232 468; baseline -0.001 -15"><span class='ocrx_word' id='word_1_30' title='bbox 270 410 491 453; x_wconf 89' lang='lat' dir='ltr'>scendens</span> <span class='ocrx_word' id='word_1_31' title='bbox 519 423 680 452; x_wconf 87' lang='lat' dir='ltr'>omnes</span> <span class='ocrx_word' id='word_1_32' title='bbox 705 409 865 465; x_wconf 85' lang='lat' dir='ltr'>justos,</span> <span class='ocrx_word' id='word_1_33' title='bbox 892 409 969 467; x_wconf 88' lang='lat' dir='ltr'>qui</span> <span class='ocrx_word' id='word_1_34' title='bbox 996 409 1208 467; x_wconf 87' lang='lat' dir='ltr'>originali</span> <span class='ocrx_word' id='word_1_35' title='bbox 1234 420 1424 468; x_wconf 89' lang='lat' dir='ltr'>peccato</span> <span class='ocrx_word' id='word_1_36' title='bbox 1453 409 1655 454; x_wconf 86' lang='lat' dir='ltr'>adstricti</span> <span class='ocrx_word' id='word_1_37' title='bbox 1680 410 1962 464; x_wconf 89' lang='lat' dir='ltr'>tenebantur,</span> <span class='ocrx_word' id='word_1_38' title='bbox 1986 410 2176 456; x_wconf 67' lang='lat' dir='ltr'>absolvit</span> <span class='ocrx_word' id='word_1_39' title='bbox 2189 423 2232 452; x_wconf 78' lang='lat' dir='ltr'>»z</span> 
     </span>
     <span class='ocr_line' id='line_1_5' title="bbox 270 475 2233 536; baseline 0 -16"><span class='ocrx_word' id='word_1_40' title='bbox 270 477 348 520; x_wconf 91' lang='lat' dir='ltr'>sed</span> <span class='ocrx_word' id='word_1_41' title='bbox 371 477 486 519; x_wconf 91' lang='lat' dir='ltr'>inter</span> <span class='ocrx_word' id='word_1_42' title='bbox 511 475 615 519; x_wconf 89' lang='lat' dir='ltr'>illos</span> <span class='ocrx_word' id='word_1_43' title='bbox 643 486 739 519; x_wconf 88' lang='lat' dir='ltr'>erat</span> <span class='ocrx_word' id='word_1_44' title='bbox 765 475 902 519; x_wconf 90' lang='lat' dir='ltr'>etiam</span> <span class='ocrx_word' id='word_1_45' title='bbox 922 476 1023 533; x_wconf 90' lang='lat' dir='ltr'>Job‚</span> <span class='ocrx_word' id='word_1_46' title='bbox 1051 477 1126 534; x_wconf 92' lang='lat' dir='ltr'>qui</span> <span class='ocrx_word' id='word_1_47' title='bbox 1154 476 1209 520; x_wconf 91' lang='lat' dir='ltr'>de</span> <span class='ocrx_word' id='word_1_48' title='bbox 1236 477 1387 535; x_wconf 84' lang='lat' dir='ltr'>seipso</span> <span class='ocrx_word' id='word_1_49' title='bbox 1413 477 1521 520; x_wconf 87' lang='lat' dir='ltr'>dicit</span> <span class='ocrx_word' id='word_1_50' title='bbox 1550 477 1642 532; x_wconf 68' lang='lat' dir='ltr'>(Iob</span> <span class='ocrx_word' id='word_1_51' title='bbox 1666 477 1749 535; x_wconf 87' lang='lat'><strong><em>17.)</em></strong></span> <span class='ocrx_word' id='word_1_52' title='bbox 1765 493 1777 522; x_wconf 91' lang='grc'>.·</span> <span class='ocrx_word' id='word_1_53' title='bbox 1795 477 1846 521; x_wconf 91' lang='lat' dir='ltr'>In</span> <span class='ocrx_word' id='word_1_54' title='bbox 1859 478 2233 536; x_wconf 78' lang='lat' dir='ltr'>profundissimum</span> 
     </span>
     <span class='ocr_line' id='line_1_6' title="bbox 269 542 2233 603; baseline -0.001 -16"><span class='ocrx_word' id='word_1_55' title='bbox 269 544 483 602; x_wconf 73' lang='lat' dir='ltr'>infernum</span> <span class='ocrx_word' id='word_1_56' title='bbox 509 542 739 587; x_wconf 73' lang='lat' dir='ltr'>descendent</span> <span class='ocrx_word' id='word_1_57' title='bbox 761 545 902 587; x_wconf 85' lang='lat' dir='ltr'>omnia</span> <span class='ocrx_word' id='word_1_58' title='bbox 927 558 1020 587; x_wconf 82' lang='lat' dir='ltr'>mea</span> <span class='ocrx_word' id='word_1_59' title='bbox 1029 559 1046 596; x_wconf 90' lang='lat'><em>;</em></span> <span class='ocrx_word' id='word_1_60' title='bbox 1068 557 1179 602; x_wconf 89' lang='lat' dir='ltr'>ergo</span> <span class='ocrx_word' id='word_1_61' title='bbox 1208 543 1418 588; x_wconf 88' lang='lat' dir='ltr'>Christus</span> <span class='ocrx_word' id='word_1_62' title='bbox 1438 544 1577 588; x_wconf 92' lang='lat' dir='ltr'>etiam</span> <span class='ocrx_word' id='word_1_63' title='bbox 1593 558 1735 602; x_wconf 89' lang='lat' dir='ltr'>usque</span> <span class='ocrx_word' id='word_1_64' title='bbox 1759 544 1815 588; x_wconf 90' lang='lat' dir='ltr'>ad</span> <span class='ocrx_word' id='word_1_65' title='bbox 1830 544 2233 603; x_wconf 88' lang='lat' dir='ltr'>profundissimum</span> 
     </span>
     <span class='ocr_line' id='line_1_7' title="bbox 271 609 772 653; baseline -0.002 0"><span class='ocrx_word' id='word_1_66' title='bbox 271 609 499 653; x_wconf 83' lang='lat' dir='ltr'>infernum</span> <span class='ocrx_word' id='word_1_67' title='bbox 526 610 772 653; x_wconf 88' lang='lat' dir='ltr'>descendit.</span> 
     </span>
    </p>

    <p class='ocr_par' dir='ltr' id='par_1_3' title="bbox 270 676 2239 991">
     <span class='ocr_line' id='line_1_8' title="bbox 363 676 2238 736; baseline 0 -16"><span class='ocrx_word' id='word_1_68' title='bbox 363 677 457 721; x_wconf 78' lang='lat' dir='ltr'>SED</span> <span class='ocrx_word' id='word_1_69' title='bbox 482 690 673 721; x_wconf 79' lang='lat' dir='ltr'>CONTRA</span> <span class='ocrx_word' id='word_1_70' title='bbox 697 686 778 731; x_wconf 91' lang='lat' dir='ltr'>est,</span> <span class='ocrx_word' id='word_1_71' title='bbox 806 678 928 735; x_wconf 93' lang='lat' dir='ltr'>quod</span> <span class='ocrx_word' id='word_1_72' title='bbox 956 676 1011 721; x_wconf 90' lang='lat' dir='ltr'>de</span> <span class='ocrx_word' id='word_1_73' title='bbox 1037 676 1216 722; x_wconf 89' lang='lat' dir='ltr'>inferno</span> <span class='ocrx_word' id='word_1_74' title='bbox 1239 678 1562 722; x_wconf 88' lang='lat' dir='ltr'>damnatorum</span> <span class='ocrx_word' id='word_1_75' title='bbox 1590 678 1754 721; x_wconf 91' lang='lat' dir='ltr'>dicitur</span> <span class='ocrx_word' id='word_1_76' title='bbox 1773 678 1857 736; x_wconf 92' lang='lat' dir='ltr'>Job</span> <span class='ocrx_word' id='word_1_77' title='bbox 1890 692 1981 724; x_wconf 91' lang='lat' dir='ltr'>1o.:</span> <span class='ocrx_word' id='word_1_78' title='bbox 1999 679 2238 736; x_wconf 73' lang='lat' dir='ltr'>Antequam</span> 
     </span>
     <span class='ocr_line' id='line_1_9' title="bbox 272 744 2239 804; baseline -0.001 -16"><span class='ocrx_word' id='word_1_79' title='bbox 272 744 445 798; x_wconf 81' lang='lat' dir='ltr'>vadam,</span> <span class='ocrx_word' id='word_1_80' title='bbox 473 750 511 788; x_wconf 81' lang='lat' dir='ltr'>et</span> <span class='ocrx_word' id='word_1_81' title='bbox 534 759 619 788; x_wconf 86' lang='lat' dir='ltr'>non</span> <span class='ocrx_word' id='word_1_82' title='bbox 646 750 839 789; x_wconf 74' lang='lat' dir='ltr'>revertar</span> <span class='ocrx_word' id='word_1_83' title='bbox 873 744 927 788; x_wconf 87' lang='lat' dir='ltr'>ad</span> <span class='ocrx_word' id='word_1_84' title='bbox 963 751 1121 789; x_wconf 81' lang='lat' dir='ltr'>terram</span> <span class='ocrx_word' id='word_1_85' title='bbox 1158 747 1427 799; x_wconf 81' lang='lat' dir='ltr'><em>tenebrosam,</em></span> <span class='ocrx_word' id='word_1_86' title='bbox 1467 752 1504 790; x_wconf 83' lang='lat' dir='ltr'>et</span> <span class='ocrx_word' id='word_1_87' title='bbox 1540 752 1726 804; x_wconf 80' lang='lat' dir='ltr'>opertam</span> <span class='ocrx_word' id='word_1_88' title='bbox 1762 747 1912 790; x_wconf 82' lang='lat' dir='ltr'>mortis</span> <span class='ocrx_word' id='word_1_89' title='bbox 1947 745 2136 804; x_wconf 78' lang='lat' dir='ltr'>caligine,</span> <span class='ocrx_word' id='word_1_90' title='bbox 2167 744 2239 788; x_wconf 82' lang='lat' dir='ltr'>ubi</span> 
     </span>
     <span class='ocr_line' id='line_1_10' title="bbox 270 810 2239 869; baseline 0.001 -15"><span class='ocrx_word' id='word_1_91' title='bbox 270 811 406 855; x_wconf 82' lang='lat' dir='ltr'>nullus</span> <span class='ocrx_word' id='word_1_92' title='bbox 432 811 549 865; x_wconf 84' lang='lat' dir='ltr'>ord0‚</span> <span class='ocrx_word' id='word_1_93' title='bbox 574 810 640 855; x_wconf 84' lang='lat' dir='ltr'>sed</span> <span class='ocrx_word' id='word_1_94' title='bbox 663 813 933 869; x_wconf 74' lang='lat' dir='ltr'>sempiternus</span> <span class='ocrx_word' id='word_1_95' title='bbox 958 812 1112 856; x_wconf 87' lang='lat' dir='ltr'>horror</span> <span class='ocrx_word' id='word_1_96' title='bbox 1137 812 1360 858; x_wconf 84' lang='lat' dir='ltr'>inhabitat.</span> <span class='ocrx_word' id='word_1_97' title='bbox 1383 813 1516 858; x_wconf 85' lang='lat' dir='ltr'>Nulla</span> <span class='ocrx_word' id='word_1_98' title='bbox 1540 823 1692 857; x_wconf 88' lang='lat' dir='ltr'>autem</span> <span class='ocrx_word' id='word_1_99' title='bbox 1718 819 1775 858; x_wconf 75' lang='lat' dir='ltr'>est</span> <span class='ocrx_word' id='word_1_100' title='bbox 1806 814 2020 858; x_wconf 75' lang='lat' dir='ltr'>conventio</span> <span class='ocrx_word' id='word_1_101' title='bbox 2053 812 2155 856; x_wconf 79' lang='lat' dir='ltr'>lucis</span> <span class='ocrx_word' id='word_1_102' title='bbox 2186 810 2239 855; x_wconf 84' lang='lat' dir='ltr'>ad</span> 
     </span>
     <span class='ocr_line' id='line_1_11' title="bbox 273 877 2239 939; baseline -0.001 -16"><span class='ocrx_word' id='word_1_103' title='bbox 273 880 472 933; x_wconf 74' lang='lat' dir='ltr'><strong><em>tenebras,</em></strong></span> <span class='ocrx_word' id='word_1_104' title='bbox 500 888 548 922; x_wconf 92' lang='lat' dir='ltr'>ut</span> <span class='ocrx_word' id='word_1_105' title='bbox 574 879 736 922; x_wconf 90' lang='lat' dir='ltr'>dicitur</span> <span class='ocrx_word' id='word_1_106' title='bbox 758 891 797 923; x_wconf 91' lang='lat'>2.</span> <span class='ocrx_word' id='word_1_107' title='bbox 817 878 873 922; x_wconf 89' lang='lat' dir='ltr'>ad</span> <span class='ocrx_word' id='word_1_108' title='bbox 898 879 1007 923; x_wconf 92' lang='lat' dir='ltr'>Cor.</span> <span class='ocrx_word' id='word_1_109' title='bbox 1027 879 1092 935; x_wconf 88' lang='lat'>6.;</span> <span class='ocrx_word' id='word_1_110' title='bbox 1116 893 1226 939; x_wconf 87' lang='lat' dir='ltr'>ergo</span> <span class='ocrx_word' id='word_1_111' title='bbox 1245 879 1470 934; x_wconf 87' lang='lat' dir='ltr'>Christus,</span> <span class='ocrx_word' id='word_1_112' title='bbox 1487 880 1565 939; x_wconf 90' lang='lat' dir='ltr'>qui</span> <span class='ocrx_word' id='word_1_113' title='bbox 1586 890 1654 924; x_wconf 91' lang='lat' dir='ltr'>est</span> <span class='ocrx_word' id='word_1_114' title='bbox 1674 880 1765 934; x_wconf 90' lang='lat' dir='ltr'>lux,</span> <span class='ocrx_word' id='word_1_115' title='bbox 1783 880 1839 924; x_wconf 92' lang='lat' dir='ltr'>ad</span> <span class='ocrx_word' id='word_1_116' title='bbox 1859 879 1992 924; x_wconf 89' lang='lat' dir='ltr'>illum</span> <span class='ocrx_word' id='word_1_117' title='bbox 2011 877 2239 923; x_wconf 81' lang='lat' dir='ltr'>infernum</span> 
     </span>
     <span class='ocr_line' id='line_1_12' title="bbox 273 946 989 991; baseline 0.003 -2"><span class='ocrx_word' id='word_1_118' title='bbox 273 946 596 990; x_wconf 89' lang='lat' dir='ltr'>damnatorum</span> <span class='ocrx_word' id='word_1_119' title='bbox 619 961 714 990; x_wconf 90' lang='lat' dir='ltr'>non</span> <span class='ocrx_word' id='word_1_120' title='bbox 740 946 989 991; x_wconf 89' lang='lat' dir='ltr'>descendit.</span> 
     </span>
    </p>

    <p class='ocr_par' dir='ltr' id='par_1_4' title="bbox 272 1013 2249 1867">
     <span class='ocr_line' id='line_1_13' title="bbox 362 1013 2240 1073; baseline -0.001 -15"><span class='ocrx_word' id='word_1_121' title='bbox 362 1013 652 1058; x_wconf 71' lang='lat' dir='ltr'>Responm-:o</span> <span class='ocrx_word' id='word_1_122' title='bbox 688 1013 947 1068; x_wconf 90' lang='lat' dir='ltr'>dicendum,</span> <span class='ocrx_word' id='word_1_123' title='bbox 984 1014 1107 1073; x_wconf 92' lang='lat' dir='ltr'>quod</span> <span class='ocrx_word' id='word_1_124' title='bbox 1144 1013 1364 1073; x_wconf 81' lang='lat' dir='ltr'><strong><em>dupliciter</em></strong></span> <span class='ocrx_word' id='word_1_125' title='bbox 1399 1014 1562 1058; x_wconf 87' lang='lat' dir='ltr'>dicitur</span> <span class='ocrx_word' id='word_1_126' title='bbox 1594 1028 1692 1059; x_wconf 91' lang='lat' dir='ltr'>esse</span> <span class='ocrx_word' id='word_1_127' title='bbox 1729 1013 1900 1073; x_wconf 89' lang='lat' dir='ltr'>aliquid</span> <span class='ocrx_word' id='word_1_128' title='bbox 1936 1013 2126 1059; x_wconf 85' lang='lat' dir='ltr'>alicubi:</span> <span class='ocrx_word' id='word_1_129' title='bbox 2157 1026 2240 1057; x_wconf 84' lang='lat' dir='ltr'>uno</span> 
     </span>
     <span class='ocr_line' id='line_1_14' title="bbox 272 1079 2242 1140; baseline -0.001 -15"><span class='ocrx_word' id='word_1_130' title='bbox 272 1080 393 1125; x_wconf 86' lang='lat' dir='ltr'>modo</span> <span class='ocrx_word' id='word_1_131' title='bbox 420 1095 500 1140; x_wconf 92' lang='lat' dir='ltr'>per</span> <span class='ocrx_word' id='word_1_132' title='bbox 526 1095 660 1124; x_wconf 92' lang='lat' dir='ltr'>suum</span> <span class='ocrx_word' id='word_1_133' title='bbox 687 1079 923 1126; x_wconf 86' lang='lat' dir='ltr'>effectum:</span> <span class='ocrx_word' id='word_1_134' title='bbox 952 1092 996 1125; x_wconf 90' lang='lat' dir='ltr'>et</span> <span class='ocrx_word' id='word_1_135' title='bbox 1021 1082 1111 1124; x_wconf 94' lang='lat' dir='ltr'>hoc</span> <span class='ocrx_word' id='word_1_136' title='bbox 1135 1081 1276 1125; x_wconf 91' lang='lat' dir='ltr'>modo</span> <span class='ocrx_word' id='word_1_137' title='bbox 1306 1081 1515 1125; x_wconf 88' lang='lat' dir='ltr'>Christus</span> <span class='ocrx_word' id='word_1_138' title='bbox 1542 1082 1588 1125; x_wconf 93' lang='lat' dir='ltr'>in</span> <span class='ocrx_word' id='word_1_139' title='bbox 1615 1081 1866 1140; x_wconf 87' lang='lat' dir='ltr'>quemlibet</span> <span class='ocrx_word' id='word_1_140' title='bbox 1888 1080 2140 1125; x_wconf 88' lang='lat' dir='ltr'>inferorum</span> <span class='ocrx_word' id='word_1_141' title='bbox 2169 1079 2242 1123; x_wconf 91' lang='lat' dir='ltr'>de-</span> 
     </span>
     <span class='ocr_line' id='line_1_15' title="bbox 274 1146 2241 1202; baseline -0.002 -10"><span class='ocrx_word' id='word_1_142' title='bbox 274 1148 472 1192; x_wconf 88' lang='lat' dir='ltr'>scendit:</span> <span class='ocrx_word' id='word_1_143' title='bbox 501 1147 631 1192; x_wconf 89' lang='lat' dir='ltr'>aliter</span> <span class='ocrx_word' id='word_1_144' title='bbox 655 1158 826 1202; x_wconf 87' lang='lat' dir='ltr'>tamen,</span> <span class='ocrx_word' id='word_1_145' title='bbox 853 1158 897 1192; x_wconf 89' lang='lat' dir='ltr'>et</span> <span class='ocrx_word' id='word_1_146' title='bbox 923 1148 1073 1192; x_wconf 89' lang='lat' dir='ltr'>aliter:</span> <span class='ocrx_word' id='word_1_147' title='bbox 1101 1162 1210 1191; x_wconf 90' lang='lat' dir='ltr'>nam</span> <span class='ocrx_word' id='word_1_148' title='bbox 1236 1148 1283 1191; x_wconf 94' lang='lat' dir='ltr'>in</span> <span class='ocrx_word' id='word_1_149' title='bbox 1316 1147 1544 1192; x_wconf 88' lang='lat' dir='ltr'>infernum</span> <span class='ocrx_word' id='word_1_150' title='bbox 1577 1148 1900 1192; x_wconf 89' lang='lat' dir='ltr'>damnatorum</span> <span class='ocrx_word' id='word_1_151' title='bbox 1930 1147 2089 1192; x_wconf 87' lang='lat' dir='ltr'>habuit</span> <span class='ocrx_word' id='word_1_152' title='bbox 2119 1146 2241 1190; x_wconf 90' lang='lat' dir='ltr'>hunc</span> 
     </span>
     <span class='ocr_line' id='line_1_16' title="bbox 275 1214 2245 1274; baseline -0.001 -15"><span class='ocrx_word' id='word_1_153' title='bbox 275 1215 505 1270; x_wconf 82' lang='lat' dir='ltr'>effectum,</span> <span class='ocrx_word' id='word_1_154' title='bbox 532 1216 654 1274; x_wconf 92' lang='lat' dir='ltr'>quod</span> <span class='ocrx_word' id='word_1_155' title='bbox 677 1216 958 1260; x_wconf 89' lang='lat' dir='ltr'>descendens</span> <span class='ocrx_word' id='word_1_156' title='bbox 987 1216 1041 1259; x_wconf 91' lang='lat' dir='ltr'>ad</span> <span class='ocrx_word' id='word_1_157' title='bbox 1064 1215 1248 1269; x_wconf 87' lang='lat' dir='ltr'>inferos,</span> <span class='ocrx_word' id='word_1_158' title='bbox 1268 1230 1345 1260; x_wconf 89' lang='lat' dir='ltr'>eos</span> <span class='ocrx_word' id='word_1_159' title='bbox 1365 1216 1420 1260; x_wconf 92' lang='lat' dir='ltr'>de</span> <span class='ocrx_word' id='word_1_160' title='bbox 1442 1230 1523 1260; x_wconf 91' lang='lat' dir='ltr'>sua</span> <span class='ocrx_word' id='word_1_161' title='bbox 1540 1214 1869 1270; x_wconf 81' lang='lat' dir='ltr'>incredulitate,</span> <span class='ocrx_word' id='word_1_162' title='bbox 1886 1224 1932 1259; x_wconf 90' lang='lat' dir='ltr'>et</span> <span class='ocrx_word' id='word_1_163' title='bbox 1946 1214 2122 1259; x_wconf 89' lang='lat' dir='ltr'>malitia</span> <span class='ocrx_word' id='word_1_164' title='bbox 2138 1227 2245 1259; x_wconf 89' lang='lat' dir='ltr'>con-</span> 
     </span>
     <span class='ocr_line' id='line_1_17' title="bbox 272 1281 2244 1341; baseline -0.001 -15"><span class='ocrx_word' id='word_1_165' title='bbox 272 1282 460 1327; x_wconf 87' lang='lat' dir='ltr'>futavit:</span> <span class='ocrx_word' id='word_1_166' title='bbox 486 1282 575 1327; x_wconf 89' lang='lat' dir='ltr'>illis</span> <span class='ocrx_word' id='word_1_167' title='bbox 601 1297 726 1337; x_wconf 86' lang='lat' dir='ltr'>vero,</span> <span class='ocrx_word' id='word_1_168' title='bbox 755 1284 829 1341; x_wconf 91' lang='lat' dir='ltr'>qui</span> <span class='ocrx_word' id='word_1_169' title='bbox 858 1283 1173 1327; x_wconf 82' lang='lat' dir='ltr'>detinebantur</span> <span class='ocrx_word' id='word_1_170' title='bbox 1193 1283 1239 1326; x_wconf 88' lang='lat' dir='ltr'>in</span> <span class='ocrx_word' id='word_1_171' title='bbox 1258 1284 1541 1340; x_wconf 90' lang='lat' dir='ltr'>purgatorio,</span> <span class='ocrx_word' id='word_1_172' title='bbox 1559 1297 1686 1341; x_wconf 89' lang='lat' dir='ltr'>spem</span> <span class='ocrx_word' id='word_1_173' title='bbox 1705 1281 1878 1340; x_wconf 89' lang='lat' dir='ltr'>gloriae</span> <span class='ocrx_word' id='word_1_174' title='bbox 1896 1281 2244 1340; x_wconf 89' lang='lat' dir='ltr'>consequendae</span> 
     </span>
     <span class='ocr_line' id='line_1_18' title="bbox 275 1347 2246 1408; baseline -0.002 -14"><span class='ocrx_word' id='word_1_175' title='bbox 275 1350 418 1394; x_wconf 85' lang='lat' dir='ltr'>dedit:</span> <span class='ocrx_word' id='word_1_176' title='bbox 446 1351 615 1394; x_wconf 89' lang='lat' dir='ltr'>sanctis</span> <span class='ocrx_word' id='word_1_177' title='bbox 641 1361 796 1394; x_wconf 90' lang='lat' dir='ltr'>autem</span> <span class='ocrx_word' id='word_1_178' title='bbox 823 1350 1046 1403; x_wconf 90' lang='lat' dir='ltr'>Patribus,</span> <span class='ocrx_word' id='word_1_179' title='bbox 1074 1350 1151 1408; x_wconf 91' lang='lat' dir='ltr'>qui</span> <span class='ocrx_word' id='word_1_180' title='bbox 1176 1364 1258 1408; x_wconf 92' lang='lat' dir='ltr'>pro</span> <span class='ocrx_word' id='word_1_181' title='bbox 1286 1349 1387 1394; x_wconf 92' lang='lat' dir='ltr'>solo</span> <span class='ocrx_word' id='word_1_182' title='bbox 1415 1360 1608 1408; x_wconf 91' lang='lat' dir='ltr'>peccato</span> <span class='ocrx_word' id='word_1_183' title='bbox 1631 1348 1844 1408; x_wconf 72' lang='lat' dir='ltr'>originali</span> <span class='ocrx_word' id='word_1_184' title='bbox 1869 1347 2246 1394; x_wconf 87' lang='lat' dir='ltr'>detinebanturin</span> 
     </span>
     <span class='ocr_line' id='line_1_19' title="bbox 273 1414 2246 1476; baseline -0.001 -15"><span class='ocrx_word' id='word_1_185' title='bbox 273 1417 467 1472; x_wconf 89' lang='lat' dir='ltr'>inferno,</span> <span class='ocrx_word' id='word_1_186' title='bbox 481 1418 635 1461; x_wconf 90' lang='lat' dir='ltr'>lumen</span> <span class='ocrx_word' id='word_1_187' title='bbox 648 1427 858 1462; x_wconf 85' lang='lat' dir='ltr'>aeternae</span> <span class='ocrx_word' id='word_1_188' title='bbox 869 1417 1044 1476; x_wconf 90' lang='lat' dir='ltr'>gloriae</span> <span class='ocrx_word' id='word_1_189' title='bbox 1063 1416 1246 1460; x_wconf 86' lang='lat' dir='ltr'>infudit:</span> <span class='ocrx_word' id='word_1_190' title='bbox 1261 1418 1344 1461; x_wconf 88' lang='lat' dir='ltr'>alio</span> <span class='ocrx_word' id='word_1_191' title='bbox 1358 1417 1477 1461; x_wconf 88' lang='lat' dir='ltr'>modo</span> <span class='ocrx_word' id='word_1_192' title='bbox 1497 1417 1658 1460; x_wconf 90' lang='lat' dir='ltr'>dicitur</span> <span class='ocrx_word' id='word_1_193' title='bbox 1676 1416 1846 1475; x_wconf 89' lang='lat' dir='ltr'>aliquid</span> <span class='ocrx_word' id='word_1_194' title='bbox 1863 1430 1961 1461; x_wconf 87' lang='lat' dir='ltr'>esse</span> <span class='ocrx_word' id='word_1_195' title='bbox 1983 1414 2151 1460; x_wconf 87' lang='lat' dir='ltr'>alicubi</span> <span class='ocrx_word' id='word_1_196' title='bbox 2166 1428 2246 1475; x_wconf 85' lang='lat' dir='ltr'>per</span> 
     </span>
     <span class='ocr_line' id='line_1_20' title="bbox 275 1481 2247 1540; baseline -0.002 -10"><span class='ocrx_word' id='word_1_197' title='bbox 275 1500 406 1531; x_wconf 90' lang='lat' dir='ltr'>suam</span> <span class='ocrx_word' id='word_1_198' title='bbox 425 1486 669 1530; x_wconf 84' lang='lat' dir='ltr'>essentiam</span> <span class='ocrx_word' id='word_1_199' title='bbox 683 1501 693 1529; x_wconf 93' lang='lat'>:</span> <span class='ocrx_word' id='word_1_200' title='bbox 709 1495 752 1529; x_wconf 91' lang='lat' dir='ltr'>et</span> <span class='ocrx_word' id='word_1_201' title='bbox 763 1486 854 1529; x_wconf 93' lang='lat' dir='ltr'>hoc</span> <span class='ocrx_word' id='word_1_202' title='bbox 866 1485 1007 1529; x_wconf 91' lang='lat' dir='ltr'>modo</span> <span class='ocrx_word' id='word_1_203' title='bbox 1021 1485 1174 1528; x_wconf 88' lang='lat' dir='ltr'>anima</span> <span class='ocrx_word' id='word_1_204' title='bbox 1188 1484 1362 1529; x_wconf 87' lang='lat' dir='ltr'>Christi</span> <span class='ocrx_word' id='word_1_205' title='bbox 1389 1485 1623 1529; x_wconf 90' lang='lat' dir='ltr'>descendit</span> <span class='ocrx_word' id='word_1_206' title='bbox 1638 1483 1789 1528; x_wconf 91' lang='lat' dir='ltr'>solum</span> <span class='ocrx_word' id='word_1_207' title='bbox 1809 1483 1864 1527; x_wconf 91' lang='lat' dir='ltr'>ad</span> <span class='ocrx_word' id='word_1_208' title='bbox 1886 1483 2044 1540; x_wconf 86' lang='lat' dir='ltr'>locum</span> <span class='ocrx_word' id='word_1_209' title='bbox 2068 1481 2247 1536; x_wconf 86' lang='lat' dir='ltr'>inferni,</span> 
     </span>
     <span class='ocr_line' id='line_1_21' title="bbox 274 1549 2247 1612; baseline -0.003 -14"><span class='ocrx_word' id='word_1_210' title='bbox 274 1555 322 1598; x_wconf 92' lang='lat' dir='ltr'>in</span> <span class='ocrx_word' id='word_1_211' title='bbox 340 1569 431 1612; x_wconf 91' lang='lat' dir='ltr'>quo</span> <span class='ocrx_word' id='word_1_212' title='bbox 456 1554 563 1612; x_wconf 88' lang='lat' dir='ltr'>justi</span> <span class='ocrx_word' id='word_1_213' title='bbox 591 1553 918 1606; x_wconf 89' lang='lat' dir='ltr'>detinebantur,</span> <span class='ocrx_word' id='word_1_214' title='bbox 938 1563 987 1596; x_wconf 92' lang='lat' dir='ltr'>ut</span> <span class='ocrx_word' id='word_1_215' title='bbox 999 1567 1114 1611; x_wconf 94' lang='lat' dir='ltr'>quos</span> <span class='ocrx_word' id='word_1_216' title='bbox 1127 1553 1223 1611; x_wconf 92' lang='lat' dir='ltr'>ipse</span> <span class='ocrx_word' id='word_1_217' title='bbox 1237 1566 1315 1610; x_wconf 92' lang='lat' dir='ltr'>per</span> <span class='ocrx_word' id='word_1_218' title='bbox 1332 1552 1526 1611; x_wconf 89' lang='lat' dir='ltr'>gratiam</span> <span class='ocrx_word' id='word_1_219' title='bbox 1551 1551 1740 1596; x_wconf 91' lang='lat' dir='ltr'>interius</span> <span class='ocrx_word' id='word_1_220' title='bbox 1766 1550 1980 1595; x_wconf 89' lang='lat' dir='ltr'>visitabat</span> <span class='ocrx_word' id='word_1_221' title='bbox 1994 1549 2247 1595; x_wconf 88' lang='lat' dir='ltr'>secundum</span> 
     </span>
     <span class='ocr_line' id='line_1_22' title="bbox 277 1617 2248 1674; baseline -0.003 -9"><span class='ocrx_word' id='word_1_222' title='bbox 277 1621 575 1674; x_wconf 90' lang='lat' dir='ltr'>divinitatem,</span> <span class='ocrx_word' id='word_1_223' title='bbox 603 1634 683 1664; x_wconf 90' lang='lat' dir='ltr'>eos</span> <span class='ocrx_word' id='word_1_224' title='bbox 710 1620 849 1663; x_wconf 90' lang='lat' dir='ltr'>etiam</span> <span class='ocrx_word' id='word_1_225' title='bbox 875 1619 1130 1664; x_wconf 91' lang='lat' dir='ltr'>secundum</span> <span class='ocrx_word' id='word_1_226' title='bbox 1158 1620 1357 1663; x_wconf 90' lang='lat' dir='ltr'>animam</span> <span class='ocrx_word' id='word_1_227' title='bbox 1385 1619 1587 1663; x_wconf 87' lang='lat' dir='ltr'>visitaret</span> <span class='ocrx_word' id='word_1_228' title='bbox 1613 1618 1789 1663; x_wconf 88' lang='lat' dir='ltr'>et-loco</span> <span class='ocrx_word' id='word_1_229' title='bbox 1805 1631 1814 1660; x_wconf 92' lang='lat'>:</span> <span class='ocrx_word' id='word_1_230' title='bbox 1833 1618 1898 1662; x_wconf 91' lang='lat' dir='ltr'>sic</span> <span class='ocrx_word' id='word_1_231' title='bbox 1923 1627 2077 1662; x_wconf 89' lang='lat' dir='ltr'>autem</span> <span class='ocrx_word' id='word_1_232' title='bbox 2093 1617 2141 1661; x_wconf 88' lang='lat' dir='ltr'>in</span> <span class='ocrx_word' id='word_1_233' title='bbox 2157 1630 2248 1661; x_wconf 89' lang='lat' dir='ltr'>una</span> 
     </span>
     <span class='ocr_line' id='line_1_23' title="bbox 276 1682 2249 1748; baseline -0.002 -17"><span class='ocrx_word' id='word_1_234' title='bbox 276 1699 402 1748; x_wconf 88' lang='lat' dir='ltr'>parte</span> <span class='ocrx_word' id='word_1_235' title='bbox 427 1686 592 1731; x_wconf 89' lang='lat' dir='ltr'>inferni</span> <span class='ocrx_word' id='word_1_236' title='bbox 614 1687 823 1742; x_wconf 87' lang='lat' dir='ltr'>existens,</span> <span class='ocrx_word' id='word_1_237' title='bbox 851 1686 1066 1731; x_wconf 85' lang='lat' dir='ltr'>effectum</span> <span class='ocrx_word' id='word_1_238' title='bbox 1093 1701 1227 1731; x_wconf 91' lang='lat' dir='ltr'>suum</span> <span class='ocrx_word' id='word_1_239' title='bbox 1250 1685 1506 1746; x_wconf 86' lang='lat' dir='ltr'>aliqualiter</span> <span class='ocrx_word' id='word_1_240' title='bbox 1533 1687 1589 1730; x_wconf 87' lang='lat' dir='ltr'>ad</span> <span class='ocrx_word' id='word_1_241' title='bbox 1617 1699 1779 1730; x_wconf 91' lang='lat' dir='ltr'>omnes</span> <span class='ocrx_word' id='word_1_242' title='bbox 1805 1683 1970 1730; x_wconf 89' lang='lat' dir='ltr'>inferni</span> <span class='ocrx_word' id='word_1_243' title='bbox 1994 1693 2148 1745; x_wconf 81' lang='lat' dir='ltr'>partes</span> <span class='ocrx_word' id='word_1_244' title='bbox 2176 1682 2249 1728; x_wconf 88' lang='lat' dir='ltr'>de-</span> 
     </span>
     <span class='ocr_line' id='line_1_24' title="bbox 276 1749 2249 1813; baseline -0.002 -15"><span class='ocrx_word' id='word_1_245' title='bbox 276 1755 453 1809; x_wconf 86' lang='lat' dir='ltr'>rivavit,</span> <span class='ocrx_word' id='word_1_246' title='bbox 480 1756 598 1798; x_wconf 84' lang='lat' dir='ltr'>sicut</span> <span class='ocrx_word' id='word_1_247' title='bbox 623 1764 669 1798; x_wconf 92' lang='lat' dir='ltr'>et</span> <span class='ocrx_word' id='word_1_248' title='bbox 692 1755 740 1798; x_wconf 91' lang='lat' dir='ltr'>in</span> <span class='ocrx_word' id='word_1_249' title='bbox 761 1768 853 1798; x_wconf 90' lang='lat' dir='ltr'>uno</span> <span class='ocrx_word' id='word_1_250' title='bbox 878 1753 987 1798; x_wconf 91' lang='lat' dir='ltr'>loco</span> <span class='ocrx_word' id='word_1_251' title='bbox 1020 1764 1166 1798; x_wconf 86' lang='lat' dir='ltr'>terrae</span> <span class='ocrx_word' id='word_1_252' title='bbox 1197 1768 1371 1813; x_wconf 89' lang='lat' dir='ltr'>passus,</span> <span class='ocrx_word' id='word_1_253' title='bbox 1402 1763 1553 1798; x_wconf 92' lang='lat' dir='ltr'>totum</span> <span class='ocrx_word' id='word_1_254' title='bbox 1586 1752 1811 1797; x_wconf 90' lang='lat' dir='ltr'>mundum</span> <span class='ocrx_word' id='word_1_255' title='bbox 1842 1765 1924 1797; x_wconf 89' lang='lat' dir='ltr'>sua</span> <span class='ocrx_word' id='word_1_256' title='bbox 1955 1751 2169 1812; x_wconf 87' lang='lat' dir='ltr'>passione</span> <span class='ocrx_word' id='word_1_257' title='bbox 2199 1749 2249 1795; x_wconf 90' lang='lat' dir='ltr'>li·</span> 
     </span>
     <span class='ocr_line' id='line_1_25' title="bbox 276 1823 465 1867; baseline -0.005 0"><span class='ocrx_word' id='word_1_258' title='bbox 276 1823 465 1867; x_wconf 90' lang='lat' dir='ltr'>beravit.</span> 
     </span>
    </p>

    <p class='ocr_par' dir='ltr' id='par_1_5' title="bbox 274 1885 2247 2221">
     <span class='ocr_line' id='line_1_26' title="bbox 366 1885 2247 1949; baseline -0.003 -14"><span class='ocrx_word' id='word_1_259' title='bbox 366 1892 442 1935; x_wconf 85' lang='lat' dir='ltr'>AD</span> <span class='ocrx_word' id='word_1_260' title='bbox 468 1903 659 1935; x_wconf 84' lang='lat' dir='ltr'>PRIMUM</span> <span class='ocrx_word' id='word_1_261' title='bbox 685 1904 795 1949; x_wconf 88' lang='lat' dir='ltr'>ergo</span> <span class='ocrx_word' id='word_1_262' title='bbox 823 1889 1084 1943; x_wconf 89' lang='lat' dir='ltr'>dicendum,</span> <span class='ocrx_word' id='word_1_263' title='bbox 1111 1889 1234 1948; x_wconf 92' lang='lat' dir='ltr'>quod</span> <span class='ocrx_word' id='word_1_264' title='bbox 1262 1889 1488 1943; x_wconf 90' lang='lat' dir='ltr'>Christus,</span> <span class='ocrx_word' id='word_1_265' title='bbox 1516 1888 1594 1948; x_wconf 93' lang='lat' dir='ltr'>qui</span> <span class='ocrx_word' id='word_1_266' title='bbox 1625 1897 1693 1932; x_wconf 91' lang='lat' dir='ltr'>est</span> <span class='ocrx_word' id='word_1_267' title='bbox 1722 1887 1813 1932; x_wconf 91' lang='lat' dir='ltr'>Dei</span> <span class='ocrx_word' id='word_1_268' title='bbox 1844 1885 2081 1947; x_wconf 86' lang='lat' dir='ltr'>sapientia,</span> <span class='ocrx_word' id='word_1_269' title='bbox 2114 1899 2247 1945; x_wconf 91' lang='lat' dir='ltr'>pene-</span> 
     </span>
     <span class='ocr_line' id='line_1_27' title="bbox 277 1954 2247 2016; baseline -0.003 -13"><span class='ocrx_word' id='word_1_270' title='bbox 277 1959 412 2004; x_wconf 89' lang='lat' dir='ltr'>travit</span> <span class='ocrx_word' id='word_1_271' title='bbox 437 1972 600 2002; x_wconf 91' lang='lat' dir='ltr'>omnes</span> <span class='ocrx_word' id='word_1_272' title='bbox 626 1956 862 2002; x_wconf 86' lang='lat' dir='ltr'>inferiores</span> <span class='ocrx_word' id='word_1_273' title='bbox 888 1967 1038 2016; x_wconf 89' lang='lat' dir='ltr'>partes</span> <span class='ocrx_word' id='word_1_274' title='bbox 1065 1967 1227 2010; x_wconf 85' lang='lat' dir='ltr'>terrae,</span> <span class='ocrx_word' id='word_1_275' title='bbox 1253 1971 1348 2000; x_wconf 90' lang='lat' dir='ltr'>non</span> <span class='ocrx_word' id='word_1_276' title='bbox 1366 1956 1573 2001; x_wconf 89' lang='lat' dir='ltr'>localiter</span> <span class='ocrx_word' id='word_1_277' title='bbox 1591 1955 1844 2000; x_wconf 92' lang='lat' dir='ltr'>secundum</span> <span class='ocrx_word' id='word_1_278' title='bbox 1862 1954 2066 1998; x_wconf 89' lang='lat' dir='ltr'>animam</span> <span class='ocrx_word' id='word_1_279' title='bbox 2083 1966 2247 1997; x_wconf 83' lang='lat' dir='ltr'>omnes</span> 
     </span>
     <span class='ocr_line' id='line_1_28' title="bbox 279 2020 2250 2082; baseline -0.003 -12"><span class='ocrx_word' id='word_1_280' title='bbox 279 2025 621 2080; x_wconf 87' lang='lat' dir='ltr'>circumeundo,</span> <span class='ocrx_word' id='word_1_281' title='bbox 647 2025 726 2069; x_wconf 89' lang='lat' dir='ltr'>sed</span> <span class='ocrx_word' id='word_1_282' title='bbox 753 2023 969 2069; x_wconf 89' lang='lat' dir='ltr'>effectum</span> <span class='ocrx_word' id='word_1_283' title='bbox 996 2038 1106 2068; x_wconf 90' lang='lat' dir='ltr'>suae</span> <span class='ocrx_word' id='word_1_284' title='bbox 1133 2024 1362 2082; x_wconf 89' lang='lat' dir='ltr'>potentiae</span> <span class='ocrx_word' id='word_1_285' title='bbox 1391 2022 1645 2082; x_wconf 88' lang='lat' dir='ltr'>aliqualiter</span> <span class='ocrx_word' id='word_1_286' title='bbox 1672 2022 1728 2066; x_wconf 91' lang='lat' dir='ltr'>ad</span> <span class='ocrx_word' id='word_1_287' title='bbox 1750 2035 1913 2065; x_wconf 88' lang='lat' dir='ltr'>omnes</span> <span class='ocrx_word' id='word_1_288' title='bbox 1935 2020 2250 2073; x_wconf 78' lang='lat' dir='ltr'>extendend03</span> 
     </span>
     <span class='ocr_line' id='line_1_29' title="bbox 274 2089 2242 2150; baseline -0.003 -13"><span class='ocrx_word' id='word_1_289' title='bbox 274 2094 338 2138; x_wconf 88' lang='lat' dir='ltr'>ita</span> <span class='ocrx_word' id='word_1_290' title='bbox 362 2103 518 2137; x_wconf 88' lang='lat' dir='ltr'>tamen</span> <span class='ocrx_word' id='word_1_291' title='bbox 542 2092 664 2150; x_wconf 94' lang='lat' dir='ltr'>quod</span> <span class='ocrx_word' id='word_1_292' title='bbox 691 2091 815 2135; x_wconf 91' lang='lat' dir='ltr'>solos</span> <span class='ocrx_word' id='word_1_293' title='bbox 849 2092 993 2150; x_wconf 88' lang='lat' dir='ltr'>justos</span> <span class='ocrx_word' id='word_1_294' title='bbox 1017 2090 1315 2135; x_wconf 87' lang='lat' dir='ltr'>illuminavit:</span> <span class='ocrx_word' id='word_1_295' title='bbox 1349 2093 1552 2150; x_wconf 89' lang='lat' dir='ltr'>sequitur</span> <span class='ocrx_word' id='word_1_296' title='bbox 1578 2091 1726 2135; x_wconf 87' lang='lat' dir='ltr'>enim:</span> <span class='ocrx_word' id='word_1_297' title='bbox 1753 2090 1807 2134; x_wconf 81' lang='lat' dir='ltr'>Et</span> <span class='ocrx_word' id='word_1_298' title='bbox 1828 2089 2077 2134; x_wconf 83' lang='lat' dir='ltr'>illuminabo</span> <span class='ocrx_word' id='word_1_299' title='bbox 2103 2101 2242 2132; x_wconf 78' lang='lat' dir='ltr'>omnes</span> 
     </span>
     <span class='ocr_line' id='line_1_30' title="bbox 276 2160 780 2221; baseline -0.006 -16"><span class='ocrx_word' id='word_1_300' title='bbox 276 2166 484 2221; x_wconf 78' lang='lat' dir='ltr'>sperantes</span> <span class='ocrx_word' id='word_1_301' title='bbox 505 2161 550 2203; x_wconf 82' lang='lat' dir='ltr'>in</span> <span class='ocrx_word' id='word_1_302' title='bbox 576 2160 780 2203; x_wconf 88' lang='lat' dir='ltr'>Domino.</span> 
     </span>
    </p>

    <p class='ocr_par' dir='ltr' id='par_1_6' title="bbox 278 2223 2255 2956">
     <span class='ocr_line' id='line_1_31' title="bbox 368 2223 2249 2285; baseline -0.003 -14"><span class='ocrx_word' id='word_1_303' title='bbox 368 2227 444 2271; x_wconf 88' lang='lat' dir='ltr'>AD</span> <span class='ocrx_word' id='word_1_304' title='bbox 463 2239 724 2271; x_wconf 79' lang='lat' dir='ltr'>SECUNDUM</span> <span class='ocrx_word' id='word_1_305' title='bbox 751 2225 1011 2279; x_wconf 85' lang='lat' dir='ltr'>dicendum,</span> <span class='ocrx_word' id='word_1_306' title='bbox 1034 2225 1156 2285; x_wconf 91' lang='lat' dir='ltr'>quod</span> <span class='ocrx_word' id='word_1_307' title='bbox 1182 2224 1330 2285; x_wconf 80' lang='lat' dir='ltr'>duplex</span> <span class='ocrx_word' id='word_1_308' title='bbox 1353 2234 1421 2269; x_wconf 87' lang='lat' dir='ltr'>est</span> <span class='ocrx_word' id='word_1_309' title='bbox 1447 2224 1602 2269; x_wconf 92' lang='lat' dir='ltr'>dolor:</span> <span class='ocrx_word' id='word_1_310' title='bbox 1630 2239 1735 2268; x_wconf 86' lang='lat' dir='ltr'>unus</span> <span class='ocrx_word' id='word_1_311' title='bbox 1752 2223 1807 2268; x_wconf 91' lang='lat' dir='ltr'>de</span> <span class='ocrx_word' id='word_1_312' title='bbox 1826 2223 2038 2282; x_wconf 90' lang='lat' dir='ltr'>passione</span> <span class='ocrx_word' id='word_1_313' title='bbox 2055 2235 2249 2282; x_wconf 86' lang='lat' dir='ltr'>poenae,</span> 
     </span>
     <span class='ocr_line' id='line_1_32' title="bbox 280 2288 2252 2354; baseline -0.003 -16"><span class='ocrx_word' id='word_1_314' title='bbox 280 2309 417 2354; x_wconf 88' lang='lat' dir='ltr'>quem</span> <span class='ocrx_word' id='word_1_315' title='bbox 443 2294 672 2352; x_wconf 91' lang='lat' dir='ltr'>patiuntur</span> <span class='ocrx_word' id='word_1_316' title='bbox 688 2293 902 2337; x_wconf 88' lang='lat' dir='ltr'>homines</span> <span class='ocrx_word' id='word_1_317' title='bbox 929 2307 1011 2351; x_wconf 91' lang='lat' dir='ltr'>pro</span> <span class='ocrx_word' id='word_1_318' title='bbox 1038 2303 1228 2351; x_wconf 91' lang='lat' dir='ltr'>peccato</span> <span class='ocrx_word' id='word_1_319' title='bbox 1249 2291 1429 2347; x_wconf 89' lang='lat' dir='ltr'>actuali,</span> <span class='ocrx_word' id='word_1_320' title='bbox 1452 2292 1707 2336; x_wconf 89' lang='lat' dir='ltr'>secundum</span> <span class='ocrx_word' id='word_1_321' title='bbox 1729 2289 1841 2334; x_wconf 91' lang='lat' dir='ltr'>illud</span> <span class='ocrx_word' id='word_1_322' title='bbox 1857 2290 1931 2335; x_wconf 85' lang='lat' dir='ltr'>Ps.</span> <span class='ocrx_word' id='word_1_323' title='bbox 1953 2302 2047 2348; x_wconf 89' lang='lat'>17.:</span> <span class='ocrx_word' id='word_1_324' title='bbox 2072 2288 2252 2334; x_wconf 81' lang='lat' dir='ltr'>Dolores</span> 
     </span>
     <span class='ocr_line' id='line_1_33' title="bbox 278 2355 2250 2420; baseline -0.004 -14"><span class='ocrx_word' id='word_1_325' title='bbox 278 2362 436 2420; x_wconf 78' lang='lat' dir='ltr'>inferni</span> <span class='ocrx_word' id='word_1_326' title='bbox 462 2360 818 2405; x_wconf 74' lang='lat' dir='ltr'>circumdederunt</span> <span class='ocrx_word' id='word_1_327' title='bbox 837 2376 899 2404; x_wconf 82' lang='lat' dir='ltr'>me</span> <span class='ocrx_word' id='word_1_328' title='bbox 915 2375 928 2402; x_wconf 89' lang='lat'>.·</span> <span class='ocrx_word' id='word_1_329' title='bbox 953 2360 1059 2404; x_wconf 83' lang='lat' dir='ltr'>alius</span> <span class='ocrx_word' id='word_1_330' title='bbox 1086 2370 1238 2403; x_wconf 88' lang='lat' dir='ltr'>autem</span> <span class='ocrx_word' id='word_1_331' title='bbox 1262 2358 1395 2403; x_wconf 90' lang='lat' dir='ltr'>dolor</span> <span class='ocrx_word' id='word_1_332' title='bbox 1413 2369 1480 2403; x_wconf 89' lang='lat' dir='ltr'>est</span> <span class='ocrx_word' id='word_1_333' title='bbox 1506 2360 1561 2403; x_wconf 93' lang='lat' dir='ltr'>de</span> <span class='ocrx_word' id='word_1_334' title='bbox 1589 2358 1805 2402; x_wconf 91' lang='lat' dir='ltr'>dilatione</span> <span class='ocrx_word' id='word_1_335' title='bbox 1829 2365 2034 2416; x_wconf 87' lang='lat' dir='ltr'>speratae</span> <span class='ocrx_word' id='word_1_336' title='bbox 2061 2355 2250 2415; x_wconf 87' lang='lat' dir='ltr'>gloriae,</span> 
     </span>
     <span class='ocr_line' id='line_1_34' title="bbox 279 2422 2245 2485; baseline -0.003 -12"><span class='ocrx_word' id='word_1_337' title='bbox 279 2428 533 2474; x_wconf 90' lang='lat' dir='ltr'>secundum</span> <span class='ocrx_word' id='word_1_338' title='bbox 565 2427 675 2471; x_wconf 87' lang='lat' dir='ltr'>illud</span> <span class='ocrx_word' id='word_1_339' title='bbox 701 2427 916 2471; x_wconf 91' lang='lat' dir='ltr'>Proverb.</span> <span class='ocrx_word' id='word_1_340' title='bbox 951 2440 1038 2485; x_wconf 85' lang='lat'>13.:</span> <span class='ocrx_word' id='word_1_341' title='bbox 1073 2427 1183 2485; x_wconf 78' lang='lat' dir='ltr'>Spes,</span> <span class='ocrx_word' id='word_1_342' title='bbox 1212 2441 1315 2485; x_wconf 74' lang='lat' dir='ltr'>quae</span> <span class='ocrx_word' id='word_1_343' title='bbox 1341 2426 1545 2485; x_wconf 83' lang='lat' dir='ltr'>differtur,</span> <span class='ocrx_word' id='word_1_344' title='bbox 1573 2425 1722 2485; x_wconf 84' lang='lat' dir='ltr'>affligit</span> <span class='ocrx_word' id='word_1_345' title='bbox 1743 2426 1959 2469; x_wconf 86' lang='lat' dir='ltr'>animam:</span> <span class='ocrx_word' id='word_1_346' title='bbox 1988 2437 2127 2483; x_wconf 87' lang='lat' dir='ltr'>quem</span> <span class='ocrx_word' id='word_1_347' title='bbox 2153 2422 2245 2482; x_wconf 91' lang='lat' dir='ltr'>qui-</span> 
     </span>
     <span class='ocr_line' id='line_1_35' title="bbox 281 2490 2246 2554; baseline -0.004 -13"><span class='ocrx_word' id='word_1_348' title='bbox 281 2497 388 2541; x_wconf 92' lang='lat' dir='ltr'>dem</span> <span class='ocrx_word' id='word_1_349' title='bbox 421 2495 631 2539; x_wconf 90' lang='lat' dir='ltr'>dolorem</span> <span class='ocrx_word' id='word_1_350' title='bbox 657 2495 941 2554; x_wconf 89' lang='lat' dir='ltr'>patiebantur</span> <span class='ocrx_word' id='word_1_351' title='bbox 973 2495 1118 2538; x_wconf 88' lang='lat' dir='ltr'>sancti</span> <span class='ocrx_word' id='word_1_352' title='bbox 1149 2495 1306 2539; x_wconf 89' lang='lat' dir='ltr'>Patres</span> <span class='ocrx_word' id='word_1_353' title='bbox 1341 2496 1387 2538; x_wconf 88' lang='lat' dir='ltr'>in</span> <span class='ocrx_word' id='word_1_354' title='bbox 1418 2493 1621 2539; x_wconf 87' lang='lat' dir='ltr'>inferno:</span> <span class='ocrx_word' id='word_1_355' title='bbox 1651 2493 1707 2536; x_wconf 92' lang='lat' dir='ltr'>ad</span> <span class='ocrx_word' id='word_1_356' title='bbox 1739 2493 1862 2552; x_wconf 93' lang='lat' dir='ltr'>quod</span> <span class='ocrx_word' id='word_1_357' title='bbox 1894 2490 2246 2551; x_wconf 88' lang='lat' dir='ltr'>significandum</span> 
     </span>
     <span class='ocr_line' id='line_1_36' title="bbox 280 2557 2248 2622; baseline -0.003 -14"><span class='ocrx_word' id='word_1_358' title='bbox 280 2564 474 2622; x_wconf 87' lang='lat' dir='ltr'>August.</span> <span class='ocrx_word' id='word_1_359' title='bbox 498 2562 544 2605; x_wconf 90' lang='lat' dir='ltr'>in</span> <span class='ocrx_word' id='word_1_360' title='bbox 571 2576 784 2606; x_wconf 89' lang='lat' dir='ltr'>sermone</span> <span class='ocrx_word' id='word_1_361' title='bbox 812 2562 866 2605; x_wconf 89' lang='lat' dir='ltr'>de</span> <span class='ocrx_word' id='word_1_362' title='bbox 893 2562 1052 2605; x_wconf 90' lang='lat' dir='ltr'>Resur.</span> <span class='ocrx_word' id='word_1_363' title='bbox 1079 2561 1172 2620; x_wconf 77' lang='lat' dir='ltr'>(qui</span> <span class='ocrx_word' id='word_1_364' title='bbox 1197 2568 1250 2606; x_wconf 82' lang='lat' dir='ltr'>est</span> <span class='ocrx_word' id='word_1_365' title='bbox 1276 2576 1359 2621; x_wconf 83' lang='lat'><strong><em>137.</em></strong></span> <span class='ocrx_word' id='word_1_366' title='bbox 1387 2562 1434 2606; x_wconf 74' lang='lat' dir='ltr'>de</span> <span class='ocrx_word' id='word_1_367' title='bbox 1469 2562 1608 2622; x_wconf 77' lang='lat' dir='ltr'>Tem-p.</span> <span class='ocrx_word' id='word_1_368' title='bbox 1638 2575 1664 2605; x_wconf 86' lang='lat' dir='ltr'>a</span> <span class='ocrx_word' id='word_1_369' title='bbox 1690 2559 1814 2619; x_wconf 80' lang='lat' dir='ltr'>med.)</span> <span class='ocrx_word' id='word_1_370' title='bbox 1844 2560 1965 2614; x_wconf 86' lang='lat' dir='ltr'>dicit,</span> <span class='ocrx_word' id='word_1_371' title='bbox 1993 2558 2117 2618; x_wconf 91' lang='lat' dir='ltr'>quod</span> <span class='ocrx_word' id='word_1_372' title='bbox 2145 2557 2248 2603; x_wconf 76' lang='lat' dir='ltr'>«la-</span> 
     </span>
     <span class='ocr_line' id='line_1_37' title="bbox 282 2625 2252 2690; baseline -0.003 -15"><span class='ocrx_word' id='word_1_373' title='bbox 282 2628 521 2690; x_wconf 89' lang='lat' dir='ltr'>crymabili</span> <span class='ocrx_word' id='word_1_374' title='bbox 547 2629 861 2673; x_wconf 87' lang='lat' dir='ltr'>obsecratione</span> <span class='ocrx_word' id='word_1_375' title='bbox 881 2628 1118 2672; x_wconf 92' lang='lat' dir='ltr'>Christum</span> <span class='ocrx_word' id='word_1_376' title='bbox 1136 2629 1326 2673; x_wconf 89' lang='lat' dir='ltr'>orabant</span> <span class='ocrx_word' id='word_1_377' title='bbox 1345 2646 1384 2672; x_wconf 72' lang='lat' dir='ltr'>n.</span> <span class='ocrx_word' id='word_1_378' title='bbox 1413 2629 1644 2688; x_wconf 90' lang='lat' dir='ltr'>Utrosque</span> <span class='ocrx_word' id='word_1_379' title='bbox 1664 2637 1818 2671; x_wconf 90' lang='lat' dir='ltr'>autem</span> <span class='ocrx_word' id='word_1_380' title='bbox 1837 2626 2019 2682; x_wconf 84' lang='lat' dir='ltr'>dolores</span> <span class='ocrx_word' id='word_1_381' title='bbox 2039 2625 2252 2671; x_wconf 87' lang='lat' dir='ltr'>Christus</span> 
     </span>
     <span class='ocr_line' id='line_1_38' title="bbox 281 2693 2252 2753; baseline -0.003 -11"><span class='ocrx_word' id='word_1_382' title='bbox 281 2697 419 2742; x_wconf 90' lang='lat' dir='ltr'>solvit</span> <span class='ocrx_word' id='word_1_383' title='bbox 444 2697 499 2740; x_wconf 92' lang='lat' dir='ltr'>ad</span> <span class='ocrx_word' id='word_1_384' title='bbox 526 2695 696 2740; x_wconf 89' lang='lat' dir='ltr'>inferos</span> <span class='ocrx_word' id='word_1_385' title='bbox 724 2696 1028 2740; x_wconf 89' lang='lat' dir='ltr'>descendens:</span> <span class='ocrx_word' id='word_1_386' title='bbox 1059 2695 1186 2739; x_wconf 90' lang='lat' dir='ltr'>aliter</span> <span class='ocrx_word' id='word_1_387' title='bbox 1213 2707 1366 2740; x_wconf 90' lang='lat' dir='ltr'>tamen</span> <span class='ocrx_word' id='word_1_388' title='bbox 1395 2707 1439 2740; x_wconf 91' lang='lat' dir='ltr'>et</span> <span class='ocrx_word' id='word_1_389' title='bbox 1465 2696 1618 2740; x_wconf 89' lang='lat' dir='ltr'>aliter:</span> <span class='ocrx_word' id='word_1_390' title='bbox 1645 2710 1754 2738; x_wconf 92' lang='lat' dir='ltr'>nam</span> <span class='ocrx_word' id='word_1_391' title='bbox 1781 2693 1965 2739; x_wconf 89' lang='lat' dir='ltr'>dolores</span> <span class='ocrx_word' id='word_1_392' title='bbox 1996 2706 2252 2753; x_wconf 85' lang='lat' dir='ltr'>poenarum</span> 
     </span>
     <span class='ocr_line' id='line_1_39' title="bbox 283 2761 2249 2824; baseline -0.004 -14"><span class='ocrx_word' id='word_1_393' title='bbox 283 2764 434 2818; x_wconf 87' lang='lat' dir='ltr'>solvit,</span> <span class='ocrx_word' id='word_1_394' title='bbox 471 2763 803 2824; x_wconf 85' lang='lat' dir='ltr'>praeservando</span> <span class='ocrx_word' id='word_1_395' title='bbox 839 2763 891 2806; x_wconf 92' lang='lat' dir='ltr'>ab</span> <span class='ocrx_word' id='word_1_396' title='bbox 926 2763 1016 2816; x_wconf 92' lang='lat' dir='ltr'>eis;</span> <span class='ocrx_word' id='word_1_397' title='bbox 1053 2763 1168 2806; x_wconf 89' lang='lat' dir='ltr'>sicut</span> <span class='ocrx_word' id='word_1_398' title='bbox 1204 2764 1406 2807; x_wconf 88' lang='lat' dir='ltr'>medicus</span> <span class='ocrx_word' id='word_1_399' title='bbox 1441 2763 1603 2807; x_wconf 91' lang='lat' dir='ltr'>dicitur</span> <span class='ocrx_word' id='word_1_400' title='bbox 1634 2762 1812 2807; x_wconf 88' lang='lat' dir='ltr'>solvere</span> <span class='ocrx_word' id='word_1_401' title='bbox 1846 2761 2075 2815; x_wconf 88' lang='lat' dir='ltr'>morbum,</span> <span class='ocrx_word' id='word_1_402' title='bbox 2108 2774 2134 2804; x_wconf 85' lang='lat' dir='ltr'>a</span> <span class='ocrx_word' id='word_1_403' title='bbox 2157 2773 2249 2819; x_wconf 91' lang='lat' dir='ltr'>quo</span> 
     </span>
     <span class='ocr_line' id='line_1_40' title="bbox 284 2827 2255 2892; baseline -0.003 -16"><span class='ocrx_word' id='word_1_404' title='bbox 284 2840 543 2892; x_wconf 83' lang='lat' dir='ltr'>praeservat</span> <span class='ocrx_word' id='word_1_405' title='bbox 564 2845 644 2890; x_wconf 89' lang='lat' dir='ltr'>per</span> <span class='ocrx_word' id='word_1_406' title='bbox 669 2830 969 2875; x_wconf 89' lang='lat' dir='ltr'>medicinam:</span> <span class='ocrx_word' id='word_1_407' title='bbox 999 2830 1181 2875; x_wconf 89' lang='lat' dir='ltr'>dolores</span> <span class='ocrx_word' id='word_1_408' title='bbox 1201 2841 1354 2875; x_wconf 91' lang='lat' dir='ltr'>autem</span> <span class='ocrx_word' id='word_1_409' title='bbox 1374 2841 1584 2875; x_wconf 86' lang='lat' dir='ltr'>causatos</span> <span class='ocrx_word' id='word_1_410' title='bbox 1603 2845 1657 2874; x_wconf 89' lang='lat' dir='ltr'>ex</span> <span class='ocrx_word' id='word_1_411' title='bbox 1676 2828 1893 2874; x_wconf 91' lang='lat' dir='ltr'>dilatione</span> <span class='ocrx_word' id='word_1_412' title='bbox 1911 2827 2085 2888; x_wconf 86' lang='lat' dir='ltr'>gloriae</span> <span class='ocrx_word' id='word_1_413' title='bbox 2105 2836 2255 2872; x_wconf 86' lang='lat' dir='ltr'>actua-</span> 
     </span>
     <span class='ocr_line' id='line_1_41' title="bbox 284 2897 1088 2956; baseline -0.004 -12"><span class='ocrx_word' id='word_1_414' title='bbox 284 2899 386 2944; x_wconf 89' lang='lat' dir='ltr'>liter</span> <span class='ocrx_word' id='word_1_415' title='bbox 412 2898 562 2953; x_wconf 89' lang='lat' dir='ltr'>solvit‚</span> <span class='ocrx_word' id='word_1_416' title='bbox 590 2897 787 2956; x_wconf 90' lang='lat' dir='ltr'>gloriam</span> <span class='ocrx_word' id='word_1_417' title='bbox 814 2898 1088 2956; x_wconf 89' lang='lat' dir='ltr'>praebendo.</span> 
     </span>
    </p>

    <p class='ocr_par' dir='ltr' id='par_1_7' title="bbox 285 2962 2257 3631">
     <span class='ocr_line' id='line_1_42' title="bbox 375 2962 2255 3024; baseline -0.003 -12"><span class='ocrx_word' id='word_1_418' title='bbox 375 2967 451 3011; x_wconf 85' lang='lat' dir='ltr'>AD</span> <span class='ocrx_word' id='word_1_419' title='bbox 478 2979 696 3011; x_wconf 79' lang='lat' dir='ltr'>TERTmM</span> <span class='ocrx_word' id='word_1_420' title='bbox 723 2966 982 3019; x_wconf 87' lang='lat' dir='ltr'>dicendum,</span> <span class='ocrx_word' id='word_1_421' title='bbox 1007 2965 1129 3024; x_wconf 90' lang='lat' dir='ltr'>quod</span> <span class='ocrx_word' id='word_1_422' title='bbox 1156 2965 1265 3009; x_wconf 91' lang='lat' dir='ltr'>illud</span> <span class='ocrx_word' id='word_1_423' title='bbox 1294 2966 1417 3024; x_wconf 91' lang='lat' dir='ltr'>quod</span> <span class='ocrx_word' id='word_1_424' title='bbox 1441 2965 1499 3009; x_wconf 87' lang='lat' dir='ltr'>ibi</span> <span class='ocrx_word' id='word_1_425' title='bbox 1517 2964 1627 3009; x_wconf 91' lang='lat' dir='ltr'>dicit</span> <span class='ocrx_word' id='word_1_426' title='bbox 1647 2964 1821 3018; x_wconf 89' lang='lat' dir='ltr'>Petrus,</span> <span class='ocrx_word' id='word_1_427' title='bbox 1845 2977 1871 3006; x_wconf 94' lang='lat' dir='ltr'>a</span> <span class='ocrx_word' id='word_1_428' title='bbox 1896 2962 2168 3022; x_wconf 87' lang='lat' dir='ltr'>quibusdam</span> <span class='ocrx_word' id='word_1_429' title='bbox 2187 2974 2255 3006; x_wconf 88' lang='lat' dir='ltr'>re-</span> 
     </span>
     <span class='ocr_line' id='line_1_43' title="bbox 285 3028 2255 3091; baseline -0.003 -12"><span class='ocrx_word' id='word_1_430' title='bbox 285 3034 424 3079; x_wconf 90' lang='lat' dir='ltr'>fertur</span> <span class='ocrx_word' id='word_1_431' title='bbox 451 3034 506 3078; x_wconf 92' lang='lat' dir='ltr'>ad</span> <span class='ocrx_word' id='word_1_432' title='bbox 535 3034 805 3078; x_wconf 88' lang='lat' dir='ltr'>descensum</span> <span class='ocrx_word' id='word_1_433' title='bbox 835 3033 1007 3077; x_wconf 84' lang='lat' dir='ltr'>Christi</span> <span class='ocrx_word' id='word_1_434' title='bbox 1035 3033 1088 3075; x_wconf 91' lang='lat' dir='ltr'>ad</span> <span class='ocrx_word' id='word_1_435' title='bbox 1116 3032 1299 3086; x_wconf 88' lang='lat' dir='ltr'>inferos,</span> <span class='ocrx_word' id='word_1_436' title='bbox 1333 3033 1396 3076; x_wconf 86' lang='lat' dir='ltr'>sic</span> <span class='ocrx_word' id='word_1_437' title='bbox 1431 3032 1761 3091; x_wconf 87' lang='lat' dir='ltr'>exponentibus</span> <span class='ocrx_word' id='word_1_438' title='bbox 1791 3030 1981 3075; x_wconf 87' lang='lat' dir='ltr'>verbum</span> <span class='ocrx_word' id='word_1_439' title='bbox 2011 3028 2145 3074; x_wconf 89' lang='lat' dir='ltr'>illud.</span> <span class='ocrx_word' id='word_1_440' title='bbox 2171 3028 2255 3074; x_wconf 77' lang='lat' dir='ltr'>His</span> 
     </span>
     <span class='ocr_line' id='line_1_44' title="bbox 287 3095 2255 3161; baseline -0.003 -15"><span class='ocrx_word' id='word_1_441' title='bbox 287 3104 358 3161; x_wconf 85' lang='lat' dir='ltr'>qui</span> <span class='ocrx_word' id='word_1_442' title='bbox 384 3104 427 3146; x_wconf 83' lang='lat' dir='ltr'>in</span> <span class='ocrx_word' id='word_1_443' title='bbox 454 3116 616 3147; x_wconf 75' lang='lat' dir='ltr'>carcere</span> <span class='ocrx_word' id='word_1_444' title='bbox 639 3101 786 3145; x_wconf 83' lang='lat' dir='ltr'>inclusi</span> <span class='ocrx_word' id='word_1_445' title='bbox 803 3107 936 3154; x_wconf 80' lang='lat' dir='ltr'>erant,</span> <span class='ocrx_word' id='word_1_446' title='bbox 956 3100 1071 3143; x_wconf 91' lang='lat' dir='ltr'>idest</span> <span class='ocrx_word' id='word_1_447' title='bbox 1092 3099 1284 3153; x_wconf 88' lang='lat' dir='ltr'>inferno,</span> <span class='ocrx_word' id='word_1_448' title='bbox 1301 3101 1392 3158; x_wconf 79' lang='lat' dir='ltr'>spir</span> <span class='ocrx_word' id='word_1_449' title='bbox 1396 3102 1470 3153; x_wconf 76' lang='lat' dir='ltr'>itu,</span> <span class='ocrx_word' id='word_1_450' title='bbox 1491 3100 1606 3143; x_wconf 90' lang='lat' dir='ltr'>idest</span> <span class='ocrx_word' id='word_1_451' title='bbox 1622 3098 1876 3143; x_wconf 90' lang='lat' dir='ltr'>secundum</span> <span class='ocrx_word' id='word_1_452' title='bbox 1894 3097 2114 3151; x_wconf 86' lang='lat' dir='ltr'>animam,</span> <span class='ocrx_word' id='word_1_453' title='bbox 2133 3095 2255 3144; x_wconf 81' lang='lat' dir='ltr'>Chri-</span> 
     </span>
     <span class='ocr_line' id='line_1_45' title="bbox 285 3161 2256 3227; baseline -0.004 -13"><span class='ocrx_word' id='word_1_454' title='bbox 285 3176 367 3214; x_wconf 78' lang='lat' dir='ltr'>stus</span> <span class='ocrx_word' id='word_1_455' title='bbox 392 3171 559 3213; x_wconf 71' lang='lat' dir='ltr'>veniens</span> <span class='ocrx_word' id='word_1_456' title='bbox 578 3167 859 3227; x_wconf 82' lang='lat' dir='ltr'>praedicavit,</span> <span class='ocrx_word' id='word_1_457' title='bbox 888 3168 960 3225; x_wconf 81' lang='lat' dir='ltr'>qui</span> <span class='ocrx_word' id='word_1_458' title='bbox 986 3166 1189 3211; x_wconf 73' lang='lat' dir='ltr'>increduli</span> <span class='ocrx_word' id='word_1_459' title='bbox 1205 3167 1381 3225; x_wconf 67' lang='lat' dir='ltr'>fuerant</span> <span class='ocrx_word' id='word_1_460' title='bbox 1407 3166 1647 3225; x_wconf 83' lang='lat' dir='ltr'>aliquando.</span> <span class='ocrx_word' id='word_1_461' title='bbox 1676 3165 1810 3210; x_wconf 85' lang='lat' dir='ltr'>Unde</span> <span class='ocrx_word' id='word_1_462' title='bbox 1833 3175 1878 3210; x_wconf 91' lang='lat' dir='ltr'>et</span> <span class='ocrx_word' id='word_1_463' title='bbox 1902 3165 2118 3209; x_wconf 85' lang='lat' dir='ltr'>Damasc.</span> <span class='ocrx_word' id='word_1_464' title='bbox 2146 3161 2256 3208; x_wconf 86' lang='lat' dir='ltr'>dicit</span> 
     </span>
     <span class='ocr_line' id='line_1_46' title="bbox 288 3232 2256 3295; baseline -0.003 -14"><span class='ocrx_word' id='word_1_465' title='bbox 288 3239 333 3281; x_wconf 91' lang='lat' dir='ltr'>in</span> <span class='ocrx_word' id='word_1_466' title='bbox 365 3252 401 3295; x_wconf 81' lang='lat'>3.</span> <span class='ocrx_word' id='word_1_467' title='bbox 435 3236 509 3280; x_wconf 88' lang='lat' dir='ltr'>lib.</span> <span class='ocrx_word' id='word_1_468' title='bbox 543 3235 739 3293; x_wconf 83' lang='lat' dir='ltr'>(Orthod.</span> <span class='ocrx_word' id='word_1_469' title='bbox 772 3234 866 3279; x_wconf 85' lang='lat' dir='ltr'>Fid.</span> <span class='ocrx_word' id='word_1_470' title='bbox 900 3242 990 3293; x_wconf 82' lang='lat' dir='ltr'>cap</span> <span class='ocrx_word' id='word_1_471' title='bbox 1025 3234 1112 3291; x_wconf 86' lang='lat'><em>19.)</em></span> <span class='ocrx_word' id='word_1_472' title='bbox 1146 3234 1268 3291; x_wconf 82' lang='lat' dir='ltr'>quod</span> <span class='ocrx_word' id='word_1_473' title='bbox 1306 3244 1463 3277; x_wconf 90' lang='lat' dir='ltr'>«s1cut</span> <span class='ocrx_word' id='word_1_474' title='bbox 1495 3234 1580 3287; x_wconf 89' lang='lat' dir='ltr'>his,</span> <span class='ocrx_word' id='word_1_475' title='bbox 1621 3233 1698 3292; x_wconf 91' lang='lat' dir='ltr'>qui</span> <span class='ocrx_word' id='word_1_476' title='bbox 1731 3232 1776 3276; x_wconf 87' lang='lat' dir='ltr'>in</span> <span class='ocrx_word' id='word_1_477' title='bbox 1816 3242 1932 3276; x_wconf 86' lang='lat' dir='ltr'>terra</span> <span class='ocrx_word' id='word_1_478' title='bbox 1967 3241 2086 3285; x_wconf 82' lang='lat' dir='ltr'>sunt,</span> <span class='ocrx_word' id='word_1_479' title='bbox 2124 3243 2256 3275; x_wconf 84' lang='lat' dir='ltr'>evan-</span> 
     </span>
     <span class='ocr_line' id='line_1_47' title="bbox 290 3296 2256 3363; baseline -0.002 -16"><span class='ocrx_word' id='word_1_480' title='bbox 290 3304 521 3363; x_wconf 86' lang='lat' dir='ltr'>gelizavit;</span> <span class='ocrx_word' id='word_1_481' title='bbox 548 3304 609 3347; x_wconf 88' lang='lat' dir='ltr'>ita</span> <span class='ocrx_word' id='word_1_482' title='bbox 638 3313 682 3347; x_wconf 92' lang='lat' dir='ltr'>et</span> <span class='ocrx_word' id='word_1_483' title='bbox 709 3302 778 3346; x_wconf 89' lang='lat' dir='ltr'>his</span> <span class='ocrx_word' id='word_1_484' title='bbox 806 3301 882 3360; x_wconf 89' lang='lat' dir='ltr'>qui</span> <span class='ocrx_word' id='word_1_485' title='bbox 907 3301 954 3344; x_wconf 89' lang='lat' dir='ltr'>in</span> <span class='ocrx_word' id='word_1_486' title='bbox 980 3300 1183 3354; x_wconf 89' lang='lat' dir='ltr'>inferno;</span> <span class='ocrx_word' id='word_1_487' title='bbox 1210 3314 1303 3343; x_wconf 91' lang='lat' dir='ltr'>non</span> <span class='ocrx_word' id='word_1_488' title='bbox 1333 3301 1515 3358; x_wconf 90' lang='lat' dir='ltr'>quidem</span> <span class='ocrx_word' id='word_1_489' title='bbox 1544 3311 1592 3345; x_wconf 89' lang='lat' dir='ltr'>ut</span> <span class='ocrx_word' id='word_1_490' title='bbox 1613 3298 1872 3344; x_wconf 90' lang='lat' dir='ltr'>incredulos</span> <span class='ocrx_word' id='word_1_491' title='bbox 1905 3298 1961 3343; x_wconf 81' lang='lat' dir='ltr'>ad</span> <span class='ocrx_word' id='word_1_492' title='bbox 1986 3296 2125 3343; x_wconf 88' lang='lat' dir='ltr'>fidem</span> <span class='ocrx_word' id='word_1_493' title='bbox 2150 3310 2256 3344; x_wconf 80' lang='lat' dir='ltr'>con-</span> 
     </span>
     <span class='ocr_line' id='line_1_48' title="bbox 288 3361 2256 3445; baseline -0.004 -30"><span class='ocrx_word' id='word_1_494' title='bbox 288 3381 498 3424; x_wconf 87' lang='lat' dir='ltr'>verteret,</span> <span class='ocrx_word' id='word_1_495' title='bbox 525 3371 603 3414; x_wconf 88' lang='lat' dir='ltr'>sed</span> <span class='ocrx_word' id='word_1_496' title='bbox 631 3381 679 3414; x_wconf 92' lang='lat' dir='ltr'>ut</span> <span class='ocrx_word' id='word_1_497' title='bbox 706 3383 865 3413; x_wconf 90' lang='lat' dir='ltr'>eorum</span> <span class='ocrx_word' id='word_1_498' title='bbox 893 3367 1209 3412; x_wconf 85' lang='lat' dir='ltr'>infidelitatem</span> <span class='ocrx_word' id='word_1_499' title='bbox 1237 3367 1492 3411; x_wconf 87' lang='lat' dir='ltr'>confutaret</span> <span class='ocrx_word' id='word_1_500' title='bbox 1508 3383 1558 3410; x_wconf 85' lang='lat'>»</span> <span class='ocrx_word' id='word_1_501' title='bbox 1550 3368 1693 3445; x_wconf 82' lang='lat' dir='ltr'>,quia</span> <span class='ocrx_word' id='word_1_502' title='bbox 1724 3366 1822 3426; x_wconf 89' lang='lat' dir='ltr'>ipsa</span> <span class='ocrx_word' id='word_1_503' title='bbox 1843 3365 2119 3426; x_wconf 84' lang='lat' dir='ltr'>praedicatio</span> <span class='ocrx_word' id='word_1_504' title='bbox 2140 3361 2256 3409; x_wconf 82' lang='lat' dir='ltr'>nihil</span> 
     </span>
     <span class='ocr_line' id='line_1_49' title="bbox 291 3431 2257 3496; baseline -0.003 -14"><span class='ocrx_word' id='word_1_505' title='bbox 291 3438 411 3482; x_wconf 91' lang='lat' dir='ltr'>aliud</span> <span class='ocrx_word' id='word_1_506' title='bbox 438 3437 631 3496; x_wconf 88' lang='lat' dir='ltr'>intelligi</span> <span class='ocrx_word' id='word_1_507' title='bbox 657 3446 822 3496; x_wconf 87' lang='lat' dir='ltr'>potest,</span> <span class='ocrx_word' id='word_1_508' title='bbox 848 3450 986 3495; x_wconf 88' lang='lat' dir='ltr'>quam</span> <span class='ocrx_word' id='word_1_509' title='bbox 1014 3434 1319 3479; x_wconf 85' lang='lat' dir='ltr'>manifestatio</span> <span class='ocrx_word' id='word_1_510' title='bbox 1343 3434 1588 3478; x_wconf 81' lang='lat' dir='ltr'>divinitatis</span> <span class='ocrx_word' id='word_1_511' title='bbox 1607 3437 1717 3492; x_wconf 87' lang='lat' dir='ltr'>ejus,</span> <span class='ocrx_word' id='word_1_512' title='bbox 1741 3446 1857 3493; x_wconf 90' lang='lat' dir='ltr'>quae</span> <span class='ocrx_word' id='word_1_513' title='bbox 1881 3431 2166 3478; x_wconf 80' lang='lat' dir='ltr'>manifestata</span> <span class='ocrx_word' id='word_1_514' title='bbox 2188 3440 2257 3476; x_wconf 81' lang='lat' dir='ltr'>est</span> 
     </span>
     <span class='ocr_line' id='line_1_50' title="bbox 290 3499 2255 3564; baseline -0.002 -16"><span class='ocrx_word' id='word_1_515' title='bbox 290 3505 583 3550; x_wconf 89' lang='lat' dir='ltr'>infernalibus</span> <span class='ocrx_word' id='word_1_516' title='bbox 616 3519 695 3564; x_wconf 88' lang='lat' dir='ltr'>per</span> <span class='ocrx_word' id='word_1_517' title='bbox 726 3505 980 3549; x_wconf 88' lang='lat' dir='ltr'>virtuosum</span> <span class='ocrx_word' id='word_1_518' title='bbox 1009 3502 1278 3547; x_wconf 89' lang='lat' dir='ltr'>descensum</span> <span class='ocrx_word' id='word_1_519' title='bbox 1307 3500 1478 3546; x_wconf 88' lang='lat' dir='ltr'>Christi</span> <span class='ocrx_word' id='word_1_520' title='bbox 1501 3502 1556 3545; x_wconf 90' lang='lat' dir='ltr'>ad</span> <span class='ocrx_word' id='word_1_521' title='bbox 1579 3500 1762 3546; x_wconf 89' lang='lat' dir='ltr'>inferos.</span> <span class='ocrx_word' id='word_1_522' title='bbox 1795 3499 2079 3560; x_wconf 82' lang='lat' dir='ltr'>Augustinus</span> <span class='ocrx_word' id='word_1_523' title='bbox 2099 3508 2255 3544; x_wconf 81' lang='lat' dir='ltr'>tamen</span> 
     </span>
     <span class='ocr_line' id='line_1_51' title="bbox 292 3564 2254 3631; baseline -0.003 -15"><span class='ocrx_word' id='word_1_524' title='bbox 292 3571 455 3616; x_wconf 88' lang='lat' dir='ltr'>melius</span> <span class='ocrx_word' id='word_1_525' title='bbox 483 3573 668 3630; x_wconf 88' lang='lat' dir='ltr'>exponit</span> <span class='ocrx_word' id='word_1_526' title='bbox 691 3571 739 3615; x_wconf 89' lang='lat' dir='ltr'>in</span> <span class='ocrx_word' id='word_1_527' title='bbox 764 3569 968 3631; x_wconf 88' lang='lat' dir='ltr'>Epistola</span> <span class='ocrx_word' id='word_1_528' title='bbox 987 3569 1043 3615; x_wconf 86' lang='lat' dir='ltr'>ad</span> <span class='ocrx_word' id='word_1_529' title='bbox 1059 3568 1289 3614; x_wconf 88' lang='lat' dir='ltr'>Evodium</span> <span class='ocrx_word' id='word_1_530' title='bbox 1317 3567 1439 3627; x_wconf 77' lang='lat' dir='ltr'>(quae</span> <span class='ocrx_word' id='word_1_531' title='bbox 1465 3574 1519 3614; x_wconf 80' lang='lat' dir='ltr'>est</span> <span class='ocrx_word' id='word_1_532' title='bbox 1545 3583 1616 3627; x_wconf 90' lang='lat'>90.</span> <span class='ocrx_word' id='word_1_533' title='bbox 1635 3582 1661 3612; x_wconf 88' lang='lat' dir='ltr'>a</span> <span class='ocrx_word' id='word_1_534' title='bbox 1677 3566 1832 3625; x_wconf 81' lang='lat' dir='ltr'>med.).·</span> <span class='ocrx_word' id='word_1_535' title='bbox 1853 3577 1903 3613; x_wconf 86' lang='lat' dir='ltr'>ut</span> <span class='ocrx_word' id='word_1_536' title='bbox 1927 3564 2146 3612; x_wconf 81' lang='lat' dir='ltr'>referatur</span> <span class='ocrx_word' id='word_1_537' title='bbox 2158 3578 2254 3611; x_wconf 86' lang='lat' dir='ltr'>non</span> 
     </span>
    </p>
   </div>
  </div>
 </body>
</html>
