2352 3926
675 234 954 282 QUAESTIO
995 235 1120 274 XLV.
1159 234 1469 275 ARTICULUS
1508 234 1581 273 1v.
2022 221 2124 292 381

162 335 287 383 dabit
310 335 467 382 electis
492 337 585 382 suis
611 336 865 382 claritatem
891 335 1079 396 gloriae3
1107 347 1153 382 et
1177 336 1464 396 refrigerium
1491 337 1546 381 ab
1574 336 1705 382 omni
1737 335 1879 392 malo,
1906 351 2025 397 quae
2051 337 2124 383 de-

163 403 399 463 signantur
423 405 472 448 in
499 404 618 448 nube
650 403 817 452 lucida.

148 513 156 520 .
253 471 337 517 An
357 485 573 517 TERTmM
600 471 859 525 dicendum,
886 470 1008 530 quod
1037 470 1245 515 Christus
1270 481 1457 516 venerat
1494 471 1689 529 gratiam
1731 470 1968 516 actualiter
2009 471 2131 525 dare,

163 537 359 597 gloriam
383 552 493 583 vero
520 539 782 598 promittere
809 538 977 582 verbo:
1006 548 1050 581 et
1075 537 1178 582 ideo
1218 538 1544 582 convenienter
1570 539 1615 582 in
1640 538 2041 598 transfiguratione
2067 539 2131 582 in·

163 605 388 651 ducuntur
412 606 640 659 homines,
667 615 716 649 ut
739 605 887 663 ipsum
917 604 1115 658 audiant,
1142 619 1235 648 non
1264 615 1415 648 autem
1443 606 1488 648 in
1516 606 1758 664 baptismo.

253 672 329 716 AD
355 685 592 723 QUARTUM
619 672 879 725 dicendum,
906 671 1028 730 quod
1055 672 1332 715 conveniens
1374 671 1458 715 fuit
1499 673 1746 731 discipulos
1786 687 1902 717 voce
1943 682 2133 733 paterna

161 739 334 792 terreri,
362 749 405 783 et
421 739 658 797 prosterni,
676 749 724 782 ut
741 739 1067 791 ostenderetur,
1085 739 1206 797 quod
1235 738 1504 783 excellentia
1525 739 1645 784 illius
1668 739 1857 799 gloriae,
1879 754 1996 799 quae
2021 750 2130 785 tunc

163 806 570 859 demonstrabatur,
588 805 765 850 excedit
787 819 975 849 omnem
998 819 1198 859 sensum,
1222 815 1264 850 et
1290 805 1555 850 facultatem
1581 807 1860 861 mortalium,
1878 808 2132 851 secundum

162 872 273 917 illud
299 872 446 917 Exodi
475 886 565 930 33.:
592 873 690 917 Non
714 872 873 917 videbit
897 887 961 916 me
985 873 1121 926 homo,
1149 879 1188 917 et
1212 874 1355 917 vivet:
1390 884 1435 917 et
1466 873 1556 917 hoc
1585 884 1652 918 est
1674 874 1796 932 quod
1820 875 2130 934 Hieronymus

163 940 273 984 dicit
294 953 430 998 super
453 939 739 983 Matthaeum
773 939 879 998 (sup.
903 939 1008 983 illud
1034 948 1122 999 cap.
1153 954 1239 999 ι7..·
1274 940 1495 985 Αιιᾱίεητες
1521 940 1713 1000 discipuli
1739 941 1987 995 ceciderunt,
2014 943 2126 1000 eta),

162 1006 285 1066 quod
313 1022 338 1048 «
355 1006 557 1050 humana
581 1005 800 1064 fragilitas
827 1017 1124 1065 conspectum
1144 1008 1332 1065 majoris
1355 1007 1529 1066 gloriae
1552 1007 1668 1052 ferre
1689 1022 1783 1052 non
1801 1009 1991 1053 sustinet
2006 1024 2049 1063 »3
2076 1009 2130 1052 ab

162 1073 251 1117 hac
276 1082 430 1117 autem
453 1071 695 1131 fragilitate
721 1083 936 1116 sanantur
962 1073 1176 1118 homines
1202 1089 1282 1134 per
1315 1074 1567 1129 Christum,
1595 1089 1674 1119 eos
1701 1075 1747 1119 in
1774 1075 1968 1135 gloriam
1997 1075 2132 1120 addu-

164 1139 335 1184 cendo:
364 1139 487 1199 quod
512 1138 792 1198 significatur
817 1154 898 1199 per
923 1140 1014 1184 hoc
1041 1141 1165 1200 quod
1192 1142 1303 1186 dixit
1328 1142 1415 1186 eis:
1447 1142 1626 1201 Surgite,
1651 1143 1776 1187 nolite
1801 1145 1956 1187 timere.

783 1494 1234 1583 QUAESTIO
1282 1504 1510 1566 XLVI.

270 1656 355 1701 DE'
385 1641 674 1702 PASSIONF':
704 1644 960 1710 CHRISTI,
995 1660 1063 1701 IN
1093 1644 1412 1701 Duon'ECIM
1444 1645 1775 1702 AR‘rrcutos
1806 1660 2028 1701 DIVISA.

253 1807 603 1875 Consequenter
628 1815 1011 1860 considerandum
1039 1825 1107 1859 est
1133 1814 1188 1858 de
1213 1814 1300 1868 his,
1323 1828 1439 1873 quae
1456 1815 1681 1873 pertinent
1697 1814 1754 1858 ad
1772 1814 1940 1859 exitum
1959 1814 2135 1860 Christi

163 1882 220 1927 de
247 1882 445 1927 mundo:
473 1892 518 1927 et
535 1884 678 1942 primo
705 1882 760 1926 de
786 1883 998 1941 passione
1025 1884 1143 1941 eius:
1169 1883 1342 1927 secundo
1370 1883 1426 1927 de
1452 1893 1622 1928 morte:
1651 1885 1767 1928 tertio
1795 1883 1850 1928 de
1876 1882 2130 1944 sepultura:

162 1955 311 2008 quarto
338 1949 394 1994 de
420 1950 641 1994 descensu
668 1949 723 1993 ad
750 1949 933 1994 inferos.

252 2015 390 2062 Circa
414 2017 675 2076 passionem
703 2017 902 2061 occurrit
928 2018 1082 2077 triplex
1108 2017 1437 2062 consideratio:
1458 2019 1604 2076 prima
1627 2017 1682 2061 de
1703 2018 1800 2076 ipsa
1822 2018 2057 2076 passione:
2079 2033 2139 2064 se-

162 2079 299 2130 cunda
323 2084 542 2129 decausa
568 2082 790 2128 efficiente
817 2084 1064 2143 passionis:
1091 2086 1213 2130 tertia
1239 2086 1294 2129 de
1319 2084 1468 2128 fructu
1494 2085 1733 2144 passionis.

708 2195 837 2240 Circa
856 2197 1047 2254 primum
1074 2202 1332 2254 quaeruntur
1357 2195 1584 2240 duodecim.

250 2284 420 2329 Primo.
455 2283 621 2329 Utrum
643 2299 841 2329 necesse
867 2284 1001 2329 fuerit
1033 2285 1269 2330 Christum
1297 2286 1390 2346 pati
1417 2301 1498 2345 pro
1524 2285 1792 2331 liberatione
1817 2286 2076 2331 hominum.

251 2350 479 2396 Secundo.
509 2352 676 2396 Utrum
700 2351 836 2396 fuerit
862 2353 977 2397 alius
1003 2354 1168 2398 modus
1195 2354 1422 2412 possibilis
1449 2354 1731 2398 liberationis
1757 2354 2004 2399 humanae.

250 2417 426 2464 Tertio.
453 2417 619 2463 Utrum
647 2418 723 2464 ille
750 2419 915 2464 modus
939 2419 1074 2465 fuerit
1100 2421 1460 2465 convenientior.

252 2483 446 2539 Quarto.
474 2485 640 2531 Utrum
666 2485 801 2531 fuerit
827 2487 1122 2542 conveniens,
1150 2489 1272 2547 quod
1298 2489 1345 2532 in
1373 2502 1507 2533 cruce
1532 2498 1774 2548 pateretur.

251 2553 445 2607 Quinto.
476 2553 547 2597 De
579 2553 876 2612 generalitate
909 2555 1133 2613 passionis
1166 2556 1275 2614 ejus.

206 2667 216 2681 ‚
251 2616 405 2665 Sexto.
432 2619 599 2664 Utrum
625 2619 772 2675 dolor,
798 2635 936 2680 quem
962 2621 1008 2665 in
1035 2623 1248 2681 passione
1275 2622 1500 2677 sustinuit,
1526 2622 1660 2667 fuerit
1686 2624 1928 2668 maximus.

251 2685 473 2746 Septimo.
507 2687 672 2732 Utrum
703 2697 801 2732 tota
833 2690 988 2732 anima
1019 2691 1116 2748 ejus
1148 2699 1390 2749 pateretur.

252 2753 450 2800 Octavo.
483 2754 649 2799 Utrum
681 2755 833 2814 passio
867 2756 962 2813 ejus
993 2756 1279 2816 impediverit
1311 2757 1530 2816 gaudium
1559 2756 1801 2803 fruitionis.

250 2820 403 2865 Nono.
436 2821 508 2865 De
538 2832 745 2881 tempore
777 2823 1015 2882 passionis.

249 2887 462 2932 Decim0.
495 2889 566 2932 De
597 2888 719 2933 loco.

251 2953 527 3000 Undecimo.
555 2955 723 2999 Utrum
750 2958 1029 3001 conveniens
1054 2956 1202 3011 fuerit,
1228 2957 1379 3017 ipsum
1406 2972 1513 3002 cum
1540 2957 1790 3004 latronibus
1818 2959 2033 3017 crucifigi.

251 3021 557 3067 Duodecimo.
585 3022 752 3067 Utrum
778 3023 929 3081 passio
957 3024 1096 3082 ipsius
1125 3024 1297 3069 Christi
1323 3027 1380 3070 sit
1405 3025 1627 3070 divinitati
1651 3026 1947 3071 attribuenda.

882 3173 1318 3230 ARTICULUS
1361 3175 1403 3230 Ι.
1986 3155 1990 3161 ’
2043 3188 2129 3245 246

305 3291 536 3329 UTRUM
585 3292 834 3345 FUERI'T
886 3294 1365 3333 NECESSARIUM
1417 3295 1768 3333 CHRISTUM
1824 3294 1979 3332 PATI

624 3366 730 3404 PRO
763 3367 1130 3408 LIBERATIONE
1163 3368 1378 3408 HUMANI
1414 3369 1656 3407 GENERIS.

477 3446 535 3508 (3.
554 3451 664 3496 Dist.
682 3466 751 3498 20.
770 3459 850 3498 art.
867 3470 904 3499 1.
921 3469 959 3514 q.
973 3470 1009 3514 3.
1027 3462 1065 3500 et
1082 3462 1163 3501 art.
1181 3471 1222 3513 4.
1244 3471 1281 3515 q.
1300 3473 1334 3501 I.
1354 3462 1395 3501 et
1411 3464 1544 3515 opusc.
1563 3471 1596 3512 3.
1616 3463 1708 3514 cap.
1728 3456 1803 3514 7.).
2082 3456 2105 3478 “

254 3549 330 3595 An
355 3542 552 3598 rmum(
569 3552 635 3598 sic
661 3556 932 3613 proceditur.
960 3556 1166 3613 Videtur,
1193 3559 1315 3618 quod
1341 3573 1435 3603 non
1476 3558 1609 3603 fuerit
1651 3560 1958 3605 necessarium
1992 3561 2127 3607 Chri-

163 3626 284 3662 stum
310 3618 404 3677 pati
427 3631 510 3677 pro
537 3618 726 3664 humani
767 3623 945 3680 generis
982 3624 1272 3670 liberatione:
1311 3626 1565 3670 humanum
1603 3626 1726 3670 enim
1765 3641 1910 3687 genus
1944 3628 2126 3675 liberari
