2352 3926
590 255 884 304 ›Quas-no
924 255 1073 296 mx.
1112 254 1421 296 sanemus
1459 254 1532 294 v1.
1919 240 2023 310 603

11 373 47 421 {sgfg
62 357 178 407 Dei:
196 357 284 403 sed
319 370 430 416 puer
453 370 549 402 non
575 368 643 403 est
668 357 894 403 credens
881 372 929 403 m
957 372 1080 413 eum,
1097 358 1175 418 qui
1190 356 1405 418 justificat
1419 356 1639 416 impium
1664 369 1777 416 ergo
1801 368 1896 400 non
1920 368 2031 399 con-

16 442 45 478 ’τες
59 424 269 487 seqnitur
294 424 489 483 gratiam
515 424 852 483 justificantem,
883 439 1032 484 neque
1059 426 1259 470 virtutes.

151 503 196 547 4.
233 491 532 537 PRAETEREA.
572 491 711 545 Quod
745 507 799 536 ex
832 492 1002 536 carnali
1034 492 1285 537 intentione
1319 491 1481 550 agitur,
1526 505 1621 535 non
1652 456 1830 535 videtur
1860 489 2030 534 habere

64 557 347 618 spiritualem
373 557 619 604 effectum:
645 559 724 604 sed
750 560 1025 619 quandoque
1050 560 1178 617 pueri
1196 559 1252 603 ad
1269 559 1547 618 baptismum
1570 557 1832 603 deferuntur
1859 555 2032 601 carnali

63 625 332 680 intentione,
359 635 408 670 ut
433 625 606 670 scilicet
633 626 931 685 corporaliter
951 637 1188 680 sanentur3
1211 639 1306 670 non
1325 640 1435 685 ergo
1464 634 1804 685 consequuntur
1829 623 2034 683 spiritua·

64 690 159 738 lem
186 691 400 737 effectum
427 692 613 751 gratiae,
640 703 686 737 et
708 695 940 737 virtutum.

1 809 16 817 v,
134 759 251 804 ,SED
279 772 474 804 CONTRA
501 769 581 813 est,
614 760 736 818 quod
768 759 961 818 August.
1001 758 1111 803 dicit
1146 759 1190 802 in
1227 758 1457 803 Enchirid.
1494 760 1610 819 (cap.
1642 774 1707 818 52.
1746 765 1840 804 ante
1874 757 2031 816 med).-

14 831 17 836 ·
69 825 298 873 ‘Parvuli
322 826 607 870 renascendo
640 826 895 870 moriuntur
930 825 997 869 illi
1027 835 1236 886 peccatO,
1270 827 1392 885 quod
1429 826 1660 871 nascendo
1695 834 2032 882 contraxerunt,

1 893 17 932 ἓ
66 902 120 939 ac
141 904 222 953 per
244 893 335 936 hoc
362 893 418 936 ad
441 891 545 937 illos
573 893 711 937 etiam
738 892 943 951 pertinet,
970 892 1093 951 quod
1119 892 1305 936 dicitur:
1336 891 1603 950 Consepulti
1627 907 1784 937 sumus
1811 907 1919 936 cum
1949 890 2031 936 illo

1 969 22 1024 's
65 968 148 1023 per
169 958 486 1021 baptismum
473 974 520 1004 m
557 969 755 1004 mortem
773 973 823 1003 »z
850 959 1054 1003 subditur
1085 969 1263 1003 autem:
1301 975 1324 1000 «
1343 958 1407 1003 Ut
1439 959 1676 1017 quomodo
1704 959 1915 1003 Christus
1941 972 2032 1003 sur-

65 1026 181 1072 r'exit
205 1030 231 1070 a
257 1026 462 1080 mortuis,
490 1041 569 1086 per
590 1026 785 1085 gloriam
808 1026 968 1080 Patris,
994 1025 1058 1070 ita
1084 1035 1128 1070 et
1153 1040 1238 1070 nos
1255 1027 1301 1070 in
1317 1026 1520 1069 novitate
1537 1027 1656 1070 vitae
1676 1025 2030 1070 ambulemus»

66 1090 147 1140 sed
170 1093 351 1138 novitas
371 1094 491 1137 vitae
514 1103 582 1138 est
602 1107 682 1152 per
704 1093 912 1152 gratiam,
932 1102 976 1137 et
991 1093 1206 1137 virtutes·
1195 1107 1336 1151 ‚ergo
1355 1093 1482 1152 pueri
1498 1093 1545 1136 in
1566 1093 1793 1152 baptismo
1821 1092 2032 1152 gratiam,

16 1184 24 1209 1÷
66 1153 122 1207 ³8
136 1160 324 1205 virtutes
349 1170 702 1219 consequuntur.

152 1227 445 1273 Rnsrounno
482 1226 742 1280 dicendum,
774 1227 896 1286 quod
928 1227 1115 1286 quidam
1149 1226 1322 1285 antiqui
1353 1235 1617 1285 posuerunt,
1649 1226 1772 1285 quod
1803 1226 1954 1285 pueris
1985 1225 2033 1269 in

16 1304 31 1332 —11
65 1291 295 1355 Raptismo
321 1308 416 1339 non
441 1294 603 1338 dantur
629 1294 788 1353 gratia,
816 1304 860 1338 et
884 1294 1101 1347 virtutes3
1130 1295 1208 1338 sed
1234 1294 1512 1354 imprimitur
1538 1293 1601 1337 eis
1639 1293 1893 1337 character
1902 1292 2035 1337 Chri-

4 1367 34 1415 ιζ’
67 1363 141 1417 sti,
166 1362 296 1420 cujus
311 1361 492 1416 virtute,
519 1375 626 1405 curn
646 1361 702 1405 ad
730 1360 976 1420 perfectam
1005 1372 1203 1406 aetatem
1228 1361 1450 1414 venerint,
1467 1369 1809 1420 consequuntur
1825 1360 2034 1420 gratiam,

1 1423 21 1471 ³}
68 1438 114 1474 et
135 1429 347 1474 virtutes:
374 1428 453 1473 sed
478 1428 570 1472 hoc
597 1438 720 1487 patet
757 1443 855 1472 esse
887 1428 1055 1472 falsum
1087 1429 1332 1489 dupliciter.-
1362 1431 1502 1487 primo
1533 1428 1733 1488 quidem,
1760 1427 1866 1487 quia
1891 1427 2034 1487 pueri,

16 1508 25 1544 s
65 1496 187 1543 sicut
217 1506 263 1541 et
291 1495 447 1550 adulti,
477 1495 525 1539 in
555 1495 782 1554 baptismo
819 1494 1075 1540 efficiuntur
1110 1496 1317 1540 membra
1351 1495 1548 1550 Christi3
1581 1494 1700 1538 unde
1732 1508 1920 1539 necesse
1952 1504 2034 1548 est,

68 1563 191 1624 quod
217 1577 245 1607 a
272 1563 419 1621 capite
445 1557 666 1621 recipiant
690 1562 911 1606 influxum
938 1563 1123 1621 gratiae,
1150 1573 1195 1607 et
1219 1563 1418 1607 virtutis:
1441 1561 1629 1615 secundo,
1654 1561 1760 1620 quia
1781 1561 2035 1606 secundum

67 1630 161 1676 hoc
186 1630 313 1690 pueri
340 1630 610 1674 decedentes
636 1639 741 1689 post
776 1629 1053 1687 baptismum
1079 1643 1174 1674 non
1199 1629 1487 1689 pervenirent
1525 1629 1580 1673 ad
1612 1628 1754 1672 vitam
1787 1637 2034 1682 aeternam,

14 1707 24 1733 J
69 1698 190 1759 quia,
214 1707 267 1742 ut
290 1697 453 1742 dicitur
476 1697 614 1741 Rom.
641 1694 698 1751 6.,
728 1698 870 1755 gratia
894 1698 979 1741 Dei
1005 1703 1059 1741 est
1082 1699 1174 1741 vita
1199 1704 1370 1742 aeterna
1382 1712 1398 1749 ;
1427 1707 1472 1740 et
1496 1696 1560 1740 ita
1576 1709 1670 1740 non
1701 1694 1945 1754 profuisset
1969 1695 2034 1739 eis

70 1765 135 1811 ad‘
153 1764 364 1819 salutem,
390 1764 642 1823 baptizatos
667 1763 820 1808 fuisse.
840 1763 994 1808 Causa
1013 1773 1165 1807 autem
1184 1763 1348 1807 erroris
1365 1762 1463 1817 fuit,
1480 1763 1584 1822 quia
1601 1762 1861 1806 nescierunt
1885 1761 2036 1806 distin-

71 1845 209 1894 guere
234 1831 351 1876 inter
374 1831 597 1885 habitum,
625 1841 668 1874 et
695 1841 873 1875 actum:
901 1841 945 1874 et
966 1831 1029 1874 sic
1047 1831 1441 1888 videntespueros
1463 1829 1686 1874 inhabiles
1713 1829 1768 1873 ad
1796 1839 1922 1873 actus
1946 1829 2036 1872 vir-

5 1900 33 1954 )-
69 1907 235 1954 mum,
260 1898 549 1942 crediderunt
574 1912 654 1942 eos
678 1908 784 1955 post
806 1897 1085 1955 baptismum
1110 1897 1369 1942 nullatenus
1394 1897 1609 1941 virtutem
1634 1897 1822 1940 habere:
1849 1897 1928 1940 sed
1950 1897 2036 1940 ista

9 2002 20 2026 7„
50 1965 346 2026 'impotentia
371 1964 591 2024 operandi
615 1978 710 2008 non
737 1964 903 2008 accidit
927 1966 1078 2023 pueris
1105 1978 1160 2008 ex
1187 1964 1365 2009 defectu
1391 1964 1646 2018 habituum,
1665 1963 1742 2008 sed
1771 1977 1826 2008 ex
1847 1963 2038 2023 impedi-

72 2042 231 2088 mento
256 2031 512 2092 corporali3
537 2032 657 2076 sicut
682 2031 821 2076 etiam
848 2031 1144 2085 dormientes,
1168 2031 1375 2091 quamvis
1391 2031 1590 2075 habeant
1605 2030 1786 2075 habitus
1802 2030 2036 2085 virtutum,

24 2122 34 2140 1
70 2099 381 2162 lwedimtur
405 2109 561 2144 tamen
588 2098 642 2142 ab
670 2098 844 2142 actibus
868 2109 1054 2158 propter
1079 2112 1310 2143 somnum.

12 2220 17 2229 ,-
160 2166 239 2212 AD
269 2178 458 2211 PRmUM
484 2179 595 2224 ergo
622 2165 881 2220 dicendum,
909 2166 1030 2224 quod
1062 2165 1188 2220 fides,
1226 2174 1270 2210 et
1297 2165 1496 2209 charitas
1529 2165 1783 2212 consistunt
1807 2165 1853 2208 in
1874 2165 2039 2209 (volun-

0 2261 6 2285 ι,
71 2243 166 2280 tate
188 2232 449 2287 hominum,
474 2232 536 2277 ita
561 2242 718 2277 tamen
742 2232 867 2292 quod
883 2232 1063 2277 habitus
1079 2232 1260 2287 harum,
1277 2242 1322 2277 et
1339 2232 1532 2277 aliarum
1557 2233 1775 2276 virtutum
1801 2233 2036 2291 requirunt

71 2300 326 2362 potentiam
350 2299 614 2355 voluntatis,
639 2314 755 2359 quae
782 2308 850 2344 est
873 2299 921 2343 in
947 2300 1126 2360 pueris3
1152 2301 1233 2345 sed
1257 2309 1383 2345 actus
1398 2300 1616 2344 virtutum
1634 2302 1867 2358 requirunt
1884 2309 2037 2344 actum

5 2378 25 2404 2
71 2367 334 2422 voluntatis,
366 2367 444 2427 qui
468 2381 563 2411 non
590 2376 658 2411 est
681 2367 728 2410 in
754 2366 928 2425 pueris:
956 2377 1000 2411 et
1024 2367 1115 2411 hoc
1142 2367 1284 2412 modo
1311 2367 1554 2426 Augustin.
1587 2367 1709 2421 dicit,
1743 2367 1865 2426 quod
1902 2383 1925 2408 «
1941 2381 2040 2427 par-

71 2434 247 2491 vulum,
273 2434 359 2479 etsi
382 2434 591 2479 nondum
621 2433 700 2478 illa
731 2433 858 2488 fides,
891 2447 1007 2493 quae
1032 2435 1080 2478 in
1107 2434 1389 2479 credentium
1420 2434 1656 2479 voluntate
1690 2434 1910 2488 consistit,
1942 2435 2037 2493 jam

72 2504 232 2551 umen
256 2501 399 2562 ipsius
423 2501 530 2546 fidei
554 2510 898 2546 sacramentum
913 2517 956 2556 ›>,
982 2501 1106 2561 quod
1132 2501 1306 2546 scilicet
1332 2510 1489 2547 causat
1519 2502 1726 2546 habitum
1752 2501 1872 2557 fidei,
1894 2517 1917 2543 «
1933 2501 2040 2546 fide-

67 2562 169 2616 fflem
192 2568 302 2614 facit
318 2584 362 2612 n.

29 2632 59 2690 „s
163 2636 243 2682 An
273 2647 536 2681 secunnun
567 2635 829 2690 dicendum,
855 2635 994 2696 quod,
1021 2636 1139 2681 sicut
1178 2636 1371 2695 August.
1400 2635 1510 2680 dicit
1539 2636 1586 2680 in
1618 2635 1693 2680 lib.
1721 2635 1776 2680 de
1804 2635 2038 2680 Charitate

19 2702 165 2764 (uu
188 2708 309 2749 tract.
330 2717 367 2762 3.
392 2710 515 2762 super
537 2703 654 2762 epist.
675 2703 800 2759 Joan.
826 2704 873 2747 in
893 2703 1073 2762 princ),
1115 2719 1140 2746 c<
1157 2717 1296 2748 nemo
1331 2718 1384 2748 ex
1417 2717 1549 2762 aqua,
1583 2713 1627 2747 et
1660 2703 1829 2761 Spiritu
1863 2702 2035 2746 Sancto

74 2770 340 2823 renascitur,
364 2769 453 2813 nisi
477 2769 638 2813 volens
655 2785 701 2814 »ε
730 2770 853 2829 quod
878 2783 973 2814 non
997 2771 1051 2814 de
1078 2770 1292 2829 parvulis,
1318 2772 1396 2815 sed
1424 2771 1479 2814 de
1506 2771 1668 2815 adultis
1690 2770 2036 2827 intelligendum

22 2843 30 2875 '1
76 2846 166 2884 est:
193 2847 239 2881 et
258 2835 466 2881 similiter
490 2835 546 2880 de
571 2836 735 2881 adultis
760 2835 1108 2896 intelligendum
1135 2848 1215 2892 est,
1244 2838 1365 2897 quod
1389 2838 1534 2882 homo
1558 2853 1583 2881 a
1602 2838 1788 2882 Christo
1812 2837 1907 2880 sine
1934 2836 2035 2894 ipso

74 2916 171 2950 non
195 2903 520 2963 iustificabitur.
549 2903 690 2955 Quod
718 2914 871 2948 autern
896 2900 1073 2963 parvuli
1097 2905 1367 2963 baptizandi,
1393 2915 1529 2963 prout
1554 2905 1719 2948 viribus
1747 2913 1951 2963 possunt,
1973 2915 2039 2946 re-

75 2970 318 3024 luctantur,
344 2983 439 3014 non
467 2970 530 3015 eis
555 2970 832 3030 imputatur3
860 2971 965 3030 quia
993 2971 1260 3015 «intantum
1286 2974 1508 3025 nesciunt,
1535 2971 1657 3030 quod
1683 2969 1868 3023 faciunt,
1886 2979 1935 3013 ut
1951 2981 2036 3013 nec

32 3033 51 3082 's
74 3037 226 3083 facere
249 3037 546 3092 videantur»,
572 3047 622 3082 ut
653 3038 847 3097 August.
881 3038 991 3083 dicit
1020 3039 1067 3082 in
1094 3038 1209 3083 libro
1237 3039 1293 3083 de
1320 3039 1627 3083 Praescientia
1658 3037 1747 3081 Dei
1779 3037 1834 3080 ad
1866 3036 2039 3080 Darda·

75 3118 189 3151 num
215 3104 390 3164 (scilicet
409 3106 521 3164 epist.
543 3118 608 3164 57.
635 3105 837 3164 aliquant.
858 3119 887 3150 a
913 3105 1053 3164 med).

25 3172 42 3231 iZ
166 3172 244 3217 An
287 3182 504 3217 TERTIUM
537 3171 795 3227 dicendum,
843 3173 981 3232 quod,
1014 3173 1132 3217 sicut
1167 3173 1362 3232 August.
1402 3172 1508 3216 dicit
1550 3170 1688 3228 (serm.
1730 3185 1795 3216 10.
1822 3169 1870 3214 de
1914 3169 2035 3214 Verb.

25 3246 47 3286 ἐς
75 3239 222 3300 Apost.
240 3246 330 3298 cap.
347 3253 388 3283 2.
415 3253 442 3283 a
460 3240 638 3299 princ),
670 3254 694 3282 «
712 3239 912 3298 parvulis
939 3250 1085 3284 mater
1101 3239 1307 3284 Ecclesia
1332 3239 1525 3282 aliorum
1545 3238 1680 3297 pedes
1700 3236 2038 3291 accommodat,

17 3317 43 3345 2²
76 3315 127 3351 ut
148 3306 363 3359 veniant3
390 3305 584 3351 aliorum
607 3319 701 3360 cor,
728 3316 777 3350 ut
803 3306 1017 3362 credant3
1045 3306 1242 3351 aliorum
1268 3306 1488 3363 linguam,
1516 3315 1565 3348 ut
1588 3304 1814 3348 fateantur
1836 3319 1859 3344 »
1881 3313 1955 3358 ;et
1974 3303 2036 3348 ita

77 3372 206 3432 pueri
231 3372 434 3427 credunt,
456 3386 552 3418 non
578 3387 658 3433 per
685 3382 838 3417 actum
870 3374 1118 3432 proprium,
1151 3374 1229 3418 sed
1262 3388 1340 3432 per
1372 3372 1508 3415 fidem
1549 3370 1796 3424 Ecclesiae,
1823 3383 1939 3429 quae
1972 3370 2037 3415 eis

20 3439 45 3502 ᾗ
79 3438 474 3491 communicatur:
501 3449 547 3484 et
570 3439 704 3498 huJus
730 3439 836 3483 fidei
854 3439 1019 3484 virtute
1046 3439 1339 3484 conferuntur
1365 3439 1429 3483 eis
1457 3438 1614 3496 gratia,
1648 3446 1691 3481 et
1715 3437 1916 3481 virtutes.

11 3503 46 3564 [ᾗ
167 3505 245 3549 An
270 3517 507 3558 QUARTUM
519 3505 792 3560 dicendum,
825 3505 947 3564 quod
980 3506 1175 3550 carnalis
1214 3506 1406 3550 intentio
1447 3503 1744 3548 deferentium
1783 3516 1949 3561 pueros
1979 3503 2037 3548 ad

79 3571 356 3631 baptismum
381 3571 496 3616 nihil
521 3571 585 3616 eis
602 3581 768 3626 nocet3
788 3572 905 3615 sicut
919 3585 1004 3616 nec
1024 3572 1156 3632 culpa
1173 3573 1306 3616 unius
1327 3580 1465 3615 nocet
1483 3570 1624 3624 alteri,
1652 3570 1739 3614 nisi
1761 3570 2034 3615 consentiat:

81 3637 201 3682 unde
227 3636 468 3696 Augustin.
509 3637 620 3681 dicit
652 3637 700 3682 in
740 3637 869 3696 epist
907 3631 963 3683 a‘d
1003 3638 1208 3684 Bonifac.
1250 3638 1375 3697 (quae
1406 3643 1459 3682 est
1489 3651 1551 3696 23.
1582 3643 1677 3682 ante
1703 3636 1858 3694 med.).·
1888 3636 2035 3682 «Non
