2352 3926
239 218 344 288 382
772 232 1048 278 Quasss‘rro
1087 232 1233 272 XLvt.
1275 200 1583 274 Ani-murus
1623 235 1659 275 1.

235 349 330 379 non
356 344 549 394 poterat,
574 334 662 377 nisi
689 346 714 377 a
738 334 857 389 Deo,
883 334 1137 379 secundum
1163 334 1275 380 illud
1301 336 1387 381 Isa.
1415 348 1509 394 45.:
1543 331 1764 397 Numquid
1777 354 1861 384 non
1881 354 1953 399 ego
1974 324 2206 396 Dominus,

234 409 273 447 et
297 418 382 446 non
407 409 461 447 est
486 403 598 445 ultra
623 403 739 446 Deus
763 403 911 460 absque
947 405 1044 447 me?
1085 404 1200 448 Deus
1235 407 1387 463 justus,
1414 411 1450 448 et
1473 405 1641 450 salvans
1666 421 1749 450 non
1775 413 1830 451 est
1849 414 2020 467 praeter
2042 421 2134 453 me:
2153 408 2207 456 ω

235 469 388 513 Deum
415 479 567 512 autem
595 483 688 512 non
716 469 836 513 cadit
862 469 1015 528 aliqua
1035 470 1305 525 necessitas3
1325 472 1430 530 quia
1445 471 1536 515 hoc
1554 483 1830 532 repugnaret
1847 474 2233 534 omnipotentiae.

234 537 397 595 ipsius;
425 533 535 594 ergo
562 550 656 579 non
681 535 766 579 fuit
790 537 1102 581 necessarium
1130 537 1366 582 Christum
1393 539 1500 596 pati.

324 617 363 647 2.
390 604 688 648 PRAETEREA.
715 604 1036 648 Necessarium
1061 604 1322 650 voluntario
1356 607 1621 665 opponitur:
1659 608 1737 652 sed
1773 608 1981 653 Christus
2021 611 2204 671 propria

233 671 465 715 voluntate
494 681 560 715 est
586 685 767 729 passus;
795 672 959 716 dicitur
985 672 1109 716 enim
1134 673 1220 717 Isa.
1253 687 1344 733 53.:
1391 675 1567 719 Oblatas
1592 681 1663 730 est,
1690 677 1790 734 quia
1815 677 1898 736 ipse
1922 677 2081 730 voluit;
2100 685 2204 722 ‘non

233 753 343 797 ergo
376 739 686 782 necessarium
713 738 798 782 fuit
825 753 927 783 eum
958 740 1062 798 pati.

327 821 362 864 3.
390 806 690 850 PRAETEREA.
720 806 849 850 Sicut
874 807 920 849 in
953 807 1072 850 Psal.
1103 819 1172 862 24.
1201 808 1385 854 dicitur:
1423 810 1650 853 Universae
1689 811 1786 853 viae
1826 811 2009 854 Domini
2048 813 2208 857 miseri-

231 873 387 927 cordia,
413 880 451 917 et
475 875 661 918 veritas:
690 873 769 917 sed
796 887 891 918 non
917 874 1094 918 videtur
1119 876 1442 929 necessarium,
1470 877 1590 935 quod
1620 885 1847 935 pateretur
1883 890 1937 922 ex
1972 887 2098 937 parte
2126 879 2208 923 mi·
2230 919 2233 921 ,

231 941 503 985 sericordiae
530 941 726 995 divinae,
754 955 869 1000 quae
896 943 1012 985 sicut
1039 943 1177 1000 gratis
1204 943 1325 987 dona
1352 944 1518 997 tribuit,
1546 944 1607 987 ita
1629 943 1806 988 videtur
1828 944 1952 1003 quod
1974 945 2113 1004 gratis
2133 946 2209 991 de-

230 1008 322 1052 bita
348 1008 518 1052 relaxet
560 1009 728 1068 absque
769 1008 1100 1054 satisfactione:
1142 1024 1291 1068 neque
1334 1011 1470 1054 etiam
1513 1025 1566 1054 ex
1607 1021 1732 1070 parte
1774 1011 1955 1056 divinae
1994 1013 2205 1071 justitiae,

230 1076 483 1120 secundum
510 1091 650 1135 quarn
675 1077 821 1120 homo
850 1086 1084 1121 aeternam
1111 1077 1455 1122 damnationem
1484 1089 1732 1134 meruerat;
1763 1094 1874 1138 ergo
1906 1080 2084 1125 videtur
2107 1095 2203 1126 non

228 1142 366 1188 fuisse
392 1144 716 1198 necessarium,
745 1144 866 1203 quod
895 1143 1104 1188 Christus
1131 1159 1213 1203 pro
1242 1145 1510 1190 liberatione
1537 1146 1783 1190 hominum
1809 1157 2050 1205 pateretur.

318 1223 360 1266 4.
388 1211 685 1256 PRAETEREA.
713 1210 938 1270 Angelica
970 1222 1131 1255 natura
1164 1222 1231 1256 est
1265 1212 1572 1267 excellentior,
1606 1228 1745 1272 quam
1771 1214 1989 1268 humana,
2012 1224 2062 1260 ut
2082 1223 2205 1275 patet

228 1293 308 1336 per
339 1279 477 1322 Dion.
511 1291 552 1333 4.
587 1293 685 1338 cap.
719 1278 774 1322 de
806 1279 910 1322 Div.
944 1278 1084 1322 Nom.
1119 1279 1167 1337 (a
1185 1281 1326 1338 princ.
1356 1281 1442 1324 lect.
1471 1282 1547 1339 r.).·
1575 1281 1653 1324 sed
1690 1295 1772 1339 pro
1806 1283 2094 1340 reparatione
2126 1297 2205 1327 an—

228 1345 404 1405 gelicae
421 1357 624 1400 naturae,
652 1361 768 1405 quae
792 1357 1073 1405 peccaverat,
1094 1346 1303 1391 Christus
1327 1362 1421 1391 non
1446 1358 1514 1391 est
1536 1362 1716 1408 passus3
1737 1362 1847 1406 ergo
1870 1349 2063 1404 videtur,
2081 1349 2204 1409 quod

226 1428 311 1458 nec
345 1414 482 1457 etiarn
513 1413 648 1458 fuerit
679 1414 1004 1466 necessarium,
1039 1428 1145 1457 eum
1179 1414 1272 1471 pati
1304 1429 1387 1473 pro
1422 1414 1566 1458 salute
1598 1415 1790 1458 humani
1823 1416 2016 1474 generis,

320 1481 413 1525 SED
442 1494 638 1526 CONTRA
673 1489 753 1534 est,
781 1481 904 1539 quod
928 1481 1091 1524 dicitur
1109 1481 1240 1538 Joan.
1273 1495 1331 1540 3.:
1359 1482 1475 1526 Sicut
1500 1482 1659 1540 Moyses
1684 1482 1886 1527 exaltavit
1908 1490 2136 1544 serpentem
2156 1485 2201 1529 in

233 1549 400 1604 deserto,
426 1551 483 1594 sic
510 1555 668 1608 oportet
694 1549 873 1592 exaltari
899 1549 1062 1592 filium
1089 1549 1268 1593 hominis
1281 1564 1296 1599 ,·
1325 1556 1370 1594 ut
1397 1551 1530 1594 omnis
1556 1551 1628 1608 qui
1654 1549 1783 1595 credit
1814 1552 1858 1594 in
1889 1566 1999 1606 eum,
2026 1566 2112 1596 non
2131 1558 2206 1612 pe-

231 1622 336 1671 reat,
364 1616 430 1661 sed
456 1617 604 1660 habeat
628 1617 762 1659 vitam
789 1622 1028 1660 aeternam.-
1058 1616 1181 1674 quod
1208 1615 1393 1675 quidem
1427 1616 1481 1660 de
1510 1616 1786 1663 exaltatione
1825 1617 1874 1662 in
1907 1632 2041 1664 cruce
2072 1617 2204 1664 intel-

226 1683 404 1742 ligitur3
434 1698 544 1742 ergo
576 1683 767 1737 videtur,
802 1683 924 1742 quod
959 1682 1196 1727 Christum
1224 1684 1474 1742 oportuerit
1499 1685 1606 1744 pati.

315 1751 604 1797 RESPONm-:o
633 1751 892 1804 dicendum,
921 1751 1058 1810 quod,
1077 1751 1194 1795 sicut
1215 1750 1526 1810 Philosophus
1549 1751 1684 1796 docet
1704 1752 1750 1795 in
1779 1765 1814 1809 5.
1837 1752 2199 1812 Metaphysicor.

228 1818 326 1875 (tex.
355 1819 395 1864 6.
395 1818 437 1876 ),
470 1818 780 1862 necessarium
802 1818 1093 1877 multipliciter
1115 1818 1300 1863 dicitur:
1325 1834 1407 1862 uno
1431 1819 1615 1877 quidem
1638 1819 1774 1872 modo,
1800 1819 1924 1878 quod
1946 1818 2200 1865 secundum

225 1886 295 1930 sui
324 1896 535 1929 naturam
566 1885 849 1944 impossibile
882 1895 949 1929 est
982 1885 1110 1929 aliter
1141 1900 1189 1929 se
1221 1885 1412 1929 habere:
1448 1896 1493 1930 et
1523 1886 1587 1930 sic
1621 1885 1916 1931 manifestum
1956 1897 2038 1942 est,
2077 1886 2201 1947 quod

225 1968 319 1997 non
354 1953 437 1996 fuit
469 1953 779 1996 necessarium
815 1953 1049 1997 Christum
1083 1952 1188 2011 pati,
1222 1967 1371 2011 neque
1404 1968 1457 1997 ex
1491 1963 1616 2012 parte
1658 1954 1760 2008 Dei,
1803 1967 1951 2013 neque
1983 1968 2038 1999 ex
2070 1964 2198 2015 parte

226 2020 454 2064 hominis:
489 2020 573 2064 alio
605 2020 726 2063 modo
771 2020 934 2063 dicitur
976 2019 1144 2078 aliquid
1187 2021 1496 2065 necessarium
1531 2035 1583 2064 ex
1617 2020 1770 2081 aliquo
1811 2022 2043 2066 exteriori:
2077 2023 2200 2082 quod

225 2088 410 2147 quidem
443 2088 482 2132 si
512 2088 571 2131 sit
603 2101 741 2131 causa
773 2086 988 2142 efficiens,
1022 2087 1095 2131 vel
1128 2102 1335 2141 movens,
1362 2087 1471 2132 facit
1493 2089 1815 2132 necessitatem
1836 2090 2112 2145 coactionis;
2134 2099 2200 2134 ut-

223 2166 330 2214 pote
363 2170 469 2198 cum
496 2154 656 2214 aliquis
688 2169 782 2198 non
815 2164 965 2213 potest
981 2155 1045 2198 ire
1064 2165 1247 2212 propter
1265 2155 1534 2199 violentiam
1562 2156 1803 2200 detinentis
1825 2157 1998 2216 ipsum:
2027 2157 2066 2202 si
2085 2171 2196 2202 vero

221 2222 335 2267 illud
368 2223 578 2277 exterius,
612 2223 734 2281 quod
767 2223 1088 2266 necessitatem
1122 2222 1308 2276 inducit,
1343 2223 1399 2266 sit
1432 2223 1546 2278 finis,
1582 2224 1756 2268 dicetur
1789 2224 1958 2284 aliquid
1997 2238 2202 2270 necessa-

220 2290 342 2335 rium
374 2304 428 2334 ex
460 2290 774 2350 suppositione
800 2290 926 2343 finis3
960 2291 1143 2348 quando
1177 2291 1353 2334 scilicet
1384 2290 1486 2335 finis
1520 2290 1680 2350 aliquis
1707 2301 1783 2336 aut
1803 2291 1933 2337 nullo
1957 2292 2112 2336 modo
2122 2306 2201 2352 po-

206 2367 309 2402 ·test
340 2371 454 2411 esse,
489 2366 567 2401 aut
597 2371 692 2400 non
727 2367 876 2416 potest
910 2372 1008 2401 csse
1043 2358 1383 2411 convenienter,
1400 2372 1487 2402 nisi
1503 2357 1582 2402 tali
1600 2358 1689 2402 fine
1706 2361 2079 2425 praesupposito:
2093 2372 2199 2404 non

196 2430 333 2484 &ergo
359 2423 444 2469 fuit
469 2426 779 2468 necessarium
809 2424 1046 2468 Christum
1074 2427 1166 2483 pati
1207 2425 1478 2469 necessitate
1508 2426 1775 2480 coactionis,
1802 2440 1951 2486 neque
1989 2440 2042 2471 ex
2066 2435 2196 2506 parte

199 2482 323 2547 VJDei,
357 2492 433 2551 qui
467 2491 704 2536 Christum
738 2491 941 2536 definivit
982 2492 1096 2551 pati:
1131 2507 1280 2551 neque
1314 2493 1452 2536 etiam
1485 2507 1539 2536 ex
1571 2502 1697 2551 parte
1729 2493 1868 2552 ipsius
1902 2490 2116 2549 Christi,
2108 2494 2194 2554 qui

203 2559 480 2618 &voluntarie
507 2573 667 2618 passus
696 2569 783 2603 est:
812 2558 896 2603 fuit
924 2569 1076 2603 autem
1103 2560 1414 2604 necessarium
1439 2559 1711 2604 necessitate
1737 2559 1839 2604 finis
1851 2576 1868 2605 ε·
1898 2561 1975 2620 qui
2012 2555 2197 2621 quidem

185 2654 191 2691 ,ξ
222 2636 371 2686 potest
404 2627 625 2686 tripliciter
659 2625 875 2685 intelligi:
907 2629 1051 2686 primo
1084 2627 1270 2685 quidem
1304 2642 1356 2671 ex
1390 2637 1516 2686 parte
1547 2637 1718 2681 nostra,
1752 2627 1830 2687 qui
1861 2627 1940 2686 per
1966 2629 2068 2688 vejus
2099 2643 2198 2689 pas-

186 2695 191 2732 ‘.
221 2696 401 2740 sionem
428 2694 607 2738 liberati
634 2708 805 2747 sumus,
833 2689 1083 2738 sec‘und'ii‘fr.
1111 2694 1223 2738 illud
1244 2695 1432 2753 Joannis
1463 2710 1525 2754 3.:
1558 2695 1732 2754 Oportet
1756 2694 1938 2740 exaltari
1957 2696 2102 2755 filium
2123 2696 2196 2740 ho-

221 2763 362 2815 minis,
388 2767 433 2806 ut
464 2763 596 2805 omnis
629 2762 701 2819 qui
734 2761 864 2805 credit
895 2763 939 2804 in
972 2777 1079 2816 eum,
1110 2777 1195 2805 non
1223 2768 1381 2821 pereat,
1409 2762 1474 2807 sed
1515 2763 1666 2807 habeat
1704 2764 1840 2807 vitam
1867 2768 2106 2807 aeternam.-
2137 2777 2195 2808 se-

221 2828 353 2874 eundo
388 2843 441 2873 ex
473 2838 599 2887 parte
631 2828 770 2887 ipsius
805 2827 992 2882 Christi,
1027 2829 1103 2887 qui
1129 2844 1209 2888 per
1230 2829 1537 2874 humilitatem
1563 2830 1789 2889 passionis
1812 2831 1977 2874 meruit
1999 2829 2196 2889 gloriam

222 2895 529 2941 exaltationis:
565 2906 610 2941 et
642 2895 696 2939 ad
718 2894 809 2939 hoc
833 2896 1026 2954 pertinet
1052 2897 1172 2954 quod
1201 2897 1364 2940 dicitur
1390 2897 1542 2941 Lucae
1570 2897 1670 2941 ult.:
1699 2898 1848 2942 Nonne
1870 2899 2051 2957 oportuit
2075 2898 2196 2943 Chri-

219 2970 328 3008 stum
347 2966 456 3023 pati,
484 2970 522 3008 et
546 2965 602 3008 sie
628 2965 791 3008 intrare
818 2965 862 3006 in
887 2963 1067 3020 gloriam
1109 2965 1261 3009 suam?
1289 2966 1408 3008 tertio
1437 2978 1490 3008 ex
1517 2974 1642 3023 parte
1676 2964 1780 3019 Dei,
1814 2965 1942 3024 cujus
1973 2963 2195 3011 definitio·

222 3045 330 3075 nem
359 3031 479 3075 circa
506 3030 767 3090 passionem
797 3029 969 3074 Christi
996 3031 1358 3089 praenuntiatam
1392 3031 1438 3074 in
1474 3031 1733 3091 Scripturis‚
1766 3041 1811 3076 et
1841 3030 2193 3091 praefiguratam

220 3101 264 3142 in
292 3098 577 3143 observantia
600 3098 763 3142 veteris
792 3096 1091 3150 Testamenti,
1111 3099 1350 3156 oportebat
1375 3098 1578 3156 impleri:
1608 3108 1651 3142 et
1673 3098 1764 3143 hoc
1792 3108 1861 3143 est
1886 3099 2008 3158 quod
2031 3098 2195 3144 dicitur

221 3166 330 3210 Luc.
359 3179 452 3210 22.:
481 3166 614 3210 Filius
640 3166 830 3218 hominis,
858 3165 1080 3209 secandum
1107 3165 1445 3224 qaoddefinitzmz
1464 3173 1534 3221 est,
1554 3166 1697 3210 vadit.-
1718 3176 1762 3210 et
1779 3165 1933 3210 Lucae
1952 3165 2053 3215 ult.:
2072 3166 2190 3212 Haec

217 3240 309 3277 sunt
334 3235 476 3286 verba,
506 3249 608 3292 qaae
635 3233 793 3277 locatas
818 3248 906 3276 snm
935 3232 988 3275 ad
1014 3247 1098 3284 vos,
1129 3248 1221 3275 cum
1248 3233 1379 3277 adlmc
1407 3249 1527 3277 essem
1553 3235 1781 3287 vobiscum,
1806 3234 2006 3292 quoniam
2036 3248 2188 3279 necesse

217 3307 271 3344 est
296 3301 462 3359 impleri
489 3302 646 3354 omnia,
674 3315 777 3359 quae
802 3301 955 3358 scripta
981 3306 1075 3342 sunt
1102 3300 1143 3342 in
1172 3299 1253 3355 lage
1276 3300 1423 3358 Moysi,
1452 3307 1488 3344 et
1516 3301 1742 3360 Prophetis,
1771 3306 1807 3345 et
1835 3298 2008 3345 Psalmis
2029 3298 2075 3345 de
2097 3315 2188 3346 me:

218 3370 416 3425 quoniam
442 3369 498 3412 sic
523 3370 723 3427 scriptam
751 3374 816 3419 est,
849 3372 885 3411 et
909 3366 965 3410 sic
992 3368 1204 3424 oportebat
1234 3367 1442 3410 Clu-istum
1465 3369 1572 3426 pati,
1602 3374 1638 3411 et
1659 3381 1868 3425 resurgere
1890 3381 1916 3412 a
1938 3369 2127 3412 mortuis.

253 3445 273 3465 ⁸
312 3436 386 3478 AD
407 3448 594 3479 PmMUM
615 3448 726 3493 orgo
751 3433 1008 3487 dicendum,
1028 3433 1147 3491 quod
1176 3433 1290 3476 ratio
1309 3432 1385 3476 illa
1403 3435 1609 3493 procedit
1626 3435 1680 3479 de
1699 3434 1966 3479 necessitate
1990 3434 2191 3480 coactio-

220 3501 289 3544 nis
317 3517 371 3544 ex
426 3512 519 3545 artc
547 3501 647 3545 Dei.

309 3569 383 3612 AD
394 3517 672 3613 pssscuNDtJM
692 3568 949 3622 dicendum,
968 3566 1089 3627 quod
1116 3565 1232 3611 ratio
1250 3565 1328 3610 illa
1345 3567 1551 3626 procedit
1568 3568 1622 3612 de
1640 3568 1911 3613 necessitate
1934 3562 2188 3648 coactionis

221 3650 275 3679 ex
302 3646 426 3694 parte
453 3636 657 3680 hominis
685 3635 869 3680 Christi.
