2352 3926
576 231 854 278 QUAESTIO
897 231 1124 271 xxxvm.
1165 232 1473 272 ARTICULUS
1513 231 1586 271 IV.
1957 231 2060 285 325

197 333 273 378 An
299 346 560 379 SECUNDUM
585 332 845 387 dicendum,
862 334 983 393 quod
1003 333 1091 389 alii,
1115 334 1192 394 qui
1210 334 1263 378 ad
1282 333 1558 393 baptismum
1569 329 1757 392 Joannis
1777 331 1914 376 acced
1944 331 2067 384 bant,

106 413 203 446 non
218 410 429 460 poterant
450 401 633 460 quidem
649 401 876 460 baptismo
895 401 1060 460 aliquid
1075 401 1295 455 conferre,
1312 416 1398 446 nec
1415 412 1569 445 tamen
1587 415 1611 445 a
1628 401 1854 461 baptismo
1873 414 1944 458 gr*
1955 400 2066 443 tiam

107 468 404 526 accipiebant,
429 468 507 512 sed
534 466 685 512 solum
710 468 1015 526 poenitentiae
1042 469 1237 526 signum.

196 535 271 578 AD
289 547 503 580 TERTIUM
521 534 779 588 dicendum,
807 535 929 593 quod
951 534 1056 592 quia
1082 534 1159 578 ille
1186 535 1436 593 baptismus
1470 544 1564 578 erat
1596 533 1916 594 poenitentiae,
1950 546 2065 592 quae

106 601 258 660 pueris
283 616 377 645 non
410 602 638 655 convenit,
669 602 773 645 ideo
805 601 1032 660 baptismo
1065 600 1145 644 illo
1181 602 1307 659 pueri
1338 615 1432 644 non
1465 602 1828 659 baptizabantur:
1862 598 2067 644 conferre

107 676 259 711 autem
287 667 494 726 gentibus
519 668 642 711 viam
668 667 824 711 salutis
850 667 937 711 soli
965 667 1151 711 Christo
1180 667 1503 720 reservabatur,
1531 668 1606 725 qui
1633 678 1700 711 est
1730 668 1951 726 expectatio
1975 681 2069 724 gen·

106 734 228 787 tium,
257 743 306 777 ut
331 734 492 778 dicitur
519 734 635 779 Gen.
662 733 853 792 penult.:
882 734 960 778 sed
988 744 1032 777 et
1057 733 1152 791 ipse
1177 733 1387 777 Christus
1420 733 1654 792 Apostolis
1688 733 1882 777 inhibuit
1914 733 2070 777 Genti-

104 798 222 844 libus
248 799 548 859 Evangelium
574 801 834 859 praedicare
859 810 961 844 ante
988 801 1264 858 passionem,
1292 810 1336 844 et
1362 801 1760 844 resurrectionem:
1781 800 1899 843 unde
1922 798 2068 844 multo

106 866 257 912 minus
284 867 585 911 conveniebat
610 881 688 926 per
707 866 933 924 Joannem
961 866 1168 911 Gentiles
1196 867 1251 911 ad
1272 867 1550 925 baptismum
1578 867 1768 911 admitti.

816 1014 1250 1072 ARTICULUS
1292 1015 1361 1069 V.
1979 1042 2064 1073 212

105 1134 299 1174 UTRUM
323 1134 622 1173 BAPTISMUS
638 1134 868 1189 JOANNIS
898 1136 1171 1173 DEBUERIT
1196 1135 1446 1185 CESSARE,
1473 1134 1711 1172 CHRISTO
1735 1134 2062 1172 BAPTIZATO.

429 1230 494 1288 (4.
516 1231 628 1275 Dist.
651 1245 691 1276 2.
718 1245 756 1289 q.
779 1245 818 1276 2.
845 1237 925 1276 art.
959 1247 996 1277 1.
1019 1242 1058 1289 q.
1076 1245 1112 1290 3.
1140 1230 1193 1274 ad
1214 1246 1249 1275 1.
1272 1237 1310 1274 et
1335 1245 1372 1289 q.
1396 1244 1438 1286 4.
1455 1237 1533 1288 per
1558 1230 1722 1286 totum).

194 1333 271 1379 An
297 1347 532 1386 QUINTUM‘
551 1336 614 1379 sic
641 1334 914 1394 proceditur.
941 1335 1147 1389 Videtur,
1181 1334 1303 1394 quod
1329 1334 1580 1393 baptismus
1592 1332 1780 1391 Joannis
1801 1345 1978 1376 cessare
1997 1332 2070 1377 de-

101 1400 262 1455 buerit,
287 1410 531 1461 postquam
559 1401 768 1446 Christus
793 1401 878 1446 fuit
903 1402 1175 1461 baptizatus:
1203 1401 1367 1445 dicitur
1393 1401 1514 1445 enim
1536 1400 1666 1457 Joan.
1711 1413 1766 1444 1.:
1811 1400 1864 1444 Ut
1894 1400 2070 1456 manife-

102 1473 231 1512 stetur
255 1469 300 1511 in
326 1467 467 1521 Israel,
494 1474 716 1528 propterea
741 1471 839 1513 veni
860 1471 904 1513 in
931 1482 1042 1527 aqua
1070 1470 1308 1528 baptizans:
1337 1468 1415 1512 sed
1437 1468 1484 1511 in
1512 1467 1699 1512 Christo
1725 1467 1954 1526 baptizato
1981 1467 2070 1511 suf-

102 1532 307 1578 ficienter
326 1532 409 1578 fuit
434 1534 760 1588 manifestatus,
787 1545 884 1578 tum
912 1549 991 1594 per
1015 1535 1331 1579 testimonium
1350 1534 1554 1593 Joannis‚
1576 1544 1674 1578 tum
1697 1548 1775 1593 per
1792 1534 2066 1578 descensum

102 1599 360 1654 columbae,
385 1610 485 1645 tum
508 1602 646 1645 etiam
671 1602 937 1646 testimonio
965 1612 1178 1661 paternae
1204 1602 1361 1657 vocis;
1390 1614 1499 1660 ergo
1526 1601 1719 1655 videtur,
1737 1601 1858 1660 quod
1877 1615 1972 1644 non
1990 1602 2066 1645 de-

102 1666 250 1711 buerit
273 1678 431 1725 postea
457 1667 706 1727 baptismus
727 1666 916 1725 Joannis
942 1669 1118 1713 durare.

192 1746 231 1778 2.
259 1732 555 1779 PRAETEREA.
579 1735 770 1793 August.
795 1735 904 1779 dicit
934 1750 1030 1794 sup.
1053 1735 1183 1793 Joan.
1223 1738 1365 1792 (1ract.
1391 1749 1433 1792 4.
1451 1737 1558 1779 inter
1582 1734 1686 1779 med.
1709 1741 1748 1779 et
1762 1733 1894 1793 fin.).·
1922 1734 2066 1794 Bapti-

102 1805 221 1858 zatus
241 1806 297 1844 est
320 1799 526 1855 Christus,
553 1807 592 1846 et
612 1803 784 1846 cessavit
797 1802 975 1858 joannis
993 1803 1219 1861 baptismus
1229 1817 1244 1854 ;
1265 1816 1375 1860 ergo
1394 1802 1585 1855 videtur,
1603 1801 1724 1860 quod
1742 1801 1941 1859 Joannes
1958 1811 2066 1860 post

103 1864 338 1911 Christum
363 1866 640 1926 baptizatum
667 1882 761 1912 non
789 1868 991 1913 debuerit
1017 1869 1255 1927 baptizare.

194 1945 231 1992 3.
257 1931 554 1978 PRAETEREA.
579 1933 837 1992 Baptismus
858 1935 1046 1992 Joannis
1074 1945 1170 1979 erat
1187 1935 1548 1992 praeparatorius
1569 1935 1623 1978 ad
1642 1935 1920 1993 baptismum
1936 1934 2067 1978 Chri-

101 1999 178 2044 stix
203 1999 281 2043 sed
305 1998 556 2059 baptismus
584 1998 755 2045 Christi
781 2002 948 2059 incepit
974 2002 1126 2045 statim
1147 2001 1331 2046 Christo
1359 2002 1611 2060 baptizato:
1641 2002 1745 2060 quia
1775 2017 1798 2041 «
1815 2011 1938 2044 tactu
1956 2015 2064 2044 suae

101 2065 427 2111 mundissimae
455 2067 601 2111 carnis
619 2067 711 2111 vim
732 2069 1093 2126 regenerativam
1113 2068 1305 2112 contulit
1323 2071 1450 2126 aquis
1468 2085 1509 2121 »‚
1528 2078 1577 2112 ut
1594 2068 1717 2112 Beda
1735 2067 1844 2111 dicit
1868 2074 1977 2127 (cap.
1998 2083 2063 2113 ιο.

99 2132 147 2178 in
170 2132 272 2178 Luc.
301 2142 391 2193 sup.
417 2133 522 2178 illud
547 2134 648 2179 Luc.
671 2146 741 2193 3..·
776 2136 953 2179 Factum
980 2141 1036 2179 est
1066 2136 1250 2193 autem);
1288 2149 1397 2193 ergo
1434 2134 1625 2189 videtur,
1663 2135 1785 2194 quod
1810 2134 2062 2194 baptismus

93 2196 282 2258 Joannis
304 2201 559 2255 cessaverit,
593 2201 778 2246 Christo
805 2201 1045 2260 baptizato.

189 2265 283 2311 SED
310 2280 505 2312 CONTRA
524 2277 604 2322 est,
623 2268 745 2326 quod
772 2267 936 2312 dicitur
954 2267 1084 2326 Joan.
1110 2282 1190 2327 13„
1209 2268 1331 2327 quod
1352 2270 1466 2312 venit
1476 2269 1622 2325 Jesus'
1607 2284 1651 2311 m
1663 2267 1868 2324 Judaeum
1886 2274 2061 2322 terram,

99 2337 138 2378 at
161 2332 424 2393 baptizabat:
451 2340 540 2378 erat
564 2340 700 2378 autem
726 2341 764 2379 et
779 2335 959 2391 Joannes
985 2337 1232 2395 baptizans:
1257 2336 1335 2379 sed
1364 2334 1574 2379 Christus
1597 2349 1690 2378 non
1707 2334 2062 2394 baptizavit,nisi

98 2411 342 2459 postquam
377 2400 460 2444 fuit
493 2400 766 2459 baptizatus3
804 2415 913 2460 ergo
940 2401 1130 2456 videtur,
1158 2401 1279 2460 quod
1305 2412 1548 2460 postquam
1576 2401 1784 2447 Christus
1811 2399 1895 2444 fuit
1924 2401 2066 2460 bapti-

99 2473 240 2522 zatus,
267 2467 414 2512 adhuc
435 2467 634 2526 Joannes
658 2468 926 2527 baptizabat.

187 2531 476 2579 RESPONDEO
489 2534 747 2589 dicendum,
766 2535 888 2611 quod
905 2535 1155 2594 baptismus
1172 2535 1360 2593 Joannis
1380 2549 1556 2579 cessare
1573 2549 1667 2578 non
1686 2534 1852 2589 debuit,
1873 2534 2063 2579 Christo

101 2598 350 2680 baptizato:
368 2603 513 2660 primo
540 2601 739 2660 quidem,
766 2602 885 2660 quia,
912 2612 960 2645 ut
987 2602 1226 2678 Chrysost.
1255 2602 1363 2646 dicit
1389 2602 1520 2660 (hom.
1553 2603 1621 2646 28.
1650 2603 1694 2645 in
1710 2602 1837 2678 Joan.
1855 2610 2012 2661 patum
2035 2615 2061 2645 a

101 2733 223 2792 quod
247 2732 363 2787 zelo,
398 2734 473 2778 vel
507 2735 573 2778 ira
609 2735 699 2778 hoc
732 2734 971 2790 faceret2>3
1009 2736 1199 2790 secundo,
1237 2736 1342 2794 quia
1380 2735 1417 2779 si
1454 2745 1675 2779 cessasset
1712 2749 1736 2778 a
1774 2734 2062 2810 baptizando,

16 2748 30 2850 i,
103 2796 287 2844 Christo
312 2800 581 2878 baptizante,
608 2802 852 2860 discipulos
879 2816 986 2846 suos
1012 2803 1058 2845 in
1078 2803 1301 2860 majorem
1319 2802 1469 2846 zelum
1488 2801 1773 2856 immisisset;
1801 2803 1938 2855 tertio,
1954 2801 2059 2859 quia

102 2865 340 2925 persistens
365 2868 410 2911 in
437 2867 721 2927 baptizando,
748 2882 854 2912 suos
883 2869 1110 2913 auditores
1143 2869 1349 2912 mittebat
1376 2869 1430 2911 ad
1459 2867 1718 2912 Christum:
1747 2875 1913 2926 quarto,
1942 2867 2062 2925 quia,

102 2940 153 2977 ut
174 2931 298 2978 Beda
323 2933 432 2978 dicit
456 2934 572 2991 (hab.
596 2937 639 2978 in
662 2935 758 2994 glos.
788 2935 875 2979 ord.
901 2944 988 2995 sup,
1009 2935 1112 2979 illud
1123 2936 1246 2992 Joan.
1261 2950 1296 2994 3.
1314 2952 1326 2979 .·
1346 2935 1455 2979 Erat
1471 2941 1607 2979 autem
1624 2936 1839 2991 Ioannes),
1867 2951 1889 2975 «
1910 2933 2059 2977 adhuc

11 2992 37 3065 3·
101 2999 394 3058 permanebat
419 3001 577 3045 umbra
604 3002 768 3046 veteris
794 3001 932 3059 legis;
955 3016 1039 3046 nec
1059 3002 1211 3046 debuit
1227 3015 1496 3061 praecursor
1514 3015 1707 3055 cessare,
1726 3002 1871 3044 donec
1895 3000 2063 3044 veritas

103 3064 466 3110 manifestaretur
482 3084 524 3110 n.

190 3131 266 3176 AD
291 3145 478 3177 PRIMUM
512 3148 621 3192 ergo
658 3134 915 3188 dicendum,
950 3136 1070 3194 quod
1102 3135 1307 3179 nondum
1341 3134 1551 3179 Christus
1585 3144 1679 3177 erat
1711 3133 1844 3192 plene
1877 3132 2064 3175 manife-

0 3196 30 3258 ζ
103 3206 244 3243 status
269 3212 325 3243 eo
352 3199 593 3259 baptizato,
614 3211 657 3245 et
683 3202 785 3245 ideo
804 3202 950 3245 adhuc
968 3203 1276 3246 necessarium
1297 3212 1405 3255 erat,
1424 3203 1543 3261 quod
1556 3201 1755 3258 Joannes
1774 3200 2030 3258 baptizaret.

190 3264 267 3310 AD
285 3277 545 3311 SECUNDUM
562 3267 820 3320 dicendum,
839 3269 976 3327 quod,
993 3269 1218 3328 baptizato
1239 3269 1440 3321 Christo,
1460 3268 1652 3311 cessavit
1668 3267 1917 3325 baptismus
1929 3265 2064 3324 Joan-

101 3329 194 3385 nis;
219 3343 312 3375 non
337 3343 491 3376 tamen
517 3333 683 3388 statim,
710 3334 787 3378 sed
816 3348 872 3379 eo
899 3335 1205 3380 incarcerato:
1234 3335 1353 3378 unde
1382 3334 1619 3392 Chrysost.
1648 3333 1755 3376 dicit
1785 3347 1917 3391 super
1929 3331 2064 3389 Joan-

102 3408 211 3442 nem
242 3397 372 3456 (hom.
411 3399 479 3444 28.
512 3407 667 3458 parum
699 3414 725 3444 a
765 3401 958 3459 princ.).·
1004 3418 1027 3443 «
1053 3402 1278 3455 Aestimo‚
1316 3411 1498 3459 propter
1530 3400 1618 3443 hoc
1657 3398 1924 3456 permissam
1962 3412 2060 3443 esse

44 3500 54 3517 ,
103 3472 300 3507 mortem
320 3463 522 3523 Joannis,
555 3475 600 3510 et
622 3479 677 3510 eo
704 3466 883 3511 sublato
910 3468 965 3511 de
993 3468 1161 3522 medio,
1190 3468 1426 3512 Christum
1454 3466 1651 3509 maxime
1676 3465 1937 3523 praedicare
1962 3478 2064 3509 coe-

6 3531 55 3589 ³³2]
104 3529 236 3586 pisse,
261 3539 311 3574 ut
341 3531 489 3576 omnis
517 3530 816 3576 multitudinis
845 3531 1026 3578 affectio
1055 3534 1110 3578 ad
1138 3534 1374 3578 Christum
1400 3532 1623 3586 transiret,
1651 3541 1695 3576 et
1718 3546 1812 3576 uon
1836 3531 1951 3576 ultra
1973 3532 2059 3586 his,

105 3607 221 3652 quae
242 3595 298 3640 de
323 3606 515 3655 utroque
541 3608 681 3651 erant,
705 3599 935 3643 sententiis
960 3600 1240 3644 scinderetur
1256 3618 1297 3643 n.
