2352 3926
670 226 949 274 QUAESTIO
988 226 1139 268 Lxm.
1179 226 1488 267 ARTICULUS
1527 226 1586 269 11.
1993 227 2096 282 525

227 341 270 387 4.
312 330 610 376 PRAETEREA.
650 329 860 376 Potestas
895 330 1033 375 habet
1072 330 1298 375 rationem
1339 343 1518 384 causae,
1553 339 1597 374 et
1627 327 1851 388 principii,
1890 338 1941 373 ut
1978 338 2102 388 patet

140 410 180 454 5.
212 397 415 456 Metaph.
451 397 551 453 (tex.
584 396 688 456 17.).·
722 397 802 442 sed
832 397 1030 455 signum,
1063 397 1185 457 quod
1219 397 1402 456 ponitur
1432 397 1478 440 in
1511 395 1773 441 definitione
1807 395 2099 448 characteris,

136 464 285 524 tnagis
301 464 495 524 pertinet
511 464 567 508 ad
585 465 810 508 rationem
828 463 1036 519 effectus;
1054 465 1289 508 character
1307 478 1417 523 ergo
1435 477 1528 507 non
1543 474 1609 507 est
1622 462 1866 523 spiritualis
1883 473 2098 522 potestas.

226 531 320 577 SED
348 544 544 578 CONTRA
571 541 651 585 est,
677 531 798 590 quod
825 530 998 575 Philos.
1026 531 1135 575 dicit
1160 531 1206 574 in
1234 544 1274 574 2.
1301 531 1448 575 Ethic.
1473 531 1588 590 (cap.
1610 545 1648 590 5.
1670 532 1715 575 in
1729 530 1924 591 princ.).·
1947 545 1970 571 «
1989 528 2100 573 Tria

135 607 241 645 sunt
264 598 311 643 in
338 598 505 652 anima,
532 598 750 657 potentia,
776 598 970 651 habitus,
998 608 1042 642 et
1067 598 1218 656 passio
1240 613 1291 643 »t
1325 598 1403 642 sed
1432 598 1670 642 character
1699 611 1794 642 non
1827 606 1896 642 est
1927 597 2095 656 passio,

135 664 241 726 quia
266 666 415 726 passio
434 665 524 710 cito
542 667 726 718 transit3
754 665 990 708 character
1006 674 1159 708 autem
1175 663 1428 709 indelebilis
1447 674 1528 718 est,
1547 674 1595 708 ut
1611 663 1726 708 infra
1742 664 1916 708 dicetur
1936 663 2040 720 (art.
2064 677 2097 721 5.

134 733 221 791 huj.
248 747 285 791 q.
285 732 328 790 ):
355 731 565 777 similiter
591 731 729 776 etiam
753 745 848 775 non
871 741 939 775 est
959 731 1158 784 habitus;
1188 731 1293 789 quia
1314 731 1465 775 nullus
1486 731 1666 775 habitus
1687 741 1769 786 est,
1787 732 1864 790 qui
1885 745 1932 776 se
1954 730 2100 790 possit

135 799 192 844 ad
217 799 347 854 bene,
372 809 419 844 et
444 798 565 844 male
596 798 794 843 habere:
829 797 1064 842 character
1095 808 1248 842 autem
1282 797 1337 841 ad
1371 807 1613 858 utrumque
1639 813 1688 843 se
1713 799 1877 843 habet:
1912 807 2099 842 utuntur

134 866 259 911 enim
284 880 342 911 eo
367 866 554 925 quidam
580 865 710 919 bene,
738 863 815 909 alii
838 879 949 909 vero
973 864 1118 919 male3
1146 864 1268 923 quod
1289 865 1334 908 in
1358 865 1584 909 habitibus
1601 879 1695 910 non
1718 866 1962 924 contingit:
1987 879 2098 910 nam

133 932 289 977 habitu
314 933 489 978 virtutis
514 930 664 976 nullus
691 932 828 976 utitur
854 930 990 985 male,
1017 941 1062 976 et
1087 932 1243 976 habitu
1267 931 1469 976 malitiae
1491 931 1642 977 nullus
1664 933 1804 988 bene;
1831 946 1942 992 ergo
1964 931 2102 977 relin-

134 999 299 1060 quitur,
325 1000 448 1059 quod
475 999 711 1043 character
735 998 792 1043 sit
817 999 1033 1058 potentia.

222 1066 512 1112 Rnsronnno
549 1065 809 1119 dicendum,
843 1065 980 1124 quod,
1012 1065 1130 1110 sicut
1160 1065 1334 1109 dictum
1366 1074 1435 1110 est
1467 1065 1566 1123 (art.
1594 1067 1775 1125 praec),
1809 1075 2096 1111 sacramenta

131 1147 280 1180 novae
305 1133 420 1193 legis
447 1134 759 1178 characterem
785 1133 1066 1192 imprimunt,
1098 1132 1367 1192 inquantum
1394 1146 1474 1191 per
1500 1147 1554 1177 ea
1581 1134 1851 1192 deputantur
1875 1133 2090 1178 homines

132 1201 191 1247 ad
223 1200 396 1246 cultum
422 1201 524 1256 Dei,
549 1201 801 1244 secundum
832 1200 969 1244 ritum
1006 1199 1278 1244 christianae
1311 1199 1567 1258 religionis:
1606 1200 1727 1244 unde
1758 1200 2010 1259 Dionysius
2048 1200 2095 1244 in

136 1280 181 1314 2.
201 1282 300 1328 cap.
319 1267 492 1312 Eccles.
516 1267 753 1312 Hierarch.
770 1267 821 1326 (a
836 1266 964 1325 med.)
982 1281 1088 1312 cum
1105 1266 1302 1321 dixisset,
1321 1266 1443 1326 quod
1461 1265 1497 1309 ¹<‹
1513 1267 1641 1312 Deus
1668 1267 1716 1311 in
1743 1267 1945 1326 quodam
1962 1267 2095 1326 signo

134 1335 269 1381 tradit
293 1335 365 1381 sui
388 1335 782 1395 participationem
809 1334 1043 1379 accedenti
1069 1334 1125 1378 ad
1149 1334 1427 1394 baptismum
1450 1351 1493 1389 >›,
1520 1335 1774 1394 subjungit:
1805 1351 1828 1376 ‹<
1850 1334 2097 1379 Perficiens

140 1414 247 1449 eum
272 1403 492 1456 divinum,
518 1411 563 1446 et
587 1403 1032 1446 communicatorem
1059 1402 1319 1446 divinorum
1340 1418 1382 1456 »‚
1425 1402 1603 1447 divinus
1636 1413 1791 1447 autem
1817 1401 1964 1446 cultus
1991 1415 2099 1446 con-

132 1470 251 1516 sistit
267 1468 343 1515 vel
366 1469 414 1514 in
439 1469 700 1528 recipiendo
719 1468 869 1528 aliqua
887 1469 1051 1523 divina,
1067 1468 1142 1513 vel
1157 1469 1204 1513 in
1221 1469 1442 1514 tradendo
1462 1468 1580 1514 aliis:
1609 1470 1665 1514 ad
1682 1479 1924 1529 utrumque
1943 1478 2097 1513 autem

132 1537 302 1582 horum
327 1536 566 1596 requiritur
586 1537 811 1595 quaedam
833 1535 1050 1596 potentia3
1067 1550 1176 1580 nam
1194 1536 1249 1580 ad
1266 1537 1537 1580 tradendum
1555 1535 1724 1595 aliquid
1743 1535 1842 1581 aliis
1859 1536 2098 1595 requiritur

134 1605 359 1665 quaedam
386 1605 588 1664 potentia
615 1604 786 1659 activa;
814 1605 868 1648 ad
896 1604 1213 1663 accipiendum
1236 1614 1389 1649 autem
1412 1605 1652 1663 requiritur
1667 1604 1871 1663 potentia
1887 1604 2092 1663 passiva:

133 1682 179 1716 et
201 1672 306 1716 ideo
333 1672 567 1716 character
591 1672 809 1730 importat
833 1672 1062 1730 quandam
1088 1674 1342 1730 potentiam
1367 1670 1648 1730 spiritualem
1667 1672 1925 1716 ordinatam
1947 1670 2004 1715 ad
2025 1685 2094 1725 ea,

134 1754 251 1799 quae
276 1749 381 1784 sunt
406 1739 546 1784 divini
577 1739 736 1783 cultus.
765 1739 1014 1783 Sciendum
1040 1748 1209 1790 tamen,
1236 1738 1358 1797 quod
1385 1739 1500 1782 haec
1527 1738 1771 1796 spiritualis
1796 1737 2000 1797 potentia
2027 1747 2096 1782 est

131 1806 502 1860 instrumentalis,
539 1807 655 1851 sicut
671 1806 809 1851 etiam
827 1821 961 1865 supra
978 1806 1149 1850 dictum
1168 1816 1235 1850 est
1253 1806 1307 1849 de
1325 1805 1502 1859 virtute,
1520 1819 1635 1863 quae
1653 1815 1719 1850 est
1736 1807 1780 1849 in
1799 1805 2094 1849 sacramentis

130 1874 190 1933 (q.
221 1882 362 1934 praec.
395 1879 475 1918 art.
508 1875 591 1932 4.):
623 1874 791 1917 habere
824 1873 946 1917 enim
979 1873 1252 1917 sacramenti
1279 1873 1591 1917 characterem
1624 1873 1844 1931 competit
1876 1872 2092 1917 ministris

127 1941 245 1986 Dei:
280 1941 484 1986 minister
517 1950 670 1985 autem
701 1941 838 1985 habet
869 1955 918 1985 se
950 1955 1029 1999 per
1060 1940 1252 1984 modum
1285 1940 1586 1994 instrumenti,
1620 1950 1670 1984 ut
1700 1939 1872 1984 Philos.
1906 1939 2016 1983 dicit
2045 1939 2093 1982 in

131 2022 171 2057 1.
196 2007 376 2055 Politic.
403 2008 515 2068 (cap.
537 2024 574 2067 3.
601 2022 628 2052 a
647 2008 810 2067 princ.)
817 2023 835 2060 ,·
864 2018 908 2052 et
928 2007 1033 2052 ideo
1060 2007 1176 2052 sicut
1196 2007 1351 2062 virtus,
1370 2021 1485 2066 quae
1509 2017 1576 2051 est
1600 2007 1647 2050 in
1670 2007 1982 2060 sacramentis,
1998 2020 2092 2049 non

128 2083 200 2122 est.
218 2074 267 2120 in
294 2088 460 2134 genere
485 2088 564 2133 per
590 2089 653 2129 se,
679 2074 758 2120 sed
784 2089 864 2133 per
889 2074 1228 2128 reductionem3
1262 2088 1317 2118 eo
1351 2074 1474 2133 quod
1508 2082 1575 2118 est
1606 2073 1823 2132 quiddam
1854 2073 2013 2127 fluens,
2048 2082 2094 2118 et

126 2141 479 2201 incompletum:
505 2142 568 2187 ita
594 2142 732 2187 etiam
759 2142 995 2187 character
1019 2154 1113 2186 non
1139 2141 1321 2201 proprie
1348 2151 1414 2186 est
1439 2141 1486 2184 in
1513 2154 1694 2199 genere,
1711 2140 1786 2185 vel
1807 2141 1959 2199 specie
1979 2156 1990 2195 ;
2012 2139 2092 2184 sed

123 2207 353 2254 reducitur
378 2209 435 2253 ad
461 2209 712 2254 secundam
738 2209 939 2268 speciem
966 2208 1208 2268 qualitatis.

213 2274 290 2320 AD
322 2288 510 2321 PRIMUM
552 2290 663 2335 ergo
696 2276 955 2330 dicendum,
987 2275 1110 2335 quod
1137 2275 1283 2335 figura
1311 2285 1380 2320 est
1412 2275 1639 2335 quaedam
1665 2275 1927 2320 terminatio
1955 2287 2094 2335 quan-

122 2341 277 2397 titatis,
298 2342 432 2396 unde,
458 2343 639 2402 proprie
664 2341 913 2402 loquendo,
939 2357 1041 2392 non,
1068 2353 1136 2387 est
1166 2343 1255 2387 nisi
1285 2343 1332 2386 in
1364 2343 1498 2387 rebus
1533 2343 1790 2401 corporeis;
1815 2343 1863 2387 in
1889 2343 2094 2401 spiritua-

122 2408 239 2454 libus
265 2419 417 2454 autem
442 2409 606 2454 dicitur
630 2410 968 2470 metaphorice:
1001 2424 1096 2454 non
1130 2420 1283 2454 autem
1314 2410 1498 2468 ponitur
1531 2409 1701 2468 aliquid
1727 2410 1772 2454 in
1805 2423 1986 2468 genere,
2017 2407 2092 2453 vel

124 2475 294 2536 specie,
320 2476 409 2521 nisi
439 2490 519 2537 per
549 2476 596 2521 id
627 2477 750 2537 quod
783 2477 840 2522 de
871 2491 927 2522 eo
960 2477 1140 2536 proprie
1172 2477 1488 2535 praedicatur;
1522 2486 1566 2522 et
1597 2477 1702 2521 ideo
1737 2477 1972 2522 character
1995 2492 2090 2522 non

124 2551 274 2602 potest
297 2556 396 2591 esse
421 2543 469 2588 in
494 2553 653 2603 quarta
678 2544 830 2603 specie
855 2543 1099 2604 qualitatis,
1125 2544 1234 2589 licet
1260 2545 1351 2589 hoc
1379 2543 1566 2603 quidam
1592 2544 1840 2603 posuerint.

212 2609 291 2656 AD
319 2622 583 2657 ,SECUNDUM
614 2611 874 2666 dicendum,
906 2611 1029 2671 quod
1059 2611 1107 2655 in
1138 2611 1270 2656 tertia
1302 2611 1453 2670 specie
1486 2610 1714 2670 qualitatis
1745 2625 1841 2655 non
1871 2621 1979 2656 sunt
2002 2611 2090 2657 nisi

125 2675 360 2723 sensibiles
379 2678 628 2736 passiones,
648 2677 723 2723 vel
749 2678 984 2723 sensibiles
1005 2678 1244 2738 qualitates
1264 2695 1274 2724 t
1303 2679 1540 2723 character
1562 2688 1714 2722 autem
1731 2692 1826 2723 non
1843 2688 1911 2723 est
1930 2678 2087 2723 lumen

125 2741 364 2788 sensibile:
391 2753 436 2790 et
459 2744 564 2789 ideo
589 2759 683 2791 non
710 2751 781 2790 est
802 2746 850 2789 in
874 2746 1004 2790 tertia
1030 2746 1182 2805 specie
1209 2745 1453 2805 qualitatis,
1480 2755 1529 2790 ut
1555 2745 1739 2804 quidam
1768 2744 1988 2790 dixerunt.

214 2809 291 2853 AD
319 2821 533 2857 TERTIUM
559 2811 818 2866 dicendum,
851 2813 972 2871 quod
1005 2813 1180 2870 relatio,
1209 2827 1324 2871 quae
1351 2813 1625 2871 importatur
1657 2813 1702 2855 in
1734 2813 1922 2856 nomine
1956 2812 2088 2871 signi,

126 2885 306 2936 oportet
332 2876 453 2935 quod
478 2890 612 2936 supra
637 2879 807 2938 aliquid
830 2878 1068 2924 fundetur:
1096 2879 1256 2924 relatio
1281 2890 1434 2924 autem
1452 2880 1586 2938 hujus
1605 2879 1736 2937 signi,
1761 2879 1882 2937 quod
1902 2890 1966 2924 est
1986 2879 2089 2923 cha-

126 2953 286 2997 racter,
311 2956 406 2988 non
430 2953 579 3002 potest
603 2943 780 2989 fundari
804 2946 1068 2991 immediate
1095 2961 1229 3006 super
1256 2948 1501 2991 essentiam
1525 2947 1706 2991 animae
1727 2963 1738 3001 ;
1766 2947 1870 3007 quia
1897 2946 1960 2989 sic
1985 2959 2090 2990 con-

124 3010 298 3056 veniret
324 3009 453 3054 omni
474 3010 652 3056 animae
674 3012 937 3057 naturaliter
955 3029 966 3067 ;
994 3023 1040 3058 et
1062 3014 1167 3058 ideo
1191 3024 1371 3072 oportet
1394 3014 1562 3072 aliquid
1581 3014 1689 3073 poni
1708 3014 1753 3056 in
1772 3013 1938 3065 anima,
1956 3026 2089 3071 super

124 3078 246 3137 quod
273 3075 484 3121 fundetur
507 3076 610 3122 talis
632 3076 815 3124 relatio:
843 3089 888 3124 et
911 3080 1002 3124 hoc
1030 3090 1098 3125 est
1124 3081 1318 3125 essentia
1351 3081 1624 3125 characteris
1648 3097 1657 3125 :
1692 3081 1810 3124 unde
1836 3093 1929 3123 non
1957 3093 2090 3138 opor-

122 3144 234 3189 tebit
258 3143 379 3202 quod
406 3143 464 3187 sit
486 3142 534 3186 in
560 3157 726 3202 genere
749 3145 997 3200 relationis,
1024 3147 1140 3192 sicut
1165 3148 1352 3206 quidam
1379 3157 1643 3205 posuerunt.

213 3211 290 3255 An
323 3222 560 3259 QUARTUM
585 3209 844 3266 dicendum,
870 3213 993 3271 quod
1020 3213 1257 3258 character
1288 3215 1426 3259 habet
1456 3217 1680 3260 rationem
1715 3213 1832 3272 signi
1859 3227 1938 3271 per
1966 3227 2089 3258 com·

122 3280 407 3339 parationem
434 3278 489 3322 ad
515 3288 851 3324 sacramentum
877 3280 1087 3326 sensibile
1120 3296 1145 3326 a
1177 3297 1268 3341 quo
1302 3283 1605 3341 imprimitur:
1639 3282 1718 3326 sed
1751 3281 2003 3325 secundum
2036 3295 2083 3326 se

125 3346 436 3391 consideratus
458 3344 595 3389 habet
619 3344 845 3391 rationem
869 3346 1077 3407 principii
1101 3363 1181 3408 per
1206 3349 1395 3393 modum
1422 3349 1514 3407 jam
1541 3348 1716 3392 dictum
1742 3348 1810 3406 (in
1832 3354 1941 3407 corp.
1963 3348 2081 3406 art).
