2352 3926
272 229 342 284 30
842 224 1120 271 QUAESTIO
1160 224 1196 262 1.
1236 221 1544 263 ARTICULUS
1583 221 1658 260 vl.

269 339 374 374 sunt
399 328 572 374 Christi
597 327 838 372 adventus:
865 326 1037 385 primus
1062 325 1262 385 quidem,
1287 333 1336 369 ut
1360 324 1562 368 remittat
1584 331 1794 382 peccata:
1821 323 2224 385 secundugut‘jw

269 396 389 440 dicet
414 395 661 439 mundum:
686 394 723 438 si
750 393 873 437 enim
898 393 988 436 hoc
1014 406 1108 436 non
1133 391 1328 445 fecisset,
1355 390 1554 434 universi
1578 388 1716 434 simul
1730 389 1895 448 perditi
1914 401 2066 437 essent
2082 403 2226 437 m

268 465 378 508 enim
397 471 555 523 peccav
546 467 697 514 erunt,
711 466 747 504 et
771 465 884 518 egent
906 459 1044 517 gloria
1068 460 1155 504 Dei
1176 459 1319 516 (Rom.
1341 473 1363 517 3
1367 459 1397 516 )
1418 473 1470 511 »3
1496 455 1616 500 unde
1642 465 1779 515 patet,
1805 456 1928 516 quod
1952 469 2049 503 non
2068 456 2224 504 debuit

270 530 512 574 adventum
539 527 875 572 misericordiae
902 525 1080 601 differre
1105 539 1247 584 usque
1272 525 1319 568 in
1345 524 1484 568 finem
1510 523 1682 567 mundi.
2114 535 2192 563 *a*

1116 711 1360 719 -——.———-

989 903 1434 983 QUAESTIO
1490 903 1561 965 Π.

630 1061 711 1102 DE
751 1060 927 1101 MODO
973 1060 1222 1101 UNIONIS
1269 1060 1448 1100 VERBI
1502 1058 1855 1111 INCARNA'H,

733 1148 799 1189 IN
828 1148 1146 1191 DUODECIM
1178 1146 1507 1191 ARTICULOS
1539 1148 1760 1190 DIVISA.

356 1326 532 1371 Deinde
559 1326 940 1371 considerandum
971 1337 1040 1372 est
1074 1326 1131 1372 de
1167 1326 1309 1371 modo
1344 1326 1526 1372 unionis
1551 1325 1693 1371 Verbi
1717 1326 1966 1372 incarnati:
2004 1336 2051 1373 et
2080 1328 2222 1388 prim

267 1403 487 1452 quantum
512 1393 568 1438 ad
599 1394 747 1452 ipsam
786 1394 1025 1439 unionem:
1060 1393 1231 1439 secundo
1265 1403 1486 1453 quantum
1517 1393 1573 1438 ad
1604 1407 1852 1453 personam
1884 1403 2221 1441 assumentem-2

267 1461 382 1505 tertio
410 1470 630 1519 quantum
657 1460 712 1504 ad
737 1470 948 1505 naturam
975 1470 1270 1520 assumptam.
1668 1480 1672 1485 ·

803 1573 932 1619 Circa
950 1574 1140 1632 primum
1166 1578 1427 1631 quaeruntur
1458 1571 1685 1618 duodecim.
1747 1623 1750 1625 ,

355 1660 527 1706 Primo.
553 1661 719 1706 Utrum
745 1662 854 1706 unio
888 1661 1020 1706 Verbi
1045 1661 1267 1705 incarnati
1292 1661 1350 1706 sit
1372 1659 1494 1706 facta
1518 1661 1566 1706 in
1590 1669 1765 1706 natura.

358 1727 583 1773 Secundo.
614 1729 778 1773 Utrum
805 1729 862 1772 sit
884 1728 1041 1773 facta
1030 1743 1076 1773 in
1102 1743 1311 1806 persona.

360 1793 530 1840 Tertio.
558 1796 725 1840 Utrum
751 1796 807 1840 sit
832 1795 987 1840 facta
976 1810 1024 1839 m
1050 1796 1300 1856 supposito,
1325 1795 1402 1841 vel
1425 1795 1675 1855 hypostasi.

358 1861 551 1913 Quarto.
579 1863 744 1907 Utrum
777 1877 986 1922 persona,
1017 1862 1092 1907 vel
1120 1863 1379 1923 hypostasis
1415 1862 1588 1907 Christi
1626 1872 1732 1922 post
1765 1863 2135 1908 incarnationem
2165 1863 2225 1908 sit

268 1930 537 1987 composita.

359 1995 548 2048 Quinto.
576 1996 744 2041 Utrum
768 1996 827 2041 sit
850 1995 971 2040 facta
997 1996 1146 2056 aliqua
1172 1997 1281 2042 unio
1308 1997 1504 2051 animae,
1527 2006 1572 2041 et
1597 1997 1802 2056 corporis
1827 1996 1874 2041 in
1900 1996 2103 2043 Christo.

357 2063 510 2107 Sexto.
539 2063 704 2107 Utrum
729 2074 891 2108 natura
915 2064 1118 2108 humana
1142 2063 1277 2108 fuerit
1302 2064 1428 2107 unita
1452 2064 1593 2108 verbo
1620 2062 1976 2109 accidentaliter.

357 2129 577 2187 Septimo.
606 2130 771 2174 Utrum
797 2131 895 2188 ipsa
921 2130 1029 2174 unio
1056 2131 1115 2175 sit
1139 2130 1308 2189 aliquid
1341 2140 1559 2175 creatum.

358 2195 554 2241 Octavo.
583 2196 748 2240 Utrum
774 2197 831 2241 sit
854 2197 978 2241 idem
1005 2197 1127 2256 quod
1155 2197 1419 2256 assumptio.

354 2262 507 2308 Nono.
536 2263 700 2307 Utrum
733 2264 840 2309 unio
869 2264 1061 2308 duarum
1086 2274 1352 2308 naturarum
1374 2265 1431 2309 sit
1455 2265 1655 2309 maxima
1676 2266 1917 2311 unionum.

355 2329 567 2374 Decimo.
586 2330 752 2374 Utrum
769 2330 878 2375 unio
892 2331 1083 2375 duarum
1100 2332 1423 2389 naturarumin
1437 2331 1623 2377 Christo
1635 2332 1771 2378 fuerit
1785 2332 1906 2378 facta
1920 2345 2002 2393 per
2013 2333 2221 2393 gratiam.

356 2396 628 2441 Undecimo.
662 2397 828 2441 Utrum
855 2411 957 2441 eam
984 2397 1133 2457 aliqua
1160 2399 1321 2442 merita
1347 2400 1684 2458 praecesserint.

354 2463 659 2509 Duodecimn.
694 2464 860 2509 Utrum
893 2465 1038 2524 gratia
1061 2466 1243 2510 unionis
1264 2465 1399 2510 fuerit
1416 2466 1596 2510 homini
1622 2465 1808 2512 Christo
1833 2466 2064 2513 naturalis.

987 2640 1422 2699 ARTICULUS
1462 2643 1505 2698 1.
2193 2667 2221 2719 ⁷

441 2773 633 2813 UTRUM
673 2773 808 2814 UNIO
848 2774 1003 2814 VERBI
1044 2776 1342 2816 INCARNATI
1375 2778 1461 2816 SIT
1501 2777 1682 2817 FACTA
1721 2777 1777 2819 IN
1816 2753 2061 2820 NATURA.
2233 2758 2237 2763 ι

649 2885 780 2945 (Infr.
799 2892 877 2931 art.
906 2900 946 2932 2.
965 2893 1000 2932 et
1022 2887 1063 2932 6.
1087 2895 1201 2947 corp.
1225 2893 1261 2931 et
1281 2901 1344 2933 12
1362 2887 1471 2933 adr.
1494 2893 1587 2948 etq.
1605 2903 1672 2947 50.
1693 2894 1773 2933 art.
1800 2902 1840 2935 2.

267 2957 355 3011 etJ.
377 2952 532 2998 Dista.
544 2966 582 3012 q.
604 2966 644 2998 2.
663 2958 744 2998 art.
767 2967 802 2998 r.
826 2954 989 2999 etDist.
1002 2968 1039 3013 5.
1057 2969 1095 3014 q.
1112 2969 1147 2999 1.
1161 2961 1243 2999 art.
1266 2968 1304 2999 2.
1323 2960 1410 3015 εἰ3.
1429 2961 1467 2999 et
1482 2954 1552 3000 lzb
1574 2969 1616 3014 4.
1636 2954 1783 3000 Contr.
1797 2968 1836 3015 g.
1855 2964 1947 3027 cap.
1953 2967 2013 3019 35.
2025 2970 2090 3019 37.
2106 2962 2220 3018 6141.

558 3031 593 3070 ct
627 3025 734 3071 Veri.
767 3041 805 3085 q.
838 3041 907 3073 20.
940 3032 1019 3071 art.
1050 3042 1085 3072 1.
1119 3035 1232 3087 corp.
1262 3033 1299 3073 et
1329 3035 1462 3088 opusc.
1496 3042 1536 3074 2
1569 3036 1659 3087 cap.
1692 3043 1779 3075 211.
1810 3030 1938 3088 22)

356 3137 432 3182 AD
457 3150 645 3183 numm
671 3138 734 3182 sic
762 3138 1032 3195 proceditur.
1059 3137 1262 3192 Videtur,
1281 3139 1403 3199 quod
1429 3139 1539 3184 unio
1555 3139 1682 3184 verbi
1706 3140 1928 3187 incarnati
1949 3140 2008 3186 sit
2029 3139 2154 3188 factm
2173 3142 2221 3188 in

266 3213 448 3249 natura:
470 3204 577 3248 dicit
603 3204 725 3248 enim
752 3203 966 3263 Cyrillus,
994 3215 1038 3249 et
1068 3204 1293 3250 inducitur
1325 3207 1369 3250 in
1403 3207 1539 3265 gestis
1573 3206 1770 3252 Concilii
1798 3206 2222 3256 Chalcedonensis:

268 3271 418 3330 (gener.
451 3285 492 3328 4.
518 3277 632 3331 part.
666 3286 704 3316 2.
732 3277 810 3316 act.
834 3287 868 3316 ι.
894 3272 1096 3331 aliquant.
1117 3278 1209 3331 post
1233 3275 1344 3332 epist.
1376 3274 1558 3333 Cyril.).·
1579 3291 1603 3316 «
1620 3274 1726 3319 Non
1754 3285 1935 3334 oportet
1964 3276 2224 3338 intelligere

265 3338 376 3382 duas
392 3348 589 3392 naturas,
614 3338 692 3383 sed
719 3352 856 3382 unam
883 3349 1091 3383 naturam
1117 3340 1204 3383 Dei
1229 3340 1355 3384 verbi
1376 3340 1658 3385 incarnatam
1677 3356 1726 3385 »t
1755 3343 1880 3402 quod
1898 3344 2100 3403 quidem,
2121 3356 2218 3390 non

266 3414 397 3458 esset,
428 3405 515 3449 nisi
540 3405 648 3449 unio
675 3405 801 3449 fieret
817 3406 863 3449 in
880 3415 1064 3460 natura3
1089 3419 1198 3464 ergo
1216 3407 1323 3450 unio
1345 3408 1471 3452 verbi
1496 3408 1719 3453 incarnati
1744 3408 1863 3454 facta
1889 3417 1955 3456 est
1980 3410 2220 3457 mmmm.

356 3484 395 3515 2.
423 3472 718 3517 Priamum.
742 3473 1016 3517 Athanasius
1043 3472 1152 3518 dicit
1179 3473 1241 3530 (in
1268 3474 1406 3534 Symb.
1425 3475 1559 3533 Fid.):
1597 3475 1767 3521 «Sicut
1792 3477 1945 3522 anima
1970 3476 2235 3535 rffionali&

266 3548 311 3584 et
336 3552 443 3583 caro
475 3552 589 3584 unus
616 3550 683 3584 est
708 3539 880 3585 homo:
912 3540 973 3584 ita
998 3539 1139 3594 Deus,
1172 3550 1214 3585 et
1231 3541 1375 3586 homo
1401 3555 1516 3587 unus
1541 3552 1610 3587 est
1636 3543 1849 3590 Christus
1867 3559 1918 3589 n:
1952 3545 2045 3594 seii?
2065 3542 2220 3592 anima

266 3605 512 3662 rationalis,
547 3615 594 3652 et
625 3620 732 3652 caro
765 3607 1041 3653 conveniunt
1065 3607 1111 3652 in
1139 3608 1461 3655 constitutione
1495 3610 1627 3656 unius
1652 3620 1841 3658 naturae
1867 3607 2121 3671 humanae}
2151 3612 2220 3660 Si&
