2352 3926
265 229 373 284 750
761 226 1041 273 QUAESTIO
1082 227 1290 267 Lxxxu.
1330 227 1641 268 ARTICULUS
1663 229 1733 268 ·V.

263 331 388 376 tione
398 329 612 383 Domini;
633 328 695 373 ita
705 328 963 373 benedictio
987 329 1237 374 sacerdotis
1261 330 1532 388 peccatoris,
1553 331 1824 390 inquantum
1845 331 1900 377 ab
1925 332 2025 393 ipso
2041 333 2227 394 indigne

260 398 324 452 fit,
336 407 404 442 est
428 396 749 440 maledictione
778 395 928 454 digna,
947 406 992 440 et
1013 396 1142 455 quasi
1163 395 1364 450 infamia,
1383 396 1477 442 sive
1502 396 1802 457 blasphemia,
1820 408 1866 444 et
1879 413 1976 445 non
1993 401 2229 447 oratiare-

262 475 464 524 putatur:
491 464 763 522 inquantum
785 473 939 507 autem
961 462 1186 522 profertur
1209 478 1261 507 ex
1287 477 1483 522 persona
1501 464 1689 519 Christi,
1712 475 1780 510 est
1804 476 1988 522 sancta,
2002 477 2047 513 et
2064 466 2227 514 efficax

263 532 318 576 ad
344 531 746 576 sanctificandum:
774 531 892 575 unde
915 531 1147 590 signanter
1173 530 1358 575 dicitur:
1386 531 1642 577 Maledicam
1663 533 2012 594 benedictionibus
2036 522 2198 582 vestris.

949 693 1386 752 ARTICULUS
1427 696 1526 752 VI.
1912 769 1914 771 Ι
2100 756 2103 758 ,
2140 725 2228 774 499

523 811 717 869 UTRU'M
757 829 916 868 MISSA
956 830 1090 869 MALI
1131 831 1474 871 SACERDOTIS
1516 832 1683 872 MINUS
1723 831 1967 886 VALEAT,

743 913 919 971 QUAM
956 914 1116 954 MISSA
1155 905 1499 954 SACERDO'TIS
1540 915 1719 955 BONIS.

877 1024 942 1083 (4.
964 1025 1075 1070 Dist.
1099 1037 1157 1085 13.
1179 1040 1218 1084 q.
1244 1032 1280 1071 1.
1304 1031 1385 1070 art.
1408 1026 1448 1072 8.
1468 1040 1506 1085 q.
1533 1026 1610 1085 5.).

351 1136 428 1180 AD
455 1147 648 1180 SEXTUM
670 1135 734 1180 sic
761 1136 1035 1195 proceditur.
1053 1136 1258 1190 Videtur,
1278 1137 1399 1195 quod
1418 1138 1556 1182 missa
1574 1137 1824 1182 sacerdotis
1837 1137 1947 1184 mali
1964 1153 2060 1184 non
2077 1139 2229 1185 minus

260 1203 424 1259 valeat,
448 1218 587 1262 quam
605 1204 745 1248 missa
771 1204 1021 1248 sacerdotis
1048 1204 1155 1248 boni
1176 1220 1186 1250 ε
1210 1203 1320 1248 dicit
1337 1204 1460 1248 enim
1478 1205 1673 1264 Gregor.
1690 1206 1738 1249 in
1754 1205 1966 1265 Registro
1983 1206 2102 1265 (hab.
2119 1215 2228 1268 caps

260 1271 389 1315 Multi
414 1271 707 1324 saecularium,
733 1287 767 1316 1.
792 1287 829 1330 q.
862 1287 896 1316 1.
896 1272 921 1328 )
937 1286 949 1313 .·
982 1272 1145 1325 «Heu,
1172 1271 1218 1314 in
1241 1286 1380 1330 quam
1417 1286 1636 1330 magnum
1665 1271 1884 1331 laqueum
1906 1273 2127 1328 incidunt,
2149 1274 2228 1334 qui

261 1338 427 1392 divina,
455 1348 499 1383 et
525 1338 707 1383 occulta
726 1339 943 1398 mysteria
969 1338 1069 1397 plus
1093 1339 1147 1382 ab
1176 1338 1275 1382 aliis
1303 1339 1585 1383 sanctificata
1611 1354 1748 1398 posse
1769 1339 1868 1384 fieri
1894 1339 2097 1395 credunt,
2123 1354 2230 1386 cum

259 1420 376 1450 unus
398 1406 612 1464 idemque
641 1406 833 1465 Spiritus
867 1406 1061 1450 Sanctus
1089 1420 1142 1450 ea
1169 1406 1386 1465 mysteria
1423 1405 1620 1461 occulta,
1654 1417 1789 1466 atque
1814 1406 2099 1453 invisibiliter
2124 1422 2230 1468 ope·

260 1474 402 1517 rando
434 1473 755 1518 sanctificetl»
797 1474 888 1517 Sed
920 1474 1035 1517 haec
1069 1473 1251 1518 occulta
1283 1474 1500 1533 mysteria
1529 1474 1816 1519 celebrantur
1846 1475 1895 1520 in
1920 1475 2084 1531 missa3
2116 1489 2228 1536 ergo

259 1542 400 1586 missa
426 1541 534 1585 mali
562 1541 811 1586 sacerdotis
834 1555 929 1585 non
955 1541 1108 1585 minus
1134 1540 1269 1595 valet,
1292 1556 1433 1600 quam
1458 1542 1596 1586 missa
1623 1542 1750 1587 honi.

349 1622 388 1652 2.
417 1609 715 1654 PRAETEREA.
744 1609 873 1653 Sicut
896 1609 1147 1668 baptismus
1172 1609 1364 1653 traditur
1386 1624 1411 1652 a
1437 1610 1644 1654 ministro
1670 1609 1718 1653 in
1743 1609 1907 1655 virtute
1930 1609 2118 1666 Christi,
2144 1611 2223 1671 qui

258 1676 468 1735 baptizat,
494 1677 557 1720 ita
591 1686 634 1721 et
665 1677 756 1720 hoc
790 1686 1130 1721 sacramentum
1163 1677 1209 1720 in
1242 1690 1438 1736 persona
1465 1676 1639 1721 Christi
1672 1687 1990 1723 consecratur:
2023 1678 2103 1724 sed
2130 1692 2229 1723 non

260 1744 427 1788 melior
451 1745 702 1803 baptismus
729 1744 860 1788 datur
886 1758 911 1787 a
938 1743 1122 1788 meliori
1153 1744 1378 1799 ministro,
1405 1755 1454 1788 ut
1479 1759 1614 1803 supra
1633 1745 1805 1789 dictum
1827 1754 1895 1793 est
1913 1743 1971 1804 (q.
1995 1745 2068 1803 64.
2087 1751 2170 1792 art.
2187 1761 2226 1806 5.
2260 1804 2262 1806 v

259 1818 296 1856 et
321 1827 358 1870 q.
387 1812 457 1871 67.
489 1818 571 1857 art.
593 1812 655 1871 5.)
665 1827 680 1865 ,·
716 1826 826 1871 ergo
854 1811 995 1856 etiam
1020 1825 1169 1871 neque
1197 1811 1362 1855 melior
1387 1812 1527 1856 missa
1555 1822 1635 1867 est,
1662 1826 1779 1872 quae
1806 1811 2061 1859 celebratur
2086 1827 2114 1858 a
2133 1827 2229 1859 me·

261 1879 367 1924 liori
393 1880 646 1925 sacerdote.

354 1963 390 2007 3.
418 1949 716 1993 PRAETEREA.
747 1947 876 1991 Sicut
901 1947 1064 1991 merita
1090 1946 1382 1992 sacerdotum
1410 1946 1622 1992 differunt
1651 1962 1731 2007 per
1749 1947 1940 2002 bonum,
1972 1957 2019 1993 et
2048 1947 2228 2003 melius,

258 2015 320 2060 ita
348 2017 487 2060 etiam
515 2015 727 2060 differunt
752 2030 832 2074 per
857 2016 1046 2070 bonum,
1074 2025 1119 2059 et
1144 2015 1342 2070 malum3
1368 2015 1407 2059 si
1434 2030 1543 2074 ergo
1571 2016 1711 2060 missa
1743 2015 1947 2061 melioris
1978 2016 2228 2061 sacerdotis

260 2095 326 2129 est
352 2084 530 2140 melior,
558 2086 760 2144 sequitur
786 2084 908 2143 quod
936 2084 1075 2128 missa
1101 2083 1213 2127 mali
1234 2083 1484 2128 sacerdotis
1511 2084 1568 2128 sit
1593 2083 1740 2138 mala3
1768 2084 1891 2143 quod
1917 2092 1986 2128 est
2009 2083 2228 2129 inconve-

257 2152 400 2206 niens,
428 2153 533 2211 quia
554 2169 576 2193 «
599 2151 774 2196 malitia
792 2152 1106 2196 ministrorum
1124 2166 1218 2195 non
1238 2161 1388 2210 potest
1414 2150 1667 2195 redundare
1685 2153 1730 2195 in
1750 2150 1924 2196 Christi
1947 2151 2167 2212 mysteria
2183 2168 2226 2207 ιο,

258 2220 376 2264 sicut
401 2220 596 2279 August.
624 2220 731 2264 dicit
747 2221 794 2264 in
811 2220 888 2265 lib.
904 2233 946 2275 4.
970 2219 1026 2264 de
1060 2219 1297 2279 Baptismo
1316 2215 1491 2277 (scilicet
1512 2225 1618 2264 cont.
1641 2219 1854 2264 Donatist.
1873 2226 1964 2279 cap.
1989 2233 2054 2265 12.
2074 2218 2131 2264 ad
2143 2219 2227 2279 fin.

256 2293 293 2332 et
325 2289 396 2332 lib.
422 2303 462 2333 2.
496 2295 630 2333 contr.
655 2290 768 2347 epist.
804 2289 1000 2333 Parmen.
1033 2295 1124 2346 cap.
1149 2302 1210 2332 Π.
1242 2293 1281 2332 et
1297 2287 1368 2332 lib.
1395 2302 1435 2333 2.
1463 2293 1569 2332 cont.
1598 2287 1661 2333 lit.
1688 2286 1809 2332 Petit.
1831 2293 1926 2347 cap.
1957 2286 2053 2346 47.)
2063 2301 2083 2345 ,·
2116 2299 2227 2346 ergo

256 2369 404 2415 neque
431 2355 569 2400 missa
596 2355 801 2400 melioris
829 2355 1079 2399 sacerdotis
1106 2365 1174 2399 est
1200 2354 1379 2398 melior.

347 2423 442 2468 SED
481 2435 678 2468 CONTRA
704 2433 785 2478 est,
821 2422 945 2482 quod
975 2423 1166 2472 habetur
1191 2422 1239 2465 in
1265 2423 1446 2466 Decret.
1484 2421 1538 2479 (Ι.
1565 2436 1603 2480 q.
1645 2438 1679 2467 1.
1709 2429 1798 2482 cap.
1832 2421 1948 2481 91.):
1978 2437 2003 2464 «
2036 2421 2227 2475 Quanto

257 2490 518 2536 sacerdotes
544 2489 711 2534 fuerint
737 2491 981 2549 digniores,
1008 2499 1136 2534 tanto
1162 2488 1340 2534 facilius
1371 2489 1419 2533 in
1445 2489 1802 2544 necessitatibus,
1827 2503 1911 2549 pro
1949 2490 2110 2550 quibus
2141 2488 2229 2535 cla-

257 2558 439 2612 marint,
467 2558 768 2602 exaudiuntur
792 2575 832 2601 ».

347 2625 639 2670 RESPONDEO
666 2625 926 2678 dicendum,
954 2624 1077 2683 quod
1104 2624 1149 2667 in
1173 2624 1312 2667 missa
1339 2623 1417 2668 duo
1445 2634 1513 2668 est
1550 2623 1854 2679 considerare,
1888 2624 2064 2672 scilicet
2093 2627 2228 2686 ipsum

256 2699 581 2748 sacramentum,
609 2692 732 2751 quod
759 2702 827 2736 est
852 2691 1127 2751 principale3
1156 2702 1202 2735 et
1227 2693 1449 2746 orationes,
1475 2706 1591 2750 quae
1617 2691 1663 2735 in
1691 2692 1831 2736 missa
1856 2691 1972 2737 fiunt
1994 2707 2078 2752 pro
2095 2692 2226 2748 vivis,

260 2771 304 2806 et
328 2761 535 2806 mortuis.
565 2759 805 2812 Quantum
837 2773 948 2818 ergo
983 2759 1038 2802 ad
1072 2770 1426 2816 sacramentum,
1459 2773 1553 2802 non
1587 2759 1739 2804 minus
1771 2759 1893 2804 valet
1918 2760 2058 2806 missa
2083 2774 2227 2806 sacer-

259 2829 377 2872 dotis
403 2827 529 2882 mali,
556 2841 695 2887 quam
721 2827 844 2880 boni,
887 2826 992 2885 quia
1015 2826 1253 2884 utrobique
1280 2826 1402 2869 idem
1427 2826 1666 2870 conficitur
1689 2837 2041 2888 sacramentum.
2060 2827 2226 2874 Oratio

259 2896 413 2950 etiam,
441 2909 557 2954 quae
583 2894 633 2939 fit
658 2894 703 2938 in
736 2894 890 2947 missa,
917 2903 1068 2952 potest
1100 2892 1378 2937 considerari
1404 2893 1649 2953 dupliciter:
1682 2909 1764 2939 uno
1790 2894 1929 2949 modo,
1953 2891 2226 2954 inquantum

258 2964 396 3007 habet
423 2962 677 3007 efficaciam
705 2975 758 3006 ex
780 2962 1025 3006 devotione
1051 2961 1299 3005 sacerdotis
1327 2962 1522 3015 orantis;
1541 2972 1584 3006 et
1602 2962 1666 3006 sic
1686 2976 1780 3006 non
1799 2972 1868 3008 est
1883 2962 2086 3018 dubium,
2100 2963 2227 3023 >quod

259 3032 398 3075 missa
421 3029 625 3074 melioris
651 3029 899 3074 sacerdotis
927 3029 1074 3087 magis
1102 3038 1170 3073 est
1190 3027 1450 3072 fructuosa:
1485 3030 1569 3073 alio
1601 3029 1737 3083 modo,
1769 3029 2041 3089 inquantum
2072 3030 2222 3076 oratio

258 3100 304 3143 in
331 3099 469 3142 missa
495 3095 722 3157 profertur
740 3111 765 3140 a
783 3095 1020 3141 sacerdote
1037 3095 1083 3139 in
1102 3109 1295 3155 persona
1323 3096 1462 3140 totius
1490 3096 1739 3151 Ecclesiae,
1766 3097 1895 3156 cujus
1920 3097 2136 3143 sacerdos
2156 3107 2228 3144 est

258 3165 488 3220 minister;
515 3164 637 3224 quod
666 3163 852 3224 quidem
879 3163 1183 3208 ministerium
1212 3163 1348 3207 etiam
1369 3163 1414 3206 in
1434 3164 1752 3222 peccatoribus
1770 3174 1941 3219 manet,
1956 3164 2074 3210 sicut
2089 3178 2227 3226 supra

258 3233 431 3277 dictum
458 3242 525 3277 est
565 3234 665 3290 (art.
685 3233 850 3291 praec.)
881 3231 935 3275 de
961 3230 1215 3275 ministerio
1244 3230 1429 3275 Christi.
1459 3231 1594 3275 Unde
1627 3230 1765 3276 etiam
1791 3241 2018 3291 quantum*
2046 3232 2103 3277 ad
2134 3232 2227 3281 hoc

258 3311 325 3344 est
340 3299 572 3344 fructuosa
589 3314 684 3343 non
701 3298 854 3343 solum
872 3298 1020 3343 oratio
1038 3297 1288 3342 sacerdotis
1306 3298 1558 3355 peccatoris
1578 3300 1623 3342 in
1641 3298 1795 3352 missa,
1807 3297 1889 3344 sed
1905 3300 2046 3344 etiam
2062 3311 2227 3345 omnes

258 3368 353 3425 ejus
381 3367 627 3421 orationes,
654 3381 766 3426 quas
793 3365 903 3410 facit
927 3366 973 3410 in
1002 3364 1322 3410 ecclesiasticis
1356 3364 1533 3420 officiis,
1567 3366 1613 3409 in
1647 3366 1820 3425 quibus·
1839 3366 1955 3426 gerit
1978 3363 2226 3427 personam
2300 3378 2329 3400 =·³

258 3433 506 3490 Ecclesiae,
533 3433 641 3479 licet
667 3433 899 3478 orationes
926 3434 1021 3492 ejus
1049 3432 1250 3492 privatae
1276 3446 1371 3477 non
1403 3432 1492 3477 sint
1522 3432 1797 3488 fructuosae,
1829 3432 2082 3483 secundum
2111 3431 2227 3480 illud

258 3501 474 3546 Proverb.
504 3502 601 3546 28.:
631 3503 720 3559 Qui
737 3501 914 3546 declinat
940 3515 1060 3545 aures
1076 3513 1184 3553 suas,
1207 3514 1255 3543 ne
1277 3499 1425 3545 audiat
1446 3500 1586 3559 legem,
1615 3502 1749 3545 oratio
1767 3503 1853 3559 ejus
1867 3502 1949 3547 erit
1967 3501 2223 3548 execrabilis.

347 3569 424 3614 AD
445 3582 635 3615 PmMUM
649 3582 760 3628 ergo
779 3568 1040 3623 dicendum,
1062 3566 1185 3628 quod
1211 3566 1464 3627 Gregorius
1490 3567 1693 3629 loquitur
1716 3567 1780 3613 ibi
1805 3577 2026 3630 quantum
2053 3567 2111 3615 ad
2124 3581 2224 3616 san·

260 3636 463 3684 ctitatem
490 3635 631 3681 divini
657 3636 946 3681 sacramenti.
2097 3657 2101 3662 ψ

2343 1269 2352 1323 i

2341 1449 2352 1540 i

2336 1543 2352 1627 Ξ

2342 1631 2352 1730 ἶ
