2352 3926
566 259 567 262 ,
597 222 876 269 QUAESTIO
916 222 1141 264 Lxxxm.
1178 222 1487 264 ARTICULUS
1525 223 1598 262 VI.
1967 224 2069 279 775

115 334 351 372 remaneat
375 323 859 384 imperfectum,debet
884 302 1005 371 aliud
1030 325 1189 371 vinum
1208 339 1436 385 apponere
1461 324 1509 370 in
1535 323 1744 380 calicem,
1765 333 1811 370 et
1829 323 1983 369 denuo
2010 339 2076 371 re·

114 404 296 438 sumere
324 405 349 435 a
376 393 722 437 consecratione
748 393 998 451 sanguinis,
1025 402 1069 437 et
1090 392 1370 441 ,sacrificium
1395 391 1627 452 perficere.

203 458 280 504 AD
306 472 543 509 QUARTUM
570 459 828 515 dicendum,
847 460 969 519 quod
986 460 1025 504 si
1042 460 1255 504 sacerdos
1283 470 1386 504 ante
1414 460 1808 504 consecrationem
1825 459 2075 519 sanguinis,

113 534 162 571 et
179 535 285 585 post
310 526 705 571 consecrationem
733 527 937 586 corporis
969 527 1201 586 percipiat,
1229 537 1305 572 aut
1340 527 1513 581 vinum,
1542 537 1618 571 aut
1644 541 1807 586 aquarn
1849 540 1944 572 non
1976 541 2075 572 esse

34 615 72 641 „·
113 590 162 636 in
184 591 342 647 calice,
376 593 511 638 debet
545 593 697 638 statim
737 607 966 653 apponere
993 603 1037 638 et
1064 607 1346 638 consecrare.
1375 593 1423 639 Si
1445 607 1556 638 vero
1581 603 1690 653 post>
1711 594 2070 639 consecrationis

113 658 250 704 verba
275 660 540 719 perceperit,
566 661 689 719 quod
717 675 834 719 aqua
860 660 989 714 desit,
1016 661 1149 705 debet
1179 660 1477 706 nihilominus
1503 661 1768 720 procedere,
1797 661 1908 721 quia
1932 662 2080 721 impo-

113 725 218 772 sitio
245 739 405 785 aquae,
427 737 475 772 ut
501 741 635 786 supra
661 727 832 772 dictum
860 737 928 772 est
953 728 1014 786 (q.
1038 741 1105 786 74.
1133 734 1214 772 art.
1233 728 1309 787 7.),
1336 742 1431 772 non
1457 737 1525 772 est
1550 728 1605 772 de
1630 729 1902 773 necessitate
1927 742 2079 774 sacra-

114 794 359 838 cramenti:
382 794 516 838 debet
536 804 689 838 tamen
716 794 862 854 puniri
893 793 986 847 ille,
1013 808 1067 838 ex
1095 796 1221 852 cuius
1247 794 1525 853 negligentia
1542 794 1633 839 hoc
1666 795 1902 855 contingit.
1935 795 2077 841 Nullo

114 869 270 908 autem
292 860 434 905 modo
457 861 591 905 debet
617 874 733 920 aqua
758 861 867 905 vino
899 861 993 918 jam
1026 870 1293 905 consecrato
1321 862 1518 915 misceri,
1558 862 1664 921 quia
1688 871 1952 922 sequeretur
1984 876 2081 908 cor·

113 926 263 986 ruptio
289 928 565 973 sacramenti
590 942 671 986 pro
696 927 846 987 aliqua
871 938 1012 985 parte,
1030 937 1079 971 ut
1095 942 1230 986 supra
1252 928 1510 973 dictumest
1528 929 1586 987 (q.
1605 942 1670 988 77.
1698 935 1778 974 art.
1804 930 1880 986 8.).
1900 929 1951 974 Si
1965 943 2076 975 vero

114 995 335 1053 percipiat
358 1005 463 1055 post
491 994 630 1039 verba
656 994 1029 1048 consecrationis,
1055 995 1177 1053 quod
1209 994 1368 1039 vinum
1394 1009 1488 1039 non
1514 993 1649 1039 fuerit
1673 996 1946 1055 positumin
1974 996 2078 1041 cali·

111 1062 278 1115 cem‚si
294 1061 479 1120 quidem
499 1062 590 1106 hoc
606 1063 826 1121 percipiat
842 1071 944 1105 ante
967 1061 1275 1120 sumptionem
1297 1062 1514 1121 corporis,
1533 1062 1678 1116 debet,
1700 1063 1908 1121 deposita
1933 1077 2067 1123 aqua,

111 1126 152 1173 si
180 1127 244 1172 ibi
266 1126 415 1182 fuerit,
442 1129 677 1186 imponere
701 1129 860 1172 vinum
879 1142 984 1172 cum
1007 1142 1140 1187 aqua,
1167 1138 1212 1172 et
1236 1142 1468 1172 resumere
1495 1143 1520 1172 a
1542 1129 1690 1173 verbis
1718 1130 2076 1178 consectationis

112 1195 371 1253 sanguinis:
396 1195 435 1240 si
458 1209 569 1240 vero
595 1195 685 1240 hoc
712 1196 966 1255 perceperit
991 1205 1096 1255 post
1121 1196 1432 1255 sumptionem
1465 1196 1684 1255 corporis,
1712 1196 1850 1240 aliam
1876 1197 2076 1242 hostiam

111 1275 340 1322 apponere
366 1262 498 1308 debet
523 1262 688 1307 iterum
716 1263 1078 1308 consecrandam
1104 1262 1242 1306 simul
1269 1277 1374 1307 cum
1407 1263 1650 1322 sanguine;
1677 1264 1799 1322 quod
1824 1264 1931 1308 ideo
1957 1264 2078 1319 dico,

111 1330 219 1389 quia
242 1329 280 1375 si
318 1330 488 1375 diceret
511 1329 612 1374 sola
636 1330 773 1374 verba
806 1330 1165 1375 consecrationis
1208 1330 1456 1388 sanguinis,
1489 1343 1584 1374 non
1610 1340 1867 1374 servaretur
1903 1330 2077 1376 debitus

112 1396 227 1442 ordo
263 1397 585 1443 consecrandi:
624 1405 681 1450 et,
715 1397 831 1441 sicut
857 1397 1020 1442 dicitur
1052 1398 1098 1441 in
1124 1397 1357 1456 praedicto
1393 1411 1490 1455 cap.
1526 1395 1744 1446 Toletani
1762 1396 1964 1442 Concilii
1991 1399 2077 1453 (cit.

109 1467 156 1509 in
180 1473 284 1524 resp.
313 1464 367 1509 ad
405 1466 480 1523 1.),
510 1481 534 1507 «
561 1463 761 1523 perfecta
785 1464 930 1508 videri
953 1478 1049 1509 non
1074 1474 1264 1524 possunt
1295 1464 1532 1518 sacrificia,
1564 1464 1653 1508 nisi
1690 1463 1891 1523 perfecto
1918 1464 2077 1509 ordine

113 1531 429 1592 compleantur
447 1548 488 1576 »ι
506 1531 544 1576 si
554 1545 664 1576 vero
682 1531 903 1590 inciperet
929 1545 955 1576 a
981 1533 1327 1577 consecratione
1350 1532 1596 1591 sanguinis,
1614 1542 1660 1577 et
1674 1542 1898 1592 repeteret
1922 1533 2079 1577 omnia

110 1600 248 1644 verba
274 1599 614 1658 consequentia,
639 1613 735 1645 non
761 1609 1059 1658 competeret,
1085 1600 1174 1644 nisi
1200 1600 1376 1645 adesset
1397 1600 1549 1644 hostia
1574 1610 1867 1655 consecrata3
1901 1614 2008 1645 cum
2034 1602 2077 1645 in

109 1666 258 1712 verbis
281 1666 368 1712 illis
395 1677 644 1712 occurrunt
682 1666 908 1726 quaedam
936 1667 1143 1722 dicenda,
1185 1677 1231 1712 et
1270 1667 1418 1711 fienda
1449 1681 1544 1711 non
1570 1666 1725 1712 solum
1752 1667 1874 1711 circa
1899 1667 2078 1727 sangui·

108 1747 233 1788 nem,
257 1734 336 1779 sed
361 1733 503 1779 etiam
519 1734 640 1778 circa
666 1747 852 1792 corpus:
873 1743 918 1778 et
943 1734 1126 1779 deberet
1150 1734 1197 1778 in
1224 1733 1313 1779 fine
1346 1734 1511 1778 iterum
1537 1748 1717 1779 sumere
1743 1734 1944 1778 hostiam
1971 1749 2078 1779 con-

108 1811 351 1856 secratam,
370 1810 416 1846 et
445 1801 732 1861 sanguinem,
757 1814 853 1845 non
875 1800 1084 1846 obstante
1112 1801 1251 1845 etiam-
1276 1801 1315 1846 si
1340 1801 1461 1861 prius
1487 1801 1732 1861 sumpserit
1758 1815 1939 1860 aquam,
1957 1815 2074 1861 quae

110 1879 206 1917 erat
238 1869 286 1915 in
328 1867 495 1923 calice;
537 1870 642 1928 quia
678 1878 973 1927 praeceptum
1009 1869 1065 1913 de
1106 1867 1399 1928 perfectione,
1440 1868 1514 1913 vel
1540 1869 1595 1913 de
1622 1869 1914 1928 perceptione
1939 1869 2074 1927 hujus

107 1936 384 1982 sacramenti
421 1936 607 1994 majoris
643 1946 711 1980 est
735 1935 965 1995 ponderis,
1002 1949 1140 1994 quam
1175 1945 1486 1995 praeceptum,
1513 1936 1636 1995 quod
1667 1945 2009 1980 sacramentum
2046 1949 2072 1980 a

106 2003 270 2063 ieiunis
302 2013 521 2057 sumatur,
554 2012 601 2047 ut
627 2017 763 2062 supra
805 2003 978 2047 dictum
1004 2013 1072 2047 est
1098 2002 1156 2062 (q.
1183 2004 1254 2048 80.
1282 2009 1364 2048 art.
1391 2003 1468 2061 8.).

170 2094 181 2119 ·.
197 2070 276 2117 AD
308 2082 536 2121 0311an
561 2069 822 2123 dicendum,
848 2069 971 2128 quod
996 2069 1104 2114 licet
1125 2070 1337 2114 sacerdos
1362 2084 1458 2114 non
1475 2069 1648 2114 recolat
1670 2084 1717 2114 se
1735 2069 1899 2114 dixisse
1922 2069 2074 2130 aliqua

112 2151 287 2195 eorum,
312 2151 429 2197 quae
454 2137 605 2182 dicere
631 2136 797 2191 debuit,
822 2150 917 2181 non
943 2146 1099 2181 tamen
1125 2137 1260 2182 debet
1284 2151 1337 2181 ex
1364 2137 1455 2181 hoc
1489 2146 1642 2181 mente
1674 2137 1949 2196 perturbari3
1981 2151 2075 2182 non

113 2204 236 2250 enim
261 2206 336 2264 qui
362 2202 507 2248 multa
532 2204 654 2259 dicit,
681 2203 843 2248 recolit
869 2203 1039 2258 omnia,
1067 2218 1183 2263 quae
1209 2204 1338 2248 dixit:
1366 2204 1451 2248 nisi
1479 2203 1595 2249 forte
1623 2203 1790 2263 aliquid
1812 2204 1858 2248 in
1881 2204 2076 2248 dicendo

112 2273 460 2334 apprehenderit
483 2273 564 2317 sub
598 2274 774 2317 ratione
799 2273 894 2331 jam
919 2271 1051 2316 dicti:
1079 2272 1144 2316 sic
1171 2272 1293 2316 enirn
1321 2271 1491 2331 aliquid
1529 2270 1720 2316 efficitur
1751 2271 2076 2324 memorabile;

110 2341 229 2386 unde
255 2341 294 2386 si
319 2341 480 2401 aliquis
506 2351 674 2385 attente
707 2341 878 2399 cogitet
908 2339 1020 2384 illud
1052 2340 1175 2399 quod
1209 2340 1330 2394 dicit,
1357 2354 1451 2384 non
1478 2350 1633 2384 tamen
1656 2339 1827 2398 cogitet
1848 2354 1896 2384 se
1924 2340 2075 2384 dicere

109 2407 237 2463 illud,
261 2422 356 2453 non
387 2407 583 2452 multum
611 2418 770 2467 postea
796 2406 958 2452 recolit
993 2421 1042 2452 se
1079 2407 1266 2451 dixisse:
1306 2407 1370 2452 sic
1403 2407 1525 2451 enim
1558 2406 1608 2450 fit
1640 2405 1809 2466 aliquid
1842 2407 2076 2465 objectum

111 2474 376 2529 memoriae,
407 2476 679 2535 inquantum
705 2475 925 2535 accipitur
950 2475 1030 2519 sub
1058 2475 1234 2519 ratione
1253 2474 1494 2534 praeteriti,
1521 2474 1638 2518 sicut
1669 2474 1832 2518 dicitur
1852 2474 1898 2517 in
1920 2473 1996 2518 lib.
2021 2473 2075 2517 de

111 2543 337 2588 Memoria
362 2543 476 2603 (cap.
502 2559 538 2589 1.
564 2558 591 2588 a
608 2542 787 2602 princ).
817 2542 868 2586 Si
897 2552 1052 2586 tamen
1084 2542 1311 2586 sacerdoti
1337 2541 1629 2601 probabiliter
1651 2551 1829 2586 constet
1852 2555 1902 2585 se
1925 2541 2076 2600 aliqua

111 2611 334 2665 omisisse,
360 2610 399 2655 si
423 2610 608 2670 quidem
633 2624 727 2654 non
753 2619 858 2654 sunt
883 2610 939 2653 de
964 2610 1233 2653 necessitate
1259 2609 1550 2663 sacramenti,
1580 2622 1676 2652 non
1709 2609 1918 2653 existimo
1951 2608 2075 2667 quod

112 2687 293 2737 propter
323 2677 414 2722 hoc
446 2677 608 2722 debeat
639 2691 885 2730 resumere,
911 2676 1198 2720 immutando
1233 2676 1440 2720 ordinem
1473 2675 1697 2730 sacrificii,
1734 2676 1815 2719 sed
1848 2675 1983 2719 debet
2014 2674 2077 2718 ul-

111 2745 248 2789 terius
273 2743 543 2804 procedere:
571 2745 611 2789 si
639 2758 749 2788 vero
784 2743 1054 2788 certificetur
1086 2758 1133 2788 se
1168 2744 1377 2787 omisisse
1411 2743 1580 2802 aliquid
1615 2756 1788 2795 eorum,
1823 2756 1938 2800 quae
1971 2751 2076 2785 sunt

112 2812 168 2856 de
193 2811 463 2856 necessitate
488 2811 775 2866 sacramenti,
802 2810 976 2855 scilicet
1005 2809 1205 2854 formam
1239 2810 1613 2862 consecrationis,
1647 2824 1753 2853 cum
1789 2808 1939 2852 forma
1972 2822 2077 2852 con-

110 2879 376 2924 secrationis
400 2879 458 2923 sit
483 2879 539 2923 de
563 2878 832 2922 necessitate
859 2878 1146 2932 sacramenti,
1178 2878 1295 2922 sicut
1327 2889 1372 2922 et
1403 2877 1607 2929 materia,
1646 2877 1769 2920 idem
1801 2875 1978 2919 videtur
2009 2874 2074 2918 fa-

115 2945 343 3000 ciendum,
370 2946 491 3005 quod
519 2945 691 2989 dictum
718 2954 784 2989 est
812 2945 875 3001 (in
911 2946 1029 2990 solut.
1059 2945 1225 3004 praec.)
1258 2945 1305 2988 in
1337 2944 1515 2988 defectu
1549 2943 1789 2997 materiae;
1822 2951 1870 2985 ut
1900 2941 2075 2987 scilicet

110 3023 365 3058 resumatur
397 3027 423 3057 a
455 3012 605 3057 forma
638 3012 1012 3066 consecrationis,
1055 3022 1100 3056 et
1141 3022 1320 3057 caetera
1352 3026 1432 3070 per
1466 3010 1673 3055 ordinem
1701 3009 1983 3063 reiterentur,
2015 3022 2074 3053 ne

112 3090 312 3125 mutetur
337 3079 451 3124 ordo
478 3079 702 3125 sacrificii.

198 3147 275 3191 An
302 3159 495 3191 szx’rtm
521 3147 766 3191 dicendum
792 3146 912 3205 quod
931 3144 1091 3190 fractio
1118 3146 1296 3190 hostiae
1317 3153 1624 3197 consecratae,
1648 3152 1693 3187 et
1714 3142 1835 3200 quod
1859 3156 1949 3186 una
1971 3141 2072 3187 sola

111 3228 213 3273 pars
240 3214 444 3257 mittatur
468 3213 515 3257 in
542 3214 751 3268 calicem,
777 3213 961 3272 respicit
992 3227 1156 3272 corpus
1184 3212 1452 3271 mysticum3
1480 3211 1596 3255 sicut
1627 3210 1845 3253 admixtio
1878 3223 1994 3268 quae
2020 3209 2074 3253 si-

111 3279 298 3339 gnificat
322 3279 558 3339 populum,
586 3290 631 3325 et
655 3281 759 3324 ideo
786 3280 953 3324 horum
980 3280 1316 3339 praetermissio
1344 3292 1437 3321 non
1463 3277 1570 3321 facit
1591 3275 1987 3334 imperfectionem
2009 3290 2076 3320 sa-

113 3347 284 3401 crificii,
310 3357 359 3391 ut
384 3356 568 3406 propter
593 3346 683 3391 hoc
707 3347 764 3391 sit
783 3360 970 3391 necesse
993 3347 1160 3406 aliquid
1185 3348 1393 3390 reiterare
1418 3344 1538 3388 circa
1561 3343 1914 3388 celebrationem
1936 3342 2072 3402 hujus

114 3414 401 3459 sacramenti.

201 3482 278 3527 An
301 3491 542 3526 SEPTIMUM
560 3479 817 3534 dicendum,
843 3479 981 3539 quod,
1006 3479 1122 3524 sicut
1147 3479 1311 3535 legitur
1328 3479 1399 3522 De
1419 3477 1638 3521 Consecr.
1658 3476 1790 3533 (Dist.
1807 3491 1847 3522 2.
1871 3483 1963 3535 cap.
1981 3475 2072 3535 27.)

114 3562 167 3592 ex
192 3548 377 3593 decreto
404 3547 474 3591 Pii
499 3547 700 3606 I.‘papae
729 3546 904 3602 (decreto
931 3547 974 3592 6.
1007 3545 1208 3603 Concil.),
1241 3562 1263 3586 «
1290 3545 1327 3589 si
1352 3559 1432 3602 per
1461 3543 1788 3602 negligentiam
1817 3542 1985 3602 aliquid
2018 3542 2074 3586 de

113 3614 334 3674 sanguine
359 3613 593 3660 stillaverit
616 3613 664 3658 in
688 3612 906 3668 tabulam,
932 3627 1049 3672 quae
1074 3624 1220 3658 terrae
1248 3611 1476 3665 adhaeret,
1503 3610 1658 3669 lingua
1681 3609 1920 3665 lambetur,
1943 3619 1986 3655 et
2011 3618 2076 3654 ta-
