2352 3926
647 204 925 251 QUAESTIO
965 204 1132 244 XLVII.
1172 202 1481 245 ARTICULUS
1520 203 1572 242 V.
1983 201 2091 257 407

142 307 320 357 caciam
345 306 596 361 doctrinae,
621 315 670 351 ut
693 306 885 352 habetur
909 307 1039 366 Joan.
1063 321 1120 366 7.,
1145 317 1300 352 tamen
1329 316 1489 366 postea
1521 304 1701 364 decepti
1735 303 1917 350 fuerunt
1943 317 1970 349 a
2001 303 2092 348 suis

140 374 430 435 principibus,
458 384 506 418 ut
522 388 628 418 eum
644 388 739 418 non
757 374 990 419 crederent
1014 389 1161 433 neque
1183 373 1348 418 Filium
1375 373 1477 427 Dei,
1503 386 1653 431 neque
1681 371 1942 427 Christum;
1974 370 2098 415 unde

139 450 189 486 et
211 441 372 486 Petrus
398 441 461 486 eis
483 441 615 486 dixit:
647 441 740 485 Scio
768 442 868 499 quia
890 450 966 501 per
996 443 1280 501 ignorantiam
1304 441 1471 498 fecistis,
1498 442 1603 484 sicut
1634 445 1671 484 et
1692 440 1908 500 principes
1938 439 2066 483 vestri
2075 452 2092 491 ,⁰

140 507 246 568 quia
270 507 446 552 scilicet
467 522 545 567 per
570 507 794 568 principes
820 508 993 552 seducti
1015 517 1155 551 erant.

228 575 306 620 An
330 588 518 621 PRmuM
545 589 655 634 ergo
683 575 941 629 dicendum,
964 574 1086 634 quod
1111 573 1191 617 illa
1216 574 1352 617 verba
1370 573 1580 617 dicuntur
1606 587 1660 618 ex
1686 586 1881 632 persona
1908 570 2097 616 colono-

141 656 239 687 rum
267 642 451 696 vineae;
477 656 557 701 per
582 656 696 700 quos
723 641 1033 700 significantur
1059 650 1256 685 rectores
1283 639 1404 684 illius
1431 639 1603 699 populi,
1629 641 1709 700 qui
1734 654 1841 684 eum
1868 652 2097 698 cognove-

140 719 243 754 runt
268 723 366 754 esse
391 709 650 762 haeredem,
674 709 942 767 inquantum
964 717 1278 767 cognoverunt
1303 721 1409 750 eum
1436 721 1533 751 esse
1553 707 1790 751 Christum
1816 707 2095 764 promissum

139 775 186 820 in
203 775 328 835 lege:
346 775 425 820 sed
443 786 600 820 contra
617 776 735 819 hanc
755 777 1101 833 responsionem
1119 789 1216 819 esse
1232 774 1422 827 videtur,
1441 774 1562 832 quod
1580 773 1658 817 illa
1683 774 1822 818 verba
1843 773 2017 818 Psalmi
2034 785 2090 816 2.:

138 843 307 888 Postula
332 858 359 887 a
383 858 462 898 me,
489 849 528 888 et
547 842 652 887 dabo
676 844 751 886 tibi
773 848 904 900 gentes
922 842 1211 886 haeredztatem
1230 848 1374 894 tuam;
1405 841 1554 884 eidem
1572 841 1794 895 dicuntur,
1814 840 1886 885 cui
1908 840 2094 884 dicitur:

138 909 272 955 Pilius
297 925 407 954 meus
431 923 470 955 es
496 915 554 964 tu,
576 923 646 967 ego
668 907 784 953 hodie
803 910 926 967 genui
947 915 1005 953 te:
1030 909 1069 952 si
1095 923 1205 967 ergo
1233 918 1563 966 cognoverunt,
1591 922 1696 951 eum
1725 922 1822 952 esse
1847 907 1994 961 illum,
2021 907 2095 950 cui

139 976 311 1021 dictum
338 985 427 1021 est:
456 976 622 1020 Postula
647 989 673 1019 a
697 991 775 1028 me,
803 981 839 1019 et
870 975 975 1019 dabo
1004 977 1079 1019 tibi
1102 981 1236 1033 gentes
1262 974 1553 1019 haereditatem
1581 981 1710 1027 tuam,
1741 975 1941 1032 sequitur
1971 972 2095 1033 quod

139 1042 454 1102 cognoverint,
465 1056 571 1086 eum
598 1056 695 1086 esse
707 1042 871 1086 Filium
889 1042 991 1086 Dei.
1007 1042 1171 1101 Chrys.
1190 1042 1327 1086 etiam
1344 1037 1514 1085 ibidem
1539 1041 1708 1098 (scilicet
1725 1041 1865 1085 homil.
1882 1055 1954 1098 40.
1968 1042 2014 1084 in
2030 1047 2094 1099 op.

134 1109 302 1169 imperf.
327 1108 493 1166 amed.)
521 1109 643 1164 dicit,
656 1109 778 1168 quod
805 1125 828 1150 «
861 1119 1175 1168 cognoverunt
1198 1124 1303 1154 eum
1327 1123 1424 1153 esse
1442 1108 1608 1152 Filium
1629 1108 1720 1152 Dei
1741 1123 1782 1151 »ι
1811 1108 1934 1152 Beda
1957 1108 2095 1151 etiam

135 1189 271 1235 super
294 1175 406 1220 illud
434 1176 544 1220 Luc.
579 1190 670 1235 23.:
700 1177 818 1233 Quia
843 1178 1040 1231 nesciunt,
1074 1176 1173 1235 quid
1188 1177 1360 1235 faciunt
1383 1177 1497 1236 (cap.
1522 1190 1592 1235 94.
1617 1177 1662 1219 in
1684 1176 1806 1236 Luc.)
1825 1193 1841 1218 .·
1880 1192 1903 1217 «
1925 1175 2097 1218 Notan-

136 1242 246 1287 dum
262 1260 305 1298 π,
331 1243 492 1303 inquit,
525 1244 690 1302 «quod
716 1257 809 1287 non
836 1257 918 1302 pro
946 1243 1010 1287 eis
1047 1252 1154 1297 erat,
1182 1244 1259 1302 qui
1285 1257 1422 1302 quem
1458 1242 1625 1287 Filium
1651 1242 1740 1286 Dei
1763 1241 2095 1296 intellexerunt,

136 1309 416 1369 crucifigere,
444 1324 583 1370 quam
610 1310 816 1354 confiteri
833 1309 1092 1355 maluerunt
1108 1325 1157 1364 »;
1185 1310 1263 1354 sed
1293 1309 1348 1353 ad
1380 1310 1471 1353 hoc
1506 1319 1655 1368 potest
1675 1308 1955 1368 responderi,
1974 1307 2096 1367 quod

136 1387 452 1435 cognoverunt
487 1391 593 1421 eum
630 1391 728 1421 esse
754 1377 920 1421 Filium
956 1377 1059 1431 Dei,
1086 1391 1180 1421 non
1206 1391 1286 1436 per
1316 1385 1541 1430 naturam,
1568 1377 1646 1420 sed
1673 1391 1753 1435 per
1779 1375 2096 1420 excellentiam

136 1444 308 1503 gratiae
334 1443 600 1503 singularis;
619 1459 861 1503 possumus
879 1455 1033 1489 tamen
1051 1445 1216 1499 dicere,
1240 1444 1362 1503 quod
1389 1445 1526 1488 etiam
1544 1459 1704 1488 verum
1725 1444 1815 1488 Dei
1839 1444 2006 1488 Filium
2026 1458 2099 1488 co-

135 1511 348 1570 gnovisse
384 1512 615 1566 dicuntur;
642 1512 747 1570 quia
774 1512 1000 1566 evidentia
1040 1512 1169 1570 signa
1195 1512 1329 1569 hujus
1366 1512 1431 1555 rei
1466 1512 1708 1565 habebant,
1746 1511 1906 1570 quibus
1941 1520 2096 1555 tamen

135 1578 353 1622 assentire
379 1589 564 1638 propter
590 1579 762 1633 odium,
796 1589 840 1622 et
871 1578 1089 1622 invidiam
1121 1578 1380 1632 noluerunt,
1413 1588 1462 1622 ut
1494 1592 1599 1622 eum
1633 1589 1967 1637 cognoscerent
1998 1591 2096 1622 esse

133 1643 300 1689 Filium
325 1645 428 1689 Dei.

223 1711 300 1756 AD
322 1725 583 1757 SECUNDUM
610 1711 869 1766 dicendum,
897 1712 1018 1771 quod
1046 1724 1149 1756 ante
1174 1711 1253 1755 illa
1278 1712 1414 1756 verba
1440 1713 1764 1771 praemittitur:
1789 1713 1836 1757 Si
1863 1720 1986 1771 opera
2011 1727 2095 1757 non

123 1777 315 1838 fecissem
339 1779 385 1822 in
409 1780 479 1833 eis,
507 1793 611 1837 quae
646 1794 762 1823 nemo
800 1780 907 1824 alius
936 1780 1057 1837 fecit,
1092 1786 1307 1838 peccatum
1338 1794 1422 1823 non
1447 1780 1676 1824 haberent:
1715 1789 1759 1823 et
1798 1790 1959 1838 postea
1998 1779 2098 1824 sub-

134 1845 425 1891 diturzssNunc
451 1852 589 1890 autem
610 1846 823 1901 viderunt,
846 1853 886 1891 et
907 1846 1080 1890 oderunt
1100 1853 1136 1891 et
1156 1862 1234 1899 me,
1258 1853 1293 1891 et
1316 1848 1482 1891 Patrem
1504 1862 1666 1899 meum;
1696 1861 1775 1906 per
1800 1847 1924 1905 quod
1950 1857 2097 1891 osten-

133 1911 265 1967 ditur,
282 1912 405 1971 quod
419 1912 622 1956 videntes
639 1927 779 1972 opera
801 1913 975 1958 Christi
991 1913 1198 1968 mirifica,
1216 1928 1270 1957 ex
1288 1914 1395 1958 odio
1409 1914 1643 1972 processit,
1661 1913 1784 1973 quod
1807 1927 1912 1957 eum
1929 1913 2094 1957 Filium

132 1978 223 2024 Dei
246 1993 341 2024 non
368 1990 698 2038 cognoverunt.

125 2078 154 2101 μ,
208 2046 298 2105 ,ΑΒ
326 2059 543 2092 TER’HUM
569 2046 828 2101 dicendum,
861 2047 983 2106 quod
1010 2048 1268 2106 ignorantia
1302 2046 1513 2092 affectata
1544 2062 1639 2092 non
1677 2058 1862 2093 excusat
1888 2062 1914 2091 a
1947 2046 2093 2107 culpa,

133 2111 213 2164 sed
238 2113 386 2172 magis
403 2114 578 2157 videtur
596 2113 777 2172 culpam
797 2128 1070 2172 aggravare:
1089 2115 1286 2159 ostendit
1306 2114 1428 2159 enim
1447 2115 1687 2159 hominem
1713 2116 1776 2159 sic
1799 2115 2095 2159 vehementer

133 2193 234 2226 esse
260 2180 475 2227 affectum
502 2181 558 2225 ad
575 2181 876 2241 peccandum,
902 2183 1026 2240 quod
1051 2182 1147 2226 vult
1167 2182 1475 2241 ignorantiam
1502 2183 1745 2239 incurrere,
1772 2198 1828 2227 ne
1852 2193 2091 2242 peccatum

131 2248 266 2294 vitet:
291 2259 337 2294 et
373 2249 666 2307 ideovJudaei
690 2260 1006 2308 peccaverunt,
1031 2264 1126 2295 non
1152 2250 1304 2294 solum
1329 2260 1548 2309 tanquam
1573 2251 1775 2295 hominis
1802 2250 1989 2304 Christi,
2014 2249 2092 2294 sed

132 2316 272 2362 etiam
296 2327 514 2377 tanquam
539 2317 630 2362 Dei
652 2317 956 2362 crucifixores.

813 2494 1246 2553 ARTICULUS
1279 2495 1378 2551 VI.
1753 2450 1758 2454 ἶ
2005 2508 2084 2567 263

37 2657 40 2660 ι
131 2630 327 2671 UTRUM
353 2631 652 2670 PECCATUM
679 2631 960 2670 CHRISTUM
981 2631 1454 2671 CRUCIFIGENTIUM
1481 2631 1678 2670 FUERIT
1702 2630 2086 2670 GRAVISSIMUM.

508 2740 634 2800 (Sup.
661 2747 743 2785 art.
770 2754 812 2798 4.
839 2740 892 2784 ad
916 2755 957 2786 2.
972 2742 1053 2800 fin.
1077 2746 1114 2785 et
1135 2748 1269 2799 opusc.
1298 2741 1370 2787 60.
1396 2749 1485 2800 cap.
1516 2742 1582 2786 18.
1603 2742 1716 2799 fin.).

220 2851 297 2896 ΑΒ
323 2863 515 2896 SEXTUM
541 2851 604 2895 sic
631 2851 901 2909 proceditur.
928 2852 1133 2906 Videtur,
1159 2851 1280 2910 quod
1307 2862 1548 2911 peccatum
1571 2851 1932 2913 crucifigentium
1962 2850 2090 2894 Chri-

130 2927 252 2962 stum
283 2932 378 2962 non
408 2916 544 2962 fuerit
574 2918 914 2977 gravissimum:
947 2933 1042 2962 non
1075 2919 1197 2963 enim
1231 2929 1298 2963 est
1324 2919 1644 2977 gravissimum
1680 2929 1933 2978 peccatum,
1967 2917 2089 2975 quod

52 3019 55 3026 Δ
131 2985 475 3029 excusationem
515 2984 674 3029 habet:
716 2986 795 3029 sed
821 2985 916 3044 ipse
943 2986 1172 3030 Dominus
1198 2986 1442 3035 excusavit,
1461 2996 1700 3044 peccatum
1726 2984 2087 3043 crucifigentium

131 3066 253 3106 eum,
279 3052 435 3097 dicens
455 3053 576 3109 (Luc.
594 3052 674 3112 13.)
689 3067 701 3095 :
723 3053 863 3107 Pater,
890 3055 1051 3111 ignosce
1076 3054 1172 3107 illis,
1201 3055 1300 3112 quia
1316 3055 1512 3107 nesciunt,
1530 3053 1628 3112 quid
1641 3054 1838 3113 faciunt;
1866 3066 1959 3095 non
1977 3064 2086 3110 ergo

45 3140 53 3171 ‚J
130 3130 371 3178 peccatum
397 3133 558 3164 eorum
584 3118 668 3163 fuit
694 3120 1027 3178 gravissimum.

50 3179 52 3181 ’
221 3199 261 3230 2.
284 3187 580 3232 PRAETEREA.
612 3187 841 3231 Dominus
868 3187 976 3230 dixit
993 3186 1140 3231 Pilato
1161 3187 1291 3245 Joan.
1321 3201 1407 3247 19.:
1434 3188 1523 3244 Qui
1545 3187 1718 3231 tradidit
1743 3201 1804 3230 me
1831 3186 1922 3238 tibi,
1950 3186 2088 3243 majus

122 3260 341 3314 *peccatum
371 3255 517 3299 habet:
550 3254 646 3313 ipse
679 3264 832 3299 autem
863 3254 1035 3299 Pilatus
1067 3253 1175 3298 fecit
1206 3255 1443 3299 Christum
1475 3253 1678 3312 crucifigi
1711 3267 1789 3312 per
1821 3265 1927 3296 suos
1960 3250 2089 3294 mini·

130 3330 271 3375 stros;
297 3335 407 3380 ergo
433 3321 610 3366 videtur
633 3321 770 3367 fuisse
805 3322 950 3380 majus
982 3332 1223 3381 peccatum
1249 3322 1392 3380 Judae
1425 3320 1667 3379 proditoris
1700 3329 1888 3378 peccato
1917 3316 2088 3362 crucifi-

132 3387 337 3445 gentium
364 3388 614 3434 Christum.

225 3467 263 3512 3.
288 3453 584 3499 PRAETEREA.
613 3454 875 3499 Secundum
901 3454 1074 3499 Philos.
1101 3456 1146 3499 in
1178 3468 1212 3512 5.
1242 3455 1388 3499 Ethic.
1424 3453 1535 3512 (cap.
1555 3453 1646 3511 9.):
1685 3451 1888 3495 «Nullus
1921 3451 2086 3510 patitur

130 3519 350 3578 injustum
366 3519 591 3565 volensM
617 3531 676 3575 et,
701 3522 928 3580 sicutipse
945 3522 1114 3565 ibidem
1137 3522 1258 3576 dicit,
1286 3519 1448 3564 «nullo
1467 3519 1663 3578 patiente
1685 3519 1918 3577 injustum,
1934 3517 2086 3562 nullus

0 3608 2 3610 ·
34 3571 53 3625 ³'s
130 3584 241 3631 facit
263 3586 478 3645 injustum
500 3601 553 3641 »3
578 3600 689 3646 ergo
715 3586 886 3632 volenti
911 3587 1063 3632 nullus
1087 3586 1196 3631 facit
1220 3587 1461 3644 injustum:
1489 3585 1567 3630 sed
1595 3585 1805 3630 Christus
1831 3585 2085 3630 voluntarie
