2352 3926
635 224 910 278 Qumsrto
949 232 1095 271 XLVI.
1136 227 1444 271 ARTICULUS
1485 227 1559 270 lx.
1968 232 2069 287 395

27 367 32 387 5
114 325 292 396 &perid
326 333 508 378 exaltari
531 333 673 391 filium
711 334 914 378 hominis:
943 335 1038 393 ipse
1072 343 1224 379 autem
1259 334 1469 378 Christus
1501 333 1662 378 dicitur
1694 333 1766 378 Sol
1790 333 1993 392 sustitiae,
2028 341 2077 376 ut

23 402 31 418 ⁶
98 406 238 471 'patet
261 399 518 444 Malachiae
547 399 732 455 ultimo;
759 414 869 458 ergo
896 401 1086 454 videtur,
1114 401 1236 460 quod
1260 401 1464 445 debuerit
1490 401 1580 460 pati
1598 401 1713 444 hora
1734 409 1875 453 sexta,
1891 400 2075 459 quando

113 460 185 512 ⁸61
209 476 277 511 est
301 467 346 510 in
373 480 454 511 sua
481 468 680 510 maxima
708 467 1003 512 exaltatione:
1033 469 1159 526 cujus
1187 468 1467 511 contrarium
1493 468 1669 511 videtur
1689 481 1771 526 per
1795 467 1840 510 id
1867 467 1989 527 quod
2016 467 2078 509 di-

113 533 229 578 citur
243 533 385 577 Marc.
410 547 496 591 15.:
516 535 623 578 Erat
647 540 783 578 autem
809 534 913 578 hora
940 536 1079 588 tertia,
1111 540 1147 578 et
1172 536 1467 585 crucifixerunt
1493 549 1599 579 eum.

16 648 27 655 y
205 614 243 660 3.
260 600 557 645 Pus-ream.
594 601 721 644 Sicut
747 600 853 644 sol
842 615 888 643 m
915 601 1030 644 hora
1056 610 1180 644 sexta
1208 601 1407 644 maxime
1435 601 1656 645 exaltatur
1677 600 1880 659 quolibet
1906 586 1992 655 die,
2014 601 2076 644 ita

24 670 37 703 Ἃ
109 667 158 713 in
184 667 380 713 solstitio
407 667 610 713 aestivali
636 669 754 711 maxi
761 681 834 711 me
861 668 1081 711 exaltatur
1106 667 1309 726 quolibet
1336 682 1482 721 anno3
1501 668 1655 712 debuit
1681 682 1792 726 ergo
1820 668 1967 726 magis
1983 667 2077 727 pati

113 736 235 779 circa
258 744 439 794 ternpus
465 734 643 779 solstitii
672 733 910 788 aestivalis,
938 749 1076 793 quam
1104 735 1225 777 circa
1250 744 1429 792 tempus
1458 735 1734 792 aequinoctii
1759 734 1970 779 vernalis.

85 856 89 860 ἡ
201 813 243 857 4.
269 802 566 847 PRAETEREA.
586 801 672 845 Per
692 802 995 860 praesentiam
1024 801 1195 845 Christi
1222 801 1268 844 in
1293 795 1468 844 mundo
1497 802 1693 845 mundus
1719 801 2075 855 illuminabatur,

19 870 25 879 ⁴
110 868 365 914 secundum
390 868 501 912 illud
522 868 652 926 Joan.
679 880 748 926 9.:
777 868 994 924 Quamdiu
1010 883 1100 912 sum
1132 870 1177 911 in
1213 868 1382 921 mundo,
1407 869 1481 912 lux
1500 883 1591 912 sum
1614 868 1776 920 mundi;
1797 868 2075 912 conveniens

106 935 249 995 ‘igitur
278 934 435 980 fuisset
459 935 688 978 humanae
715 927 862 989 saluti,
880 945 929 979 ut
954 935 1119 979 diutius
1145 935 1190 978 in
1214 935 1304 979 hoc
1328 936 1502 979 mundo
1524 935 1722 989 vixisset,
1744 935 1805 979 ita
1831 935 1954 995 quod
1978 946 2075 980 non

95 1008 340 1060 'pateretur
363 1001 411 1045 in
435 1001 620 1059 juvenili
650 1011 810 1055 aetate,
837 1003 915 1046 sed
942 1002 1089 1060 magis
1116 1002 1162 1045 in
1189 1002 1332 1045 senili.

201 1068 297 1113 SED
324 1077 519 1113 CONTRA
546 1078 627 1121 est,
650 1069 772 1127 quod
800 1069 962 1112 dicitur
982 1069 1112 1126 Joan.
1146 1083 1237 1127 13.:
1267 1069 1407 1113 Sciens
1417 1069 1545 1125 Iesus,
1573 1070 1673 1127 quia
1698 1071 1814 1113 venit
1839 1069 1944 1112 hora
1969 1071 2071 1126 ejus,

96 1138 159 1180 ‘m‘
180 1137 363 1180 lranseat
386 1135 432 1180 de
458 1135 531 1179 hoc
557 1135 710 1179 mundo
738 1135 791 1179 ad
808 1136 977 1180 Patrem
989 1151 1005 1188 ‚·
1040 1146 1084 1179 et
1103 1135 1233 1192 Joan.
1259 1148 1297 1180 2.
1317 1136 1446 1180 dicit:
1475 1135 1674 1180 Nondum
1699 1138 1811 1179 venit
1836 1135 1940 1179 hora
1956 1149 2048 1179 mea
2055 1150 2072 1187 ;

18 1200 28 1246 ζ
111 1202 188 1247 ubi
213 1203 322 1247 dicit
347 1203 539 1262 August.
568 1203 707 1258 (tract.
735 1204 774 1248 8.
802 1205 847 1247 in
864 1204 989 1260 Joan.
1022 1203 1076 1247 ad
1088 1203 1205 1261 fin.).·
1225 1220 1248 1244 «
1268 1203 1359 1247 Ubi
1384 1211 1562 1247 tantum
1598 1202 1718 1255 fecit,
1742 1211 1963 1260 quantum
1989 1201 2075 1245 suf-

106 1268 247 1315 ficere
269 1269 499 1329 judicavit,
518 1270 642 1313 venit
657 1270 771 1313 hora
798 1271 908 1328 ejus,
925 1284 1019 1314 non
1036 1270 1332 1324 necessitatis,
1355 1270 1434 1315 sed
1455 1270 1702 1314 voluntatis
1719 1285 1761 1324 »;
1784 1268 2075 1313 convenienti

104 1336 248 1396 'igitur
270 1346 480 1396 tempore
502 1350 659 1395 passus
681 1347 761 1381 est.

29 1446 38 1451 ,,
197 1403 487 1449 RESPONDEO
505 1404 766 1458 dicendum,
793 1404 929 1462 quod,
956 1404 1072 1448 sicut
1097 1418 1231 1463 supra
1249 1405 1419 1448 dictum
1439 1414 1506 1448 est
1529 1404 1632 1462 (art.
1656 1420 1691 1449 Ι.
1714 1404 1802 1462 huj.
1820 1404 1898 1462 q.),
1921 1403 2074 1460 passio

111 1470 282 1524 Christi
307 1471 509 1530 subjecta
535 1481 630 1515 erat
655 1473 751 1529 ejus
776 1470 1023 1515 voluntati:
1042 1471 1254 1515 voluntas
1278 1482 1429 1515 autem
1453 1473 1549 1530 ejus
1572 1472 1814 1529 regebatur
1836 1470 1988 1513 divina
2011 1483 2076 1513 sa-

112 1537 297 1597 pientia,
323 1551 440 1596 quae
473 1538 628 1582 omnia
656 1538 995 1591 convenienter,
1019 1547 1063 1582 et
1084 1539 1282 1589 suaviter
1303 1539 1516 1597 disponit,
1543 1548 1592 1582 ut
1618 1538 1783 1582 dicitur
1810 1537 1917 1596 Sap.
1938 1538 2004 1582 8.:
2031 1547 2076 1581 et

109 1605 215 1649 ideo
242 1605 485 1649 dicendum
511 1614 591 1659 est,
619 1605 740 1663 quod
774 1605 1064 1649 convenienti
1096 1614 1304 1664 tempore
1337 1606 1489 1664 passio
1518 1605 1691 1649 Christi
1722 1605 1951 1649 celebrata
1983 1614 2073 1649 est:

21 1725 22 1728 Ἰ
109 1672 231 1716 unde
256 1673 447 1731 August.
480 1672 526 1715 in
552 1671 625 1716 lib.
657 1671 768 1724 QQ.
793 1672 972 1726 veteris,
999 1682 1043 1716 et
1063 1673 1172 1715 novi
1196 1671 1483 1722 Testamenti
1510 1672 1568 1730 (q.
1591 1686 1648 1731 55.
1682 1674 1727 1716 in
1755 1673 1915 1731 princ.)
1941 1671 2080 1715 dicit:

110 1746 137 1781 ιι
162 1738 339 1784 Omnia
363 1738 554 1799 propriis
579 1738 708 1792 locis,
734 1749 779 1783 et
804 1739 1086 1798 temporibus
1114 1740 1253 1797 gessit
1278 1739 1490 1783 Salvator
1515 1755 1555 1782 2).

199 1806 277 1850 ΑΒ
307 1814 495 1851 pamma
520 1819 631 1864 ergo
657 1806 917 1860 dicendum,
945 1805 1067 1864 quod
1090 1807 1274 1864 quidam
1308 1807 1462 1850 dicunt
1480 1805 1715 1850 Christum
1734 1805 1871 1850 fuisse
1888 1818 2073 1864 passum

108 1873 448 1932 quartadecima
478 1871 601 1926 luna,
634 1872 819 1931 quando
863 1873 1023 1930 Judaei
1049 1873 1226 1916 Pascha
1253 1873 1577 1925 immolabant:
1621 1874 1741 1917 unde
1768 1864 1812 1917 et
1838 1872 1969 1930 Joan.
2003 1873 2070 1916 18.

27 1935 51 1987 ’ῖ.
96 1939 284 1994 dicitur,
310 1939 432 1999 quod
454 1939 614 1998 Judaei
638 1954 722 1983 non
747 1941 1000 1984 introierunt
1029 1942 1074 1983 in
1098 1942 1362 1999 praetorium
1388 1941 1516 1984 Pilati
1533 1941 1634 1999 ipso
1662 1941 1733 1984 die
1760 1940 1999 1998 passionis,
2025 1946 2073 1984 ut

104 2011 193 2051 non
235 2008 641 2061 contaminarentur,
682 2006 749 2050 sed
787 2001 833 2050 ut
872 2007 1172 2052 manducarent
1212 2008 1398 2052 Pascha:
1442 2007 1517 2050 ubi
1561 2007 1923 2066 Chrysostomus
1964 2007 2074 2050 dicit

91 2072 242 2130 (hom.
266 2073 336 2119 82.
367 2075 412 2116 in
438 2074 560 2130 Joan.
595 2086 621 2117 a
656 2073 781 2131 med.)
810 2074 931 2132 quod
961 2089 986 2115 ε(
1011 2083 1118 2118 tunc
1157 2074 1315 2132 Judaei
1348 2073 1573 2117 faciebant
1599 2074 1804 2128 Pascha;
1831 2075 1927 2133 ipse
1962 2087 2071 2118 vero

24 2135 49 2190 ζ
107 2144 212 2184 fin&
237 2146 377 2184 unam
399 2140 519 2184 diem
547 2139 791 2184 celebravit
808 2140 999 2195 Pascha,
1019 2155 1257 2185 reservans
1274 2155 1405 2185 suam
1427 2141 1714 2184 occisionem
1741 2151 1894 2185 sextae
1916 2139 2071 2194 feriae,

93 2203 290 2266 Quando
315 2213 447 2251 vetus
463 2207 640 2251 Pascha
662 2207 797 2251 fiebat
822 2223 874 2261 >³3
902 2208 973 2251 cui
999 2208 1176 2252 videtur
1203 2221 1472 2261 consonare,
1496 2209 1618 2267 quod
1641 2208 1804 2252 dicitur
1825 2209 1956 2266 Joan.
1988 2221 2071 2266 13„

18 2295 37 2319 .“
104 2273 230 2333 quod
269 2279 365 2319 ante
403 2274 512 2318 diem
535 2274 687 2333 festum
714 2274 894 2319 Paschae
922 2274 1126 2329 Christus,
1150 2276 1272 2334 facta
1299 2290 1439 2329 coena,
1469 2276 1590 2335 pedes
1621 2275 1921 2335 discipulorum
1952 2275 2071 2319 lavit.

19 2373 38 2400 1.
85 2339 200 2384 ‘'Secl
217 2350 375 2384 contra
401 2340 492 2384 hoc
513 2341 691 2384 videtur
717 2355 829 2395 esse,
856 2341 977 2399 quod
1005 2342 1167 2386 dicitur
1192 2342 1353 2386 Matth.
1383 2342 1468 2395 26„
1495 2343 1617 2401 quod
1636 2344 1783 2401 prima
1813 2342 1878 2386 die
1898 2342 2074 2400 azymo-

25 2415 46 2470 ⁴3
95 2413 203 2452 'nm
215 2413 474 2452 accesserunt
489 2407 678 2467 discipuli
703 2408 756 2452 ad
766 2409 922 2464 jesum,
940 2407 1128 2453 dicentes:
1153 2410 1239 2453 Ubi
1253 2411 1320 2453 vis
1331 2418 1528 2468 paremus
1545 2411 1620 2453 tibi
1646 2409 1852 2454 comedere
1876 2409 2069 2454 Pascha?

107 2486 162 2518 ex
186 2488 278 2533 quo
309 2484 445 2534 patet,
478 2475 600 2534 quod
636 2490 660 2516 «
692 2490 798 2519 cum
830 2475 1005 2534 primus
1035 2476 1146 2521 dies
1166 2490 1434 2535 azymorum
1469 2478 1643 2520 dicatur
1675 2476 2072 2535 quartusdecimus

82 2539 202 2584 *mes
239 2541 409 2585 mensis
435 2541 584 2599 primi,
611 2542 810 2600 quando
828 2554 970 2601 agnus
997 2542 1335 2597 immolabatur,
1362 2553 1408 2588 et
1432 2543 1539 2587 luna
1567 2543 1832 2602 plenissima
1864 2553 1932 2587 est
1949 2559 1990 2596 »,
2023 2553 2072 2587 ut

33 2614 62 2654 ;-.
78 2606 293 2652 “Hier-on,
327 2607 435 2651 dicit
466 2609 578 2667 (sup
611 2608 716 2652 illud
752 2609 904 2654 Matth.
937 2609 1036 2654 26..·
1074 2611 1222 2654 Prima
1265 2610 1329 2655 die
1370 2625 1622 2669 azymorum
1662 2616 1918 2655 accesserunt
1956 2616 2016 2654 etc
2020 2607 2068 2668 .‚)

49 2672 286 2718 ’Ἳίέόιιειεῐ
310 2675 649 2733 quartadecima
674 2675 781 2719 luna
809 2675 1045 2724 Christum
1079 2691 1273 2721 coenam
1305 2676 1480 2731 fecisse,
1515 2687 1559 2722 et
1590 2677 1930 2736 quintadecima
1962 2689 2068 2720 eum

51 2740 206 2785 -ῑ-*Ἑεεε
231 2754 440 2800 passum:
469 2751 513 2785 et
537 2742 627 2786 hoc
655 2745 907 2801 expressius
934 2742 1247 2787 manifestatur
1273 2758 1352 2803 per
1377 2744 1422 2788 id
1461 2744 1583 2803 quod
1616 2745 1778 2787 dicitur
1804 2744 2066 2798 Marc.14..

81 2807 252 2866 J‘Fn‘mo
268 2807 331 2853 die
348 2819 614 2867 azymorum,
629 2809 792 2867 quando
810 2810 969 2854 Pascha
991 2811 1278 2863 immolabant,
1298 2820 1399 2864 etc.,
1418 2821 1462 2854 et
1479 2811 1590 2855 Luc.
1609 2823 1702 2855 22.:
1731 2812 1848 2855 Venit
1868 2810 1950 2855 dies
1971 2824 2070 2868 azy-

81 2873 88 2890 ²
103 2878 288 2928 ¹nimum,
306 2875 352 2918 in
367 2889 447 2933 quo
471 2889 622 2919 necesse
644 2882 733 2920 erat
754 2876 886 2920 occidi
902 2877 1080 2934 Pascha;
1104 2888 1148 2921 et
1174 2878 1277 2921 ideo
1305 2878 1489 2936 quidam
1517 2878 1685 2931 dicunt,
1713 2878 1835 2936 quod
1857 2877 2068 2921 Christus

47 2938 179 2994 5222die
205 2941 509 2996 convenienti,
536 2941 652 2986 idest
676 2944 1018 3001 quartadecima
1054 2944 1177 2997 luna,
1205 2944 1384 2988 Pascha
1417 2959 1520 2988 cum
1556 2944 1787 3002 discipulis
1825 2944 1916 2988 suis
1944 2956 2067 2986 man-

20 3004 23 3007 *
61 3005 308 3055 fatuavit:
340 3023 364 3049 «
390 3009 707 3054 demonstrans
733 3010 855 3069 quod
884 3025 1024 3069 usque
1059 3012 1113 3054 ad
1146 3011 1359 3055 ultimum
1393 3013 1513 3056 diem
1549 3026 1645 3056 non
1682 3022 1777 3055 erat
1815 3011 2068 3055 contrarius

66 3071 195 3133 legi
212 3091 254 3129 »,
272 3085 320 3119 ut
347 3075 708 3135 Chrysostomus
735 3077 844 3120 dicit
870 3091 1005 3135 super
1031 3078 1190 3121 Matth.
1218 3079 1347 3135 (hom.
1377 3080 1445 3124 82.
1464 3094 1490 3123 a
1508 3081 1634 3138 princ
1638 3079 1692 3135 .),·
1717 3079 1795 3122 sed
1808 3077 1968 3135 Judaei
1996 3090 2070 3121 oc-

33 3160 83 3200 :3
93 3142 255 3207 capati
281 3142 401 3186 circa
427 3144 799 3202 procurationem
825 3145 986 3189 mortis
1014 3145 1200 3198 Christi,
1228 3156 1387 3190 contra
1414 3146 1579 3203 legem,
1607 3146 1961 3189 celebrationem
1990 3143 2071 3187 Pa·

84 3199 276 3252 iffschae
266 3222 311 3252 m
340 3210 588 3254 crastinum
620 3210 912 3255 distulerunt:
948 3222 992 3255 et
1025 3222 1207 3270 propter
1239 3212 1329 3256 hoc
1364 3213 1419 3256 de
1453 3213 1522 3256 his
1551 3212 1724 3263 dicitur,
1759 3211 1881 3268 quod
1914 3211 1960 3253 in
1994 3210 2067 3253 die

48 3270 324 3332 passionis
351 3275 521 3320 Christi
547 3276 792 3321 noluerunt
818 3279 982 3322 intrare
1010 3279 1302 3337 praetorium,
1330 3289 1378 3322 ut
1403 3293 1495 3322 non
1525 3278 1957 3329 contaminarentur,
1985 3276 2064 3320 sed

18 3343 63 3392 {³³
93 3346 156 3384 ut
178 3342 507 3387 manducarent
531 3344 731 3388 Pascha.
762 3345 839 3388 sed
866 3359 950 3389 nec
978 3345 1095 3389 istud
1129 3346 1305 3388 videtur
1337 3359 1434 3389 esse
1463 3358 1718 3388 consonum
1748 3343 1895 3386 verbis
1923 3343 2068 3387 Marci

20 3409 54 3481 ᾖξ’
106 3405 314 3451 dicentis:
344 3408 486 3453 Primo
518 3410 582 3455 die
613 3424 883 3469 azymorum,
910 3411 1075 3470 quando
1102 3412 1261 3455 Pascha
1293 3412 1594 3455 immolabant:
1624 3409 1760 3453 simul
1794 3423 1903 3467 ergo
1933 3409 2067 3453 Chri-

34 3489 47 3507 ε’
104 3479 214 3526 stus,
238 3482 283 3516 et
300 3472 460 3530 Judaei
483 3485 612 3519 vetus
638 3476 819 3521 Pascha
845 3477 1210 3531 celebraverunt3
1237 3487 1294 3531 et,
1322 3478 1437 3521 sicut
1464 3477 1585 3520 Beda
1619 3476 1727 3519 dicit
1758 3489 1892 3533 super
1923 3476 2065 3521 Marc.

18 3495 69 3615 }
105 3537 222 3597 (cap.
248 3551 311 3597 43.
336 3538 555 3584 secundum
587 3545 675 3599 ejus
699 3543 923 3601 ordinem),
947 3559 971 3584 α
988 3543 1095 3587 licet
1117 3543 1340 3600 Christus,
1368 3544 1443 3601 qui
1471 3554 1536 3586 est
1558 3541 1734 3586 Pascha
1761 3551 1982 3596 nostrum,
2009 3543 2066 3588 sit

20 3598 56 3713 ξ
109 3603 347 3649 crucifixus
363 3606 569 3665 sequenti
584 3605 658 3652 die
671 3623 714 3663 n,
724 3608 815 3652 hoc
833 3618 901 3653 est
915 3610 1254 3668 quintadecima
1276 3609 1405 3653 luna:
1428 3626 1450 3650 α
1468 3617 1623 3653 tamen
1639 3619 1790 3663 nocte,
1814 3623 1903 3668 qua
1920 3623 2064 3668 agnus
2125 3634 2127 3637 f
