2352 3926
287 217 395 285 566
804 230 1079 275 QUAESTIO
1118 230 1263 269 LXVI.
1304 214 1613 270 ARTIcuLus
1651 232 1728 272 tx.

373 333 448 377 AD
467 345 692 384 QUINTUM
719 332 978 386 dicendum,
1011 333 1134 391 quod
1166 342 1407 391 utrumque
1440 343 1792 388 sacramentum,
1823 333 1998 380 scilicet
2026 335 2241 396 baptismi

285 410 329 444 et
354 398 677 453 Eucharistiae,
705 408 772 443 est
796 399 1238 458 repraesentativum.
1259 399 1532 444 Dominicae
1564 400 1740 455 mortis,
1766 410 1812 444 et
1831 402 2097 460 passionis:
2116 401 2245 451 aliter

284 477 454 520 tamen,
482 476 524 510 et
553 465 695 519 aliter,
722 479 830 509 nam
856 466 902 508 in
927 465 1156 524 baptismo
1185 477 1579 511 commemoratur
1610 481 1736 511 mors
1763 467 1950 522 Christi,
1975 469 2245 528 inquantum

283 535 428 578 homo
443 533 628 577 Christo
643 533 956 587 commoritur,
980 533 1089 577 utin
1110 547 1282 578 novam
1298 534 1440 577 vitam
1461 544 1770 592 regeneretur:
1789 534 1867 579 sed
1885 534 1933 579 in
1955 543 2243 582 sacramento

284 600 594 644 Eucharistiae
623 609 1015 644 commemoratur
1045 615 1170 645 mors
1205 600 1391 656 Christi,
1423 601 1692 660 inquantum
1729 602 1825 661 ipse
1862 601 2070 647 Christus
2087 617 2245 663 passus

285 668 518 712 exhibetur
535 667 682 721 nobis,
701 667 825 726 quasi
841 666 1056 726 paschale
1083 668 1360 722 convivium,
1383 668 1636 712 secundum
1654 668 1765 712 illud
1795 682 1831 713 1.
1859 669 1915 713 ad
1947 669 2157 715 Corinth.
2181 683 2244 729 5.:

282 735 441 780 Pascha
467 740 653 779 nostrum
680 734 917 779 immolatus
949 741 1005 780 est
1033 735 1218 780 Christus
1233 737 1408 794 .·'itaque
1439 735 1681 795 epulemur5
1709 745 1754 780 et
1783 736 1889 795 quia
1919 735 2064 781 homo
2097 737 2244 782 semel

281 803 494 857 nascitur,
521 796 753 846 multo‘ties
782 812 936 847 autern
962 803 1150 858 cibatur,
1176 802 1321 847 semel
1345 811 1525 847 tantum
1555 802 1687 848 datur
1721 803 1984 862 baptismus,
2010 802 2245 850 multoties

284 880 436 915 autem
458 868 757 915 Eucharistia.

987 1032 1423 1090 ARTICULUS
1463 1033 1533 1088 X.
2161 1059 2241 1107 373

387 1208 398 1223 ,
443 1169 635 1208 UTRUM
673 1169 851 1221 RITUS,
895 1169 1012 1216 Quo
1054 1150 1320 1209 ECCLESIA
1360 1171 1417 1210 IN
1459 1170 1808 1209 BAPTIZANDO
1849 1169 2079 1221 UTITUR,

1028 1252 1113 1290 srr
1137 1253 1500 1293 CONVENIENS.

543 1361 603 1420 (4.
629 1362 740 1406 Dist.
768 1376 807 1407 2.
835 1377 874 1420 q.
900 1377 935 1407 1.
963 1368 1045 1406 art.
1063 1376 1100 1421 3.
1127 1361 1181 1406 ad
1207 1375 1245 1420 7.
1273 1368 1310 1406 et
1335 1362 1446 1406 Dist.
1475 1362 1518 1406 6.
1550 1362 1587 1420 q'.
1615 1367 1765 1423 24art.
1791 1376 1827 1406 1.
1853 1374 1892 1420 q.
1910 1360 1986 1420 3.).

374 1473 450 1517 AD
477 1486 699 1518 DECIMUM
726 1473 790 1517 sic
817 1472 1090 1532 proceditur.
1117 1471 1323 1527 Videtur,
1350 1473 1473 1531 quod
1498 1486 1592 1516 non
1618 1471 1676 1516 sit
1701 1470 1979 1516 conveniens
2003 1469 2130 1524 ritus,
2150 1481 2245 1530 quo

283 1540 488 1586 Ecclesia
515 1541 652 1584 utitur
677 1540 723 1583 in
749 1540 1045 1599 baptizando:
1074 1549 1121 1583 ut
1148 1540 1272 1583 enim
1298 1540 1406 1583 dicit
1424 1539 1785 1599 Chrysostomus
1807 1538 2005 1596 (habetur
2023 1539 2070 1582 in
2083 1537 2243 1596 fragm.

286 1609 499 1653 Chromczt.
526 1609 571 1651 in
587 1607 785 1652 Biblioth.
809 1608 892 1651 ΡΡ.
921 1613 957 1652 et
983 1615 1072 1666 cap.
1099 1621 1165 1652 10.
1185 1607 1251 1651 De
1271 1607 1463 1651 Consecr.
1481 1606 1572 1651 dist.
1598 1606 1679 1665 4.)‚
1712 1618 1987 1665 «nunquam
2013 1618 2157 1664 aquae
2172 1604 2247 1649 ba·

281 1675 434 1734 ptismi
461 1689 653 1734 purgare
679 1684 868 1732 peccata
895 1674 1177 1718 credentium
1203 1683 1403 1733 possent,
1424 1674 1510 1718 nisi
1531 1683 1655 1718 tactu
1672 1673 1908 1718 Dominici
1925 1671 2130 1732 corporis
2145 1685 2246 1717 san·

281 1742 505 1786 ctificatae
522 1741 709 1785 fuissent
728 1758 777 1786 »2
801 1741 891 1785 hoc
912 1751 1064 1785 autem
1082 1740 1255 1785 factum
1278 1740 1362 1785 fuit
1376 1741 1422 1784 in
1440 1741 1666 1800 baptismo
1688 1741 1870 1795 Christi,
1893 1739 1971 1800 qui
1992 1739 2244 1784 celebratur

278 1809 325 1852 in
343 1808 458 1854 festo
477 1809 781 1868 Epiphaniae;
807 1822 918 1867 ergo
937 1809 1084 1868 magis
1104 1809 1286 1853 deberet
1308 1808 1526 1853 celebrari
1551 1807 1770 1852 solemnis
1787 1806 2103 1868 baptismus-in
2121 1805 2241 1852 festo

279 1877 576 1936 Epiphaniae,
602 1890 740 1935 quam
766 1876 812 1919 in
839 1875 995 1935 vigilia
1020 1876 1241 1930 Paschae,
1269 1886 1314 1920 et
1338 1876 1385 1919 in
1411 1875 1566 1935 vigilia
1593 1877 1899 1920 Pentecostes.

369 1957 410 1988 2'.
437 1944 734 1988 PRAETEREA.
763 1943 834 1987 Ad
860 1943 985 1987 idem
1011 1953 1350 1988 sacramentum
1376 1939 1673 1987 nonvidetur
1698 1941 1924 2001 pertinere
1956 1941 2237 1986 diversarum

279 2011 577 2056 materiarum
603 2025 730 2055 usus:
759 2010 837 2055 sed
865 2011 921 2055 ad
942 2011 1222 2088 baptismum
1247 2011 1441 2070 pertinet
1473 2009 1643 2055 ablutio
1678 2024 1846 2069 aquae;
1866 2009 2243 2054 inconvenienter

277 2081 412 2138 igitur
437 2078 514 2123 ille
542 2079 619 2138 qui
643 2078 907 2138 baptizatur,
926 2079 1019 2123 bis'
1009 2079 1241 2137 inungitur
1259 2078 1364 2122 oleo
1383 2088 1557 2132 sancto,
1580 2077 1781 2137 primum
1797 2077 1843 2121 in
1860 2085 2063 2137 pectore,
2078 2074 2241 2121 deinde

276 2148 394 2191 inter
419 2145 640 2206 scapulas,
668 2156 713 2190 et
743 2146 876 2190 tertio
911 2146 1193 2190 chrismate
1181 2161 1228 2190 m
1255 2146 1436 2190 vertice.

372 2228 409 2273 3.
436 2213 733 2258 PRAETEREA.
752 2213 804 2257 In
829 2212 994 2258 Christo
1005 2214 1101 2270 Jesu
1122 2228 1206 2257 non
1223 2219 1277 2258 est
1294 2214 1510 2268 masculus,
1534 2213 1785 2272 etfoemina,
1808 2212 2017 2257 barbarus
2036 2216 2074 2256 et
2089 2210 2242 2270 Scytha

278 2281 454 2338 (Coloss.
478 2296 498 2340 3
504 2280 553 2338 .‚)
583 2289 625 2325 et
648 2280 808 2325 eadem
834 2280 1011 2325 ratione
1028 2295 1113 2325 nec
1133 2280 1310 2339 aliquae
1330 2279 1445 2324 aliae
1470 2280 1736 2339 hujusmodi
1767 2278 2068 2327 differentiae·
2093 2276 2241 2323 multo

277 2349 412 2407 igitur
429 2348 579 2391 minus
597 2348 832 2392 diversitas
854 2348 1050 2392 vestium
1069 2347 1237 2407 aliquid
1254 2357 1468 2407 operatur
1483 2347 1530 2391 in
1547 2347 1636 2392 fide
1655 2346 1851 2402 Christi3
1867 2344 2243 2391 inconvenienter

278 2417 414 2475 igitur
438 2414 675 2474 baptizatis
701 2415 889 2459 traditur
916 2416 1108 2459 candida
1133 2415 1285 2459 vestis.

367 2494 408 2538 4.
436 2482 733 2527 PRAETEREA.
762 2482 870 2527 Sine
903 2482 1168 2542 hujusmodi
1202 2482 1500 2527 observantiis
1533 2491 1683 2541 potest
1713 2482 1964 2542 baptismus
1991 2479 2234 2526 celebrari:

276 2551 391 2595 haec
416 2550 553 2609 igitur
579 2564 695 2609 quae
729 2550 848 2594 dicta
874 2560 991 2605 sunt,
1017 2550 1227 2594 videntur
1254 2564 1352 2595 esse
1374 2548 1615 2610 superflua,
1633 2559 1678 2594 et
1702 2549 1764 2594 ita
1790 2548 2164 2594 inconvenienter
2179 2547 2235 2593 ab

277 2616 484 2662 Ecclesia
509 2616 713 2661 instituta
740 2631 836 2661 esse
863 2617 909 2660 in
936 2619 1022 2662 ritu
1048 2617 1275 2677 baptismi.

367 2685 462 2730 SED
490 2697 686 2730 CONTRA
718 2694 798 2739 est,
832 2685 954 2744 quod
982 2685 1188 2730 Ecclesia
1225 2684 1396 2744 regitur
1423 2683 1592 2744 Spiritu
1620 2683 1807 2739 Sancto,
1834 2683 1912 2744 qui
1936 2681 2052 2728 nihil
2074 2682 2242 2728 inordi-

277 2762 435 2799 natum
457 2761 683 2811 operatur.
1470 2758 1473 2760 ’

331 2842 334 2845 ·
366 2819 656 2865 RESPONDEO
684 2818 942 2873 dicendum,
970 2819 1090 2878 quod
1118 2820 1164 2863 in
1190 2829 1478 2864 sacramento
1494 2818 1708 2879 baptismi
1735 2817 1902 2878 aliquid
1928 2816 2090 2878 agitur,
2115 2817 2239 2878 quod

278 2898 345 2933 est
372 2888 427 2932 de
451 2886 719 2931 necessitate
747 2887 1034 2941 sacramenti,
1063 2897 1106 2930 et
1133 2886 1301 2946 aliquid
1320 2897 1400 2941 est,
1419 2887 1541 2946 quod
1570 2886 1626 2930 ad
1653 2885 1882 2946 quandam
1897 2883 2237 2930 solemnitatem

278 2954 552 3000 sacramenti
572 2953 778 3012 pertinet.
806 2954 877 2996 De
909 2954 1178 2998 necessitate
1213 2954 1397 3013 quidem
1429 2953 1701 2999 sacramenti
1732 2963 1799 2997 est
1833 2952 1997 3008 forma,
2023 2966 2140 3013 quae
2166 2951 2236 2998 de-

278 3023 428 3083 signat
452 3020 752 3081 principalem
780 3034 966 3064 causam
994 3024 1291 3075 sacramenti;
1320 3031 1365 3066 et
1391 3023 1608 3075 minister,
1627 3021 1703 3081 qui
1720 3031 1787 3065 est
1813 3034 1949 3065 causa
1970 3020 2239 3066 instrumen-

277 3089 404 3145 talis;
432 3099 476 3134 et
508 3103 613 3133 usus
647 3088 878 3141 materiae,
906 3087 1078 3131 scilicet
1115 3088 1284 3131 ablutio
1318 3090 1363 3132 in
1399 3094 1534 3148 aqua,
1557 3103 1672 3148 quae
1699 3087 1906 3146 designat
1938 3085 2236 3147 principalem

278 3157 554 3204 sacramenti
581 3156 806 3201 effectum.
836 3155 1030 3200 Caetera
1056 3170 1164 3199 vero
1200 3157 1369 3211 omnia,
1398 3171 1513 3215 quae
1546 3157 1592 3200 in
1626 3156 1712 3200 ritu
1738 3154 1998 3215 baptizandi
2023 3154 2235 3200 observat

280 3225 500 3279 Ecclesia,
527 3224 674 3284 magis
703 3223 928 3283 pertinent
961 3222 1015 3265 ad
1050 3222 1278 3281 quandam
1307 3223 1646 3268 solemnitatem
1679 3221 1967 3277 sacramenti,
1998 3235 2116 3281 quae
2141 3221 2240 3282 qui-

281 3294 383 3337 dem
404 3293 675 3337 adhibentur
687 3291 732 3335 in
751 3299 1039 3335 sacramento
1068 3299 1249 3348 propter
1271 3291 1375 3334 tria:
1399 3293 1542 3350 primo
1566 3290 1751 3349 quidem
1773 3290 1829 3334 ad
1854 3289 2142 3334 excitandam
2163 3288 2239 3334 de*
2347 3330 2352 3364 1

280 3361 518 3405 votionem
541 3359 759 3413 fidelium,
778 3369 821 3403 et
838 3357 1140 3402 reverentiam
1160 3358 1213 3400 ad
1232 3369 1593 3403 sacramentum:
1620 3359 1657 3403 si
1676 3358 1799 3402 enim
1821 3356 2088 3417 simpliciter
2107 3355 2236 3402 fieret
2342 3372 2352 3449 ξ

283 3427 452 3472 ablutio
481 3428 525 3472 in
554 3441 670 3487 aqua
699 3426 866 3486 absque
893 3424 1197 3478 solemnitate,
1223 3424 1278 3469 de
1304 3424 1423 3469 facili
1453 3427 1506 3469 ab
1535 3426 1759 3485 aliquibus
1776 3425 2090 3470 aestimaretur
2105 3424 2233 3484 quasi

282 3495 506 3554 quaedam
548 3493 784 3539 communi
823 3492 1015 3537 ablutio:
1053 3491 1224 3536 secundo
1265 3492 1319 3535 ad
1361 3492 1563 3537 fidelium
1600 3493 1972 3538 instructionem:
2003 3491 2235 3551 simplices

282 3562 419 3617 enim,
447 3562 523 3621 qui
550 3562 707 3607 litteris
734 3575 827 3606 non
856 3560 1134 3614 erudiuntur,
1157 3567 1336 3618 oportet
1362 3560 1538 3604 erudire
1554 3575 1635 3619 per
1653 3559 1804 3619 aliqua
1820 3558 2049 3604 sensibilia
2072 3558 2227 3618 signu

281 3640 386 3688 puta
414 3644 492 3689 per
519 3630 731 3689 picturas,
760 3639 803 3674 et
830 3628 981 3688 aliqua
1007 3626 1291 3687 hujusmodi;
1319 3635 1362 3671 et
1383 3641 1462 3685 per
1489 3627 1610 3671 hunc
1638 3627 1829 3671 modum
1855 3640 1935 3687 per
1965 3638 2019 3672 ea
2044 3637 2162 3685 quae
2179 3624 2228 3670 in
