2352 3926
293 215 320 270 3
331 201 403 270 36
783 210 1062 257 QUAEsno
1103 209 1642 249 XXX1X.ART10uLus
1679 209 1754 248 vr.

381 315 458 360 AD
485 326 702 359 TERTmM
728 312 990 365 dicendum,
1016 311 1139 370 quod
1166 312 1283 355 sicut
1308 311 1548 371 Chrysost.
1572 311 1681 354 dicit
1705 323 1839 369 super
1850 310 2015 355 Matth.
2030 301 2252 369 (ᾖοηιὲἒῗη.

294 389 390 427 ante
421 381 512 426 med
516 382 563 437 .),
596 396 619 421 «
637 381 684 423 in
710 379 943 454 principiis
969 378 1272 435 spiritualium
1297 385 1461 423 rerum
1479 392 1662 436 semper
1687 376 1923 421 sensibiles
1949 373 2174 436 apparent
2191 378 2263 422 vi:-

293 449 459 501 siones,
486 457 671 522 propter
697 460 777 489 eos
804 446 881 503 qui
905 445 1083 489 nullam
1108 444 1459 506 intelligentiam
1487 443 1788 502 incorporalis
1813 453 2002 488 naturae
2023 444 2252 511 suseipere

292 524 503 574 possunt3
532 523 581 556 ut
606 513 644 556 si
665 521 825 571 postea
843 525 936 555 non
954 511 1078 565 fiant,
1095 525 1150 555 ex
1166 511 1238 555 his
1257 526 1372 570 quae
1389 511 1534 555 semel
1549 510 1670 554 facta
1687 519 1804 563 sunt,
1819 510 2042 569 recipiant
2055 509 2194 555 fidem
2206 522 2252 553 m

295 592 340 626 et
364 581 468 624 ideo
487 580 609 623 circa
628 579 864 622 Christum
882 578 1160 635 baptizatum
1178 578 1408 636 corporali
1424 578 1576 636 specie
1595 577 1788 634 Spiritus
1810 576 2006 621 Sanctus
2020 573 2256 629 vsssibiliter

293 647 539 701 descendit,
566 656 615 690 ut
640 659 775 704 super
799 659 961 689 omnes
977 645 1228 703 baptizatos
1250 644 1534 688 invisibiliter
1558 654 1717 702 postea
1736 643 1945 686 credatur
1960 643 2252 688 descendere.

382 715 458 757 AD
485 725 723 763 QUARTUM
750 712 1009 765 dicendum,
1043 712 1165 771 quod
1193 712 1384 770 Spiritus
1419 711 1613 754 Sanctus
1632 711 1693 753 -in
1726 710 1877 768 specie
1909 709 2155 754 columbae
2178 722 2256 769 ap·-

293 780 441 840 paruit
474 794 606 837 super
634 779 871 823 Christum
903 779 1196 837 baptizatum,
1231 787 1413 836 propter
1446 783 1652 836 quatuor:
1678 778 1820 836 primo
1854 776 2038 834 quidem
2070 785 2260 835 propter

294 847 657 905 dispositionem,
685 859 800 904 quae
834 845 1074 903 requiritur
1106 846 1152 888 in
1188 845 1429 903 baptizato,
1467 854 1517 888 ut
1548 843 1723 887 scilicet
1753 857 1847 886 non
1878 843 2011 887 fictus
2044 843 2254 887 accedat:

296 915 415 973 quia,
442 914 559 957 sicut
584 913 747 956 dicitur
774 912 880 970 Sap.
914 925 966 965 1.,
1000 912 1182 970 Spiritus
1205 912 1380 956 Sanctus
1400 911 1646 970 disciplinae
1668 911 1830 968 effugiet
1843 911 1989 968 fictum
2001 925 2018 962 ,·
2043 909 2259 954 columba

298 991 451 1025 autem
477 989 546 1024 est
572 978 743 1022 animal
768 978 975 1036 simplex,
1003 979 1166 1021 astutia
1198 987 1242 1021 et
1273 977 1381 1021 dolo
1416 991 1573 1020 carens
1596 993 1606 1031 ;
1634 977 1753 1020 unde
1781 977 1944 1020 dicitur
1969 976 2130 1020 Matth.
2155 987 2257 1020 ’και

296 1049 433 1092 Estote
453 1047 668 1105 simplices.
688 1047 795 1089 sicut
821 1045 1032 1089 columbae
1047 1061 1060 1088 .·
1086 1044 1259 1089 secundo
1288 1044 1343 1087 ad
1367 1044 1698 1101 designandum
1722 1053 1897 1102 septem
1919 1043 2040 1086 dona
2064 1043 2256 1102 Spiritus

300 1114 471 1167 Sancti,
485 1127 600 1171 quae
618 1111 832 1155 columba
845 1112 936 1155 suis
954 1111 1302 1169 proprietatibus
1314 1110 1557 1168 significat:
1574 1109 1788 1153 columba
1799 1110 1923 1154 enim
1941 1123 2070 1154 secus
2087 1109 2261 1154 fluenta

298 1180 486 1233 habitat,
513 1189 562 1223 ut
587 1179 707 1232 inde,
723 1180 822 1222 viso
851 1178 1080 1235 accipitre,
1108 1187 1286 1235 mergat
1303 1192 1364 1230 se,
1383 1187 1427 1220 et
1453 1177 1638 1230 evadat3
1656 1177 1778 1235 quod
1800 1176 1992 1235 pertinet
2008 1177 2064 1220 ad
2086 1176 2260 1220 donum

299 1247 562 1307 sapientiae,
589 1260 670 1304 per
696 1259 833 1303 quam
862 1244 1019 1287 Sancti
1045 1258 1175 1287 secus
1203 1243 1463 1302 Scripturae
1491 1244 1669 1287 divinae
1694 1243 1865 1286 fluenta
1889 1243 2102 1296 resident,
2128 1252 2178 1287 ut
2199 1242 2264 1286 in—

301 1329 486 1359 cursum
512 1312 683 1357 diaboli
709 1312 930 1365 evadant3
957 1312 1068 1354 item
1097 1310 1310 1354 columba
1337 1310 1531 1353 meliora
1557 1324 1698 1367 grana
1730 1309 1880 1367 eligit:
1914 1310 2037 1368 quod
2069 1309 2264 1368 pertinet

301 1382 357 1425 ad
383 1381 558 1425 donum
584 1379 815 1432 scientiae,
843 1392 932 1436 qua
956 1377 1114 1421 Sancti
1141 1377 1387 1421 sententias
1415 1390 1562 1429 sanas,
1590 1377 1750 1434 quibus
1777 1386 2033 1434 pascantur,
2060 1376 2261 1434 eligunt:

299 1450 410 1493 item
438 1447 652 1491 columba
680 1446 854 1489 alienos
888 1444 1036 1503 pullos
1069 1444 1231 1497 nutrit3
1267 1444 1388 1501 quod
1421 1444 1614 1501 pertinet
1647 1443 1702 1486 ad
1737 1444 1911 1487 donum
1944 1442 2139 1497 consilii,
2171 1456 2263 1502 quo

301 1516 446 1560 sancti
473 1514 700 1565 homines,
727 1512 804 1570 qui
829 1511 1010 1554 fuerunt
1036 1510 1161 1568 pulli,
1187 1510 1304 1554 idest
1327 1510 1580 1554 imitatores
1609 1509 1793 1563 diaboli,
1825 1510 2030 1554 doctrina
2047 1509 2264 1563 nutriunt,

303 1592 348 1626 et
373 1579 610 1638 exemplo:
638 1579 747 1622 item
776 1577 991 1621 columba
1016 1591 1110 1620 non
1138 1576 1309 1620 lacerat
1335 1586 1508 1630 rostr03
1542 1577 1664 1635 quod
1690 1577 1886 1635 pertinet
1917 1576 1973 1623 ad
2004 1576 2179 1621 donum
2203 1576 2267 1620 in·

301 1647 526 1700 tellectus‚
544 1645 666 1704 quod
685 1644 843 1688 Sancti
858 1644 1003 1687 bonas
1025 1644 1236 1686 scientias
1254 1642 1499 1686 lacerando
1521 1657 1615 1686 non
1632 1653 1908 1701 pervertunt,
1929 1643 2265 1689 haereticorum

303 1728 455 1758 more:
483 1714 593 1756 item
622 1711 836 1755 columba
862 1709 966 1753 felle
995 1719 1139 1763 caret;
1167 1709 1290 1768 quod
1317 1710 1511 1768 pertinet
1537 1709 1592 1752 ad
1616 1710 1790 1753 donum
1811 1710 2003 1768 pietatis,
2020 1724 2104 1768 per
2127 1722 2265 1769 quam

307 1780 464 1825 Sancti
493 1780 559 1822 ira
591 1776 890 1829 irrationabili
922 1785 1099 1820 carent:
1133 1777 1245 1819 item
1279 1775 1494 1820 columba
1533 1776 1581 1818 in
1615 1776 1821 1820 cavernis
1853 1785 2008 1835 petrae
2037 1775 2265 1835 nidificat3

305 1847 429 1907 quod
455 1846 650 1905 pertinet
677 1844 732 1888 ad
759 1844 933 1887 donum
958 1842 1247 1897 fortitudinis,
1274 1857 1363 1901 qua
1390 1843 1548 1886 Sancti
1564 1844 1609 1886 in
1627 1842 1773 1901 plagis
1795 1844 1957 1887 mortis
1981 1842 2168 1898 Christi,
2186 1843 2265 1902 qui

307 1925 375 1959 est
390 1923 517 1972 petra
542 1912 688 1965 firma,
710 1911 870 1954 nidum
895 1921 1085 1968 ponunt,
1108 1910 1222 1953 idest
1244 1924 1378 1953 suum
1405 1909 1644 1968 refugium,
1671 1919 1716 1953 et
1740 1923 1894 1968 spem:
1918 1909 2030 1954 item
2053 1908 2268 1954 columba

307 1982 530 2041 gemitum
557 1993 639 2038 pro
668 1987 804 2022 cantu
830 1977 991 2030 habet;
1019 1976 1141 2035 quod
1174 1976 1367 2035 pertinet
1394 1977 1448 2020 ad
1475 1976 1651 2020 donum
1675 1976 1870 2030 timoris,
1896 1990 1988 2035 quo
2015 1976 2171 2021 Sancti
2197 1977 2271 2020 de·

306 2049 533 2092 lectantur
559 2046 606 2089 in
639 2045 812 2104 gemitu
845 2058 928 2102 pro
961 2043 1185 2101 peccatis:
1213 2045 1333 2088 tertio
1367 2043 1574 2101 apparuit
1600 2043 1791 2101 Spiritus
1814 2043 2015 2088 Sanctus
2039 2043 2087 2087 in
2117 2043 2270 2102 specie

309 2114 552 2158 columbae
578 2121 763 2171 propter
786 2109 1000 2154 effectum
1027 2110 1262 2168 proprium
1289 2110 1517 2168 baptismi,
1545 2110 1621 2168 qui
1644 2119 1711 2153 est
1732 2110 1941 2154 remissio
1958 2120 2270 2169 peccatorum,

310 2192 355 2225 et
378 2179 693 2224 reconciliatio
723 2178 777 2221 ad
810 2178 988 2230 Deum;
1024 2176 1239 2220 columba
1273 2177 1398 2220 enim
1434 2187 1501 2220 est
1533 2176 1704 2220 animal
1735 2187 2044 2232 mansuetum,
2076 2186 2122 2222 et
2150 2177 2270 2232 ide0,

310 2249 427 2292 sicut
454 2246 693 2304 Chrysost.
722 2244 830 2287 dicit
855 2258 990 2302 super
1021 2244 1184 2287 Matth.
1219 2244 1350 2298 (hom.
1382 2258 1445 2289 12.
1473 2252 1633 2302 parum
1665 2250 1760 2289 ante
1790 2244 1934 2302 med),
1971 2260 1995 2285 ct
2019 2245 2066 2288 in
2098 2243 2296 2289 diluvio,

311 2313 517 2374 apparuit
547 2313 640 2355 hoc
674 2310 859 2363 animal,
890 2325 1072 2354 ramum
1104 2309 1254 2354 ferens
1287 2310 1451 2363 olivae,
1485 2321 1529 2354 et
1562 2325 1859 2355 communem
1897 2311 2019 2355 orbis
2048 2320 2272 2356 terrarum

307 2379 685 2439 tranquillitatem
713 2378 1011 2421 annuntians:
1040 2386 1083 2420 et
1108 2391 1231 2420 nunc
1265 2377 1404 2420 etiam
1432 2377 1647 2421 columba
1674 2388 1860 2436 apparet
1884 2378 1932 2422 in
1956 2378 2198 2437 baptismo,
2225 2378 2274 2423 li-

307 2449 568 2492 beratorem
595 2445 727 2488 nobis
761 2444 1080 2487 demonstrans
1098 2459 1147 2497 »3
1175 2450 1322 2501 quarto
1357 2445 1564 2502 apparuit
1596 2444 1790 2503 Spiritus
1819 2444 2014 2489 Sanctus
2037 2445 2100 2489 in>
2117 2445 2270 2505 specie

311 2513 555 2559 columbae
572 2525 707 2570 super
729 2510 987 2554 Dominum
998 2510 1290 2569 baptizatum,
1309 2511 1364 2553 ad
1387 2510 1718 2568 designandum
1735 2525 2034 2556 communem
2055 2510 2274 2556 effectum

309 2580 537 2640 baptismi,
571 2580 648 2637 qui
680 2588 748 2622 est
780 2578 1059 2621 constructio
1093 2577 1430 2621 ecclesiasticae
1457 2578 1660 2631 unitatis;
1687 2577 1806 2621 unde
1848 2578 2011 2622 dicitur
2037 2577 2203 2637 Ephes.
2235 2588 2272 2636 §t

312 2647 435 2708 quod
463 2645 673 2690 Christus
700 2644 874 2688 tradidit
889 2646 1163 2702 semetipsum,
1189 2650 1236 2688 ut
1261 2644 1466 2688 exhiberet
1487 2646 1565 2688 sibi
1588 2645 1814 2702 gloriosam
1839 2645 2189 2700 Ecclesiam,·non
2204 2646 2276 2690 ha-

314 2716 472 2759 bentem
501 2712 730 2765 maculam,
765 2717 840 2755 aut
869 2725 1036 2768 rugam,
1070 2717 1143 2755 aut
1168 2710 1328 2768 aliquid
1359 2710 1607 2769 hujusmodi,
1643 2711 1790 2755 lavans
1815 2726 1906 2756 eam
1932 2712 2111 2758 lavacro
2141 2726 2275 2772 aquae

313 2783 359 2825 in
384 2781 509 2826 verbo
541 2780 680 2823 vitae:
714 2787 757 2822 et
789 2777 894 2821 ideo
937 2777 1264 2822 convenienter
1298 2777 1490 2834 Spiritus
1525 2777 1719 2822 Sanctus
1752 2780 1798 2822 in
1833 2778 2062 2836 baptismo
2087 2779 2276 2824 demon-

314 2857 479 2892 stratus
505 2855 572 2890 est
597 2845 645 2889 in
671 2844 822 2903 specie
851 2843 1107 2897 columbae,
1133 2857 1250 2901 quae
1277 2853 1345 2888 est
1370 2843 1541 2887 animal
1567 2843 1823 2899 amicabile,
1849 2855 1894 2889 et
1918 2844 2127 2903 gregale;
2153 2846 2275 2891 unde

315 2924 361 2958 et
388 2913 523 2959 Cant.
555 2926 590 2970 5.
618 2911 783 2957 dicitur
805 2910 860 2954 de
886 2909 1116 2953 Ecclesia:
1152 2910 1246 2954 Una
1262 2916 1316 2954 est
1338 2910 1528 2954 columba
1549 2925 1655 2955 mea.
1680 2911 1827 2968 Super
1842 2911 2095 2971 Apostolos
2122 2923 2275 2962 autem
2342 2911 2352 2958 ’ἰ

314 2981 361 3025 in
379 2980 530 3040 specie
546 2979 664 3037 ignis
683 2977 875 3037 Spiritus
894 2976 1088 3020 Sanctus
1102 2976 1349 3029 descendit,
1368 2987 1551 3035 propter
1568 2977 1647 3021 duo
1665 2994 1677 3021 .·
1694 2980 1838 3037 primo
1855 2979 2039 3038 quidem
2057 2979 2111 3024 ad
2129 2989 2279 3024 osten·
2347 2984 2352 2994 ‘

316 3048 517 3094 dendum
542 3044 789 3098 fervorem,
812 3057 903 3102 quo
923 3043 1062 3087 corda
1080 3056 1241 3087 eorum
1268 3054 1396 3087 erant
1423 3045 1777 3100 commovenda,
1805 3045 1858 3089 ad
1885 3046 1976 3089 hoc
2003 3045 2126 3104 quod
2149 3045 2281 3091 Chri-

316 3124 437 3159 stum
465 3112 630 3171 ubique
657 3111 774 3155 inter
795 3123 1027 3169 pressuras
1054 3109 1380 3168 praedicarent,
1407 3119 1451 3152 et
1476 3110 1580 3154 ideo
1604 3112 1742 3155 etiam
1767 3112 1815 3155 in
1840 3112 1986 3171 igneis
2011 3112 2181 3171 linguis
2204 3124 2280 3173 ap·
2347 3104 2352 3144 ’Ῠ

316 3179 489 3240 paruit3
531 3178 650 3222 unde
691 3176 974 3235 Augustinus
1017 3175 1126 3219 dicit
1165 3189 1301 3234 super
1334 3176 1464 3233 Joan.
1498 3179 1639 3232 (tract.
1687 3178 1728 3223 6.
1773 3178 1980 3237 aliquant.
2018 3192 2048 3230 a
2079 3179 2276 3239 print->.-

322 3246 554 3291 «Duobus
583 3244 734 3288 modis
757 3242 957 3287 ostendit
980 3241 1216 3286 visibiliter
1242 3242 1471 3286 Dominus
1500 3244 1721 3302 Spiritum
1744 3245 1980 3299 Sanctum,
2001 3245 2177 3290 scilicet
2196 3259 2290 3306 per·
2335 3260 2352 3278 2‘

319 3313 585 3358 columbam
612 3325 747 3370 super
773 3309 1029 3354 Dominum
1056 3308 1347 3367 baptizatum,
1381 3320 1424 3353 et
1450 3324 1528 3368 per
1554 3311 1709 3369 ignem
1737 3325 1873 3371 super
1898 3311 2147 3371 discipulos
2172 3325 2290 3357 eon·¹
2339 3307 2348 3362 J

320 3390 549 3439 gregatos,
576 3378 637 3422 ibi
669 3376 950 3435 simplicitas,
983 3375 1056 3419 hic
1089 3374 1241 3419 fervor
1274 3377 1545 3431 ostenditur;
1579 3392 1689 3436 ergo
1722 3393 1780 3423 ne
1808 3378 1978 3437 Spiritu
2008 3378 2279 3424 sanctificati
2341 3386 2345 3395 ‘

321 3446 479 3491 dolum
506 3446 717 3499 habeant,
736 3444 780 3488 in
808 3442 1023 3488 columba
1049 3442 1386 3486 demonstratus
1413 3453 1493 3496 est,
1522 3453 1566 3488 et
1592 3459 1649 3487 ne
1666 3444 1933 3503 simplicitas
1954 3443 2115 3504 frigida
2136 3448 2290 3490 rema--

321 3524 441 3569 neat,
472 3514 518 3557 in
551 3513 656 3572 igne
691 3513 1027 3555 demonstratus
1060 3518 1148 3554 est:
1176 3522 1261 3551 nec
1287 3518 1331 3552 te
1359 3521 1558 3564 moveat,
1591 3512 1696 3570 quia
1729 3512 1912 3571 linguae
1944 3512 2116 3557 divisae
2146 3522 2278 3558 sunt:

322 3580 541 3624 unitatem
568 3579 614 3623 in
643 3577 857 3623 columba
884 3589 1115 3634 cognosce
1132 3590 1183 3631 »3
1222 3575 1409 3631 secundO,
1445 3577 1564 3638 quia,
1601 3578 1717 3625 sicut
1748 3578 1988 3638 Chrysost.
2018 3578 2128 3624 dicit
2157 3578 2275 3638 (hab.
2350 3597 2352 3616 ³

2346 3635 2352 3664 ἲ

2346 3665 2352 3685 ε

2342 3687 2352 3776 1

2338 3777 2352 3926 1
