2352 3926
278 209 386 266 404
782 204 1061 251 QUAESTIO
1102 202 1271 243 κινη-
1310 191 1619 242 ART1C15Lus
1659 201 1737 242 111.

969 407 1404 473 ARTICULUS
1437 407 1539 469 111'.
1978 418 1980 421 ’
2130 422 2256 482 060

460 554 655 592 UTRUM
695 542 836 590 D'Eus
870 551 1046 591 PATER
1085 551 1426 591 TRADIDERIT
1467 549 1748 589 CHRISTUM
1779 540 2045 589 PAss'toNr.

518 664 568 721 (3.
588 665 700 708 Dist.
718 678 789 709 20.
808 670 888 708 art.
902 678 939 722 5.
967 679 1004 722 q.
1031 678 1067 708 1.
1093 669 1133 708 et
1159 662 1312 720 Quodl.
1339 678 1375 707 1.
1398 668 1480 706 art.
1503 676 1539 721 3.
1557 662 1636 720 fin.
1655 666 1696 705 et
1716 660 1868 706 Matth.
1890 658 1998 719 26).

366 777 442 822 AD
467 789 684 821 TERTmM
703 776 766 820 sic
784 770 1281 835 proceditur.‘Videtur,
1304 775 1427 834 quod
1444 775 1570 818 Deus
1587 774 1722 818 Pater
1742 783 1838 818 non
1854 772 2087 818 tradiderit
2113 764 2244 820 Chri-

276 855 396 889 stum
423 845 642 904 passioni:
675 844 880 902 iniquum
901 845 1038 897 enim,
1056 853 1100 887 et
1115 842 1296 887 crudele
1315 841 1492 886 videtur
1509 855 1622 896 esse,
1647 840 1771 900 quod
1789 842 2010 885 innocens
2026 839 2252 899 passioni,

276 922 319 955 et
345 913 483 955 morti
508 910 729 954 tradatur:
754 910 847 964 sed,
869 910 987 954 sicut
1011 909 1174 954 dicitur
1199 909 1384 953 Deuter.
1412 921 1500 967 32.:
1528 909 1642 952 Deus
1657 907 1810 966 fidelis,
1833 914 1872 952 et
1888 908 2037 966 absque
2056 906 2146 951 ulla
2166 907 2245 950 ini·

275 981 455 1038 quitate,·
484 992 594 1037 ergo
623 977 861 1022 Christum
883 977 1178 1021 innocentem
1201 991 1295 1020 non
1320 975 1504 1019 tradidit
1528 974 1743 1033 passioni,
1771 983 1816 1018 et
1841 973 1993 1019 morti.
2188 1029 2190 1032 y

366 1059 405 1089 2.
432 1046 729 1090 PRAETEREA.
762 1044 870 1088 Non
895 1044 1085 1097 videtur,
1109 1043 1231 1103 quod
1265 1042 1425 1101 aliquis
1459 1056 1484 1085 a
1511 1043 1675 1100 seipso,
1703 1051 1747 1086 et
1778 1041 1832 1084 ab
1867 1040 1958 1086 alio
1991 1040 2130 1084 morti
2159 1049 2247 1084 tra·

276 1113 427 1157 datur:
457 1112 535 1156 sed
570 1112 778 1155 Christus
811 1111 995 1154 tradidit
1026 1108 1323 1169 semetipsum
1356 1123 1438 1167 pro
1471 1109 1617 1162 nobis,
1651 1108 1904 1152 secundum
1929 1107 2053 1167 quod
2078 1099 2243 1152 dicitur

274 1181 359 1224 Isa.
393 1193 483 1238 53.:
516 1178 709 1223 Tradidit
726 1180 770 1222 in
788 1184 963 1222 mortem
985 1180 1174 1221 animam
1189 1190 1309 1221 suam
1318 1191 1334 1228 ;
1354 1189 1448 1219 non
1467 1189 1577 1234 ergo
1603 1175 1794 1229 videtur,
1821 1175 1945 1235 quod
1961 1175 2088 1218 Deus
2109 1173 2246 1218 Pater

277 1261 384 1291 eum
410 1246 657 1290 tradiderit.
2147 1278 2150 1281 .
2210 1295 2214 1299 ὓ

369 1328 405 1372 3.
440 1313 739 1357 PRAETEREA.
767 1311 905 1370 Judas
932 1312 1211 1369 vituperatur
1238 1324 1293 1354 ex
1318 1323 1389 1363 eo,
1417 1308 1538 1367 quod
1571 1308 1756 1352 tradidit
1788 1307 2025 1352 Christum
2044 1306 2244 1366 judaeis,

280 1379 533 1424 secundum
559 1378 669 1423 illud
691 1379 821 1437 Joan.
850 1376 916 1422 6.:
953 1379 1068 1422 Unus
1089 1393 1137 1422 ex
1163 1378 1281 1421 vobis
1302 1376 1489 1420 diabolus
1514 1381 1595 1428 est,·
1621 1375 1743 1434 quod
1769 1374 1949 1419 dicebat
1972 1383 2157 1434 propter
2173 1374 2249 1435 Ju-

277 1449 397 1502 dam,
431 1447 509 1506 qui
535 1461 641 1490 eum
669 1456 764 1489 erat
788 1445 1053 1489 traditurus:
1081 1443 1290 1488 similiter
1323 1443 1461 1487 etiam
1492 1442 1805 1500 vituperantur
1823 1441 1999 1500 Judaei‚
2030 1441 2247 1501 quietim

274 1514 556 1559 tradiderunt
580 1511 744 1566 Pilato,
762 1511 1016 1557 secundum
1043 1511 1166 1570 quod
1191 1511 1287 1570 ipse
1314 1510 1423 1554 dicit
1442 1510 1572 1567 Joan.
1603 1509 1694 1554 18.:
1725 1509 1835 1554 Gens
1861 1514 1951 1563 tua,
1974 1503 2015 1553 et
2031 1508 2248 1568 pontifisses

278 1583 340 1626 tui
357 1580 615 1625 tradiderunt
630 1586 665 1624 te
680 1579 799 1623 mihi.
827 1578 999 1623 Pilatus
1027 1578 1165 1622 etiam
1193 1577 1367 1622 tradidit
1383 1579 1536 1636 ipsum,
1558 1582 1606 1622 ut
1631 1576 1965 1635 crucifigeretur,¹
1981 1583 2032 1619 ut
2055 1567 2258 1638 hahet-ut,

274 1649 405 1707 Joan.
444 1662 535 1708 19.;
561 1661 655 1691 non
683 1655 750 1691 est
782 1657 935 1690 autem
953 1646 1231 1705 participatio
1253 1645 1440 1703 justitiae
1466 1659 1559 1688 cum
1592 1644 1903 1701 iniquitataut
1927 1640 2091 1687 dicitur
2122 1653 2164 1699 2.
2190 1640 2248 1690 ad

279 1714 490 1760 Corinth.
518 1712 584 1758 6.:
613 1728 723 1772 ergo
741 1713 932 1767 videtur,
959 1712 1082 1771 quod
1107 1712 1234 1756 Deus
1261 1711 1394 1755 Pater
1410 1725 1505 1754 non
1521 1709 1755 1754 tradiderit
1773 1708 2010 1754 Christum
2031 1707 2253 1768 passioni..

369 1782 463 1847 SED
498 1793 694 1826 CONTRA
718 1790 798 1834 est,
817 1779 940 1840 quod
959 1780 1120 1824 dicitur
1137 1779 1273 1823 Rom.
1288 1777 1353 1823 8.:
1376 1779 1554 1837 Proprio
1577 1777 1690 1821 Fz'lio
1714 1791 1787 1821 suo
1805 1790 1888 1820 non
1904 1777 2094 1836 pepercit
2115 1769 2259 1831 Deus,-

279 1849 346 1895 sed
365 1857 445 1909 pro
473 1850 590 1893 nobis
609 1850 797 1893 omnibus
820 1847 992 1892 tradidit
1017 1847 1150 1891 illum.

364 1917 655 1961 REspoum-:o
674 1915 935 1968 dicendum,
962 1913 1099 1973 quod,
1119 1913 1235 1957 sicut
1252 1912 1425 1956 dictum
1443 1921 1510 1956 est
1531 1911 1634 1969 (art.
1645 1910 1828 1970 praec),
1859 1909 2068 1956 Christus
2089 1915 2249 1969 pas-sus

281 1994 348 2029 est
368 1983 624 2028 voluntarie
648 1997 703 2026 ex
729 1981 987 2026 obedientia
1013 1980 1184 2025 Patris:
1215 1979 1335 2023 unde
1369 1978 1621 2023 secundum
1648 1979 1733 2022 tria
1757 1977 1883 2021 Deus
1909 1977 2045 2023 Pater
2067 1976 2253 2023 tradidit

282 2052 516 2096 Christum
539 2051 766 2109 passioni:
793 2063 876 2092 uno
905 2048 1088 2107 quidem
1110 2046 1247 2100 modo,
1272 2046 1523 2090 secundum
1551 2045 1674 2104 quod
1701 2059 1782 2089 sua
1810 2055 1990 2089 aeterna
2012 2043 2248 2089 voluntate

281 2117 619 2178 praeordinavit
645 2116 906 2175 passionem
935 2113 1106 2159 Christi
1139 2114 1195 2157 ad
1216 2113 1408 2157 humani
1433 2113 1611 2171 generis
1637 2110 1971 2166 liberationem,
1995 2110 2251 2158 secundum
2274 2134 2280 2141 ·

279 2186 391 2230 illud
415 2184 537 2243 quod
563 2184 724 2227 dicitur
742 2183 826 2226 Isa.
851 2195 942 2240 53.:
970 2183 1179 2225 Dominus
1194 2183 1335 2239 posuit
1367 2182 1411 2224 in
1443 2195 1486 2224 eo
1519 2181 1785 2237 iniquitatem
1817 2180 2006 2223 omnium
2035 2185 2249 2228 nostrum:

282 2263 325 2297 et
351 2253 537 2296 iterum:
566 2252 777 2295 Dominus
802 2250 938 2293 voluit
963 2255 1170 2293 conterere
1192 2263 1284 2292 eum
1310 2249 1354 2291 in
1380 2248 1648 2306 infirmitate:
1677 2245 1871 2301 secundo,
1894 2246 2164 2305 inquantum
2187 2245 2254 2302 in-

282 2319 468 2378 spiravit
485 2319 526 2362 ei
546 2317 831 2361 voluntatem
858 2316 1057 2374 patiendi
1080 2330 1162 2374 pro
1189 2315 1336 2368 nobis,
1353 2314 1633 2358 infundendo
1654 2314 1695 2357 ei
1714 2311 2005 2359 charitatem:
2031 2312 2151 2358 unde
2173 2312 2252 2360 ibi-

283 2388 388 2431 dem
415 2386 637 2445 sequitur:
671 2386 843 2430 Oblatas
869 2391 938 2438 est,
968 2385 1067 2442 quia
1089 2385 1171 2442 ipse
1197 2383 1356 2426 voluit:
1383 2383 1519 2435 tertio,
1547 2396 1640 2425 non
1668 2379 1953 2440 protegendo
1986 2393 2137 2426 euma
2153 2393 2252 2440 pas-

282 2455 427 2509 sione,
454 2454 533 2498 sed
554 2452 824 2511 exponendo
844 2450 1238 2510 persequentibus:
1259 2449 1379 2493 unde
1398 2459 1442 2492 et
1458 2448 1622 2508 legitur
1639 2447 1798 2491 Matth.
1818 2460 1888 2506 27.
1911 2446 2034 2507 quod
2050 2446 2252 2507 pendens

281 2523 328 2565 in
356 2535 490 2565 cruce
521 2519 729 2564 Christus
758 2518 957 2563 dicebat:
985 2519 1100 2561 Deus
1120 2532 1246 2570 meus,
1275 2518 1390 2561 Deus
1415 2531 1541 2570 meuS,
1569 2515 1729 2574 utquid
1750 2514 1998 2573 dereliquisti
2023 2514 2121 2559 me?
2145 2512 2258 2575 quia*

282 2589 456 2633 scilicet
481 2587 693 2646 potestati
718 2585 1087 2644 persequentium
1105 2599 1208 2628 eum
1230 2583 1450 2642 exposuit,
1472 2593 1522 2626 ut
1543 2582 1736 2641 August.
1763 2580 1872 2626 dicit
1887 2580 1943 2626 de
1962 2580 2121 2626 Gratia
2140 2577 2252 2626 novi

285 2655 571 2701 Testamenti
599 2654 772 2711 (scilicet
797 2654 906 2712 epist.
934 2667 1026 2697 120.
1055 2660 1145 2710 cap.
1174 2652 1214 2696 6.
1243 2658 1280 2695 et
1305 2666 1368 2696 10.
1396 2650 1590 2710 implic).

372 2723 448 2766 AD
475 2734 663 2766 PRIMUM
690 2734 799 2778 ergo
828 2719 1085 2771 dicendum,
1106 2718 1227 2777 quod
1246 2720 1539 2761 innocentem
1559 2715 1797 2760 hominem
1815 2713 2031 2774 passioni,
2049 2724 2094 2769 et
2109 2710 2249 2760 morti

281 2790 459 2839 tradere
486 2798 645 2833 contra
672 2788 765 2845 ejus
794 2786 1079 2830 voluntatem
1098 2795 1164 2829 est
1180 2786 1388 2844 impium,
1407 2794 1451 2828 et
1477 2782 1681 2828 crudele:
1701 2783 1765 2827 sic
1789 2793 1942 2828 autem
1965 2782 2094 2827 Deus
2115 2781 2251 2827 Pater

284 2857 520 2903 Christum
546 2870 640 2899 non
665 2854 862 2906 tradidit,
895 2853 972 2896 sed
1000 2853 1260 2911 inspirando
1289 2852 1330 2895 ei
1362 2852 1646 2895 voluntatem
1674 2850 1875 2910 patiendi
1906 2864 1989 2910 pro
2015 2850 2169 2899 nobis:
2202 2850 2250 2895 in

283 2939 373 2984 quo
402 2923 652 2968 ostenditur
680 2931 724 2966 et
749 2922 838 2965 Dei
865 2920 1094 2973 severitas,
1128 2920 1203 2978 qui
1237 2930 1477 2977 peccatum
1510 2919 1606 2963 sine
1640 2933 1790 2978 poena
1821 2918 2047 2963 dimittere
2079 2915 2249 2975 noluit:

284 2992 405 3051 quod
433 2992 579 3050 signat
606 2989 767 3048 Apost.
796 2988 950 3031 dicens
973 2989 1112 3044 (Rom.
1132 2988 1213 3044 8).·
1239 2986 1416 3045 Proprio
1435 2987 1546 3030 Filio
1568 3001 1640 3030 suo
1662 3001 1746 3030 non
1764 2986 1974 3045 pepercit:
2003 2993 2046 3030 et
2070 2977 2250 3029 bonitas

286 3061 380 3118 ejus
408 3059 453 3102 in
481 3072 552 3110 eo,
580 3055 702 3115 quod
731 3070 835 3099 cum
868 3054 1013 3097 homo
1042 3052 1314 3097 sufficienter
1346 3052 1604 3097 satisfacere
1634 3067 1727 3096 non
1754 3062 1907 3112 posset
1937 3066 2017 3112 per
2049 3046 2250 3110 aliquam

284 3140 498 3185 poenam,
532 3139 669 3183 quam
702 3132 942 3182 pateretur,
977 3121 1018 3164 ei
1052 3120 1383 3164 satisfactorem
1417 3120 1558 3166 dedit:
1600 3119 1723 3179 quod
1756 3117 1952 3178 signavit
1987 3117 2150 3177 Apost.
2185 3115 2252 3162 di-

286 3208 414 3237 cens:
445 3194 527 3236 Pro
555 3193 671 3235 nobis
699 3191 889 3234 omnibus
904 3188 1075 3232 tradidit
1101 3188 1247 3238 illum;
1284 3198 1326 3231 et
1357 3187 1493 3231 Rom.
1526 3201 1562 3245 3.
1582 3186 1708 3230 dicit:
1739 3186 1893 3243 Quem,
1920 3183 2093 3230 scilicet
2121 3181 2252 3228 Chri-

286 3271 420 3314 stum,
440 3260 659 3318 proposuit
686 3259 798 3301 Deus
819 3257 1139 3316 propitiatorem
1162 3263 1239 3312 per
1256 3254 1383 3312 fidem
1414 3256 1456 3297 in
1481 3256 1681 3312 sanguine
1706 3255 1843 3313 ipsius.
2237 3247 2246 3258 ’

378 3329 452 3372 AD
485 3339 745 3372 SECUNDUM
779 3324 1036 3375 dicendum,
1064 3321 1185 3381 quod
1216 3322 1438 3374 Christus,
1465 3321 1719 3366 secundum
1744 3320 1866 3379 quod
1899 3318 2040 3377 Deus,
2070 3316 2253 3373 tradidit

287 3395 582 3454 semetipsum
617 3394 662 3436 in
697 3402 891 3436 mortem
926 3390 1085 3434 eadem
1119 3387 1367 3442 voluntate,
1402 3399 1446 3432 et
1479 3389 1672 3443 actione,
1710 3402 1798 3446 qua
1831 3396 1875 3432 et
1906 3385 2040 3431 Pater
2068 3381 2252 3430 tradidit

287 3477 417 3506 eum:
446 3462 523 3505 sed
545 3461 815 3518 inquantum
833 3459 993 3510 homo,
1011 3455 1192 3499 tradidit
1211 3455 1408 3513 seipsum
1427 3455 1660 3499 voluntate
1680 3469 1703 3497 a
1721 3454 1853 3498 Patre
1869 3449 2108 3512 inspirata:
2130 3449 2250 3495 unde

288 3544 381 3572 non
410 3538 477 3572 est
504 3527 799 3572 contrarietas
826 3526 873 3570 in
900 3525 1006 3578 hoc,
1033 3523 1154 3583 quod
1178 3523 1311 3566 Pater
1336 3522 1517 3566 tradidit
1542 3521 1791 3574 Christum,
1809 3530 1854 3565 et
1874 3520 1968 3580 ipse
1983 3518 2166 3564 tradidit
2185 3530 2251 3563 se·

292 3606 552 3654 metipsum.
