2352 3926
291 245 340 299 ¹3
350 244 420 298 50
850 240 1130 287 QUAESTIO
1172 240 1282 279 xm.
1323 228 1633 280 Ant-mutus
1670 240 1751 279 111.

310 360 405 390 non
431 344 660 398 lasciviae,
688 343 765 388 sed
792 343 962 402 jejunio
990 342 1226 388 intendere
1248 353 1454 403 oportet;
1480 343 1585 388 ideo
1613 343 1822 389 Christus
1848 344 2081 404 ieiunavit,
2106 355 2202 391 non
2221 346 2281 404 je-

310 413 436 472 junio
463 412 687 470 indigens,
715 411 794 455 sed
820 424 906 455 nos
931 411 1158 455 instruens
1184 425 1234 454 »2
1263 413 1399 466 tertio,
1427 413 1531 471 quia
1557 421 1661 470 post
1679 411 1900 471 jejunium
1920 422 2075 457 secuta
2096 422 2165 458 est
2184 424 2283 457 esu-

310 481 413 534 ries,
439 493 556 537 quae
584 479 707 522 dedit
732 477 917 522 diabolo
946 478 1187 522 audaciam
1214 491 1320 522 eum
1349 478 1658 538 aggrediendi,
1685 479 1804 523 sicut
1829 479 2002 523 dictum
2027 489 2097 524 est
2115 481 2222 539 (art.
2242 495 2280 525 1·

311 548 396 604 huj.
425 561 463 604 q.
490 546 544 590 ad
568 547 638 602 1.).
671 562 694 587 c<
722 545 845 590 Cum
873 555 1026 589 autem
1053 546 1209 590 esuriit
1232 546 1462 590 Dominus
1488 563 1512 588 >³
1543 556 1592 590 ut
1613 545 1813 590 Hilarius
1835 546 1944 592 dicit
1963 561 2098 606 super
2118 543 2281 592 Matth.

310 615 422 672 (can.
446 629 481 672 3.
502 621 661 672 param
688 627 714 657 a
739 613 904 673 princ.)
935 628 959 654 «
985 627 1080 656 non
1105 612 1189 657 fuit
1216 627 1270 657 ex
1296 614 1579 672 surreptione
1606 613 1807 668 inediae3
1834 613 1914 658 sed
1947 623 2137 659 naturae
2172 628 2281 659 suae

308 682 549 726 hominem
575 680 828 739 dereliquit,
855 694 951 724 non
978 681 1102 725 enim
1130 690 1225 725 erat
1247 695 1273 724 a
1294 681 1398 725 Deo
1426 681 1649 734 diabolus,
1672 681 1750 724 sed
1769 695 1795 724 a
1813 694 1950 726 carne
1971 681 2222 726 vincendus
2238 698 2280 726 ».

311 749 444 792 Unde
471 749 624 802 etiarn,
651 758 700 792 ut
727 748 965 807 Chrysost.
994 748 1102 792 dicit
1130 749 1261 804 (hom.
1280 762 1318 808 5.
1345 751 1390 792 in
1416 757 1480 808 op.
1509 749 1676 808 imperf.
1703 754 1796 792 ante
1821 748 1925 793 med.
1951 755 1990 794 et
2015 749 2124 793 hom.
2160 763 2196 794 1.
2235 751 2281 793 in

315 817 505 861 Genesim
531 830 557 860 a
583 816 727 873 med.)‚
760 831 783 856 ‹<
809 830 903 859 non
929 814 1047 860 ultra
1073 815 1295 874 processit
1315 816 1362 859 in
1385 816 1647 875 jejunando,
1671 829 1811 875 quam
1830 815 2033 876 Moyses,
2051 825 2094 860 et
2111 814 2281 870 Helias,

310 897 368 927 ne
394 882 670 927 incredibilis
689 882 926 927 ¹videretur
952 883 1099 926 carnis
1127 883 1378 941 assumptio
1405 899 1446 926 ».

403 952 477 994 AD
510 964 698 995 PRIMUM
726 964 836 1009 ergo
864 950 1124 1004 dicendum,
1152 951 1274 1009 quod
1309 949 1546 994 Christum
1572 965 1666 994 non
1700 950 1853 994 decuit
1883 950 2174 995 conversatio
2207 963 2281 994 au-

311 1018 512 1062 sterioris
534 1018 668 1073 vitae,
695 1027 744 1061 ut
779 1031 827 1062 se
861 1031 1162 1061 communem
1199 1018 1432 1061 exhiberet
1467 1017 1570 1071 illis,
1606 1017 1765 1076 quibus
1799 1017 2099 1076 praedicavit:
2130 1016 2282 1062 nullus

314 1095 466 1130 autem
489 1085 624 1129 debet
649 1098 881 1129 assumere
907 1085 1259 1143 praedicationis
1287 1083 1504 1138 officium,
1530 1085 1618 1127 nisi
1650 1085 1772 1143 prius
1807 1084 1942 1129 fuerit
1974 1094 2205 1144 purgatus,
2238 1094 2283 1128 et

311 1155 358 1197 in
376 1153 541 1197 virtute
567 1151 817 1212 perfectus:
852 1153 967 1196 sicut
1000 1162 1044 1195 et
1076 1152 1130 1196 de
1166 1151 1354 1196 Christo
1383 1152 1543 1195 dicitur
1569 1151 1773 1195 Actuum
1805 1166 1841 1195 1.
1869 1152 1992 1210 quod
2019 1154 2151 1211 coepit
2168 1153 2283 1209 Jesus

301 1222 461 1280 facere,
485 1227 523 1265 et
547 1220 716 1265 docere.-
745 1230 788 1263 et
813 1220 918 1263 ideo
954 1219 1162 1264 Christus
1196 1220 1349 1263 statim
1376 1230 1480 1277 post
1510 1219 1788 1277 baptismum
1822 1219 2132 1263 austeritatem
2161 1219 2282 1263 vitae

312 1288 570 1347 assumpsit,
597 1298 644 1332 ut
672 1288 871 1341 doceret,
894 1297 998 1346 post
1021 1301 1206 1330 carnem
1225 1287 1474 1329 edomitam
1495 1295 1706 1344 oportere
1725 1284 1840 1329 alios
1857 1286 1913 1330 ad
1930 1284 2282 1345 praedicationis

312 1354 516 1399 officium
542 1355 747 1409 transire,
775 1355 1027 1398 secundum
1054 1353 1166 1397 illud
1193 1353 1408 1411 Apostoli
1445 1366 1480 1396 1.
1517 1352 1625 1396 Cor.
1653 1366 1719 1413 9.:
1755 1352 1922 1411 Castigo
1954 1361 2103 1412 corpus
2126 1368 2280 1410 meum,

310 1430 348 1468 et
368 1424 414 1467 in
439 1425 677 1467 servitutem
703 1422 858 1481 redigo,
887 1438 936 1466 ne
959 1422 1068 1479 forte
1090 1437 1184 1465 eum
1211 1422 1305 1465 aliis
1319 1420 1637 1479 praedicavero,
1663 1422 1747 1479 'ipse
1772 1422 1969 1480 reprobus
1992 1422 2162 1481 efficiar.

402 1490 478 1534 AD
506 1503 766 1535 SECUNDUM
804 1489 1064 1542 dicendum,
1097 1489 1220 1547 quod
1251 1488 1439 1532 verbum
1478 1487 1590 1531 illud
1625 1488 1770 1532 Marci
1803 1498 1953 1547 potest
1983 1488 2047 1533 sic
2076 1486 2283 1547 intelligi,

311 1557 435 1618 quod
461 1564 554 1601 erat
577 1559 621 1602 in
642 1557 792 1601 deserto
815 1556 1002 1616 quadra&¹
1012 1559 1037 1599 ι’
1033 1562 1100 1600 tta
1125 1555 1279 1610 diebus,
1307 1562 1343 1599 et
1367 1555 1649 1614 quadraginta
1678 1557 1878 1610 noctibus,
1912 1555 2074 1615 quibus
2104 1554 2279 1601 scilicet

310 1625 548 1684 jejunavit:
577 1626 699 1684 quod
728 1634 879 1668 autem
908 1623 1085 1677 dicitur,
1111 1630 1149 1668 et
1175 1624 1412 1668 tentabatur
1443 1637 1469 1667 a
1503 1623 1676 1677 Satana,
1711 1622 2060 1682 intelligendum
2090 1633 2159 1668 est
2186 1637 2283 1668 non

311 1693 359 1737 in
385 1692 474 1737 illis
501 1692 801 1751 quadraginta
828 1691 999 1745 diebus,
1018 1701 1062 1735 et
1078 1690 1379 1750 quadraginta
1395 1690 1622 1745 noctibus,
1648 1690 1810 1750 quibus
1831 1691 2064 1749 jejunavit,
2079 1689 2160 1737 sed
2176 1700 2285 1750 post

313 1759 447 1804 illos:
476 1774 531 1804 eo
562 1760 684 1819 quod
711 1759 971 1803 Matthaeus
999 1758 1121 1812 dicit,
1149 1758 1271 1817 quod
1294 1773 1388 1802 cum
1408 1760 1634 1817 jejunasset
1657 1757 1939 1817 quadraginta
1960 1757 2114 1813 diebus,
2132 1763 2171 1803 et
2184 1772 2283 1817 qua-

312 1829 511 1887 draginta
535 1828 739 1882 noetibus,
769 1832 911 1887 postea
946 1827 1116 1878 esuriit;
1155 1839 1209 1869 ex
1245 1839 1336 1884 quo
1373 1826 1566 1884 sumpsit
1598 1835 1797 1870 tentator
1828 1825 2125 1870 occasionem
2157 1835 2284 1870 acce·

315 1895 451 1940 dendi
479 1895 534 1938 ad
557 1895 733 1954 ipsum3
759 1895 879 1938 unde
907 1903 951 1938 et
982 1893 1104 1952 quod
1138 1893 1364 1937 subditur:
1399 1899 1434 1937 et
1465 1894 1618 1951 Angeli
1646 1894 1946 1938 ministrabant
1975 1894 2027 1947 ei,
2063 1905 2281 1937 consecu-

314 1964 404 2007 tive
437 1961 787 2021 intelligendum
824 1975 922 2005 esse
961 1961 1211 2005 ostenditur
1244 1974 1297 2003 ex
1329 1960 1435 2014 hoc,
1463 1960 1585 2019 quod
1616 1960 1837 2004 Matthaei
1866 1970 1909 2016 4.
1943 1959 2126 2004 dicitur:
2167 1960 2285 2006 Tunc:

314 2031 484 2089 reliquit
508 2045 602 2074 eum
628 2029 829 2083 diabolus,
859 2027 1032 2072 scilicet
1058 2037 1161 2086 post
1182 2030 1505 2072 tentationem:
1534 2034 1572 2072 et
1596 2043 1682 2072 ecee
1699 2028 1851 2086 Angeli
1867 2033 2135 2083 accesserunt,
2153 2033 2188 2072 et
2203 2028 2284 2072 mi-

311 2099 549 2142 nistrabant
573 2098 633 2141 ei:
662 2097 784 2155 quod
806 2110 916 2139 vero
943 2095 1192 2154 interponit
1216 2095 1398 2139 Marcus
1423 2094 1535 2154 (cap.
1563 2095 1650 2153 1.):
1683 2096 1869 2154 Eratque
1909 2109 2002 2139 cum
2038 2095 2185 2149 bestiis,
2217 2093 2265 2138 in

313 2165 505 2218 ducitur,
531 2163 785 2208 secundum
813 2162 1053 2222 Chrysost.
1087 2163 1219 2219 (hom.
1247 2178 1301 2222 13.
1339 2164 1385 2206 in
1421 2162 1573 2207 Matth.
1602 2163 1732 2222 paulo
1769 2176 1795 2206 a
1823 2161 2003 2221 princ),
2042 2161 2099 2206 ad
2135 2170 2285 2206 osten·

312 2231 527 2285 dendum,
556 2231 689 2290 quale
717 2240 813 2275 erat
839 2230 1092 2284 desertum3
1120 2230 1224 2288 quia
1251 2229 1426 2273 scilicet
1452 2240 1548 2274 erat
1572 2230 1747 2273 invium
1769 2229 2048 2283 hominibus,
2065 2238 2111 2274 et
2124 2229 2280 2274 bestiis

313 2299 524 2358 plenum3
551 2308 723 2353 tamen,
750 2298 1002 2342 secundum
1027 2298 1361 2357 expositionem
1389 2298 1540 2342 Bedae
1567 2299 1679 2357 (cap.
1703 2312 1739 2357 5.
1765 2300 1811 2342 in
1843 2299 2018 2357 Mareu),
2055 2297 2285 2342 Dominus

311 2366 569 2411 tentabatur
591 2366 890 2424 quadraginta
909 2366 1078 2419 diebus,
1097 2375 1140 2409 et
1163 2365 1463 2424 quadraginta
1479 2365 1716 2409 noctibus:
1734 2364 1812 2409 sed
1830 2365 1921 2410 hoc
1936 2363 2285 2424 intelligendum

315 2443 383 2478 est
403 2448 498 2477 non
525 2433 580 2477 de
606 2433 695 2477 illis
722 2433 1047 2477 tentationibus
1072 2432 1337 2486 visibilibus,
1372 2447 1483 2491 quas
1513 2442 1700 2477 narrant
1734 2432 2008 2487 Matthaeus,
2039 2441 2084 2477 et
2115 2431 2282 2486 Lucas,

314 2515 430 2560 quae
454 2499 692 2545 manifeste
718 2500 866 2545 factae
892 2509 997 2544 sunt
1021 2510 1126 2559 post
1150 2491 1386 2558 Jejunium‚
1414 2500 1492 2543 sed
1525 2500 1580 2544 de
1613 2500 1883 2559 quibusdam
1918 2498 2017 2544 aliis
2048 2500 2286 2559 impugna-

313 2568 527 2621 tionibus,
556 2582 666 2626 quas
687 2567 803 2612 forte
826 2567 906 2611 illo
933 2569 1090 2626 jejunii
1111 2578 1319 2626 tempore
1350 2567 1560 2611 Christus
1583 2577 1651 2611 est
1673 2582 1698 2611 a
1724 2566 1910 2615 diabolo
1936 2580 2109 2626 passus.

407 2637 483 2679 AD
517 2648 735 2679 TERTIUM
762 2635 1020 2689 dicendum,
1049 2636 1185 2694 quod,
1213 2637 1330 2678 sicut
1354 2634 1569 2678 Ambros.
1598 2634 1705 2678 dicit
1725 2647 1860 2693 super
1884 2634 2061 2679 Lucam
2092 2634 2209 2695 (cap.
2239 2647 2282 2691 4.

313 2710 403 2763 sup.
427 2702 558 2747 illud:
582 2703 637 2746 Et
663 2709 950 2747 consummata
977 2705 1106 2756 omni,
1135 2702 1249 2759 eta),
1284 2717 1307 2742 «
1333 2704 1521 2745 recessit
1546 2701 1754 2745 diabolus
1782 2715 1807 2744 a
1835 2701 2022 2761 Christo
2050 2714 2192 2761 usque
2227 2701 2283 2746 ad

315 2780 523 2829 tempus;
547 2770 652 2827 quia
679 2779 837 2828 postea
864 2784 958 2813 non
985 2778 1251 2822 tentaturus,
1279 2769 1358 2812 sed
1391 2778 1544 2825 aperte
1575 2778 1856 2827 pugnaturus
1889 2768 2071 2813 advenit
2101 2785 2144 2823 »,
2175 2778 2286 2813 tem-

316 2852 427 2898 pore
446 2836 879 2895 scilicetpassionis:
901 2846 945 2880 et
962 2847 1114 2879 tamen
1133 2851 1211 2894 per
1233 2834 1388 2878 illam
1378 2836 1774 2911 1mpnugnationem
1791 2835 2028 2880 videbatur
2046 2835 2283 2882 Christum

314 2915 488 2951 tentare
506 2905 561 2948 de
584 2905 777 2958 tristitia,
796 2914 839 2948 et
857 2904 963 2947 odio
983 2903 1313 2962 proximorum,
1332 2903 1449 2946 sicut
1469 2903 1515 2946 in
1535 2903 1715 2947 deserto
1738 2903 1794 2947 de
1811 2901 2115 2948 delectatione
2132 2902 2283 2964 gulae,

316 2984 361 3019 et
387 2981 653 3032 contemptu
679 2972 768 3016 Dei
794 2986 874 3031 per
899 2970 1224 3015 idololatriam.

1000 3141 1435 3199 ARTICULUS
1471 3143 1567 3199 IV.
2194 3169 2283 3218 229
2308 3165 2312 3170 ·

783 3278 978 3317 UTRUM
1018 3255 1229 3315 FUERIT'
1259 3277 1604 3317 coNvssNfflNs
1648 3279 1818 3332 ORDO,

680 3354 761 3392 ET
812 3352 1047 3391 Monus
1097 3353 1563 3392 TENTA’r1oN1s
1615 3353 1917 3393 cnals'm.

917 3463 1093 3522 (Opusc.
1122 3462 1195 3507 60.
1222 3470 1308 3522 cap.
1338 3478 1395 3508 ΙΙ.
1423 3465 1538 3508 circa
1565 3463 1706 3522 med).

407 3577 482 3620 AD
511 3588 749 3626 QUARTUM
773 3575 835 3619 sic
863 3573 1133 3634 proceditur.
1161 3572 1366 3627 Videtur,
1394 3573 1517 3632 quod
1542 3587 1637 3617 non
1669 3572 1802 3618 fuerit
1834 3573 2112 3620 conveniens
2141 3582 2284 3619 tenta·
2332 3557 2337 3595 ²

317 3643 454 3688 tionis
480 3643 661 3696 modus,
689 3653 731 3687 et
760 3641 895 3686 ordo:
923 3640 1112 3686 tentatio
1141 3640 1263 3684 enirn
1289 3640 1459 3684 diaboli
1487 3642 1541 3685 ad
1578 3641 1865 3699 peccandum
1902 3641 2097 3687 inducit:
2131 3640 2211 3687 sed
2242 3641 2282 3686 si
