2352 3926
0 843 3 853 „
0 360 23 767 wvvwz-‘wgffffi
2 324 11 334 ¹¹
4 258 5 261 Α

24 627 34 638 ..
19 455 45 599 0..
22 404 39 411 ε
24 224 50 297 ‘'²²3ss
31 184 43 209 -*
28 73 46 167 ὙΨΨ

50 444 55 447 Γ
48 326 50 328 ,
54 283 58 293 μ
50 188 52 191 «
48 142 63 158 μ’,
46 40 63 117 rsa-¹⁴!

56 18 95 130 *sssvssr

657 226 937 275 ouans-rto
977 226 1145 268 Lxxn.
1185 224 1495 266 Assrrcuws
1533 225 1588 264 v.
1990 210 2098 282 627

136 333 247 379 dam
271 331 506 377 character
532 330 797 391 corporalis,
814 344 920 375 cum
937 329 1112 376 scilicet
1130 330 1278 376 homo
1304 329 1551 375 chrismate
1573 329 1778 388 signatur
1792 327 1927 388 signo
1951 328 2100 374 crucis

137 399 188 445 in
209 399 383 454 fronte;
407 413 502 444 non
528 413 640 457 ergo
665 398 939 458 imprimitur
962 398 1009 442 in
1030 398 1121 442 hoc
1147 407 1435 443 sacramento
1463 397 1698 442 character
1722 395 1982 455 spiritualis.

229 465 324 510 SED
351 478 561 511 CONTRA.
589 467 640 510 In
667 465 797 510 omni
823 474 1125 518 sacramento,
1152 464 1274 524 quod
1300 478 1393 509 non
1416 463 1616 518 iteratur,
1643 462 1920 521 imprimitur
1945 461 2107 507 chara-

139 542 257 578 cter:
285 532 363 576 sed
389 532 480 576 hoc
507 542 845 576 sacramentum
871 545 964 575 non
991 532 1196 575 iteratur.
1226 530 1337 576 dicit
1372 530 1495 574 enim
1524 530 1661 588 Greg.
1691 531 1804 586 (hab.
1831 536 1924 589 cap.
1957 543 1999 588 9.
2030 529 2101 574 De

141 598 378 645 Consecrat.
400 598 493 644 dist.
514 600 591 658 5)
613 615 636 640 α
654 599 723 642 De
742 598 945 651 homine,
972 598 1048 656 qui
1066 611 1091 640 a
1109 597 1321 655 pontifice
1348 596 1642 641 confirmatus
1662 595 1796 640 fuerit
1817 595 1986 650 denuo,
2000 593 2104 640 talis

138 656 317 713 iteratio
343 665 623 725 prohibenda
650 675 717 709 est
741 680 791 706 »-
781 677 931 722 ‚ergo
956 664 1003 706 in
1030 663 1379 708 confirmatione
1405 662 1680 721 imprimitur
1706 663 1956 707 character.

227 732 516 777 RESPONDEO
543 730 800 783 dicendum,
828 729 965 789 quod,
992 729 1107 774 sicut
1138 744 1272 788 supra
1305 730 1477 774 dictum
1509 739 1577 774 est
1602 730 1662 788 (q.
1691 730 1752 788 63.
1779 736 1862 775 art.
1889 744 1914 775 2
1919 730 1970 787 .),
1997 729 2104 774 cha·

139 808 287 844 racter
313 809 380 843 est
406 798 630 857 quaedam
657 796 898 856 spiritualis
924 805 1126 854 potestas
1158 796 1214 839 ad
1248 795 1421 854 aliquas
1453 810 1606 840 sacras
1640 797 1843 841 actiones
1869 796 2101 849 ordinata;

141 866 314 910 dictum
346 875 414 909 est
445 874 599 909 autem
624 877 758 922 supra
784 863 885 920 (art.
909 879 944 907 r.
972 863 1058 920 huj.
1086 862 1164 920 q.)‚
1191 863 1314 921 quod
1346 863 1464 906 sicut
1494 863 1745 921 baptismus
1777 872 1845 908 est
1876 862 2103 922 quaedam

140 931 382 991 spiritualis
407 930 690 990 regeneratio
717 930 763 973 in
783 929 926 973 vitam
958 929 1278 983 christianam;
1299 929 1362 972 ita
1388 929 1526 973 etiam
1554 929 1842 973 confirmatio
1869 939 1938 974 est
1958 927 2102 988 quod·

141 999 247 1044 dam
273 998 503 1057 spirituale
529 1005 827 1055 augmentum
854 1009 1132 1055 promovens
1158 995 1398 1039 hominem
1415 997 1462 1039 in
1479 995 1760 1055 spiritualem
1787 1005 1984 1040 aetatem
2006 1009 2101 1055 per-

138 1064 330 1110 fectam:
358 1063 649 1108 manifestum
676 1072 743 1107 est
768 1072 921 1106 autem
948 1077 1002 1106 ex
1023 1061 1317 1106 similitudine
1345 1061 1594 1121 corporalis
1617 1063 1751 1116 vitae,
1770 1063 1892 1121 quod
1919 1062 2009 1107 alia
2034 1070 2102 1107 est

141 1132 262 1176 actio
286 1131 487 1180 hominis
513 1130 667 1175 statim
691 1129 799 1183 nati,
826 1139 870 1174 et
897 1128 985 1172 alia
1013 1129 1147 1182 actio,
1174 1142 1290 1188 quae
1318 1129 1540 1187 competit
1561 1129 1617 1182 ei,
1641 1143 1747 1172 cum
1774 1129 1829 1174 ad
1854 1128 2104 1189 perfectam

142 1206 339 1243 aetatem
364 1196 642 1256 pervenerit;
674 1204 717 1240 et
748 1196 851 1240 ideo
884 1210 963 1253 per
995 1206 1333 1239 sacramentum
1367 1195 1728 1240 confirmationis
1761 1195 1891 1240 datur
1921 1194 2102 1240 homini

140 1274 340 1323 potestas
367 1263 610 1323 spiritualis
637 1263 693 1306 ad
719 1262 940 1321 quasdam
969 1261 1079 1306 alias
1112 1262 1315 1306 actiones
1347 1276 1514 1316 sacras,
1547 1272 1726 1321 praeter
1756 1262 1872 1316 illas,
1900 1262 1956 1306 ad
1988 1276 2100 1322 quas

140 1331 270 1375 datur
285 1333 326 1375 ei
350 1339 549 1390 potestas
568 1330 615 1372 in
632 1329 885 1388 baptismo;
902 1343 1010 1372 nam
1031 1329 1078 1372 in
1094 1329 1322 1387 baptismo
1341 1329 1504 1388 accipit
1519 1330 1664 1373 homo
1683 1338 1955 1388 potestatem
1974 1329 2029 1374 ad
2046 1343 2103 1374 ea

145 1398 338 1456 agenda,
353 1412 469 1457 quae
485 1397 541 1441 ad
557 1398 789 1456 propriam
807 1397 1031 1454 pertinent
1053 1395 1261 1450 salutern,
1279 1407 1413 1455 prout
1429 1396 1603 1441 scilicet
1628 1397 1882 1441 secundum
1904 1397 2106 1456 seipsum

140 1465 275 1509 vivit:
302 1465 380 1509 sed
405 1465 452 1508 in
484 1463 834 1508 confirmatione
868 1464 1030 1522 accipit
1060 1463 1205 1508 homo
1239 1473 1512 1522 potestatem
1546 1463 1600 1507 ad
1628 1464 1856 1522 agendum
1891 1478 1959 1518 ea,
1985 1478 2102 1523 quae

140 1532 367 1591 pertinent
406 1531 462 1575 ad
504 1544 706 1589 pugnam
731 1529 1013 1589 spiritualem
1047 1539 1204 1574 contra
1237 1531 1393 1574 hostes
1424 1529 1554 1584 fidei;
1587 1530 1704 1575 sicut
1734 1539 1856 1588 patet
1889 1529 2101 1590 exemplo

141 1597 472 1657 apostolorum,
502 1597 580 1656 qui
612 1607 856 1655 antequam
888 1596 1217 1655 plenitudinem
1250 1596 1442 1655 Spiritus
1474 1597 1630 1641 Sancti
1668 1598 1940 1656 acciperent,
1974 1607 2103 1642 erant

142 1665 192 1709 in
218 1664 472 1709 coenaculo
498 1673 839 1723 perseverantes
871 1665 917 1707 in
950 1663 1177 1708 oratione:
1205 1663 1501 1740 postmodum
1526 1677 1637 1708 vero
1665 1664 1832 1722 egressi
1859 1678 1954 1708 non
1979 1679 2104 1709 vere-

142 1731 306 1775 bantur
330 1730 510 1790 publice
534 1730 672 1774 fidem
698 1729 842 1783 fateri,
876 1730 1014 1774 etiam
1046 1744 1204 1774 coram
1235 1730 1432 1784 inimicis
1464 1730 1572 1774 fidei
1603 1731 1899 1785 christianae3
1926 1741 1972 1776 et
1995 1731 2101 1776 ideo

140 1797 432 1843 manifestum
460 1807 542 1851 est,
568 1797 690 1856 quod
717 1798 762 1840 in
789 1805 1075 1841 sacramento
1104 1796 1465 1841 confirmationis
1491 1797 1765 1856 imprimitur
1791 1798 2040 1844 character.

230 1864 308 1909 AD
319 1877 507 1909 PRIMUM
522 1878 631 1922 ergo
646 1863 904 1917 dicendum,
919 1864 1040 1921 quod
1066 1878 1219 1923 pugna
1236 1863 1479 1921 spiritualis
1497 1874 1655 1909 contra
1677 1865 1832 1908 hostes
1853 1864 2102 1910 invisibiles

141 1931 352 1976 omnibus
378 1932 620 1990 competit:
648 1930 726 1975 sed
754 1940 911 1974 contra
927 1930 1082 1974 hostes
1107 1929 1320 1984 visibiles,
1337 1931 1451 1975 idest
1468 1940 1627 1975 contra
1644 1941 1957 1990 persecutores
1979 1931 2102 1986 fidei,

140 2011 343 2058 pugnare
367 2011 539 2041 nornen
566 1997 740 2042 Christi
766 1996 944 2055 publice
967 1997 1245 2050 confitend0‚
1269 2006 1336 2041 est
1358 1997 1750 2052 confirmatorum,
1778 1999 1853 2057 qui
1877 2000 1972 2057 Jam
1997 2009 2104 2044 sunt

140 2064 344 2125 perducti
370 2064 657 2124 spiritualiter
684 2064 738 2108 ad
764 2063 944 2108 virilem
970 2073 1181 2118 aetatem,
1199 2064 1448 2108 secundum
1476 2066 1598 2123 quod
1620 2065 1782 2109 dicitur
1805 2078 1869 2121 14.
1882 2066 2013 2124 Joan.
2033 2079 2102 2111 2.:

141 2132 287 2179 Scribo
302 2133 434 2186 vobis,
451 2135 636 2191 juvenes,
655 2133 853 2190 quoniam
870 2132 1002 2190 fortes
1027 2133 1132 2185 estis,
1156 2137 1192 2176 et
1216 2133 1391 2176 verbum
1409 2133 1493 2176 Dei
1514 2134 1559 2176 in
1579 2134 1697 2177 vobis
1717 2139 1871 2187 manet,
1888 2139 1927 2178 et
1945 2134 2106 2178 vicistis

140 2200 398 2256 malignum5
425 2209 470 2243 et
493 2198 599 2243 ideo
624 2199 858 2243 character
879 2198 1240 2243 confirmationis
1264 2208 1332 2243 est
1362 2199 1544 2257 signum
1572 2199 1894 2254 distinctivum,
1920 2214 2015 2244 non
2042 2201 2107 2244 in-

141 2265 344 2312 fidelium
362 2280 388 2309 a
403 2265 624 2320 fidelibus,
650 2265 727 2310 sed
746 2264 1033 2324 spiritualiter
1050 2274 1372 2324 provectorum
1401 2266 1453 2310 ab
1481 2265 1565 2320 his,
1593 2266 1753 2325 quibus
1779 2266 1942 2311 dicitur
1958 2267 2015 2325 (r.
2034 2268 2108 2313 Pe·

142 2336 202 2380 tri
224 2336 316 2391 2.).·
345 2333 463 2379 Sicut
486 2332 607 2377 modo
630 2334 757 2391 geniti
782 2333 974 2391 infantes.

230 2400 308 2446 AD
340 2412 600 2445 SECUNDUM
632 2399 896 2453 dicendum,
938 2399 1062 2458 quod
1096 2399 1254 2444 omnia
1288 2409 1574 2444 sacramenta
1613 2409 1718 2444 sunt
1749 2400 1973 2459 quaedam
2005 2401 2110 2445 fidei

141 2467 512 2527 protestationes:
539 2466 656 2511 sicut
679 2466 815 2525 igitur
839 2466 1092 2525 baptizatus
1124 2466 1291 2525 accipit
1323 2475 1598 2525 potestatem
1624 2466 1901 2526 spiritualem
1930 2469 1986 2512 ad
2010 2482 2111 2527 pro-

142 2533 397 2580 testandam
421 2532 557 2577 fidem
585 2547 666 2592 per
691 2533 1026 2592 susceptionem
1061 2532 1257 2577 aliorum
1285 2543 1700 2589 sacramentorum3
1724 2536 1784 2578 ita
1811 2535 2106 2580 confirmatus

144 2600 308 2660 accipit
331 2610 605 2659 potestatem
630 2599 808 2659 publice
835 2599 973 2644 fidem
1005 2600 1178 2644 Christi
1204 2600 1352 2644 verbis
1378 2600 1630 2658 profitendi,
1653 2601 1782 2660 quasi
1803 2616 1857 2646 ex
1879 2601 2047 2647 officio.

233 2666 310 2710 An
336 2678 550 2711 TER’HUM
578 2666 836 2720 dicendum,
868 2667 990 2725 quod
1024 2677 1311 2711 sacramenta
1343 2667 1507 2711 veteris
1538 2667 1653 2726 legis
1685 2668 1894 2713 dicuntur
1919 2671 2106 2727 justitiae

145 2734 301 2787 carnis,
326 2742 377 2776 ut
400 2742 523 2791 patet
547 2732 683 2777 Hebr.
699 2747 758 2792 9.,
776 2733 881 2792 quia
908 2733 1084 2778 scilicet
1110 2734 1301 2778 interius
1327 2733 1443 2778 nihil
1468 2733 1746 2790 efficiebant3
1770 2745 1814 2779 et
1828 2735 1933 2781 ideo
1958 2736 2006 2779 in
2029 2736 2112 2780 cir·

146 2799 428 2845 cumcisione
452 2798 795 2858 imprimebatur
813 2799 1048 2844 character
1073 2799 1227 2845 solum
1254 2801 1300 2844 in
1327 2815 1535 2859 corpore,
1566 2815 1661 2846 non
1689 2811 1838 2846 autem
1860 2802 1906 2845 in
1930 2802 2105 2846 anima:

146 2866 224 2912 sed
249 2866 297 2910 in
323 2864 670 2911 confirmatione
702 2879 809 2910 cum
842 2866 1103 2911 charactere
1137 2867 1367 2927 corporali
1397 2868 1672 2928 imprimitur
1703 2868 1840 2914 simul
1872 2869 2106 2914 character

146 2931 404 2992 spiritualis,
437 2945 494 2977 eo
520 2932 643 2992 quod
669 2941 738 2977 est
761 2942 1099 2978 sacramentum
1123 2947 1271 2979 novae
1299 2934 1426 2994 legis.

840 3092 1271 3151 ARTICULUS
1305 3097 1403 3152 VI.
2015 3121 2103 3169 419

145 3228 377 3269 UTRUM
415 3227 841 3266 CHARACTER
881 3227 1502 3268 CONFIRMATIONIS
1542 3227 2103 3268 PRAESUPPONAT

769 3307 1174 3349 CHARACTEREM
1205 3311 1475 3349 BAPTISMI.

341 3419 404 3477 (4.
426 3419 535 3464 Dist.
564 3432 602 3477 7.
629 3433 666 3477 q.
693 3432 734 3463 2.
761 3423 844 3463 art.
867 3433 903 3464 1.
930 3432 968 3477 q.
989 3433 1025 3477 3.
1051 3425 1088 3464 et
1112 3420 1223 3465 Dist.
1245 3434 1315 3478 24.
1342 3435 1380 3479 q.
1408 3437 1443 3466 1.
1471 3426 1551 3464 art.
1579 3434 1618 3465 2.
1645 3434 1683 3478 q.
1705 3434 1742 3478 3.
1768 3425 1807 3465 et
1830 3419 1911 3477 4.).

236 3529 314 3575 An
346 3542 538 3575 snxrum
566 3529 643 3574 sic
675 3528 946 3587 proceditur.
960 3529 1172 3586 .Videtur,
1205 3532 1326 3591 quod
1354 3532 1588 3575 character
1620 3530 1980 3576 confirmationis
2009 3545 2105 3576 non

147 3606 483 3657 praesupponat
513 3611 567 3641 ex
598 3595 867 3641 necessitate
893 3595 1205 3643 characterem
1239 3596 1578 3658 baptismalem:
1605 3607 1946 3642 sacramentum
1986 3598 2109 3643 enim
