2352 3926
258 200 367 268 326
749 212 1024 278 QUAESTIO
1061 213 1289 251 XXXVIII.
1330 213 1639 252 ARTICULUS
1678 214 1732 251 V.

347 315 423 358 An
442 326 657 359 TERTmM
683 314 940 368 dicendum,
964 314 1084 373 quod
1113 315 1364 373 baptismus
1383 315 1573 391 Joannis
1598 313 1962 372 praeparatorius
1988 323 2102 368 erat,
2122 327 2218 358 non

257 379 408 424 solum
442 382 497 424 ad
533 382 623 423 hoc
658 381 779 438 quod
814 380 1023 424 Christus
1054 382 1370 440 baptizaretur,
1402 382 1481 426 sed
1514 382 1653 425 etiam
1687 381 1742 423 ad
1773 380 1864 424 hoc
1897 380 2020 439 quod
2053 371 2145 428 alii
2144 379 2219 442 ad

259 447 431 491 Christi
466 447 741 506 baptismum
783 448 1067 501 accederent,
1114 447 1238 506 quod
1279 448 1487 492 nondum
1524 447 1607 492 fuit
1638 446 1893 506 impletum,
1926 446 2131 493 Christo
2126 435 2220 512 hy.

256 514 438 573 ptizato.

955 699 1386 758 ARTICULUS
1421 701 1518 756 VI.
2133 728 2215 774 213

691 849 884 888 UTRUM
914 849 1206 888 BAPTIZATI
1247 850 1519 888 BAPTISMO
1547 850 1775 903 JOANNIS

526 930 730 969 ESSENT
772 930 986 969 POSTEA
1026 932 1298 970 BAPTISMO
1341 931 1559 970 CHRISTI
1601 930 1944 969 BAPTIZANDI.

643 1054 775 1113 (Infr.
802 1070 840 1114 q.
860 1055 932 1100 66.
951 1062 1032 1100 art.
1052 1070 1092 1115 9.
1112 1055 1166 1100 ad
1179 1070 1218 1100 2.
1233 1063 1270 1100 et
1286 1069 1328 1113 4.
1347 1056 1456 1100 Dist.
1476 1070 1515 1100 2.
1538 1070 1576 1114 q.
1595 1070 1634 1100 2.
1656 1061 1737 1099 art.
1753 1055 1833 1112 4.).

345 1179 421 1224 AD
449 1193 641 1225 SEXTUM
673 1181 737 1224 sic
765 1181 1037 1238 proceditur.
1065 1181 1268 1234 Videtur,
1287 1181 1408 1240 quod
1431 1181 1643 1239 baptizati
1668 1180 1896 1238 baptismo
1917 1177 2107 1237 Joannis
2125 1192 2220 1223 non

254 1245 421 1291 fuerint
445 1248 701 1306 baptizandi
732 1248 960 1306 baptismo
982 1248 1175 1292 Christi:
1198 1248 1398 1305 Joannes
1417 1249 1538 1291 enim
1565 1248 1660 1290 hon
1682 1246 1765 1291 fuit
1787 1247 1938 1290 minor
1959 1245 2220 1305 Apostolis3

257 1327 362 1357 cum
394 1314 450 1358 de
477 1328 532 1358 eo
565 1316 782 1373 scriptum
806 1318 862 1358 sit
886 1316 1046 1359 Matth.
1080 1329 1167 1358 11.:
1204 1316 1319 1359 Inter
1344 1322 1462 1359 natos
1497 1315 1722 1358 mulierum
1754 1329 1837 1358 non
1866 1315 2050 1358 surrexit
2079 1315 2222 1371 major

249 1381 301 1437 Jc·
305 1396 410 1425 anne
436 1382 653 1440 BaptIsta:
689 1383 767 1426 sed
793 1382 856 1425 illi
886 1383 962 1440 qui
987 1382 1328 1457 baptizabantur
1362 1382 1415 1424 ab
1442 1381 1695 1456 Apostolis,
1720 1395 1815 1424 non
1840 1381 2006 1426 iterum
2029 1380 2224 1441 baptiza·

255 1448 362 1490 ban
352 1463 432 1502 t‚ur
475 1449 553 1492 sed
595 1448 891 1492 solummodo
936 1449 1183 1492 addebatur
1224 1449 1287 1492 eis
1329 1448 1562 1506 impositio
1604 1462 1853 1492 manuum.
1895 1446 2058 1491 dicitur
2099 1447 2222 1492 enim

256 1514 359 1558 Act.
388 1515 428 1558 8.
456 1515 577 1573 quod
607 1515 744 1573 aliqui
771 1515 985 1574 baptizati
1011 1525 1188 1559 tantum
1216 1525 1344 1558 erant
1371 1529 1396 1558 a
1422 1514 1669 1573 Philippo
1653 1530 1698 1557 in
1719 1515 1885 1559 nomine
1905 1513 2220 1571 Dominis-estu

256 1587 293 1625 et
329 1587 424 1625 tunc
450 1582 678 1640 Apostoli,
706 1581 880 1625 scilicet
917 1583 1090 1636 Petrus,
1119 1592 1162 1625 et
1183 1582 1398 1639 Joannes,
1432 1583 1699 1640 imponebant
1723 1595 1873 1625 manus
1901 1588 2023 1640 super
2046 1581 2153 1635 illos,
2185 1586 2223 1625 ct

258 1649 517 1705 accipiebant
542 1649 750 1708 Spititum
777 1649 1002 1700 Sanctum;
1032 1663 1142 1706 ergo
1169 1649 1360 1704 videtur,
1387 1649 1509 1707 quod
1541 1648 1755 1707 baptizati
1780 1662 1807 1692 a
1825 1647 2003 1706 Joanne
2027 1661 2122 1692 non
2148 1647 2221 1697 de-

257 1714 436 1758 buerint
460 1715 677 1773 baptizari
707 1715 935 1773 baptismo
964 1715 1149 1759 Christi.
2120 1750 2123 1754 r

347 1794 388 1824 2.
415 1782 712 1827 PRAETEREA.
740 1781 954 1841 Apostoli
979 1781 1162 1826 fuerunt
1185 1781 1399 1841 baptizati
1426 1782 1652 1840 baptismo
1665 1781 1877 1839 Joannis:
1899 1755 2079 1839 fuerunt
2097 1780 2222 1825 enim

257 1847 442 1906 quidam
470 1863 631 1892 eorum
657 1848 866 1907 discipuli
886 1849 1089 1906 Joannis,
1108 1860 1156 1893 ut
1182 1860 1305 1908 patet
1320 1849 1450 1907 Joan.
1476 1863 1509 1892 1
1527 1848 1641 1894 :sed
1660 1847 1874 1907 Apostoli
1895 1861 1988 1893 non
2010 1835 2221 1907 videntur

258 1929 356 1959 esse
388 1915 601 1974 baptizati
625 1916 854 1974 baptismo
883 1917 1082 1961 Christi:
1110 1917 1271 1960 dicitur
1299 1917 1421 1960 enim
1448 1916 1578 1974 Joan.
1605 1928 1646 1970 4.
1637 1949 1663 1970 .,
1698 1915 1820 1974 quod
1840 1916 1956 1972 Jesus
1986 1926 2071 1959 non
2092 1915 2223 1975 bapti-

256 1984 395 2039 zabat,
420 1982 487 2026 sed
512 1982 703 2042 discipuli
725 1986 837 2041 ejus‚·.
871 1997 981 2041 ergo
1014 1983 1206 2037 videtur,
1246 1983 1368 2042 quod
1404 1982 1615 2042 baptizati
1649 1982 1876 2041 baptismo
1905 1981 2096 2040 Joannis
2125 1994 2222 2027 non

256 2059 384 2093 erant
408 2049 667 2107 baptizandi
692 2050 919 2108 baptismo
948 2050 1134 2094 Christi.

350 2130 387 2174 3.
414 2115 712 2160 PRAETEREA.
743 2117 897 2159 Minor
933 2126 1014 2170 est,
1049 2117 1127 2175 qui
1160 2117 1424 2175 baptizatur,
1460 2092 1599 2175 quam
1635 2118 1711 2175 qui
1747 2115 1967 2175 baptizat:
2007 2114 2089 2160 sed
2124 2115 2222 2175 ipse

249 2181 450 2240 Joannes
475 2197 569 2226 non
602 2183 766 2241 legitur
791 2184 1042 2242 baptizatus
1069 2184 1297 2242 baptismo
1326 2183 1521 2239 Christi3
1555 2198 1665 2242 ergo
1693 2183 1838 2228 multo
1865 2183 2016 2228 minus
2047 2181 2114 2229 illi
2144 2181 2223 2243 qui

256 2263 282 2292 a
301 2249 478 2307 Joanne
505 2250 859 2309 baptizabantur,
887 2251 1150 2309 indigebant
1175 2251 1402 2309 baptismo
1431 2219 1616 2295 Chi-isti.

344 2329 385 2371 4.
413 2317 711 2362 PRAETEREA.
732 2317 890 2360 Actor.
925 2331 990 2377 19.
1018 2318 1195 2372 dicitur,
1217 2318 1339 2376 quod
1358 2318 1515 2362 Paulus
1537 2319 1699 2362 invenit
1715 2317 1912 2376 quosdam
1929 2316 1976 2362 dc
1991 2315 2220 2377 discipulis,

254 2382 441 2442 dixitque
476 2384 529 2427 ad
558 2399 646 2428 eos:
683 2385 728 2428 Si
761 2385 967 2443 Spiritum
998 2384 1197 2429 Sanctum
1229 2386 1441 2444 accepistis
1473 2385 1708 2430 credentes?
1750 2386 1813 2430 At
1847 2384 1912 2428 illi
1939 2384 2139 2443 dixerunt
2168 2383 2223 2428 ad

255 2465 375 2495 eum:
400 2449 478 2494 Sed
503 2466 629 2508 neque
652 2453 688 2494 si
714 2451 893 2510 Spiritus
919 2451 1091 2496 Sanctus
1123 2458 1190 2505 est,
1225 2452 1476 2496 audivimus.
1500 2451 1576 2495 Ille
1606 2466 1707 2496 vero
1739 2453 1827 2496 ait.-
1859 2451 1912 2496 In
1934 2465 2014 2510 quo
2035 2464 2131 2510 crgo
2155 2451 2223 2508 ba·

250 2519 402 2576 ptizati
431 2519 555 2562 estis?
589 2519 678 2574 Qui
710 2518 906 2562 dixerunt
926 2531 940 2560 .·
973 2519 1024 2562 In
1050 2520 1228 2575 Joannis
1250 2521 1521 2578 baptismam·
1557 2528 1602 2562 et
1627 2518 1844 2577 sequitur,
1869 2517 1993 2577 quod
2019 2519 2223 2578 baptizati

252 2590 347 2628 sunt
371 2584 536 2627 iterum
562 2586 606 2628 in
631 2586 796 2628 nomine
815 2586 993 2628 Domini
1023 2587 1155 2629 nostri
1180 2587 1277 2642 sesa
1300 2585 1458 2629 Christi
1473 2601 1488 2637 ;
1518 2586 1581 2629 sic
1609 2599 1718 2644 ergo
1744 2584 1934 2638 videtur,
1966 2584 2089 2645 quod
2114 2584 2221 2644 quia

255 2665 354 2695 esse
374 2650 593 2710 Spiritum
614 2651 836 2695 Sanctum
853 2652 1131 2706 nesciebant,
1151 2652 1351 2712 oportuit
1368 2666 1448 2696 eos
1467 2653 1630 2697 iterum
1648 2652 1880 2711 baptizari,
1898 2651 2219 2710 sicutHieron.

254 2718 363 2762 dicit
387 2733 522 2778 super
541 2718 718 2776 Joelem
749 2719 858 2778 (sup.
880 2719 984 2763 illud
1017 2728 1106 2778 cap.
1130 2735 1164 2778 3.
1181 2736 1194 2764 .·
1218 2719 1444 2778 Effundam
1470 2720 1700 2779 deSpiritu
1721 2720 1846 2776 meo),
1874 2729 1918 2764 et
1938 2719 1986 2763 in
2011 2719 2139 2778 epist.
2163 2718 2219 2765 de

251 2785 352 2830 viro
380 2788 510 2829 unius
534 2786 686 2829 uxoris
713 2786 838 2844 (quae
865 2793 917 2830 est
949 2787 1010 2844 83.
1038 2786 1091 2830 ad
1121 2787 1276 2831 Ocean.
1310 2794 1402 2845 cap.
1426 2802 1461 2845 3.
1485 2801 1511 2830 a
1536 2786 1679 2845 med),
1715 2797 1759 2830 et
1790 2786 2004 2831 Ambros.
2032 2786 2142 2830 dicit
2171 2786 2219 2830 in

253 2851 337 2896 lib.
362 2866 396 2896 1.
425 2853 480 2896 de
509 2853 677 2911 Spiritu
707 2852 877 2896 Sancto
906 2853 1016 2912 (cap.
1032 2868 1067 2911 3.
1093 2855 1168 2897 cir.
1185 2854 1374 2912 princ.);
1400 2854 1478 2897 sed
1506 2854 1693 2911 quidam
1716 2852 1896 2898 fuerunt
1915 2853 2130 2912 baptizati
2145 2853 2221 2898 ba-

252 2919 421 2978 ptismo
442 2919 644 2976 Joannis,
671 2921 745 2978 qui
774 2919 1002 2963 habebant
1027 2919 1210 2978 plenam
1237 2920 1448 2963 notitiam
1478 2919 1743 2975 Trinitatis;
1771 2934 1882 2980 ergo
1909 2933 2003 2967 non
2029 2930 2128 2978 erat
2142 2920 2221 2972 ba-

252 2987 450 3045 ptizandi
476 2987 639 3030 iterum
665 2986 892 3044 baptismo
921 2986 1106 3030 Christi.

349 3067 385 3111 5.
413 3053 710 3098 PRAETEREA.
739 3054 934 3096 Roman.
969 3066 1033 3097 10.
1062 3067 1195 3110 super
1220 3051 1351 3096 illud:
1380 3054 1473 3097 Hoc
1506 3060 1562 3098 est
1585 3055 1759 3098 verbum
1775 3053 1894 3114 fidei,
1926 3053 2036 3113 quod
2050 3053 2219 3114 praedi·

252 3135 410 3175 camus,
437 3121 546 3164 dicit
579 3121 729 3166 Gloss.
758 3121 950 3178 August,
978 3120 1086 3177 (ord.
1115 3126 1233 3164 tract.
1261 3121 1331 3165 80.
1362 3122 1403 3163 in
1431 3121 1554 3176 Joan.
1582 3135 1608 3164 a
1640 3121 1794 3179 med.).·
1833 3136 1857 3163 «
1876 3120 2009 3166 Unde
2042 3130 2110 3165 est
2129 3120 2216 3166 ista

251 3198 377 3232 tanta
398 3188 539 3232 virtus
567 3202 726 3247 aquae,
759 3197 807 3231 ut
834 3201 999 3246 corpus
1024 3196 1195 3245 tangat,
1228 3197 1272 3230 et
1304 3201 1383 3231 cor
1410 3187 1576 3241 abluat,
1603 3188 1690 3231 nisi
1716 3187 1911 3233 faciente
1940 3187 2097 3244 verb0,
2121 3200 2223 3247 non*

252 3255 357 3313 quia
381 3255 557 3310 dicitur,
575 3255 652 3300 sed
672 3254 777 3313 quia
799 3254 1023 3298 creditur?
1052 3271 1074 3295 »
1105 3253 1168 3297 Ex
1186 3268 1276 3312 quo
1301 3263 1436 3312 patet,
1460 3255 1581 3313 quod
1604 3255 1744 3299 virtus
1762 3254 1973 3313 baptismi
1989 3253 2214 3313 dependet

253 3336 307 3365 ex
333 3321 444 3366 fide:
477 3322 556 3366 sed
591 3321 739 3366 forma
771 3320 984 3380 baptismi
1010 3320 1198 3378 Joannis
1231 3320 1504 3379 significavit
1536 3321 1670 3365 fidem
1706 3320 1893 3376 Christi,
1925 3320 2094 3381 inqua
2124 3334 2222 3369 nos.

248 3388 554 3447 baptizamur:
582 3389 691 3433 dicit
718 3388 840 3432 enim
866 3386 1034 3431 Paulus
1063 3387 1219 3431 Actor.
1260 3401 1349 3446 19.:
1373 3389 1552 3445 Joannes
1585 3390 1826 3447 baptizabat
1857 3389 2059 3448 baptismo
2072 3389 2216 3447 poeni-

248 3457 396 3500 tentiae
423 3457 643 3516 populum,
676 3456 836 3500 dicens:
871 3455 922 3498 In
954 3469 1046 3498 eum
1078 3455 1150 3512 qui
1180 3461 1379 3499 venturus
1412 3461 1465 3499 cst
1489 3462 1583 3514 post
1614 3457 1762 3514 ipsum,
1794 3461 1841 3500 ut
1872 3453 2098 3516 crederent,
2135 3454 2223 3513 hoc»,

247 3529 303 3567 est
330 3525 373 3566 in
399 3524 566 3579 Jesum;
596 3537 705 3583 ergo
734 3522 924 3576 videtur,
951 3519 1073 3580 quod
1100 3534 1194 3564 non
1222 3521 1476 3580 oportebat,
1496 3522 1747 3582 baptizatos
1778 3521 2006 3582 baptismo
2021 3518 2213 3580 Joannis

252 3590 417 3634 iterum
443 3590 661 3649 baptizari
693 3589 920 3648 baptismo
955 3586 1140 3633 Christi.

2334 2981 2352 3018 τι,

2340 3024 2352 3047 ἶ

2334 3052 2352 3070 ,κέ
