2352 3926
253 243 282 297 5
299 243 372 299 24
802 242 1079 289 QUAESTIO
1120 241 1271 281 LXIII.
1304 207 1614 283 ARTICULUS
1652 242 1689 284 1.

251 357 454 406 peccata,
487 358 531 392 et
564 347 617 391 ad
648 345 977 405 perficiendum
1010 345 1214 388 animam
1246 346 1291 388 in
1322 345 1408 400 his,
1446 359 1563 404 quae
1590 346 1818 405 pertinent
1843 347 1899 392 ad
1925 347 2100 394 cultum
2129 349 2220 396 Dei

250 415 502 458 secundum
533 415 670 458 ritum
697 412 970 456 christianae
996 412 1129 456 vitae.
1161 411 1456 471 Quicumque
1483 422 1644 456 autem
1671 413 1727 457 ad
1754 412 1922 474 aliquid
1946 426 2125 462 certum
2147 417 2222 464 de·

249 491 443 540 putatur,
471 480 708 524 consuevit
735 479 789 522 ad
816 478 928 523 illud
967 478 1227 536 consignari
1258 479 1376 523 sicut
1407 478 1589 533 milites,
1639 480 1716 538 qui
1756 478 2139 528 adscribebantur
2152 484 2219 529 ad

250 548 460 592 militiam
487 547 746 605 antiquitus,
765 545 978 590 solebant
999 546 1271 604 quibusdam
1293 546 1628 591 characteribus
1654 547 1997 605 corporalibus
1985 563 2218 618 msigmu3

249 629 304 658 eo
338 614 459 673 quod
492 613 823 672 deputabantur
854 612 910 656 ad
944 612 1112 671 aliquid
1147 612 1407 671 corporale:
1447 622 1492 656 et
1525 612 1630 656 ideo
1664 627 1769 656 cum
1801 614 2014 660 homines
2043 621 2129 676 pe'r
2147 629 2222 665 aa·

248 691 479 725 eramenta
511 680 785 739 deputentur
817 680 872 723 ad
906 679 1075 739 aliquid
1108 679 1339 739 spirituale
1372 681 1599 739 pertinens
1631 681 1687 724 ad
1724 680 1898 725 cultum
1929 682 2032 738 Dei,
2062 685 2221 731 conse-

247 762 388 806 quens
415 757 495 801 est,
522 747 645 806 quod
677 761 758 806 per
784 761 837 791 ea
863 746 1021 791 fideles
1055 746 1208 806 aliquo
1232 747 1453 806 spirituali
1476 747 1737 792 charactere
1764 747 2061 807 insignantur.
2082 750 2218 796 Unde

246 815 529 871 Augustinus
557 815 665 858 dicit
695 815 742 857 in
777 828 816 858 2.
851 823 1010 858 contra
1042 814 1397 858 Parmenianum
1424 815 1539 874 (cap.
1565 829 1620 873 13.
1649 828 1675 858 a
1704 814 1831 872 med.)
1847 830 1858 857 .·
1897 831 1920 856 (ε
1948 815 1999 860 Si
2028 816 2218 862 militiae

247 882 558 925 characterem
591 882 637 924 in
672 895 864 940 corpore
897 895 981 925 suo
1026 895 1121 924 non
1164 880 1363 925 militans
1406 881 1595 940 pavidus
1635 881 1935 936 exhorruerit,
1967 893 2013 928 et
2043 883 2099 928 ad
2132 883 2219 929 cle-

246 948 467 992 mentiam
498 949 786 1007 imperatoris
820 948 1088 1007 confugerit,
1116 963 1168 992 ac
1195 962 1327 1007 prece
1353 948 1467 1002 fusa,
1495 959 1539 992 et
1570 949 1713 1007 impet
1725 959 1819 994 rata
1849 951 1943 1008 jam
1963 951 2111 1009 venia,
2138 951 2218 996 mi-

244 1015 373 1059 litare
399 1016 615 1074 coeperit,
648 1016 884 1074 numquid,
916 1016 1106 1059 homine
1139 1014 1344 1068 liberato,
1380 1026 1513 1074 atque
1546 1026 1768 1070 correcto,
1802 1017 2039 1062 character
2054 1017 2130 1063 ille
2151 1033 2218 1064 re·

245 1082 423 1140 petitur,
443 1097 494 1126 ac
513 1097 606 1126 non
625 1085 774 1142 potius
793 1083 970 1141 agnitus
989 1082 1293 1141 approbatur?
1320 1082 1395 1126 An
1412 1081 1528 1127 forte
1547 1083 1697 1127 minus
1718 1083 1908 1128 haerent
1928 1095 2214 1130 sacramenta

246 1149 505 1203 christiana,
530 1164 668 1208 quam
696 1149 946 1209 corporalis
971 1150 1086 1193 haec
1112 1149 1256 1192 nota?
1284 1166 1307 1191 »

334 1217 410 1260 AD
437 1230 625 1261 PRIMUM
652 1231 762 1275 ergo
790 1217 1049 1269 dicendum,
1077 1216 1199 1275 quod
1226 1215 1381 1260 fideles
1420 1216 1592 1260 Christi
1629 1216 1684 1260 ad
1726 1218 1984 1276 praemium
2025 1219 2211 1283 quidem

243 1283 419 1328 futurae
446 1284 618 1342 gloriae
645 1284 917 1342 deputantur
950 1283 1190 1341 signaculo
1218 1283 1642 1342 praedestinationis
1670 1285 1870 1328 divinae:
1897 1285 1976 1329 sed
2004 1286 2060 1330 ad
2088 1297 2214 1332 actus

245 1351 568 1395 convenientes
601 1352 827 1409 praesenti
852 1351 1085 1394 Ecclesiae
1113 1350 1385 1409 deputantur
1413 1351 1614 1409 quodam
1640 1350 1861 1414 spirituali
1886 1346 2125 1437 signaculo
2150 1353 2215 1399 eis

245 1418 478 1476 insignito,
504 1419 626 1477 quod
655 1419 891 1462 character
916 1428 1216 1476 nuncupatur.
2078 1443 2080 1445 >

333 1486 408 1530 AD
442 1499 704 1530 SECUNDUM
731 1486 988 1538 dicendum,
1017 1485 1139 1543 quod
1167 1485 1405 1529 character
1432 1486 1612 1529 animae
1638 1487 1902 1546 impressus
1899 1486 2048 1532 habet
2072 1487 2213 1533 ratio-

243 1566 349 1596 nem
377 1553 509 1611 signi,
535 1553 806 1611 inquantum
833 1566 912 1611 per
939 1551 1149 1595 sensibile
1176 1561 1516 1596 sacramentum
1541 1553 1841 1612 imprimitur;
1867 1547 2063 1616 per'hoc
2088 1555 2214 1600 enim

243 1620 382 1663 scitur
408 1619 567 1678 aliquis
595 1633 692 1663 esse
717 1618 976 1678 baptismali
1003 1619 1265 1663 charactere
1291 1619 1546 1677 insignitus,
1563 1620 1685 1679 quod
1704 1629 1772 1664 est
1787 1619 1964 1665 ablutus
1982 1632 2099 1681 aqua
2119 1636 2216 1667 sen-

244 1686 384 1730 sibili:
413 1686 712 1730 nihilominus
739 1696 894 1730 tamen
922 1686 1171 1740 character,
1196 1685 1271 1730 vel
1291 1685 1578 1744 signaculum
1602 1686 1692 1731 dici
1712 1697 1863 1746 potest
1882 1701 1964 1748 per
1983 1688 2214 1748 quandam

245 1747 587 1797 similitudinem
615 1768 754 1797 omne
780 1753 903 1812 quod
931 1753 1187 1812 configurat
1211 1754 1361 1808 alicui,
1380 1754 1452 1798 vel
1471 1755 1704 1814 distinguit
1720 1756 1774 1800 ab
1794 1755 1899 1812 alio,
1917 1757 2098 1803 etiamsi
2115 1771 2212 1803 non

244 1820 301 1864 sit
326 1820 555 1864 sensibile:
585 1822 700 1864 sicut
724 1820 933 1865 Christus
960 1821 1122 1864 dicitur
1136 1822 1296 1880 figura,
1318 1820 1394 1865 vel
1414 1822 1629 1868 character
1644 1829 1842 1882 paternae
1861 1825 2126 1881 substantiae,
2149 1838 2215 1871 se·

246 1889 446 1931 cundum
473 1886 751 1947 Apostolum
778 1887 915 1931 Hebr.
955 1901 990 1932 1.

332 1955 408 1998 AD
437 1967 653 2000 TERTIUM
680 1955 941 2009 dicendum,
969 1955 1105 2014 quod,
1133 1956 1249 1999 sicut
1288 1969 1424 2014 supra
1466 1956 1637 2000 dictum
1679 1967 1747 2001 est
1774 1956 1831 2016 (q.
1853 1965 1994 2017 praec.
2018 1966 2100 2005 art.
2128 1959 2211 2018 6.),

243 2032 527 2066 sacramenta
553 2022 716 2066 veteris
742 2021 855 2080 legis
882 2036 976 2066 non
1002 2022 1268 2066 habebant
1257 2037 1304 2066 in
1330 2038 1378 2068 se
1405 2023 1685 2085 spiritualem
1706 2025 1919 2069 virtutem
1938 2026 1993 2070 ad
2013 2025 2212 2087 aliquem

242 2089 522 2147 spiritualem
555 2089 770 2133 effectum
802 2090 1100 2148 operandum,
1128 2100 1171 2134 et
1187 2090 1320 2134 ideo*
1310 2106 1356 2134 in
1372 2090 1460 2135 illis
1477 2092 1772 2136 sacramentis
1789 2106 1883 2136 non
1900 2094 2213 2152 requirebatur

244 2156 404 2215 aliquis
431 2156 672 2215 spiritualis
700 2157 960 2211 character3
989 2158 1067 2201 sed
1095 2157 1347 2202 sufficiebat
1371 2159 1434 2202 ibi
1461 2159 1709 2219 corporalis
1743 2160 2047 2216 circumcisio,
2073 2160 2212 2222 quam

243 2223 496 2283 Apostolus
523 2224 813 2283 signaculum
838 2226 1048 2268 nominat
1073 2224 1210 2269 Rom.
1235 2237 1278 2280 4.

951 2373 1386 2431 ARTICULUS
1423 2375 1494 2429 11.
2125 2405 2218 2452 345*

521 2493 716 2532 UTRUM
756 2494 1087 2534 CHARACTER
1127 2495 1213 2533 SIT
1255 2495 1590 2534 SPIRITUALIS
1630 2496 1930 2536 POTESTAS.

923 2590 984 2647 (4.
1010 2591 1122 2635 Dist.
1148 2604 1191 2647 4.
1219 2605 1256 2649 q.
1288 2603 1325 2634 Ι.
1354 2596 1434 2635 art.
1460 2589 1533 2648 1.).

332 2692 409 2736 An
436 2705 698 2737 SECUNDUM
724 2693 788 2737 sic
815 2693 1085 2752 proceditur.
1113 2693 1316 2748 Videtur,
1344 2694 1466 2753 quod
1494 2694 1730 2740 character
1763 2709 1858 2740 non
1884 2695 1942 2741 sit
1966 2695 2211 2756 spiritualis

242 2767 465 2818 potestas:
494 2760 730 2803 character
756 2761 879 2804 enim
905 2761 1029 2805 idem
1061 2761 1238 2805 videtur
1270 2776 1383 2815 esse,
1417 2762 1538 2821 quod
1561 2762 1732 2821 figura:
1761 2763 1880 2808 unde
1903 2762 2042 2809 Hebr.
2070 2777 2107 2808 1.¹
2130 2763 2208 2810 ubi

243 2826 426 2871 dicitur:
454 2828 618 2885 Fz'gura
640 2829 893 2872 substantiae
919 2830 1019 2886 ejus,
1049 2830 1093 2871 in
1122 2843 1290 2887 graeco
1314 2829 1505 2873 habetur
1525 2828 1632 2873 loco
1653 2829 1826 2888 figurae
1858 2831 2102 2877 character:
2129 2831 2209 2876 sed

242 2893 387 2952 figura
414 2895 553 2938 est2in
579 2905 738 2953 quarta
765 2897 916 2953 specie
944 2894 1195 2954 qualitatis:
1225 2906 1267 2940 et
1289 2896 1351 2939 ita
1373 2895 1522 2940 differt
1544 2911 1568 2940 a
1591 2907 1828 2956 potestate,
1850 2894 2125 2957 quae‘est'in
2145 2909 2214 2944 ‘seht

244 2962 391 3005 cunda
418 2962 570 3020 specie
598 2961 848 3020 qualitatis;
878 2962 1112 3007 character
1139 2977 1250 3021 ergo
1276 2978 1370 3006 non
1398 2973 1466 3007 est
1490 2963 1733 3021 spiritualis
1758 2974 1971 3024 potestas.

330 3042 370 3073 2.
399 3029 696 3073 PRAETEREA.
733 3030 923 3088 Dionys.
953 3030 1060 3073 dicit
1087 3043 1125 3073 2.
1167 3045 1263 3089 cap.
1292 3030 1463 3075 Eccles.
1499 3031 1672 3075 Hierar.
1703 3031 1749 3088 (a
1773 3031 1919 3091 med),
1944 3031 2066 3092 quod
2095 3048 2121 3075 α
2141 3029 2207 3077 di·

239 3096 342 3139 vina
370 3096 602 3140 beatitudo
631 3097 925 3140 accedentem
955 3097 1009 3139 ad
1037 3096 1314 3154 baptismum
1341 3098 1386 3141 in
1414 3098 1483 3141 sui
1515 3098 1911 3158 participationem
1943 3098 2125 3158 recipit3
2158 3108 2206 3143 et

241 3163 424 3222 proprio
452 3177 535 3207 suo
562 3163 735 3207 lumine
762 3165 889 3222 quasi
918 3163 1118 3222 quodam
1147 3164 1278 3222 signo
1306 3165 1390 3223 ipsi
1416 3166 1550 3209 tradit
1575 3179 1705 3210 suam
1730 3165 2128 3226 participationem
2153 3178 2205 3210 u:

241 3241 284 3273 et
317 3230 380 3274 sic
408 3230 598 3284 videtur,
626 3230 747 3289 quod
786 3230 1021 3274 character
1057 3231 1113 3274 sit
1150 3231 1380 3289 quoddam
1422 3231 1602 3276 lumen:
1636 3232 1712 3277 sed
1747 3231 1904 3278 lumen
1936 3232 1993 3278 ad
2022 3230 2206 3277 tertiam

239 3298 439 3356 speciem
466 3297 694 3357 qualitatis
721 3297 897 3342 videtur
923 3298 1171 3356 pertinere3
1205 3313 1298 3342 non
1332 3314 1441 3358 ergo
1477 3300 1712 3344 character
1744 3310 1812 3345 est
1841 3309 2057 3361 potestas,
2084 3314 2205 3361 quae

240 3365 417 3409 videtur
441 3366 495 3409 ad
523 3366 774 3410 secundam
801 3366 1001 3424 speciem
1029 3365 1256 3424 qualitatis
1284 3367 1521 3425 pertinere.

332 3447 367 3490 3.
397 3433 692 3477 PRAETEREA.
723 3433 762 3476 A
792 3433 1064 3491 quibusdam
1099 3432 1333 3476 character
1366 3434 1428 3477 sic
1467 3433 1697 3480 definitur:
1735 3451 1758 3476 «
1782 3433 2035 3480 Character
2059 3444 2127 3480 est
2151 3435 2205 3481 si-

240 3514 378 3557 gnum
399 3511 607 3543 sanctum
627 3500 967 3543 communionis
984 3498 1103 3552 fidei,
1117 3508 1159 3542 et
1178 3510 1361 3544 sanctae
1375 3501 1674 3546 ordinationis
1693 3502 1848 3546 datum
1867 3516 1890 3546 a
1908 3501 2203 3549 hierarcha».

239 3566 421 3624 signum
449 3576 600 3610 autem
629 3577 694 3611 est
720 3567 765 3610 in
790 3579 956 3626 genere
982 3564 1230 3620 relationis,
1257 3580 1351 3611 non
1379 3578 1531 3612 autem
1557 3569 1603 3613 in
1630 3581 1799 3628 genere
1824 3569 2086 3629 potestatis,
2108 3580 2201 3614 non

242 3646 351 3691 ergo
380 3634 614 3678 character
641 3643 708 3678 est
734 3632 977 3693 spiritualis
1003 3642 1219 3693 potestas.
