2352 3926
693 253 972 302 ommno
1013 254 1235 298 LXXXIX-⁴
1271 253 1580 295 Ana-tentus
1618 252 1671 292 v.
2046 235 2151 308 827

205 355 493 400 remittuntur
518 365 704 414 peccata
730 356 982 414 praeterita,
1006 356 1070 400 ita
1092 355 1229 400 etiam
1250 369 1330 415 per
1351 364 1590 414 peccatum
1611 366 1803 413 sequens
1825 352 2155 413 mortificantur

206 435 342 482 opera
375 423 496 482 prius
521 422 567 466 in
593 422 810 467 charitate
835 421 977 467 facta:
1004 422 1083 467 sed
1110 432 1297 482 peccata
1318 423 1502 467 dimissa
1525 436 1605 481 per
1626 420 1954 481 poenitentiam
1975 434 2070 464 non
2091 434 2156 464 re-

204 489 356 543 deunt,
381 500 429 534 ut
453 503 586 547 supra
612 489 782 533 dictum
809 499 877 533 est
905 489 960 547 (q.
982 497 1123 548 praec.
1150 496 1231 534 art.
1259 505 1292 535 r.
1319 496 1357 534 et
1382 490 1470 546 2.);
1499 502 1609 547 ergo
1635 488 1826 543 videtur,
1858 487 1980 547 quod
2013 487 2153 531 etiam

204 569 343 615 opera
368 556 638 601 mortificata
662 570 742 614 per
767 555 1035 600 charitatem
1061 570 1154 600 non
1180 556 1465 600 reviviscant.

294 635 334 667 2.
360 622 654 668 PRAETEREA.
683 622 839 681 Opera
865 622 1075 666 dicuntur
1111 623 1388 679 mortificari,
1424 623 1479 667 ad
1517 622 1862 668 similitudinem
1890 620 2155 665 animalium

203 703 320 750 quae
345 690 612 744 moriuntur,
638 700 686 734 ut
710 689 882 735 dictum
909 700 976 734 est
999 693 1100 747 (art.
1119 691 1305 750 praec.):
1332 691 1410 735 sed
1438 690 1608 735 animal
1633 700 1866 735 mortuum
1891 703 1984 734 non
2006 698 2156 747 potest

202 757 368 802 iterum
383 755 602 802 vivificari
618 771 630 812 ;
657 769 765 816 ergo
784 769 868 801 nec
888 770 1026 816 opera
1044 756 1315 802 mortificata
1336 768 1526 817 possunt
1543 758 1706 802 iterum
1728 771 1807 817 per
1826 755 2155 817 poenitentiam

204 837 485 870 reviviscere.

297 905 335 949 3.
356 891 652 936 PRAETEREA.
681 890 836 950 Opera
852 892 898 935 in
916 890 1132 937 charitate
1150 891 1267 936 facta
1284 901 1514 936 merentur
1531 891 1726 950 gloriam
1743 891 1997 936 secundum
2019 903 2156 951 quan-

204 958 379 1004 titatem
405 959 591 1018 gratiae,
616 958 690 1003 vel
726 958 979 1004 charitatis:
1007 959 1086 1003 sed
1123 959 1395 1017 quandoque
1431 973 1510 1018 per
1545 958 1872 1018 poenitentiam
1903 958 2048 1002 homo
2084 969 2153 1001 re-

205 1025 348 1084 surgit
362 1026 408 1070 in
425 1026 591 1070 minori
607 1027 764 1084 gratia,
781 1025 856 1070 vel
874 1025 1117 1080 charitate;
1140 1039 1250 1084 ergo
1268 1039 1362 1069 non
1381 1026 1672 1084 consequitur
1689 1025 1886 1084 gloriam
1903 1023 2154 1069 secundum

206 1092 418 1137 meritum
445 1092 645 1151 priorum
669 1106 881 1152 operum:
910 1102 954 1136 et
977 1093 1040 1137 ita
1064 1092 1255 1147 videtur,
1281 1092 1405 1151 quod
1432 1106 1569 1151 opera
1595 1107 1674 1151 per
1705 1102 1941 1151 peccatum
1969 1089 2155 1135 mortifi-

205 1168 306 1205 cata
330 1172 424 1204 non
448 1159 732 1203 reviviscant.

294 1225 388 1270 SED
414 1238 609 1270 CONTRA
635 1235 716 1279 est,
741 1225 863 1285 quod
881 1240 1014 1284 super
1034 1225 1145 1270 illud
1157 1225 1259 1283 Joel
1275 1239 1337 1270 2.:
1357 1225 1538 1272 Reddam
1558 1227 1675 1270 vobis
1692 1240 1834 1280 annos,
1857 1239 1955 1284 quos
1981 1224 2156 1270 comedit

205 1291 377 1346 locusta,
403 1292 511 1337 dicit
544 1292 694 1337 Gloss.
724 1293 926 1351 (interl.).·
947 1293 1093 1337 «Non
1110 1294 1254 1352 patiar
1285 1293 1430 1352 perire
1457 1292 1723 1346 ubertatem,
1756 1306 1892 1351 quam
1920 1306 2026 1336 cum
2057 1305 2153 1351 per·

204 1359 460 1405 turbatione
486 1360 629 1404 animi
653 1360 865 1404 amisistis
887 1376 939 1405 »z
966 1360 1044 1404 sed
1070 1360 1148 1404 illa
1170 1361 1348 1404 ubertas
1375 1355 1452 1404 est‘
1467 1360 1679 1404 meritum
1705 1360 1931 1403 bonorum
1949 1372 2155 1418 operum,

205 1426 328 1486 quod
358 1425 442 1471 fuit
471 1426 698 1486 perditum
723 1441 802 1486 per
828 1437 1093 1485 peccatum;
1119 1441 1229 1486 ergo
1255 1441 1337 1486 per
1368 1427 1696 1485 poenitentiam
1717 1426 1992 1471 reviviscunt
2016 1439 2156 1485 opera

206 1493 437 1538 meritoria
468 1494 591 1553 prius
617 1493 749 1538 facta.

292 1560 579 1607 RESPONDEO
606 1561 864 1615 dicendum,
896 1560 1018 1620 quod
1045 1561 1230 1620 quidam
1257 1561 1476 1615 dixerunt,
1503 1559 1625 1620 quod
1653 1574 1792 1619 opera
1818 1558 2053 1605 meritoria
2078 1573 2157 1619 per

206 1636 444 1687 peccatum
459 1642 651 1687 sequens
669 1627 939 1672 mortificata
955 1642 1048 1672 non
1066 1628 1340 1673 reviviscunt
1356 1643 1435 1687 per
1447 1627 1774 1687 poenitentiam
1791 1627 2155 1686 subsequentem,

207 1693 544 1739 considerantes
570 1695 692 1754 quod
719 1709 858 1755 opera
882 1694 962 1739 illa
989 1709 1083 1739 non
1101 1706 1352 1750 remanent,
1379 1706 1427 1739 ut
1444 1696 1608 1739 iterum
1624 1694 1842 1738 vivificari
1859 1695 2054 1754 possint:
2078 1694 2156 1738 sed

206 1762 298 1806 hoc
324 1761 545 1820 impedire
562 1776 655 1807 non
678 1772 840 1821 potest,
867 1762 975 1822 quin
1001 1762 1309 1817 vivificentur;
1334 1777 1428 1806 non
1446 1762 1568 1806 enim
1588 1762 1756 1805 habent
1771 1762 1865 1805 vim
1882 1761 2158 1821 perducendi

207 1829 253 1873 in
284 1829 424 1875 vitam
452 1839 683 1874 aeternam
709 1829 854 1888 <quod
881 1830 1073 1888 pertinet
1098 1829 1154 1873 ad
1180 1843 1338 1874 eorum
1366 1829 1544 1886 vitam),
1570 1828 1721 1872 solum
1747 1828 1999 1872 secundum
2032 1828 2154 1887 quod

209 1906 311 1940 actu
345 1896 551 1950 existunt,
584 1897 662 1940 sed
695 1897 833 1940 etiam
864 1906 1110 1955 postquam
1146 1907 1249 1940 actu
1277 1910 1373 1941 esse
1407 1896 1628 1949 desinunt,
1662 1895 1911 1939 secundum
1938 1895 2060 1954 quod
2093 1909 2158 1939 re·

209 1973 397 2008 manent
420 1963 466 2007 in
485 1963 794 2023 acceptatione
812 1963 987 2007 divina:
1016 1964 1080 2008 sic
1100 1974 1252 2008 autem
1271 1972 1521 2017 remanent,
1539 1971 1758 2022 quantum
1774 1973 1842 2006 est
1859 1962 1913 2006 de
1931 1976 1995 2016 se,
2019 1961 2157 2006 etiam

207 2040 450 2090 postquam
485 2044 565 2089 per
599 2039 839 2089 peccatum
871 2030 1222 2085 mortificantur3
1250 2031 1354 2089 quia
1380 2044 1560 2089 semper
1584 2030 1709 2073 Deus
1734 2029 1813 2073 illa
1839 2043 1991 2088 opera,
2023 2037 2159 2088 prout

208 2096 328 2142 facta
350 2096 546 2151 fuerunt,
563 2098 828 2156 acceptabit,
851 2107 896 2141 et
911 2097 1057 2142 sancti
1074 2098 1128 2142 de
1147 2098 1210 2141 eis
1229 2097 1503 2155 gaudebunt,
1519 2096 1769 2141 secundum
1788 2095 1899 2140 illud
1921 2097 2068 2155 Apoc.
2087 2109 2127 2140 2.
2143 2109 2154 2140 ε

216 2164 324 2209 Tene
354 2164 462 2223 quod
477 2165 611 2219 habes,
627 2180 677 2209 ne
692 2165 798 2210 alius
819 2166 997 2222 accipiat
1017 2179 1216 2209 coronam
1244 2170 1372 2209 tuam.
1391 2164 1482 2208 Sed
1499 2163 1621 2222 quod
1639 2163 1726 2217 isti,
1753 2164 1827 2222 qui
1846 2177 1899 2206 ea
1915 2162 2035 2217 fecit,
2062 2176 2156 2206 non

208 2231 297 2276 sint
322 2229 525 2275 efficacia
551 2232 607 2275 ad
634 2231 892 2276 ducendum
918 2231 964 2275 in
990 2232 1131 2276 vitam
1151 2241 1396 2286 aeternam,
1414 2231 1622 2290 provenit
1639 2244 1692 2274 ex
1708 2230 2037 2289 impedimento
2056 2243 2160 2289 pec-

209 2298 298 2343 cati
322 2298 693 2357 supervenientis,
728 2312 808 2357 per
849 2298 971 2357 quod
1003 2298 1099 2357 ipse
1125 2299 1324 2343 redditus
1357 2307 1423 2342 est
1454 2298 1666 2356 indignus
1697 2297 1790 2341 vita
1823 2307 2020 2341 aeterna.
2054 2296 2157 2340 Hoc

208 2374 361 2410 autem
384 2364 764 2423 impedimentum
790 2364 964 2410 tollitur
989 2379 1066 2424 per
1092 2364 1435 2424 poenitentiam,
1466 2364 1736 2422 inquantum
1767 2378 1846 2423 per
1877 2378 1979 2408 earn
2012 2363 2161 2407 remit·

205 2441 360 2478 tuntur
383 2441 587 2492 peccata.
620 2432 754 2476 Unde
780 2442 932 2486 restat,
958 2432 1080 2491 quod
1107 2446 1246 2491 opera
1271 2432 1393 2489 prius
1420 2431 1694 2475 mortificata
1719 2445 1801 2490 per
1829 2431 2158 2490 poenitentiam

210 2508 478 2559 recuperant
498 2498 750 2544 efficaciam
771 2499 1047 2559 perducendi
1072 2512 1193 2553 eum,
1219 2499 1296 2557 qui
1320 2497 1425 2543 fecit
1443 2512 1511 2552 ea,
1529 2499 1574 2542 in
1596 2498 1738 2542 vitam
1755 2508 2011 2542 aeternam:
2035 2497 2158 2556 quod

209 2576 279 2612 est
302 2580 357 2614 ea
381 2566 666 2612 reviviscere.
692 2566 748 2611 Et
771 2567 835 2611 ita
859 2576 996 2625 patet,
1028 2566 1151 2625 quod
1177 2579 1316 2625 opera
1342 2565 1615 2610 mortificata
1639 2579 1719 2624 per
1744 2565 2069 2624 poenitentiam
2095 2578 2160 2608 re-

208 2633 444 2678 viviscunt.

301 2700 377 2745 AD
402 2713 590 2746 PRIMUM
615 2714 726 2760 ergo
752 2700 1010 2755 dicendum,
1044 2701 1166 2760 quod
1203 2714 1341 2759 opera
1380 2699 1556 2759 peccati
1587 2713 1668 2758 per
1701 2698 2029 2758 poenitentiam
2056 2697 2160 2742 abo-

213 2766 363 2812 lentur
392 2767 640 2812 secundum
675 2782 744 2822 se3
779 2768 842 2812 ita
876 2767 1048 2812 scilicet
1073 2767 1194 2827 quod
1233 2782 1287 2811 ex
1313 2767 1377 2812 eis
1403 2766 1603 2820 ulterius,
1635 2767 1737 2810 Deo
1765 2764 2041 2823 indulgente,
2071 2778 2156 2808 nec

212 2833 408 2888 macula,
432 2847 518 2878 nec
545 2844 693 2878 reatus
718 2834 975 2880 inducatur:
1002 2835 1081 2879 sed
1108 2849 1244 2894 opera
1272 2834 1319 2878 in
1346 2834 1563 2878 charitate
1589 2832 1708 2876 facta
1734 2846 1827 2876 non
1860 2830 2098 2876 abolentur
2129 2845 2155 2876 a

211 2901 329 2954 Deo,
354 2901 401 2944 in
428 2902 556 2959 cujus
583 2902 893 2959 acceptatione
919 2912 1179 2955 remanent;
1205 2902 1285 2946 sed
1310 2902 1686 2960 impedimentum
1706 2900 1934 2958 accipiunt
1956 2914 2010 2944 ex
2031 2909 2157 2958 parte

212 2967 415 3012 hominis
442 2968 686 3027 operantis,
712 2977 756 3012 et
775 2969 894 3022 ideo,
910 2979 1090 3012 remoto
1115 2969 1459 3027 impedimento,
1487 2967 1608 3026 quod
1635 2977 1701 3011 est
1727 2981 1781 3010 ex
1807 2977 1932 3025 parte
1957 2966 2157 3012 hominis

211 3034 454 3094 operantis,
479 3035 604 3079 Deus
630 3035 789 3094 implet
810 3049 863 3079 ex
888 3046 1013 3094 parte
1035 3050 1116 3080 sua
1141 3035 1266 3090 illud,
1294 3036 1415 3094 quod
1442 3049 1579 3093 opera
1605 3034 1907 3078 merebantur.

305 3102 381 3146 An
399 3114 659 3147 SECUNDUM
676 3101 934 3156 dicendum,
961 3103 1083 3161 quod
1109 3117 1247 3162 opera
1263 3103 1309 3146 in
1330 3102 1547 3145 charitate
1564 3099 1683 3145 facta
1707 3114 1801 3144 non
1828 3100 2157 3146 mortificantur

213 3168 465 3214 secundum
490 3182 553 3226 se,
571 3169 687 3212 sicut
712 3169 885 3213 dictum
911 3180 978 3214 est
1001 3170 1070 3228 (in
1102 3178 1213 3229 corp.
1248 3171 1369 3227 art),
1397 3169 1475 3212 sed
1498 3156 1649 3213 solum
1675 3182 1755 3227 per
1779 3168 2157 3226 impedimentum

211 3235 534 3295 superveniens
571 3250 626 3280 ex
659 3245 786 3294 parte
824 3236 1065 3295 operantis.
1102 3235 1333 3281 Animalia
1361 3245 1512 3279 autem
1545 3236 1800 3279 moriuntur
1825 3235 2077 3279 secundum
2094 3248 2157 3289 se,

213 3304 482 3362 inquantum
508 3302 738 3360 privantur
763 3302 983 3363 principio
1008 3305 1152 3357 vitae3
1171 3314 1215 3347 et
1239 3302 1344 3347 ideo
1376 3316 1471 3346 non
1497 3312 1565 3346 est
1589 3301 1751 3346 simile.

300 3370 376 3414 AD
400 3382 614 3415 TERTmM
637 3369 894 3424 dicendum,
926 3371 1047 3430 quod
1073 3370 1150 3415 ille
1167 3370 1244 3429 qui
1265 3384 1345 3428 per
1359 3370 1686 3428 poenitentiam
1713 3369 1907 3427 resurgit
1922 3370 1967 3413 in
1990 3368 2158 3413 minori

213 3436 446 3491 charitate,
473 3446 775 3495 consequetur
799 3437 983 3496 quidem
1013 3439 1267 3497 praemium
1295 3436 1550 3491 essentiale,
1575 3436 1827 3481 secundum
1860 3436 2157 3495 quantitatem

214 3503 460 3558 charitatiS,
496 3505 542 3548 in
580 3517 668 3563 qua
692 3503 940 3549 invenitur:
967 3504 1151 3549 habebit
1175 3515 1329 3548 tamen
1357 3503 1574 3562 gaudium
1604 3503 1752 3561 majus
1787 3502 1843 3547 de
1870 3503 2079 3562 operibus
2110 3501 2155 3546 in

213 3570 360 3629 prima
385 3570 604 3615 charitate
619 3569 764 3625 factis,
781 3584 919 3629 qua-m
941 3571 997 3616 de
1014 3572 1239 3631 operibus,
1257 3584 1372 3630 quae
1389 3571 1434 3614 in
1452 3569 1650 3614 secunda
1666 3568 1793 3624 fecit;
1819 3569 1940 3628 quod
1967 3569 2159 3629 pertinet

215 3636 272 3680 ad
296 3637 548 3696 praemium
574 3636 870 3683 accidentale.
