2352 3926
641 246 919 293 QUAESTIO
961 246 1108 286 Lxxr.
1149 243 1456 286 ARTIcULUs
1494 243 1552 283 11.
1992 229 2097 298 617

226 348 304 395 AD
334 362 523 395 PRIMUM
555 362 666 409 ergo
698 349 957 404 dicendum,
992 349 1115 409 quod
1146 347 1443 408 energumeni
1484 346 1709 400 dicuntur,
1742 343 1874 405 quasi
1906 343 2099 389 interius

138 413 397 462 laborantes
430 430 484 460 ex
514 415 759 462 intrinseca
790 415 1056 476 operatione
1089 414 1280 461 diaboli:
1313 424 1358 459 et
1388 414 1595 474 quamvis
1642 426 1742 457 non·
1768 425 1931 457 omnes
1975 425 2099 456 acce-

138 482 297 528 dentes
323 483 379 528 ad
405 483 683 543 baptismum
716 483 1015 544 corporaliter
1041 483 1094 528 ab
1124 497 1180 527 eo
1206 492 1445 534 vexentur3
1469 495 1631 527 omnes
1656 489 1813 525 tamen
1837 493 1933 525 non
1960 479 2099 538 bapti-

138 549 229 595 zati
243 551 456 610 potestati
471 550 750 596 daemonum
762 551 1072 610 suinciuntur,
1089 550 1255 595 saltem
1272 559 1458 608 propter
1475 547 1708 607 originalis
1716 547 1893 607 peccati
1908 556 2100 591 reatum.

228 617 305 662 AI)
323 630 583 663 SECUNDUM
601 618 860 672 dicendum,
878 618 1000 677 quod
1025 617 1071 661 in
1088 617 1315 676 baptismo
1343 630 1423 675 per
1451 615 1731 659 ablutionem
1757 614 1933 674 peccati
1955 612 2102 659 exclu-

139 683 259 729 ditur
277 694 477 743 potestas
496 685 733 729 daemonis
751 684 804 728 ab
823 684 1028 738 homine,
1047 693 1266 742 quantum
1296 683 1351 726 ad
1369 682 1459 726 hoc
1487 682 1609 743 quod
1625 681 1816 740 impedit
1832 695 1938 725 eum
1961 695 1987 725 a
2006 693 2102 740 per-

139 750 350 810 ceptione
377 751 576 810 gloriae:
603 753 681 796 sed
708 751 950 796 exorcismi
977 750 1220 794 excludunt
1252 759 1527 807 potestatem
1554 748 1806 802 daemonis,
1831 748 2102 808 inquantum

137 817 328 878 impedit
352 818 592 863 hominem
618 834 644 863 a
669 819 964 878 perceptione
990 817 1278 862 sacramenti.

227 885 304 928 AD
323 898 539 931 TERTIUM
565 885 823 939 dicendum,
851 884 973 944 quod
1001 899 1117 944 aqua
1145 883 1383 928 benedicta
1402 883 1531 927 datur
1550 892 1709 927 contra
1730 882 2100 942 impugnationes

138 952 434 1007 daemonum,
461 968 576 1013 quae
607 963 711 997 sunt
737 953 790 997 ab
818 952 1054 1006 exteriori3
1088 951 1168 996 sed
1202 951 1481 996 exorcismus
1515 950 1748 995 ordinatur
1766 960 1924 994 contra
1956 950 2102 1009 impu-

139 1019 378 1078 gnationes
404 1019 699 1075 daemonum,
725 1034 840 1079 quae
868 1029 973 1064 sunt
999 1019 1052 1063 ab
1079 1018 1303 1073 interiori3
1330 1018 1450 1062 unde
1483 1028 1527 1062 et
1553 1018 1850 1076 energumeni
1876 1017 2100 1072 dicuntur,

138 1086 267 1145 quasi
294 1086 348 1131 ab
374 1086 559 1132 interius
585 1086 857 1141 laborantes,
883 1085 950 1130 illi
977 1086 1053 1146 qui
1079 1086 1407 1131 exorcizantur.
1434 1083 1523 1128 Vel
1548 1085 1808 1139 dicendum,
1835 1084 1958 1143 quod
1984 1083 2101 1128 sicut

137 1153 185 1197 in
201 1152 454 1198 remedium
482 1163 640 1199 contra
666 1164 904 1213 peccatum
924 1153 1127 1198 secundo
1146 1154 1277 1197 datur
1293 1153 1586 1211 poenitentia,
1605 1151 1709 1211 quia
1732 1151 1984 1210 baptismus
2005 1165 2100 1195 non
2142 1181 2150 1196 x

136 1218 417 1275 iteratur;ita
429 1220 477 1263 in
494 1221 750 1265 remedium
769 1230 925 1265 contra
943 1219 1315 1279 impugnationes
1328 1218 1610 1263 daemonum
1622 1218 1825 1263 secundo
1839 1218 1970 1262 datur
1983 1231 2102 1277 aqua

141 1286 395 1343 benedicta,
421 1287 527 1348 quia
554 1288 798 1333 exorcismi
824 1286 1116 1347 baptismales
1142 1300 1236 1331 non
1262 1286 1496 1331 iterantur.

833 1465 1269 1523 ARTICULUS
1305 1465 1406 1520 ΠΙ.
2014 1494 2101 1538 412

166 1601 360 1642 UTRUM
397 1601 484 1653 EA,
527 1601 676 1648 QUAE
715 1602 981 1642 AGUNTUR
1014 1602 1072 1641 IN
1110 1601 1449 1652 EXORCISMO,
1484 1601 1717 1648 ALIQUID
1757 1602 2069 1644 EFFICIANT.

750 1714 815 1772 (4.
842 1715 955 1759 Dist.
983 1714 1025 1759 6.
1048 1729 1087 1773 q.
1110 1729 1149 1759 2.
1177 1720 1261 1759 art.
1283 1729 1319 1774 3.
1347 1728 1385 1773 q.
1412 1715 1490 1772 2.).

223 1824 302 1871 AD
329 1837 546 1871 TERTIUM
571 1825 636 1870 sic
663 1826 936 1886 proceditur.
955 1826 1160 1881 Videtur,
1186 1826 1308 1886 quod
1326 1840 1394 1879 ea,
1413 1840 1528 1885 quae
1547 1835 1741 1884 aguntur
1756 1825 1803 1869 in
1826 1826 2099 1883 exorcismo,

134 1906 229 1937 non
255 1890 453 1937 efficiant
489 1891 671 1952 aliquid,
704 1893 781 1937 sed
816 1893 968 1938 solum
1001 1893 1279 1952 significent:
1313 1893 1351 1938 si
1383 1895 1505 1937 enim
1537 1907 1649 1951 puer
1680 1902 1784 1952 post
1816 1893 2098 1938 exorcismos

135 1959 357 2004 moriatur
382 1970 485 2005 ante
510 1960 803 2020 baptismum,
829 1961 1023 2005 salutem
1062 1976 1156 2006 non
1189 1970 1514 2020 consequetur:
1542 1960 1621 2004 sed
1653 1960 1708 2004 ad
1739 1960 1830 2004 hoc
1864 1961 2099 2007 ordinatur

134 2026 320 2073 effectus
346 2041 521 2082 eorum,
540 2043 656 2087 quae
681 2029 728 2072 in
754 2030 1051 2074 sacramentis
1078 2039 1286 2088 aguntur,
1305 2039 1353 2073 ut
1378 2029 1523 2073 homo
1548 2039 1853 2088 consequatur
1878 2029 2099 2085 salutem;

134 2094 255 2139 unde
273 2105 316 2139 et
327 2094 468 2139 Marc.
486 2094 650 2140 ultimo
674 2096 858 2142 dicitur:
880 2098 970 2154 Qui
987 2097 1217 2150 crediderit,
1236 2104 1275 2143 et
1293 2098 1524 2157 baptizatus
1534 2097 1688 2155 fuerit,
1706 2097 1844 2141 salvus
1861 2098 1940 2142 erit
1949 2113 1965 2150 ;
1986 2111 2098 2157 ergo

134 2173 203 2215 ea,
230 2175 346 2220 quae
373 2172 568 2221 aguntur
593 2163 639 2206 in
666 2163 940 2218 exorcismo,
962 2163 1077 2207 nihil
1103 2163 1317 2218 efficiunt,
1345 2164 1423 2208 sed
1449 2163 1602 2207 solum
1628 2163 1899 2221 significant.

226 2241 267 2272 2.
294 2228 592 2275 PRAETEREA.
621 2230 722 2275 Hoc
751 2230 902 2275 solum
929 2231 1169 2290 requiritur
1195 2232 1249 2275 ad
1277 2240 1616 2276 sacramentum
1642 2244 1790 2274 novae
1816 2230 1944 2290 legis,
1971 2241 2019 2276 ut
2044 2232 2100 2277 sit

136 2294 320 2355 signum
344 2306 388 2341 et
414 2310 566 2351 causa,
589 2307 638 2340 ut
662 2311 798 2357 supra
825 2298 997 2342 dictum
1023 2308 1090 2342 est
1118 2298 1175 2357 (q.
1203 2298 1276 2344 50.
1299 2305 1381 2343 art.
1407 2314 1442 2343 ι.
1476 2304 1514 2343 et
1539 2313 1577 2356 q.
1606 2297 1674 2343 62.
1699 2304 1779 2342 art.
1807 2298 1894 2356 1.);
1924 2298 1962 2342 si
1988 2312 2098 2358 ergo

134 2376 203 2417 ea,
235 2377 352 2423 quae
385 2374 579 2423 aguntur
610 2366 656 2408 in
690 2366 962 2420 exorcismo,
996 2364 1164 2424 aliquid
1199 2364 1412 2421 efficiant,
1445 2365 1623 2409 videtur
1655 2365 1779 2424 quod
1805 2365 1986 2424 singula
2011 2368 2100 2411 sint

133 2430 360 2489 quaedam
385 2432 695 2476 sacramenta.'

228 2512 265 2556 3.
297 2498 595 2544 PRAETEREA.
630 2498 757 2544 Sicut
789 2499 1069 2544 exorcismus
1102 2499 1337 2544 ordinatur
1370 2500 1425 2544 ad
1456 2499 1750 2559 baptismum,
1789 2500 1852 2544 ita
1885 2499 2024 2544 etiam
2061 2501 2100 2545 si

138 2563 306 2623 aliquid
330 2565 380 2609 in
405 2566 662 2611 exorcismo
690 2565 894 2621 efficitur,
918 2568 1151 2612 ordinatur
1183 2567 1239 2612 ad
1266 2566 1480 2612 effectum
1501 2567 1735 2626 baptismi:
1758 2567 1838 2611 sed
1860 2567 2097 2626 dispositio

136 2644 191 2674 ex
205 2631 476 2677 necessitate
493 2633 720 2692 praecedit
746 2633 947 2678 formam
972 2634 1237 2693 perfectam,
1272 2634 1378 2694 quia
1405 2633 1554 2678 forma
1570 2649 1664 2678 non
1691 2635 1903 2694 recipitur
1934 2635 2021 2678 nisi
2050 2634 2097 2678 in

139 2698 329 2743 materia
366 2699 604 2759 disposita:
638 2712 900 2760 sequeretur
933 2716 1058 2762 ergo,
1095 2703 1218 2762 quod
1259 2701 1408 2746 nullus
1442 2711 1599 2761 posset
1630 2702 1850 2761 consequi
1882 2701 2096 2746 effectum

137 2765 365 2825 baptismi,
395 2766 481 2810 nisi
513 2767 636 2826 prius
669 2770 969 2813 exorcizetur:
1003 2770 1125 2828 quod
1149 2780 1272 2828 patet
1297 2783 1395 2814 esse
1412 2768 1603 2824 falsum3
1625 2783 1719 2813 non
1742 2783 1852 2828 ergo
1880 2782 1947 2822 ea,
1980 2783 2095 2827 quae

138 2842 333 2892 aguntur
356 2832 404 2876 in
430 2833 709 2888 exorcismis,
737 2834 935 2894 aliquem
963 2835 1175 2881 effectum
1201 2836 1384 2881 habent.

225 2911 267 2954 4.
294 2899 591 2945 PRAETEREA.
620 2901 748 2945 Sicut
773 2903 997 2961 quaedam
1020 2914 1214 2962 aguntur
1233 2905 1279 2948 in
1304 2905 1561 2948 exorcismo
1590 2914 1692 2948 ante
1718 2902 2011 2962 baptismum,
2032 2902 2095 2947 ita

136 2966 272 3027 etiarn
290 2966 518 3026 quaedam
545 2977 739 3026 aguntur
750 2979 854 3027 post
868 2969 1146 3028 baptismum
1161 2986 1171 3025 ;
1189 2971 1306 3016 sicut
1316 2971 1438 3030 quod
1452 2971 1665 3015 sacerdos
1683 2970 1957 3029 baptizatum
1977 2969 2096 3013 chri-

135 3044 280 3078 smate
314 3033 442 3092 ungit
473 3034 517 3077 in
544 3034 736 3079 vertice:
763 3035 841 3079 sed
869 3050 922 3079 ea
955 3051 1070 3095 quae
1102 3048 1206 3096 post
1240 3038 1518 3097 baptismum
1557 3047 1765 3096 aguntur,
1792 3051 1885 3080 non
1920 3036 2095 3081 videtur

135 3100 302 3160 aliquid
330 3099 524 3154 efficere,
555 3101 658 3159 quia
677 3102 927 3146 secundum
949 3103 1039 3147 hoc
1063 3104 1248 3150 effectus
1264 3106 1478 3164 baptismi
1498 3115 1615 3149 esset
1635 3103 1952 3163 imperfectu33
1983 3118 2094 3163 ergo

133 3181 218 3212 nec
245 3181 313 3221 ea,
340 3182 455 3227 quae
483 3177 586 3211 ante
611 3168 887 3227 baptismum
914 3181 1107 3229 aguntur
1132 3172 1178 3215 in
1205 3172 1477 3226 exorcism0‚
1506 3171 1673 3230 aliquid
1703 3170 1915 3215 efficiunt.

226 3235 320 3279 SED
354 3247 549 3279 CONTRA
577 3245 657 3288 est,
690 3236 811 3294 quod
843 3235 1036 3295 August.
1066 3239 1172 3282 dicit
1197 3240 1243 3282 in
1270 3239 1344 3283 lib.
1378 3253 1412 3283 1.
1442 3240 1496 3282 de
1525 3237 1749 3297 Symbolo
1778 3237 1891 3297 (cap.
1924 3254 1958 3282 1.
1993 3240 2093 3284 circ.

123 3302 252 3360 fin.).·
291 3318 314 3343 «
341 3301 523 3345 Parvuli
556 3301 862 3356 exsufflantur,
896 3314 939 3347 et
972 3306 1298 3360 exorcizantur,
1332 3316 1380 3350 ut
1411 3305 1604 3364 pellatur
1631 3305 1684 3347 ab
1721 3304 1783 3347 eis
1818 3305 1987 3349 diaboli
2019 3319 2096 3364 po-

80 3377 85 3385 ’
133 3377 271 3413 testas
298 3368 498 3423 inimica,
525 3383 640 3427 quae
674 3368 851 3427 decepit
880 3370 1119 3416 hominem
1138 3388 1187 3417 »ε
1215 3373 1330 3416 nihil
1357 3383 1509 3416 autem
1543 3373 1689 3430 agitur
1720 3370 1883 3415 frustra
1909 3386 1988 3431 per
2013 3372 2095 3417 Ec-
2135 3423 2139 3427 ,

135 3433 347 3489 clesiam;
374 3449 483 3494 ergo
517 3450 595 3494 per
620 3435 884 3493 hujusmodi
916 3436 1250 3483 exsufflationes
1282 3440 1372 3483 hoc
1401 3438 1561 3496 agitur,
1590 3448 1638 3482 ut
1664 3438 1944 3483 daemonum
1970 3449 2094 3498 pote-

135 3510 225 3545 stas
251 3501 512 3560 expelletur.
553 3547 557 3550 ,

218 3567 506 3614 RESPONDI-:o
521 3569 777 3622 dicendum,
790 3568 912 3628 quod
926 3570 1111 3628 quidam
1123 3571 1344 3626 dixerunt,
1358 3586 1410 3615 ea
1424 3585 1539 3630 quae
1552 3571 1597 3614 in
1611 3571 1868 3616 exorcismo
1883 3582 2089 3631 aguntur,

134 3633 250 3679 nihil
266 3633 459 3690 efficere,
481 3636 557 3680 sed
584 3636 736 3680 solum
749 3634 1028 3694 significare:
1056 3637 1135 3683 sed
1160 3638 1252 3683 hoc
1276 3649 1399 3698 patet
1421 3652 1518 3683 esse
1540 3637 1706 3682 falsum
1734 3653 1812 3698 per
1837 3639 1943 3694 hoc,
1966 3640 2089 3699 quod
