2352 3926
268 214 371 267 106
785 226 1062 272 QUAESTIO
1103 226 1217 264 VIII.
1259 225 1566 265 ARTICULUS
1605 224 1678 263 VI.

352 330 425 373 An
457 342 643 374 PRIMUM
685 342 794 386 ergo
822 328 1081 380 dicendum,
1114 327 1237 385 quod
1276 327 1466 370 verbum
1499 325 1610 370 illud
1645 324 1924 384 intelligitur,
1961 325 2213 370 secundum

260 396 382 454 quod
409 396 523 439 ratio
552 394 707 452 capitis
736 394 1046 438 consideratur
1073 407 1127 438 ex
1164 393 1375 437 exteriori
1403 391 1744 451 gubernatione,
1771 402 1908 449 prout
1942 391 2105 437 dicitur
2134 406 2214 437 rex

261 472 396 521 caput
417 464 543 520 regni
570 461 651 504 sui.

348 529 424 572 AD
451 541 708 572 SECUNDUM
735 527 994 580 dicendum,
1021 527 1143 586 quod
1169 527 1314 571 homo
1341 541 1435 571 non
1454 526 1531 570 dat
1548 527 1742 586 gratiam
1759 526 1946 572 interius
1962 525 2213 585 influendo,

260 595 337 639 sed
365 596 555 639 exterius
581 594 894 653 persuadendo
922 594 978 637 ad
1006 608 1057 637 ea
1084 608 1200 653 quae
1227 604 1332 638 sunt
1357 594 1543 652 gratiae.
2119 595 2135 629 ἢ

347 662 422 705 AD
456 675 669 705 TERTIUM
697 661 953 715 dicendum,
973 662 1109 720 quod,
1132 661 1249 704 sicut
1271 661 1464 719 August.
1493 660 1602 704 dicit
1622 674 1758 719 super
1777 660 1908 719 Joan.
1935 661 2082 719 (tract.
2099 661 2213 719 469:

258 729 304 772 Si
319 730 549 787 praepositi
578 728 783 772 Ecclesiae
810 735 992 787 pastores
1022 734 1128 781 sunt,
1168 728 1371 786 quomodo
1398 743 1504 772 unus
1524 734 1673 787 pastor
1692 734 1762 782 est,
1792 730 1872 773 nisi
1901 730 2003 788 quia
2027 734 2121 774 sunt
2151 728 2216 773 illi

260 809 395 838 omnes
421 796 541 838 unius
562 796 750 839 membra
774 797 988 854 pastoris?
1006 794 1061 839 Et
1086 794 1294 839 similiter
1321 794 1397 838 alii
1417 805 1608 853 possunt
1634 795 1724 838 dici
1748 793 2058 851 fundamenta,
2081 805 2127 840 et
2147 810 2218 841 ca-

257 862 363 919 pita,
389 861 658 919 inquantum
685 872 789 906 sunt
815 863 946 906 unius
974 862 1145 921 capitis,
1173 872 1217 906 et
1241 861 1525 906 fundamenti
1557 862 1793 917 membra;
1825 872 1872 908 et
1893 871 2065 918 tamen,
2079 862 2216 908 §sicut

258 927 448 985 August.
467 927 636 971 ibidem
654 929 843 986 (tractat.
860 931 948 988 47.)
969 929 1089 983 dicit,
1121 939 1392 988 «pastorem
1410 942 1508 973 esse
1531 928 1654 973 dedit
1669 929 1887 974 membris
1908 929 2024 975 suis:
2042 930 2214 975 ostium

256 1007 365 1037 vero
392 1009 531 1038 nemo
557 1005 766 1039 nostrum
793 1010 839 1040 se
868 997 999 1040 dicit:
1030 996 1121 1039 hoc
1155 996 1240 1040 sibi
1267 996 1363 1055 ipse
1396 996 1633 1055 proprium
1658 996 1872 1051 tenuit»;
1907 1005 1953 1042 et
1975 996 2067 1043 hoc
2092 996 2215 1052 ideo,

258 1060 363 1118 quia
387 1062 434 1105 in
461 1063 579 1106 ostio
605 1063 875 1121 importatur
901 1063 1159 1122 principalis
1194 1065 1464 1118 auctoritas;
1496 1064 1769 1122 inquantum
1813 1064 1982 1111 ostium
2021 1074 2216 1125 estsper

259 1129 379 1185 quod
407 1142 566 1173 onmes
592 1130 904 1189 ingrediuntur
929 1131 974 1173 in
1002 1131 1217 1186 domum3
1247 1140 1291 1174 et
1316 1131 1411 1189 ipse
1439 1129 1564 1174 solus
1593 1129 1803 1176 Christus
1820 1140 1903 1186 est,
1918 1136 2139 1192 perquem
2150 1145 2218 1178 ao-

257 1209 407 1239 cessum
433 1196 624 1241 habemus
655 1199 700 1241 in
722 1199 906 1256 gratiam
938 1199 1077 1252 istam,
1104 1200 1150 1241 in
1175 1212 1258 1256 qua
1281 1204 1435 1242 stamus
1459 1199 1598 1254 (Rom.
1621 1213 1677 1256 5.;
1696 1197 1790 1243 vide
1810 1199 1939 1245 etiam
1965 1198 2113 1259 Ephes.
2130 1198 2215 1258 2.),·

256 1275 337 1319 per
363 1261 450 1305 alia
475 1277 584 1307 vero
616 1265 806 1308 nomina
832 1265 1062 1323 praedicta
1088 1274 1236 1324 potest
1263 1265 1501 1324 importari
1529 1265 1775 1310 auctoritas
1799 1279 1896 1311 non
1920 1265 2074 1311 solum
2099 1266 2218 1327 pizin-

259 1328 433 1387 cipalis,
459 1330 537 1374 sed
565 1331 702 1375 etiam
729 1331 1012 1377 secundaria.
2131 1357 2135 1360 ·

935 1510 1368 1568 ARTICULUS
1403 1511 1531 1567 VH.
1635 1496 1640 1501 ’
2088 1494 2118 1513 ²
2159 1509 2215 1572 62

509 1645 701 1683 UTRUM
739 1646 1013 1686 DIABOLUS
1058 1647 1143 1685 SIT
1186 1648 1365 1686 CAPUT
1409 1647 1633 1687 OMNIUM
1673 1645 1962 1687 MALORUM.

1005 1758 1133 1817 (Infr.
1152 1764 1231 1803 art.
1255 1759 1296 1804 8.
1319 1758 1469 1817 corp).

346 1865 423 1910 AD
456 1880 698 1914 SEPTIMUM
723 1869 788 1914 sic
814 1871 1086 1929 proceditur.
1113 1870 1318 1925 Videtur,
1342 1871 1464 1931 quod
1491 1870 1699 1916 diabolus
1725 1885 1819 1916 non
1837 1871 1896 1917 sit
1921 1870 2216 1932 caputmalo-

260 1946 381 1976 rum:
410 1933 466 1977 ad
492 1935 717 1980 rationem
743 1937 866 1980 enim
893 1940 1050 1997 capitis
1076 1938 1283 1997 pertinet,
1316 1939 1438 1997 quod
1463 1938 1622 1983 influat
1648 1953 1848 1994 sensum,
1880 1949 1926 1984 et
1955 1939 2214 1985 motum—in

259 1999 478 2054 membra,
505 2011 553 2045 ut
579 2002 687 2047 dicit
712 2004 938 2062 quaedam
966 2004 1117 2049 Gloss.
1148 2006 1282 2061 (Petri
1307 2006 1577 2063 Lombardi)‚
1606 2020 1741 2065 super
1764 2005 1874 2051 illud
1899 2005 2140 2066 adEphes.
2163 2019 2215 2051 1.:

257 2065 400 2124 Ipsum
426 2067 536 2112 dedit
560 2075 699 2128 caput,
727 2080 828 2114 etc.:
862 2071 940 2115 sed
967 2070 1174 2115 diabolus
1200 2086 1295 2116 non
1320 2072 1459 2117 habet
1492 2073 1706 2117 virtutem
1733 2073 1953 2119 influendi
1991 2073 2217 2120 malitiam

257 2133 447 2190 peccati,
473 2135 596 2193 quod
623 2150 678 2180 ex
701 2135 936 2182 voluntate
963 2138 1194 2197 peccantis
1211 2139 1442 2198 procedit;
1469 2153 1579 2198 ergo
1607 2139 1815 2185 diabolus
1839 2154 1934 2186 non
1960 2149 2111 2200 potest
2123 2139 2217 2185 dici

258 2199 393 2258 caput
418 2200 660 2246 malorum.

346 2278 386 2310 2.
414 2266 710 2315 PRAETEREA.
737 2270 825 2314 Per
850 2271 1084 2329 quodlibet
1109 2282 1350 2330 peccatum
1376 2272 1426 2317 fit
1446 2273 1592 2318 homo
1620 2272 1792 2318 malus:
1825 2273 1905 2318 sed
1936 2288 2033 2319 non
2059 2274 2218 2319 omnia

172 2349 178 2354 ·
256 2343 445 2391 peccata
469 2346 574 2380 sunt
599 2350 624 2379 a
652 2337 850 2392 diabolo,
869 2338 991 2397 quod
1018 2339 1202 2397 quidem
1224 2339 1517 2384 manifestum
1535 2351 1602 2384 est
1619 2341 1673 2385 de
1700 2341 1900 2400 peccatis
1916 2341 2215 2396 daemonum,

257 2400 335 2459 qui
359 2415 453 2445 non
479 2417 533 2447 ex
558 2405 852 2462 persuasione
876 2405 1059 2449 alterius
1086 2416 1414 2464 peccaverunt:
1442 2407 1651 2451 similiter
1673 2409 1809 2452 etiam
1836 2423 1923 2453 nec
1950 2423 2091 2454 omne
2115 2422 2219 2468 pec-

257 2477 410 2512 catum
435 2469 637 2515 hominis
659 2485 714 2516 ex
740 2471 924 2516 diabolo
951 2473 1179 2531 procedit:
1207 2473 1370 2517 dicitur
1397 2474 1520 2518 enim
1546 2475 1593 2518 in
1619 2474 1735 2519 libro
1759 2475 1815 2520 de
1838 2475 2013 2522 Eccles.
2038 2476 2214 2536 Dogm-

257 2534 372 2595 (cap.
399 2537 467 2581 82.
493 2538 599 2581 inter
619 2546 747 2597 opera
774 2539 948 2597 August.
948 2539 992 2596 ).·
1026 2539 1172 2583 «Non
1201 2554 1361 2585 omnes
1388 2542 1692 2600 cogitationes
1716 2552 1902 2588 nostrae
1928 2543 2079 2590 malae
2094 2557 2217 2591 sem-

257 2615 336 2660 per
362 2602 531 2647 diaboli
554 2604 770 2649 instinctu
797 2606 1071 2660 excitantur3
1098 2607 1178 2650 sed
1205 2606 1445 2666 aliquoties
1473 2619 1682 2668 ex„motu
1711 2610 1882 2654 arbitrii
1906 2611 2053 2656 nostri
2073 2625 2218 2658 emer-

257 2677 369 2727 gunt
387 2685 429 2724 »3
452 2683 562 2729 ergo
590 2670 797 2715 diabolus
823 2687 918 2716 non
946 2683 1012 2716 est
1039 2683 1174 2732 caput
1205 2675 1414 2718 omnium
1441 2676 1685 2720 malorum.

350 2750 388 2795 3.
414 2737 709 2783 PRAETEREA.
740 2739 896 2782 Unum
930 2749 1065 2798 caput
1091 2740 1167 2783 uni
1195 2742 1377 2800 corpori
1410 2743 1690 2800 praeficitur:
1723 2744 1802 2789 sed
1837 2754 1934 2790 tota
1958 2744 2214 2793 multitudo

257 2803 486 2847 malorum
513 2818 608 2848 non
633 2805 810 2850 videtur
836 2806 1003 2851 habere
1031 2806 1215 2866 aliquid,
1242 2808 1288 2851 in
1315 2823 1405 2868 quo
1434 2811 1631 2855 uniatur:
1651 2813 1756 2870 quia
1772 2812 1948 2858 malum
1967 2813 2091 2859 malo
2105 2827 2215 2860 con-

254 2869 387 2929 tingit
412 2884 509 2915 esse
535 2872 838 2916 contrarium:
868 2874 1091 2932 contingit
1113 2876 1249 2918 etiarn
1268 2890 1322 2920 ex
1341 2877 1527 2921 diversis
1545 2878 1808 2934 defectibus,
1829 2890 1879 2924 ut
1893 2880 2088 2941 Dionys.
2106 2881 2217 2926 dicit

253 2948 296 2991 4.
320 2937 417 2996 cap.
445 2938 500 2981 de
526 2938 630 2983 Div.
657 2939 795 2984 Nom.
823 2940 956 2999 (part.
983 2955 1025 2998 4.
1043 2941 1131 2986 lect.
1154 2943 1241 3001 22.)
1254 2958 1271 2995 ;
1299 2957 1393 2987 non
1420 2959 1528 3003 ergo
1557 2946 1762 2991 diabolus
1788 2957 1939 3007 potest
1963 2949 2054 2994 dici
2078 2958 2215 3009 caput

256 3005 464 3048 omnium
488 3005 730 3050 malorum.
2150 3038 2153 3042 ’

344 3071 438 3116 SED
461 3085 655 3118 CONTRA
694 3084 774 3127 est,
801 3074 923 3133 quod
949 3089 1082 3134 super
1107 3075 1217 3120 illud
1238 3077 1322 3135 Job
1356 3079 1443 3122 18.:
1474 3080 1684 3125 Memoria
1708 3081 1822 3127 illius
1838 3090 1984 3142 pereat
2008 3083 2057 3129 de
2078 3054 2210 3138 iana,

253 3138 363 3183 dicit
389 3138 540 3183 Gloss.
569 3139 676 3197 (ord.
708 3141 833 3199 Greg.
861 3142 931 3186 lib.
959 3157 1023 3199 14.
1051 3144 1208 3188 Moral.
1236 3153 1328 3204 cap.
1356 3146 1466 3203 11.):
1504 3163 1526 3187 «
1553 3148 1623 3191 De
1651 3162 1929 3210 unoquoque
1960 3150 2215 3211 iniquo2di-

253 3206 381 3260 citur,
408 3217 456 3251 ut
483 3206 538 3251 ad
565 3217 713 3267 caput,
740 3209 855 3252 idest
881 3209 1128 3265 diabolum,
1157 3222 1405 3256 revertatur
1432 3230 1473 3256 ».

334 3272 622 3319 Rrspormno
649 3275 907 3330 dicendum,
934 3277 1071 3335 quod,
1098 3278 1214 3323 sicut
1248 3294 1383 3337 supra
1417 3281 1590 3325 dictum
1631 3294 1698 3327 est
1732 3282 1833 3340 (art.
1855 3286 2036 3345 praec),
2078 3290 2226 3346 caput*

252 3353 346 3384 non
372 3340 524 3384 solum
549 3341 735 3386 interlus
762 3342 906 3386 influit
938 3343 984 3387 in
1012 3346 1230 3403 membra,
1272 3346 1350 3390 sed
1383 3348 1522 3391 etiam
1556 3351 1750 3395 exterius
1785 3352 2020 3411 gubernat,
2051 3365 2223 3399 etatumv

254 3418 379 3452 actus
412 3408 648 3467 dirigendo
675 3408 730 3452 ad
758 3409 956 3469 aliquem
983 3410 1141 3467 finem3
1178 3413 1242 3457 sic
1285 3427 1394 3472 ergo
1437 3424 1586 3473 potest
1626 3418 1716 3461 dici
1757 3418 1920 3479 aliquis
1962 3428 2097 3480 caput
2139 3419 2216 3467 ali-

253 3475 378 3532 cujus
411 3475 734 3531 multitudinis;
772 3477 838 3521 vel
877 3479 1129 3523 secundum
1171 3490 1427 3540 utrumque,
1459 3482 1633 3527 scilicet
1664 3487 1916 3533 secundum
1946 3486 2214 3534 interiorem

253 3541 486 3596 influxum,
528 3553 572 3587 et
609 3544 879 3600 exteriorem
921 3546 1324 3604 gubernationem;
1363 3559 1406 3594 et
1442 3551 1507 3595 sic
1544 3562 1611 3595 est
1653 3551 1863 3599 Christus
1899 3563 2036 3615 caput
2057 3553 2216 3601 Eccle-
2268 3550 2275 3553 '⁷

254 3609 361 3663 siae,
387 3619 436 3653 ut
459 3609 630 3655 dictum
659 3621 726 3656 est
752 3611 853 3668 (art.
874 3614 1072 3672 praec.);
1110 3614 1177 3659 vel
1212 3615 1463 3661 secundum
1500 3618 1770 3664 exteriorem
1808 3621 2212 3680 gubernationemz
