2352 3926
680 224 959 271 QUAEs‘rlo
1000 223 1109 264 Lxr.
1149 223 1458 264 ARTICULUS
1497 223 1555 261 11.
1722 248 1728 254 -
2000 224 2028 278 5
2043 225 2064 262 Ι
2082 224 2103 263 Ι

139 332 380 379 crementa
405 336 511 371 sunt
533 326 792 371 necessaria
817 326 997 371 homini
1029 326 1085 372 ad
1117 326 1312 386 gratiam
1344 325 1747 385 consequendam:
1776 323 1857 371 sed
1889 325 2030 371 etiam
2055 325 2103 369 in

139 401 263 445 natu
294 394 582 438 innocentiae
614 394 759 438 homo
785 393 1016 451 indigebat
1033 396 1192 452 gratia,
1214 394 1330 438 sicut
1345 394 1390 437 in
1414 407 1448 437 1.
1466 393 1674 437 habitum
1700 400 1768 438 est
1785 398 1844 452 (q.
1863 405 1926 452 95.
1952 398 2033 437 art.
2064 405 2108 450 4.

76 511 85 526 f
141 459 203 515 jd
222 461 308 519 ι.),·’
336 474 446 520 ergo
473 461 610 505 etiam
637 461 683 504 in
710 471 828 506 statu
850 460 930 505 illo
958 471 1085 505 erant
1110 462 1366 518 necessaria
1392 468 1691 504 sacramenta.

81 520 91 542 ⁵³
233 539 275 572 2.
297 527 595 573 Puni-snm.
616 527 911 572 Sacramenta
929 537 1034 571 sunt
1053 527 1310 571 necessaria
1328 527 1506 571 homini
1524 526 1776 571 secundum
1794 525 2109 571 conditionem

143 593 372 640 humanae
389 604 591 647 naturae,
609 595 724 639 sicut
740 595 913 638 dictum
931 604 998 638 est
1022 594 1125 652 (art.
1144 596 1338 653 praec.);
1358 594 1436 638 sed
1456 594 1616 637 eadem
1635 604 1702 637 est
1718 603 1878 638 natura
1906 592 2111 638 hominis

52 657 95 718 [³¹
144 670 248 716 aute
274 671 529 720 peccatum,
551 672 595 706 et
626 672 728 721 post
753 670 1019 720 peccatum;
1046 665 1156 718 ergo
1190 661 1379 714 videtur,
1406 660 1529 719 quod
1556 661 1695 704 etiam
1728 670 1832 705 ante
1865 670 2111 720 peccatum

45 724 85 784 if}
142 727 288 778 homo
313 729 560 786 indiguerit
585 728 895 773 sacramentis.

149 844 154 849 ,
240 809 278 854 3.
309 794 606 841 PRAETEREA.
631 795 977 839 Matrimonium
1005 804 1072 838 est
1097 794 1328 853 quoddam
1355 803 1708 848 sacramentum,
1726 795 1978 839 secundum
1997 793 2110 839 illud

69 867 77 920 ξ
141 861 308 921 Ephes.
340 875 398 919 5.:
429 862 748 907 Sacramentum
771 862 845 906 hoc
866 876 1064 919 magnum
1085 867 1165 913 est,·
1193 875 1263 919 ego
1282 867 1419 905 autem
1441 861 1531 904 dico
1558 863 1602 904 in
1624 862 1803 915 Christo,
1828 868 1864 906 et
1891 862 2107 907 Ecclesia:

58 923 83 977 fx·
141 928 222 978 sed
253 929 598 990 matrimonium
629 928 712 972 fuit
735 928 991 973 institutum
1017 938 1120 971 ante
1132 937 1389 986 peccatum,
1416 937 1466 972 ut
1486 927 1648 971 dicitur
1676 927 1792 972 Gen.
1821 941 1885 971 2.·
1876 942 2022 987 ‚ergo
2042 942 2110 973 sa-

54 996 91 1049 ἶ*
142 1006 377 1041 eramenta
400 1006 528 1041 erant
544 995 799 1040 necessaria
824 995 1004 1039 homini
1031 1004 1134 1039 ante
1157 1004 1412 1053 peccatum.

55 1098 85 1125 ὦ
104 1106 106 1109 ,
234 1062 330 1108 SED
353 1076 549 1108 CONTRA
566 1071 647 1116 est,
670 1063 791 1121 quod
810 1062 1037 1106 medicina
1059 1076 1154 1106 non
1172 1070 1238 1105 est
1255 1061 1510 1105 necessaria
1524 1061 1611 1105 nisi
1630 1071 1835 1120 aegroto,
1854 1063 2107 1107 secundum

138 1128 249 1174 illud
278 1129 516 1189 Matth.9.:
543 1130 641 1174 Non
667 1136 726 1175 est
752 1138 852 1189 opus
875 1131 989 1174 sanis
1014 1129 1216 1174 medicus:
1245 1129 1323 1172 sed
1341 1139 1628 1173 sacramenta
1646 1139 1749 1172 sunt
1771 1130 1995 1188 quaedam
2018 1130 2108 1189 spi-

140 1195 323 1258 rituales
341 1196 609 1251 medicinae,
636 1210 752 1256 quae
777 1196 1045 1240 adhibentur
1072 1206 1231 1240 contra
1246 1195 1434 1240 vulnera
1452 1196 1648 1254 peccati;
1676 1210 1786 1254 ergo
1809 1211 1902 1240 non
1927 1196 2110 1241 fuerunt

49 1269 94 1331 ff
126 1263 399 1317 ‚necessaria
425 1273 530 1308 ante
558 1274 813 1322 peccatum.

227 1331 518 1377 Responnsso
555 1331 814 1384 dicendum,
841 1331 963 1390 quod
997 1332 1042 1374 in
1074 1340 1192 1375 statu
1218 1331 1508 1376 innocentiae
1545 1339 1649 1375 ante
1689 1339 1932 1388 peccatum
1964 1345 2109 1375 sacra-

141 1407 297 1453 menta
321 1398 580 1443 necessaria
600 1413 694 1443 non
716 1398 910 1442 fuerunt.
934 1398 1077 1456 Cujus
1104 1399 1219 1442 ratio
1254 1398 1400 1457 accipi
1421 1407 1571 1457 potest
1588 1412 1643 1442 ex
1667 1397 1938 1442 rectitudine
1965 1408 2107 1442 status

77 1486 94 1522 -ῥν
138 1464 274 1520 illius,
298 1466 346 1510 in
368 1480 458 1525 quo
481 1466 716 1525 superiora
733 1464 1020 1509 inferioribus
1043 1465 1408 1519 dominabantur,
1426 1475 1470 1509 et
1485 1463 1614 1508 nullo
1632 1465 1775 1509 modo
1793 1465 2110 1524 dependebant

138 1531 195 1579 eb
220 1533 310 1587 eis3
335 1532 455 1577 sicut
480 1533 602 1577 enim
636 1539 765 1576 mens
798 1533 979 1576 suberat
1003 1533 1122 1586 Deo,
1147 1533 1210 1576 ita
1243 1532 1386 1576 menti
1412 1532 1627 1576 suberant
1657 1531 1892 1576 inferiores
1927 1533 2108 1578 animae

137 1599 272 1654 vires,
298 1609 343 1644 et
368 1600 453 1659 ipsi
478 1600 658 1644 animae
677 1614 854 1659 corpus.
879 1599 1054 1644 Contra
1076 1600 1198 1643 hunc
1226 1610 1380 1644 autem
1404 1599 1612 1643 ordinem
1631 1608 1763 1653 esset,
1781 1599 1819 1642 si
1842 1601 2110 1659 animaper-

138 1666 363 1721 ficeretur,
395 1666 470 1711 vel
501 1676 722 1726 quantum
756 1667 812 1710 ad
843 1667 1098 1720 scientiam,
1129 1666 1202 1710 vel
1235 1666 1544 1725 quantum-ad
1578 1666 1787 1724 gratiam,
1823 1680 1905 1725 per
1938 1666 2107 1726 aliquid

46 1725 85 1778 As-
139 1733 392 1792 corporale,
418 1734 541 1793 quod
573 1733 631 1778 sit
654 1733 700 1793 in
726 1734 1037 1778 sacramentis.
1061 1733 1117 1778 Et
1137 1734 1241 1778 ideo
1264 1734 1310 1777 in
1332 1743 1450 1777 statu
1476 1733 1771 1777 innocentiae
1792 1733 1939 1777 homo
1963 1747 2109 1778 sacra-

56 1796 73 1857 ζ
138 1800 306 1846 mentis
331 1814 426 1845 non
450 1801 697 1859 indigebat,
722 1814 813 1845 non
836 1800 988 1844 solum
1005 1801 1275 1860 inquantum
1291 1810 1576 1844 sacramenta
1595 1801 1861 1844 ordinantur
1883 1801 1938 1844 ad
1965 1815 2108 1845 reme-

51 1885 76 1928 ''.
139 1866 266 1913 dium
287 1868 479 1927 peccati,
504 1867 584 1913 sed
612 1868 748 1912 etiam
770 1869 1041 1927 inquantum
1067 1869 1164 1927 ipsa
1192 1867 1459 1912 ordinantur
1477 1868 1531 1911 ad
1563 1868 1744 1912 animae
1763 1867 2105 1926 perfectionem.

207 1934 305 1979 An
320 1947 509 1980 PRIMUM
535 1949 647 1993 ergo
674 1935 935 1989 dicendum,
962 1935 1085 1994 quod
1112 1935 1295 1979 horno
1284 1950 1330 1979 m
1357 1945 1476 1979 statu
1507 1935 1800 1979 innocentiae
1826 1936 1970 1993 gratia
1996 1936 2107 1979 indi-

138 2000 296 2063 gebat3
327 2015 423 2046 non
447 2011 604 2047 tamen
631 2012 680 2047 ut
705 2015 808 2046 eam
835 2012 1190 2061 consequeretur
1214 2016 1294 2061 per
1320 2001 1473 2061 aliqua
1495 2000 1724 2046 sensibilia
1739 2001 1885 2061 signa,
1912 2002 1990 2046 sed
2016 2002 2106 2061 spi-

3 2107 6 2110 .
141 2067 377 2122 ritualiter,
403 2078 448 2112 et
471 2068 767 2114 invisibiliter.

165 2166 171 2175 -
226 2134 304 2181 AD
331 2148 591 2181 SECUNDUM
618 2135 878 2191 dicendum,
894 2136 1017 2196 quod
1044 2136 1205 2180 eadem
1223 2145 1291 2180 est
1311 2145 1470 2180 natura
1491 2136 1694 2181 hominis
1721 2146 1824 2181 ante
1850 2145 2104 2196 peccatum,

137 2210 187 2250 et
210 2211 317 2261 post
347 2208 611 2261 peccatum:
637 2217 732 2247 non
756 2212 912 2248 tamen
941 2213 1009 2249 est
1033 2203 1156 2247 idem
1178 2213 1367 2247 naturae
1394 2214 1560 2258 status3
1587 2218 1696 2246 nam
1733 2214 1837 2262 post
1862 2214 2103 2263 peccatum

74 2302 93 2313 ,-
138 2268 292 2321 anima
317 2269 455 2317 etiam
480 2275 703 2329 quantum
724 2273 779 2314 ad
806 2270 1088 2329 superiorem
1114 2280 1290 2329 partem
1321 2270 1497 2329 indiget
1524 2271 1730 2329 accipere
1757 2269 1927 2329 aliquid
1961 2285 1988 2314 a
2010 2284 2106 2314 cor-

79 2349 94 2399 f
137 2336 367 2396 poralibus
407 2337 541 2382 rebus
580 2338 638 2383 ad
677 2339 748 2383 sui
786 2338 1138 2397 perfectionem;
1180 2339 1304 2398 quod
1336 2339 1383 2382 in
1423 2338 1505 2383 illo
1548 2348 1666 2383 statu
1702 2338 1884 2382 homini
1914 2353 2103 2384 necesse

76 2400 93 2407 ”
136 2417 248 2458 non
261 2414 371 2449 erat.

225 2470 307 2516 An
329 2483 546 2517 TERTIUM
570 2470 831 2526 dicendum,
848 2472 970 2531 quod
994 2472 1342 2517 matrimonium
1363 2471 1448 2518 fuit
1478 2472 1735 2517 institutum
1760 2472 1807 2516 in
1833 2482 1951 2517 statu
1977 2472 2104 2517 inno-

139 2538 329 2592 centiae,
352 2551 448 2583 non
472 2538 725 2583 secundum
757 2539 880 2598 quod
914 2549 981 2584 est
1011 2550 1366 2594 sacramentum,
1394 2541 1473 2584 sed
1507 2540 1760 2584 secundum
1794 2540 1916 2599 quod
1956 2550 2023 2584 est
2055 2541 2102 2584 in

139 2601 343 2651 officium
366 2614 578 2650 naturae:
617 2619 671 2650 ex
707 2606 1006 2664 consequenti
1031 2617 1186 2651 tamen
1217 2605 1386 2665 aliquid
1419 2606 1707 2665 significabat
1741 2605 1944 2651 futurum
1982 2607 2103 2651 circa

140 2670 393 2727 Christum,
417 2682 463 2717 et
491 2671 763 2728 Ecclesiam,
796 2674 914 2718 sicut
930 2684 974 2718 et
996 2674 1154 2718 omnia
1181 2673 1284 2728 alia,
1311 2684 1356 2718 et
1382 2688 1498 2733 quae
1525 2675 1572 2718 in
1598 2674 1743 2734 figura
1777 2675 1948 2720 Christi
1978 2689 2102 2734 prae-

142 2747 386 2783 cesserunt.

837 2903 1271 2961 ARTICULUS
1308 2904 1408 2982 IU-
2013 2914 2098 2976 336

508 3035 708 3076 UTRUM
748 3037 890 3077 POST
930 3039 1230 3078 PECCATUM
1261 3040 1408 3078 ANTE
1446 3038 1727 3078 CHRISTUM

636 3176 639 3179 Ι
671 3118 1035 3160 SACRAMENTA
1068 3121 1379 3161 DEBUERINT
1420 3121 1565 3159 ESSE.

743 3227 808 3286 (4.
833 3229 948 3275 Dist.
974 3245 1010 3276 1.
1043 3245 1081 3290 q.
1109 3247 1144 3276 r.
1171 3237 1254 3276 art.
1281 3245 1322 3276 2.
1354 3245 1390 3289 q.
1424 3229 1504 3287 4.).

230 3338 307 3383 An
341 3349 557 3383 Tenum
578 3337 643 3382 sic
665 3339 935 3398 proceditur.
956 3339 1161 3396 Videtur,
1184 3342 1305 3401 quod
1334 3351 1437 3400 post
1462 3350 1700 3400 peccatum
1719 3343 1829 3383 'ante
1863 3339 2098 3385 Christum

141 3414 429 3451 sacramenta
454 3418 548 3449 non
571 3404 805 3451 debuerint
831 3419 952 3451 esse:
980 3408 1151 3452 dictum
1192 3419 1260 3453 est
1296 3409 1418 3453 enim
1448 3408 1545 3463 (art.
1572 3422 1607 3452 1.
1635 3407 1721 3465 huj.
1743 3421 1781 3465 q.
1799 3406 1853 3450 ad
1873 3407 1948 3465 3.),
1969 3407 2093 3465 quod

25 3465 73 3536 fif
140 3485 223 3531 per
253 3481 541 3516 sacramenta
572 3472 724 3531 passio
758 3471 929 3518 Christi
959 3474 1222 3520 hominibus
1256 3475 1527 3535 applicatur:
1561 3484 1605 3517 et
1636 3474 1699 3518 sic
1739 3473 1891 3532 passio
1925 3473 2098 3520 Christi

31 3548 77 3595 {j
141 3548 432 3597 comparatur
458 3538 514 3582 ad
540 3538 838 3593 sacramenta,
854 3539 972 3586 sicut
996 3555 1133 3587 causa
1155 3544 1211 3587 ad
1229 3542 1459 3587 effectum:
1485 3541 1563 3586 sed
1590 3539 1776 3584 effectus
1802 3555 1896 3584 non
1918 3555 2097 3600 praece-

141 3603 208 3651 dit
231 3618 441 3660 causam;
464 3618 574 3664 ergo
599 3616 885 3651 sacramenta
909 3619 1005 3652 non
1035 3607 1287 3654 debuerunt
1318 3623 1415 3653 esse
1444 3617 1546 3652 ante
1575 3606 1745 3651 Christi
1772 3607 2032 3652 adventum.
