2352 3926
646 284 925 332 QUAESTIO
966 283 1134 322 Lxxn.
1172 281 1481 322 ARTICULUS
1520 280 1614 320 vn.
2001 265 2106 335 629

835 481 1269 540 ARTICULUS
1310 481 1435 536 vn.
1783 560 1786 563 ‚
2020 504 2111 548 420
2180 470 2183 472 ’

298 617 491 657 UTRUM
522 619 621 657 PER
656 617 1064 656 SACRAMENTUM
1096 615 1565 655 CONFIRMATIONIS
1593 614 1958 655 CONFERATUR

628 699 903 738 GRATIA
958 698 1253 736 GRATUM
1301 697 1636 736 FACIENS.

827 811 888 865 (4.
910 808 1023 852 Dist.
1046 820 1085 866 7.
1108 821 1146 865 q.
1168 820 1209 851 2.
1228 813 1309 851 art.
1336 806 1412 863 2.).

235 918 312 964 AD
339 931 580 964 SEPTIMUM
606 919 671 964 sic
697 917 969 977 proceditur.
995 917 1200 971 Videtur,
1228 917 1349 975 quod
1375 930 1455 975 per
1479 916 1569 960 hoc
1596 925 1934 960 sacramentum
1960 914 2106 975 gratia

147 995 330 1045 gratum
353 984 524 1030 faciens
549 998 643 1030 non
671 984 952 1029 conferatur:
976 984 1119 1043 gratia
1146 984 1268 1028 enim
1296 993 1477 1043 gratum
1495 982 1667 1027 faciens
1696 983 1930 1027 ordinatur
1954 992 2114 1027 contra

150 1051 356 1111 culpam:
383 1051 463 1096 sed
488 1052 579 1096 hoc
605 1061 957 1106 sacramentum,
983 1051 1100 1095 sicut
1125 1051 1297 1094 dictum
1330 1060 1397 1094 est
1421 1051 1521 1106 (art.
1543 1049 1726 1109 praec),
1754 1063 1849 1093 non
1875 1049 2110 1094 exhibetur

146 1117 236 1162 nisi
258 1117 506 1177 baptizatis,
533 1118 609 1177 qui
635 1128 738 1162 sunt
765 1132 790 1161 a
823 1117 957 1177 culpa
983 1117 1213 1172 mundati3
1241 1131 1351 1176 ergo
1378 1130 1458 1175 per
1483 1116 1575 1160 hoc
1600 1125 1937 1167 sacramentum
1966 1115 2111 1174 gratia

150 1192 331 1242 gratum
356 1183 527 1228 faciens
553 1198 647 1228 non
675 1183 918 1228 confertur.

238 1262 277 1294 2.
305 1249 602 1295 PRAETEREA.
629 1251 901 1295 Peccatores
934 1250 1132 1309 magtime
1165 1250 1371 1308 indigent
1402 1250 1546 1309 gratia
1579 1259 1758 1308 gratum
1789 1248 2000 1303 faciente,
2032 1263 2113 1307 per

148 1330 288 1376 quam
313 1315 461 1361 solam
487 1316 721 1375 justificari
746 1328 953 1377 possunt:
979 1319 1016 1362 si
1042 1331 1150 1376 ergo
1178 1332 1258 1376 per
1278 1318 1370 1361 hoc
1396 1326 1735 1361 sacramentum
1763 1316 1906 1375 gratia
1929 1325 2111 1374 gratum

146 1382 317 1429 faciens
336 1383 580 1438 confertur,
596 1383 774 1428 videtur
791 1385 912 1443 quod
931 1385 1114 1429 deberet
1129 1384 1225 1428 dari
1237 1383 1501 1428 hominibus
1518 1383 1564 1427 in
1582 1393 1774 1442 peccato
1795 1382 2111 1438 existentibus3

150 1449 274 1510 quod
299 1460 455 1495 tamen
480 1465 575 1495 non
599 1460 664 1495 est
689 1465 864 1495 verum.

238 1530 276 1575 3.
302 1517 600 1563 PRAETEREA.
636 1517 795 1562 Gratia
827 1527 1008 1577 gratum
1040 1517 1210 1562 faciens
1244 1517 1395 1577 specie
1427 1531 1523 1561 non
1556 1515 1719 1570 differt,
1748 1530 1854 1560 cum
1888 1516 1944 1560 ad
1970 1529 2114 1559 unum

148 1582 363 1628 effectum
395 1584 650 1628 ordinetur:
684 1584 762 1629 sed
796 1585 910 1629 duae
942 1584 1118 1629 formae
1153 1585 1356 1643 ejusdem
1388 1583 1556 1643 speciei
1587 1597 1682 1627 non
1715 1593 1906 1642 possunt
1937 1596 2035 1627 esse
2067 1582 2115 1625 in

148 1649 314 1694 eodem
339 1650 567 1709 subjecto:
596 1665 702 1695 cum
729 1665 839 1710 ergo
868 1653 1012 1710 gratia
1038 1661 1218 1710 gratum
1243 1651 1415 1695 faciens
1449 1649 1712 1694 conferatur
1737 1649 1917 1693 homini
1943 1663 2023 1708 per
2043 1649 2116 1692 ba-

148 1717 380 1776 ptismum,
414 1717 592 1761 videtur
618 1719 739 1776 quod
762 1732 842 1776 per
867 1727 1204 1762 sacramentum
1224 1717 1600 1771 confirmationis,
1625 1717 1747 1775 quod
1764 1730 1860 1760 non
1878 1716 2114 1760 exhibetur

146 1783 235 1828 nisi
259 1782 500 1846 baptizato,
523 1784 666 1842 gratia
692 1794 871 1843 gratum
896 1783 1068 1828 faciens
1094 1798 1189 1828 non
1217 1783 1488 1828 conferatur.

237 1848 332 1894 SED
350 1862 546 1895 CONTRA
563 1860 645 1904 est,
663 1851 786 1910 quod
804 1850 1086 1895 Melchiades
1112 1865 1229 1910 papa
1255 1850 1362 1894 dicit
1382 1851 1445 1907 (in
1471 1852 1585 1910 epist.
1611 1851 1739 1894 unica
1764 1863 1791 1894 a
1817 1848 1922 1894 med.
1951 1848 2111 1894 Concil.

146 1923 187 1963 et
209 1917 304 1962 hab.
331 1925 423 1978 cap.
449 1931 488 1963 2.
512 1919 579 1962 De
593 1917 785 1963 Consecr.
805 1919 915 1962 Dist.
940 1920 1028 1976 7.).·
1059 1934 1082 1958 «
1102 1918 1293 1977 Spiritus
1322 1917 1515 1962 Sanctus
1552 1918 1599 1961 in
1625 1916 1753 1961 fonte
1786 1916 2001 1976 baptismi
2026 1915 2115 1975 ple-

147 1980 402 2028 nitudinetri
427 1984 581 2029 tribuit
605 1985 661 2029 ad
686 1985 1027 2039 innocentiam3
1052 1985 1100 2028 in
1127 1984 1476 2029 confirmatione
1504 1993 1806 2043 augmentum
1833 1992 2030 2042 praestat
2056 1982 2112 2026 ad

148 2050 342 2111 gratiam
359 2067 401 2094 ».

236 2116 525 2163 RESPONDEO
554 2117 813 2172 dicendum,
847 2118 967 2177 quod
994 2118 1040 2162 in
1072 2118 1162 2162 hoc
1191 2128 1494 2172 sacramento,
1518 2118 1634 2163 sicut
1662 2118 1835 2162 dictum
1862 2127 1930 2161 est
1951 2118 2053 2175 (art.
2070 2130 2112 2174 4.

146 2183 235 2243 huj.
262 2185 339 2243 q.)‚
366 2184 498 2228 datur
517 2185 744 2244 baptizato
774 2185 965 2242 Spiritus
993 2185 1187 2229 Sanctus
1215 2186 1270 2229 ad
1305 2186 1465 2239 robur3
1499 2185 1616 2229 sicut
1642 2184 1862 2243 apostolis
1889 2184 2020 2228 datus
2047 2194 2115 2228 est

146 2250 194 2294 in
220 2250 292 2295 die
317 2250 626 2306 Pentecostes‚
654 2261 703 2295 ut
724 2251 888 2309 legitur
914 2251 1017 2295 Act.
1046 2264 1102 2305 2.‚
1126 2262 1170 2295 et
1195 2252 1312 2295 sicut
1343 2252 1531 2295 dabatur
1556 2251 1792 2310 baptizatis
1819 2265 1899 2310 per
1923 2251 2113 2310 imposi-

146 2317 323 2362 tionem
371 2331 532 2362 manus
567 2318 898 2377 apostolorum,
931 2327 980 2362 ut
1015 2318 1178 2362 dicitur
1210 2319 1313 2362 Act.
1349 2319 1389 2362 8.
1421 2319 1674 2363 Ostensum
1708 2328 1775 2362 est
1816 2327 1970 2362 autem
2002 2318 2048 2361 in
2076 2331 2112 2361 1.

147 2385 206 2443 (q.
232 2397 295 2444 43.
319 2390 399 2429 art.
429 2385 501 2443 3.)‚
530 2385 652 2444 quod
671 2385 843 2439 missio,
862 2399 941 2429 seu
967 2385 1090 2429 datio
1115 2386 1306 2445 Spiritus
1326 2385 1484 2429 Sancti
1508 2399 1603 2428 non
1630 2395 1697 2429 est
1721 2385 1810 2428 nisi
1837 2399 1942 2429 cum
1969 2384 2114 2444 gratia

148 2460 327 2509 gratum
349 2450 571 2506 faciente3
594 2452 714 2496 unde
740 2451 1034 2496 manifestum
1064 2462 1144 2507 est,
1171 2452 1294 2511 quod
1321 2452 1465 2511 gratia
1489 2461 1667 2511 gratum
1684 2451 1854 2496 faciens
1883 2451 2113 2495 confertur

147 2517 195 2561 in
218 2517 311 2561 hoc
337 2527 640 2564 sacramento,

152 2608 164 2610 -
237 2583 314 2628 AD
329 2596 517 2629 PRtMUM
536 2598 646 2644 ergo
666 2585 923 2639 dicendum,
951 2585 1072 2645 quod
1091 2586 1261 2645 gratiae
1288 2596 1469 2645 gratum
1495 2585 1705 2630 facientis
1724 2586 1897 2645 primus
1924 2584 2112 2629 effectus

149 2658 218 2694 est
239 2649 449 2695 remissio
477 2650 637 2711 culpae
657 2666 667 2696 :
693 2653 830 2697 habet
854 2662 1010 2697 tamen
1037 2663 1081 2697 et
1107 2653 1221 2698 alios
1239 2653 1440 2707 effectus,
1476 2654 1580 2712 quia
1608 2653 1772 2698 sufficit
1790 2653 1844 2696 ad
1863 2652 1969 2706 hoc,
1988 2652 2111 2710 quod

149 2726 422 2775 promoveat
445 2717 684 2762 hominem
706 2733 786 2778 per
813 2733 973 2763 omnes
1000 2720 1165 2778 gradus
1192 2734 1335 2779 usque
1354 2721 1399 2763 in
1421 2720 1563 2764 vitam
1586 2730 1833 2773 aeternam,
1861 2719 2111 2764 secundum

149 2781 261 2826 illud
286 2781 423 2827 Rom.
450 2781 515 2827 6.:
547 2784 702 2830 Gratia
724 2786 807 2830 Dei
826 2788 918 2830 vita
937 2793 1132 2837 aeterna,·
1152 2787 1271 2831 unde
1299 2797 1343 2831 et
1373 2786 1519 2831 Paulo
1547 2787 1719 2831 dictum
1738 2796 1805 2830 est
1832 2799 1871 2830 2.
1897 2785 2006 2830 Cor.
2029 2797 2109 2828 12.:

149 2849 307 2908 Sufficit
332 2851 410 2895 tibi
431 2853 570 2908 gralia
595 2866 703 2907 mea,
732 2862 776 2897 et
796 2853 892 2912 ipse
919 2853 974 2897 de
1000 2867 1048 2897 se
1075 2854 1183 2898 dicit
1213 2868 1248 2898 1.
1278 2854 1488 2899 Corinth.
1528 2867 1619 2911 15.:
1651 2854 1804 2898 Gratia
1836 2854 1922 2897 Dei
1946 2867 2035 2896 sum
2066 2850 2111 2896 id

150 2916 258 2975 quod
287 2931 391 2961 sum.
419 2916 476 2962 Et
506 2918 610 2962 ideo
643 2919 787 2978 gratia
820 2929 999 2978 gratum
1029 2919 1200 2965 faciens
1231 2935 1324 2966 non
1357 2921 1510 2966 solum
1543 2921 1674 2964 datur
1705 2920 1759 2964 ad
1792 2919 2111 2963 remissionem

152 2982 328 3043 culpae,
350 2983 429 3028 sed
456 2984 594 3028 etiam
622 2986 677 3030 ad
705 2995 1020 3045 augmentum,
1046 2997 1090 3031 et
1115 2987 1377 3032 firmitatem
1399 2987 1620 3047 justitiae3
1647 2996 1691 3030 et
1717 2987 1780 3030 sic
1810 2984 2040 3029 confertur
2064 2984 2112 3028 in

150 3050 242 3095 hoc
268 3060 571 3095 sacramento.

241 3117 317 3162 AD
344 3130 606 3163 SECUNDUM
632 3117 892 3174 dicendum,
914 3120 1051 3179 quod,
1078 3121 1195 3165 sicut
1219 3135 1273 3166 ex
1299 3122 1397 3181 ipso
1420 3121 1609 3165 nomine
1629 3127 1828 3178 apparet,
1850 3118 1940 3163 hoc
1967 3131 2113 3162 sacra-

150 3191 359 3228 mentum
399 3183 530 3228 datur
563 3184 619 3228 ad
653 3184 1029 3241 confirmandum,
1062 3188 1184 3246 quod
1217 3188 1339 3247 prius
1365 3187 1587 3232 invenerit
1599 3202 1610 3240 ;
1645 3196 1688 3229 et
1713 3185 1816 3229 ideo
1852 3198 1947 3228 non
1978 3184 2112 3229 debet

150 3249 249 3294 dari
273 3250 358 3304 his,
385 3250 463 3310 qui
487 3265 582 3295 non
607 3250 776 3295 habent
802 3252 1020 3310 gratiam;
1047 3263 1092 3297 et
1116 3264 1300 3313 propter
1324 3255 1415 3298 hoc
1442 3256 1558 3298 sicut
1581 3265 1675 3296 non
1699 3252 1828 3295 datur
1852 3265 1946 3295 non
1970 3251 2113 3310 bapti.

151 3317 276 3371 zatis,
300 3316 364 3361 ita
388 3331 483 3361 non
505 3317 638 3362 debet
659 3317 755 3360 dari
771 3317 932 3362 adultis
959 3321 1289 3379 peccatoribus,
1314 3321 1401 3365 nisi
1418 3335 1498 3379 per
1524 3318 1851 3379 poenitentiam
1876 3318 2109 3378 reparatis;

151 3383 271 3427 unde
293 3383 456 3428 dicitur
479 3384 526 3427 in
553 3383 871 3428 Aurelianensi
890 3384 1105 3430 Concilio
1123 3387 1237 3445 (hab.
1265 3390 1373 3431 inter
1399 3389 1522 3446 capit.
1552 3385 1742 3430 Herardi
1766 3386 1923 3429 Turon.
1938 3400 2031 3430 can.
2049 3398 2108 3444 75.

151 3455 189 3495 et
213 3457 304 3509 cap.
333 3451 376 3495 6.
403 3451 470 3496 De
505 3452 741 3496 Consecrat.
770 3452 880 3495 Dist.
914 3451 1004 3510 5.):
1027 3461 1054 3494 ⁴«
1079 3453 1144 3498 Ut
1166 3455 1305 3512 jejuni
1333 3454 1387 3497 ad
1416 3452 1813 3497 confirmationem
1839 3452 2037 3506 veniant,
2063 3460 2111 3495 ut

152 3526 430 3561 moneantur
463 3517 802 3562 confessionem
829 3516 978 3563 facere
1003 3519 1140 3578 prius,
1167 3530 1215 3564 ut
1241 3520 1398 3563 mundi
1426 3519 1599 3563 donum
1633 3518 1823 3577 Spiritus
1856 3518 2013 3562 Sancti
2037 3532 2111 3562 va-

151 3581 276 3627 leant
301 3582 507 3642 accipere
533 3600 574 3627 n.
602 3583 658 3628 Et
692 3593 800 3628 tunc
827 3597 908 3643 per
937 3584 1028 3629 hoc
1056 3596 1392 3630 sacramentum
1420 3585 1647 3644 perficitur
1672 3584 1979 3644 poenitentiae
2006 3583 2110 3629 effe-

153 3658 267 3703 ctus,
292 3648 409 3694 sicut
433 3659 479 3694 et
503 3650 735 3708 baptismi:
764 3650 869 3709 quia
900 3663 981 3709 per
1015 3651 1210 3710 gratiam
1237 3652 1454 3697 collatam
1492 3652 1537 3695 in
1564 3651 1654 3696 hoc
1682 3661 1970 3696 sacramento
2006 3665 2111 3695 con·
