2352 3926
313 218 420 274 412
804 217 1084 263 Quasss’rro
1126 217 1314 256 XLvm.
1355 199 1664 257 ARTICULUS
1704 217 1782 257 111.

314 319 499 364 offertur
531 333 612 378 pro
639 318 786 373 nobis,
811 318 894 363 fuit
921 333 1028 363 caro
1054 333 1149 364 non
1181 320 1440 374 hominum,
1473 320 1552 365 sed
1585 318 2076 365 aliorumanimalium
2105 319 2278 380 signifi·

315 388 516 430 cantium
545 400 728 429 carnem
743 385 930 439 Christi,
949 400 1064 444 quae
1092 396 1159 430 est
1183 385 1565 445 perfectissimum
1590 386 1887 431 sacrificium:
1906 389 2050 447 primo
2076 387 2276 447 quidem,

312 455 417 512 quia
445 468 498 497 ex
521 467 576 497 eo
605 453 727 511 quod
746 462 814 498 est
830 453 1060 498 humanae
1086 463 1275 498 naturae
1303 467 1425 507 caro,
1449 465 1652 530 congrue
1676 466 1760 512 pro
1782 452 2048 499 horninibus
2075 449 2276 508 offertur,

313 530 356 564 et
384 521 436 564 ab
457 521 520 564 eis
539 521 732 564 sumitur
757 520 838 564 sub
866 531 1177 565 sacramento.
1201 521 1388 575 secundo,
1417 521 1522 580 quia
1545 535 1598 564 ex
1625 534 1680 564 eo
1708 521 1830 579 quod
1857 529 1954 565 erat
1977 509 2216 579 passibilis
2233 530 2278 566 et

309 588 530 641 mortalis,
558 597 661 646 apta
689 596 784 631 erat
808 586 1140 631 immolationi:
1169 589 1302 642 tertio,
1332 588 1437 646 quia
1462 601 1542 646 per
1567 587 1659 631 hoc
1692 587 1814 646 quod
1847 593 1944 631 erat
1963 587 2064 632 sine
2086 596 2275 647 pecato,

311 653 471 697 efficax
498 664 594 698 erat
620 654 675 697 ad
703 655 992 698 emundanda
1018 665 1228 721 peccata:
1257 661 1420 714 quarto,
1445 654 1551 713 quia
1577 668 1631 698 ex
1658 668 1713 697 eo
1741 654 1862 713 quod
1884 654 1981 698 erat
2006 668 2114 699 caro
2134 654 2277 713 ipsius

311 719 556 774 offerentis,
585 731 679 764 erat
697 721 798 764 Deo
823 731 1011 778 accepta
1026 732 1211 797 propter
1226 721 1506 766 ineffabilem
1520 720 1789 764 charitatem
1807 735 1939 764 suam
1960 735 2146 765 carnem
2171 720 2278 765 offe-

307 788 467 842 rentis;
486 788 605 831 unde
623 788 906 846 Augustinus
921 788 1051 832 dicit
1040 803 1087 831 m
1112 801 1153 843 4
1169 789 1224 832 de
1243 787 1370 832 Trin.
1390 790 1502 847 (cap.
1525 802 1575 844 14
1580 788 1646 845 ..·)
1670 804 1693 828 «
1714 787 1839 839 Quid
1856 797 1952 831 tam
1971 798 2277 845 congruenter

312 855 365 897 ab
389 855 653 901 hominibus
679 865 946 909 sumeretur,
974 855 1097 914 quod
1123 870 1204 914 pro
1225 856 1288 900 eis
1307 855 1557 908 offerretur,
1575 869 1715 914 quam
1732 855 1936 899 humana
1953 853 2090 913 caro?
2108 865 2154 911 et
2168 854 2277 916 quid

310 932 406 966 tam
433 932 588 980 aptum
614 922 720 965 huic
748 922 1071 976 immolationi,
1094 937 1230 981 quarn
1258 937 1364 966 caro
1387 921 1625 966 mortalis?
1645 932 1689 965 et
1711 921 1817 980 quid
1838 931 1934 965 tam
1952 921 2175 965 mundum
2192 935 2276 980 pro

309 989 582 1033 mundandis
607 989 726 1033 vitiis
753 989 1033 1043 mortalium,
1060 1004 1199 1048 quam
1224 990 1320 1034 sine
1354 989 1629 1049 contagione
1657 988 1850 1033 carnalis
1875 988 2277 1048 concupiscentiae

312 1070 418 1100 caro
445 1066 551 1100 nata
576 1056 623 1099 in
651 1065 796 1111 utero,
823 1067 867 1100 et
893 1072 947 1101 ex
972 1067 1102 1101 utero
1128 1056 1370 1116 virginali?
1400 1066 1444 1101 et
1470 1056 1577 1115 quid
1602 1066 1696 1100 tam
1716 1067 1843 1114 grate
1861 1055 2028 1110 offerri,
2047 1065 2092 1100 et
2108 1055 2277 1115 suscipi

309 1133 479 1182 posset,
506 1137 645 1182 quam
671 1137 778 1167 caro
805 1123 1015 1168 sacrificii
1041 1124 1199 1178 nostri,
1226 1138 1391 1183 corpus
1418 1123 1632 1167 effectum
1651 1123 1911 1167 Sacerdotis
1936 1122 2112 1167 nostri?
2129 1139 2154 1165 11

399 1190 475 1234 AD
502 1203 762 1235 SECUNDUM
786 1190 1045 1244 dicendum,
1072 1190 1194 1249 quod
1221 1191 1503 1249 Augustinus
1529 1190 1591 1233 ibi
1616 1189 1816 1248 loquitur
1838 1189 1894 1233 de
1916 1189 2150 1235 sacrificiis
2174 1189 2278 1234 visi·

306 1256 471 1301 bilibus
497 1256 786 1316 figuralibus:
815 1267 860 1301 et
885 1258 1023 1301 etiarn
1049 1258 1147 1316 ipsa
1173 1258 1324 1316 passio
1353 1257 1539 1311 Christi,
1557 1256 1665 1300 licet
1682 1257 1738 1300 sit
1755 1256 1924 1315 aliquid
1950 1257 2180 1316 signatum
2197 1271 2278 1316 per

309 1323 398 1368 alia
423 1324 645 1368 sacrificia
671 1323 893 1382 figuralia,
921 1334 988 1368 est
1019 1334 1173 1368 tamen
1207 1324 1388 1383 signum
1423 1323 1611 1382 alicujus
1643 1323 1710 1367 rei
1734 1323 2046 1368 observandae
2072 1338 2101 1368 a‘
2129 1323 2276 1378 nobis,

307 1392 560 1435 secundum
586 1391 698 1435 illud
730 1405 764 1434 1.
807 1391 904 1435 Pet.
930 1404 995 1446 4.:
1027 1392 1192 1436 Christo
1219 1393 1348 1449 igitur
1366 1399 1487 1450 passo
1528 1393 1574 1435 in
1607 1402 1745 1444 carne,
1779 1397 1818 1436 et
1847 1404 1922 1436 vos
1960 1390 2100 1436 eadem
2120 1393 2279 1452 'cogita-

296 1461 418 1503 ⁴ti0ne
443 1460 703 1503 armamini:
728 1460 827 1516 quia
853 1461 925 1517 qui
949 1466 1097 1518 passus
1123 1465 1176 1503 est
1201 1459 1246 1501 in
1273 1473 1410 1512 carne,
1439 1459 1556 1503 desiit
1581 1472 1607 1502 α
1632 1459 1828 1518 peccatis,
1857 1464 1904 1503 ut
1922 1460 2017 1518 sam
2037 1473 2123 1502 non
2141 1458 2279 1503 'homi-

305 1541 407 1570 num
433 1526 650 1577 desideriis,
690 1525 755 1569 sed
779 1526 991 1570 voluntati
1016 1527 1115 1579 Dei,
1140 1525 1248 1584 quod
1266 1526 1473 1583 reliquum
1498 1532 1567 1580 est,
1591 1527 1636 1569 in
1658 1530 1783 1570 carne
1807 1527 1930 1570 vivat
1945 1527 2155 1586 temporis.

397 1593 472 1636 AD
501 1606 715 1637 TERTIUM
742 1593 1000 1647 dicendum,
1035 1593 1155 1652 quod
1183 1594 1332 1651 passio
1362 1593 1534 1637 Christi
1561 1608 1615 1637 ex
1639 1603 1765 1652 parte
1792 1593 2298 1656 occidentiumipsum'

305 1659 390 1704 fuit
417 1659 719 1714 maleficium;
747 1660 826 1703 sed
861 1674 914 1703 ex
939 1670 1065 1719 parte
1098 1660 1236 1719 ipsius
1269 1675 1323 1703 ex
1360 1660 1578 1704 charitate
1610 1659 1819 1718 patientis
1858 1659 1942 1704 fuit
1976 1658 2277 1715 sacrificium3

307 1727 427 1771 unde
452 1727 542 1771 hoc
576 1727 853 1771 sacrificium
878 1727 974 1785 ipse
997 1727 1205 1772 Christus
1233 1727 1449 1772 obtulisse
1474 1728 1649 1781 dicitur,
1675 1741 1770 1771 non
1797 1734 1950 1772 autem
1973 1726 2042 1772 illi
2065 1726 2144 1786 qui
2168 1740 2276 1772 eum

308 1795 588 1839 occiderunt.

1002 1957 1439 2015 ARTICULUS
1480 1958 1575 2013 IV.
2184 1969 2273 2031 267
2346 2029 2348 2033 λ

444 2093 637 2132 UTRUM
677 2093 865 2131 PASSIO
909 2093 1127 2131 CHRISTI
1169 2093 1423 2131 OPERATA
1464 2094 1548 2131 SIT
1587 2092 1851 2132 NOSTRAM
1889 2090 2145 2142 SALUTEM

896 2169 996 2206 PER
1029 2168 1237 2206 MODUM
1268 2168 1690 2206 REDEMPTIONIS.

544 2278 678 2338 (Infr.
693 2294 731 2338 q.
749 2293 822 2339 49.
840 2287 923 2325 art.
939 2295 978 2324 2.
1002 2286 1038 2324 et
1054 2281 1168 2325 Dist.
1191 2293 1259 2340 19.
1278 2286 1359 2340 art.
1378 2295 1418 2325 2.
1433 2286 1468 2324 et
1475 2296 1509 2340 3.
1529 2287 1567 2325 et
1580 2288 1718 2340 opusc.
1736 2280 1808 2325 60.
1827 2286 1919 2340 cap.
1932 2279 2036 2350 18.)-
2088 2335 2091 2337 ,
2118 2336 2123 2344 ·

396 2389 473 2434 AD
503 2402 742 2440 QUARTUM
765 2390 828 2434 sic
855 2391 1127 2449 proceditur.
1154 2390 1360 2445 Videtur,
1388 2392 1510 2450 quod
1536 2390 1687 2451 passio
1716 2390 1889 2436 Christi
1904 2405 2000 2436 non
2015 2391 2076 2436 sit
2086 2394 2275 2451 operata

305 2466 512 2500 nostram
538 2457 734 2501 salutem
759 2471 840 2516 per
871 2458 1062 2502 modum
1096 2458 1443 2517 redemptionis:
1476 2458 1628 2502 nullus
1661 2458 1785 2502 enim
1820 2458 1944 2514 emit,
1974 2457 2055 2504 vel
2093 2459 2275 2504 redimit

307 2523 431 2582 quod
457 2538 590 2567 suum
632 2538 729 2568 esse
755 2539 849 2568 non
877 2525 1031 2570 desiit:
1059 2525 1137 2569 sed
1170 2525 1382 2570 homines
1413 2540 1648 2585 nunquam
1681 2525 1912 2570 desierunt
1942 2526 2041 2573 esse
2071 2523 2181 2581 Dei,
2206 2539 2275 2572 ee*

308 2590 510 2635 cundum
535 2590 647 2635 illud
673 2591 792 2636 Psal.
820 2604 915 2669 ².3'³
942 2593 1124 2636 Domini
1155 2600 1209 2637 est
1236 2599 1366 2648 terra,
1395 2598 1432 2638 et
1450 2592 1666 2652 plenitudo
1699 2595 1798 2652 ejus,
1831 2594 1942 2638 orbis
1975 2599 2219 2649 terrarum,
2237 2598 2275 2639 et

305 2659 494 2702 universi
518 2660 591 2717 qui
616 2659 806 2703 habitant
830 2661 875 2703 in
901 2675 970 2713 eo;
996 2674 1106 2719 ergo
1133 2660 1325 2715 videtur,
1348 2660 1469 2719 quod
1490 2660 1698 2705 Christus
1714 2674 1809 2704 non
1826 2659 2072 2705 redemerit
2082 2671 2172 2730 nos
2183 2672 2274 2706 sua

306 2725 534 2784 passione.

335 2831 338 2834 ,
398 2804 436 2837 2
466 2792 764 2837 PRAETEREA.
793 2792 922 2836 Sicut
947 2794 1229 2869 Augustinus
1257 2794 1366 2838 dicit
1396 2808 1462 2853 13.
1489 2794 1544 2838 de
1573 2793 2273 2855 Trinitate(cap.13.mpnnc),

311 2875 335 2901 «
355 2859 562 2904 diabolus
581 2873 606 2903 a
624 2859 810 2904 Christo
829 2859 997 2917 justitia
1015 2862 1296 2919 superandus
1318 2860 1402 2905 fuit
1417 2876 1466 2904 11
1495 2861 1574 2906 sed
1601 2862 1691 2906 hoc
1725 2861 1863 2921 exigit
1890 2860 2093 2920 iustitia,
2102 2870 2178 2906 ut
2192 2859 2272 2906 ille

307 2928 385 2987 qui
420 2927 585 2972 invasit
629 2926 788 2972 dolose
825 2942 922 2971 rem
957 2928 1169 2983 alienam,
1207 2930 1368 2974 debeat
1399 2929 1566 2988 privari
1602 2944 1677 2974 ea:
1711 2929 1817 2989 quia
1849 2926 2271 2983 «franget-dolus

305 2995 481 3040 nemini
499 2995 633 3039 debet
648 2995 974 3053 patrocinari»,
1003 3005 1051 3039 ut
1077 2996 1215 3039 etiam
1241 2997 1339 3055 jura
1364 2997 1567 3040 humana
1586 2997 1743 3041 dicunt
1767 2996 1954 3056 (lib..65.
1970 2996 2019 3055 ff.
2034 2994 2270 3056 prowm),-

307 3076 414 3106 cum
442 3076 551 3121 ergo
579 3061 786 3106 diabolus
814 3072 1069 3106 creaturam
1095 3064 1197 3117 Dei,
1225 3064 1401 3108 scilicet
1417 3063 1672 3118 hominem,
1690 3062 1851 3109 dolose
1866 3062 2109 3122 deceperit,
2127 3062 2274 3110 etsibi

305 3129 627 3206 subjugaverit,
652 3129 831 3173 videtur
856 3129 977 3188 quod
1015 3143 1109 3173 non
1137 3130 1339 3175 debuerit
1359 3130 1504 3175 homo
1531 3145 1611 3191 per
1636 3131 1828 3176 modum
1858 3129 2184 3214 redemptionis
2215 3129 2271 3175 ab

307 3198 403 3255 ejus
432 3196 544 3254 eripi
569 3206 807 3255 potestate.

399 3278 435 3321 3.
463 3264 762 3309 PRAETEREA.
793 3263 1088 3323 Quicumque
1116 3265 1239 3318 emit,
1282 3276 1359 3310 aut
1403 3266 1585 3310 redimit
1611 3265 1794 3325 aliquid,
1827 3266 2024 3326 pretium
2046 3264 2184 3311 solvit
2213 3263 2271 3321 ei,
2320 3266 2346 3315 fs

306 3331 383 3390 qui
409 3332 692 3389 possidebat:
731 3332 809 3377 sed
848 3332 1056 3376 Christus
1089 3346 1181 3376 non
1209 3333 1345 3377 solvit
1387 3334 1657 3392 sanguinem
1694 3347 1843 3388 suum,
1874 3333 1952 3393 qui
1980 3333 2147 3378 «dicitur
2171 3344 2270 3378 esse

306 3400 501 3457 pretium
529 3399 855 3458 redemptionis
881 3410 1080 3453 nostrae,
1108 3399 1308 3453 diabolo,
1337 3401 1412 3459 qui
1454 3415 1539 3445 nos
1566 3401 1770 3460 captivos
1795 3400 2001 3456 tenebat;
2032 3413 2128 3445 non
2158 3411 2270 3459 ergo
2329 3398 2343 3413 ²

309 3465 519 3510 Christus
547 3480 626 3510 sua
654 3467 865 3526 passione
892 3480 977 3511 nos
1003 3466 1208 3510 redemit.

397 3533 492 3577 SED
510 3546 706 3579 CONTRA
725 3543 806 3587 est,
824 3534 947 3593 quod
960 3533 1124 3577 dicitur
1148 3547 1182 3578 1.
1205 3533 1300 3577 Pet.
1326 3547 1384 3578 1.:
1407 3534 1549 3578 «Non
1574 3533 1940 3594 corruptibilibus
1967 3546 2095 3589 auro,
2116 3531 2190 3578 vel
2202 3545 2270 3577 ar-

308 3610 446 3658 gento
459 3600 682 3659 redempti
700 3601 806 3645 estis
822 3600 877 3645 de
894 3613 1011 3645 vana
1022 3610 1171 3644 vestra
1189 3601 1535 3646 conversatione
1554 3611 1768 3660 paternae
1783 3598 2148 3656 traditioniffised
2168 3611 2271 3660 pre-
