2352 3926
652 239 931 286 QUAESTIO
972 241 1162 280 XXVIII.
1203 240 1512 281 ARTICULUS
1551 241 1587 280 1.
1982 240 2086 297 245

130 340 441 386 subministrat
461 340 728 401 conceptui:
754 342 873 386 unde
890 357 969 402 per
990 343 1080 387 hoc
1098 343 1220 402 quod
1246 358 1404 388 semen
1421 343 1558 388 maris
1571 341 1711 387 defuit
1726 342 1772 387 in
1790 343 2091 402 conceptione

130 408 335 467 corporis
358 407 544 462 Christi,
569 421 663 453 non
679 409 879 468 sequitur
896 410 1016 468 quod
1036 409 1227 455 defuerit
1243 411 1285 455 ei
1302 411 1452 455 debita
1473 411 1683 455 materia:
1702 411 1738 454 si
1760 419 1914 455 tamen
1932 424 2090 454 semen

131 475 270 520 maris
296 484 412 520 esset
429 476 617 520 materia
633 475 780 520 foetus
809 477 1019 535 concepti
1044 477 1089 520 in
1117 477 1402 533 animalibus,
1429 477 1721 522 manifestum
1749 488 1829 532 est,
1851 477 1974 537 quod
1997 491 2089 522 non

131 550 200 586 est
223 542 413 586 materia
441 556 713 601 permanens
739 544 785 587 in
804 544 963 587 eadem
983 542 1147 597 forma,
1166 545 1244 587 sed
1264 547 1453 588 materia
1474 554 1795 590 transmutata:
1824 555 1868 589 et
1883 546 2090 603 quamvis

130 609 271 653 virtus
288 609 504 654 naturalis
525 624 618 654 non
642 610 785 668 possit
796 619 1098 654 transmutare
1127 612 1182 654 ad
1210 621 1381 654 certam
1407 611 1605 655 formam
1632 612 1719 655 nisi
1746 612 2093 656 determinatam

131 675 396 730 materiam3
418 676 558 721 virtus
583 686 739 720 tamen
765 676 929 730 divina,
953 691 1069 736 quae
1096 687 1163 721 est
1186 677 1375 731 infinita,
1402 689 1550 737 potest
1574 689 1876 723 transmutare
1903 693 2093 723 omnem

130 743 369 787 materiam
392 745 436 788 in
461 758 795 803 quamcumque
817 743 1042 788 formam:
1067 745 1186 789 unde
1213 744 1329 788 sicut
1353 746 1669 802 transmutavit
1690 746 1853 790 limum
1874 755 2021 790 terrae
2046 746 2092 789 in

132 823 297 868 corpus
329 810 484 865 Adae;
516 811 578 855 ita
610 811 655 854 in
690 825 854 870 corpus
887 811 1060 855 Christi
1091 822 1395 856 transmutare
1433 813 1578 870 potuit
1620 813 1858 856 materiam
1892 827 1918 857 a
1950 822 2093 858 matre
2125 809 2128 811 ’

131 876 449 933 ministratam,
476 878 652 923 etiamsi
684 892 778 922 non
810 888 928 923 esset
953 877 1182 923 sufficiens
1214 879 1405 923 materia
1438 879 1494 922 ad
1520 879 1778 924 naturalem
1804 890 2092 941 conceptum.

851 1056 1286 1115 ARTICULUS
1322 1058 1393 1113 11.
2015 1085 2096 1133 159

448 1192 642 1233 UTRUM
682 1194 866 1234 MATER
899 1195 993 1233 DEI
1032 1195 1230 1234 FUERIT
1270 1195 1440 1235 VIRGO
1484 1196 1540 1235 IN
1581 1195 1778 1235 PARTU.

861 1305 1039 1367 (Opusc.
1065 1322 1105 1352 2.
1134 1315 1225 1367 cap.
1251 1308 1378 1367 225).

222 1415 298 1461 ΑΙ)
319 1429 580 1462 SECUNDUM
597 1417 660 1462 sic
680 1419 951 1477 proceditur.
969 1419 1173 1478 Videtur,
1191 1419 1311 1479 quod
1328 1430 1473 1464 mater
1491 1419 1664 1464 Christi
1694 1433 1787 1463 non
1813 1418 1948 1462 fuerit
1964 1419 2095 1477 virgo

131 1482 180 1528 in
196 1493 348 1543 partu:
376 1484 484 1529 dicit
500 1485 623 1529 enim
650 1485 864 1530 Ambros.
884 1501 1019 1546 super
1038 1487 1149 1531 Luc.
1175 1487 1285 1547 (cap.
1305 1504 1341 1532 I.
1358 1495 1445 1546 sup.
1463 1487 1593 1531 illud:
1611 1488 1746 1532 Omne
1767 1487 2095 1543 masculinum):

137 1566 161 1592 «
180 1549 276 1603 Qui
299 1550 486 1595 vulvam
516 1552 816 1596 sanctificavit
842 1553 1053 1608 alienam,
1080 1564 1129 1598 ut
1152 1564 1415 1598 nasceretur
1439 1554 1675 1613 propheta,
1701 1554 1777 1598 hic
1805 1563 1872 1598 est
1898 1553 1975 1612 qui
1998 1567 2098 1612 ape-

132 1619 221 1662 ruit
246 1619 380 1662 matri
404 1633 513 1663 suae
537 1619 738 1673 vulvam,
766 1630 814 1664 ut
838 1620 1160 1665 immaculatus
1187 1621 1328 1665 exiret
1343 1636 1391 1665 »:
1419 1621 1498 1665 sed
1517 1621 1706 1680 aperitio
1728 1619 1891 1664 vulvae
1917 1620 2099 1678 virgini-

131 1694 274 1731 tatem
300 1685 526 1742 excludit3
553 1701 663 1745 ergo
691 1698 838 1732 mater
864 1688 1036 1733 Christi
1061 1703 1155 1732 non
1181 1688 1264 1732 fuit
1294 1690 1424 1747 virgo
1457 1689 1503 1732 in
1530 1698 1675 1747 partu.

223 1765 264 1798 2.
297 1753 593 1799 PRAETEREA.
626 1754 754 1799 Nihil
780 1755 826 1799 in
853 1756 1070 1814 mysterio
1100 1750 1277 1800 ‘Christi
1310 1771 1407 1800 esse
1441 1755 1608 1810 debuit,
1645 1770 1726 1814 per
1768 1754 1891 1814 quod
1931 1768 2097 1812 corpus

134 1821 230 1879 ejus
255 1820 593 1880 phantasticum
620 1832 876 1880 appareret:
904 1822 982 1866 sed
1009 1823 1099 1866 hoc
1126 1838 1220 1867 non
1246 1823 1424 1867 videtur
1449 1837 1559 1866 vero
1585 1823 1781 1881 corpori,
1808 1821 1886 1866 sed
1913 1822 2099 1880 phanta-

134 1888 250 1935 stico
277 1888 536 1943 convenire,
563 1899 612 1933 ut
637 1889 781 1948 possit
819 1904 900 1948 per
926 1889 1080 1934 clausa
1111 1891 1325 1945 transire;
1363 1905 1418 1935 eo
1446 1891 1569 1949 quod
1603 1891 1693 1934 duo
1728 1903 1922 1948 corpora
1962 1888 2098 1933 simul

134 1969 235 2000 esse
260 1970 354 2000 non
379 1965 588 2015 possunt:
622 1971 716 2000 non
747 1956 885 2014 igitur
916 1957 1070 2001 debuit
1102 1972 1155 2002 ex
1182 1959 1339 2002 matris
1371 1968 1499 2002 utero
1535 1956 1690 2001 clauso
1726 1971 1891 2016 corpus
1925 1956 2098 2000 Christi

133 2022 337 2081 prodire;
363 2033 408 2067 et
430 2023 494 2067 ita
517 2038 612 2067 non
639 2024 803 2077 decuit,
830 2024 952 2083 quod
980 2035 1098 2069 esset
1122 2025 1252 2084 virgo
1280 2026 1325 2069 in
1353 2034 1496 2084 partu.

227 2104 266 2150 3.
287 2090 585 2136 PRAETEREA.
615 2091 743 2135 Sicut
770 2091 1020 2151 Gregorius
1043 2092 1152 2136 dicit
1176 2093 1223 2136 in
1251 2092 1424 2137 Homil.
1448 2102 1715 2136 octavarum
1738 2090 1945 2135 Paschae
1975 2090 2099 2149 (quae

133 2163 191 2206 est
214 2157 286 2203 26.
309 2159 355 2202 in
370 2159 535 2217 Evang.
561 2172 588 2202 a
613 2158 789 2218 princ),
822 2174 903 2218 per
927 2159 1019 2203 hoc
1046 2160 1168 2218 quod
1195 2160 1342 2218 januis
1371 2159 1535 2203 clausis
1560 2158 1614 2202 ad
1639 2157 1884 2216 discipulos
1911 2169 2013 2216 post
2035 2171 2100 2201 re-

47 2254 60 2285 2<
134 2224 463 2274 surrectionem
488 2225 672 2270 intravit
694 2226 940 2281 Dominus,
968 2227 1164 2271 ostendit
1191 2241 1355 2286 corpus
1383 2241 1514 2271 suum
1543 2240 1640 2270 esse
1669 2225 1874 2284 ejusdem
1896 2234 2098 2277 naturae,

136 2300 183 2340 et
207 2290 390 2336 alterius
406 2291 603 2351 gloriae:
631 2302 676 2337 et
701 2292 764 2337 sic
783 2307 863 2352 per
882 2292 1035 2338 clausa
1055 2294 1246 2338 transire
1271 2294 1450 2338 videtur
1471 2294 1527 2336 ad
1554 2292 1750 2351 gloriam
1775 2291 1979 2350 corporis
2002 2305 2098 2350 per-

128 2357 299 2404 tinere:
326 2359 407 2403 sed
431 2373 596 2418 corpus
619 2359 791 2405 Christi
814 2361 862 2405 in
889 2375 970 2405 sua
999 2361 1301 2420 conceptione
1327 2375 1422 2404 non
1448 2359 1531 2404 fuit
1558 2360 1828 2419 gloriosum,
1856 2358 1935 2402 sed
1957 2358 2098 2417 passi-

27 2424 62 2471 tt
122 2425 239 2485 bile,
266 2427 413 2471 habens
451 2427 768 2473 similitudinem
794 2431 935 2474 carnis
955 2430 1134 2488 peccati,
1162 2438 1211 2473 ut
1235 2427 1487 2488 Apostolus
1515 2427 1624 2471 dicit
1646 2427 1702 2470 ad
1734 2426 1871 2470 Rom.
1905 2426 1971 2479 8.;
2004 2438 2098 2468 non

34 2490 93 2553 *ᾗ
134 2506 247 2553 ergo
273 2494 410 2539 exivit
434 2508 515 2553 per
539 2494 740 2554 Virginis
767 2506 945 2540 uterum
973 2496 1192 2540 clausum.

226 2560 322 2607 SED
343 2574 539 2607 CONTRA
557 2571 638 2616 est,
656 2563 777 2621 quod
795 2563 842 2607 in
863 2563 1065 2622 quodam
1083 2577 1296 2607 sermone
1322 2562 1532 2622 Ephefini
1559 2560 1761 2606 Concilii
1788 2561 1882 2619 (qui
1897 2565 1950 2604 est
1975 2559 2101 2603 Theo-

136 2627 230 2673 dori
253 2629 411 2687 Ancyr.
435 2630 481 2672 in.
500 2631 637 2688 princ.
665 2636 701 2675 et
726 2630 819 2674 hab.
838 2633 882 2674 in
908 2645 952 2674 eo
977 2630 1104 2675 Cone.
1126 2631 1280 2675 scilicet
1299 2645 1432 2688 gener.
1453 2645 1489 2688 3.
1506 2636 1622 2688 part.
1651 2644 1687 2688 3.
1711 2635 1801 2687 cap.
1814 2628 1886 2687 '9.)
1911 2626 2099 2670 dicitur:

57 2690 76 2715 ³
141 2709 166 2737 α
189 2694 364 2740 Natura
395 2705 498 2754 post
537 2706 718 2756 parturn
749 2698 895 2742 nescit
926 2697 1114 2742 ulterius
1154 2697 1404 2756 virginem:
1437 2697 1581 2755 gratia
1617 2709 1728 2738 vero
1763 2704 1807 2739 et
1847 2693 2099 2753 parientem

49 2757 73 2795 ’ἶ
139 2761 350 2818 ostendit,
376 2773 420 2807 et
445 2773 638 2808 matrem
669 2763 790 2820 fecit,
817 2775 862 2810 et
885 2765 1133 2824 virginitati
1157 2779 1251 2809 non
1278 2764 1459 2819 nocuit;
1486 2763 1569 2808 fuit
1595 2778 1704 2822 ergo
1741 2763 1889 2806 Mater
1927 2760 2100 2805 Christi

74 2841 77 2844 ·
130 2829 267 2889 ,virgo
292 2829 340 2874 in
365 2840 495 2890 partu
511 2847 552 2875 n.

226 2895 516 2943 Responnno
553 2897 811 2953 dicendum,
829 2899 951 2959 quod
971 2900 1138 2959 absque
1165 2899 1293 2944 omni
1320 2898 1457 2943 dubio
1482 2897 1775 2942 asserendum
1804 2905 1884 2949 est,
1906 2904 2101 2938 matrem

138 2961 311 3008 Christi
335 2965 473 3010 etiam
497 2965 544 3009 in
569 2975 699 3025 partu
714 2966 940 3025 virginem
967 2967 1117 3012 fuisse.
1141 2967 1264 3012 Nam
1291 2966 1521 3026 Propheta
1543 2979 1637 3009 non
1663 2963 1816 3008 solum
1843 2962 1973 3006 dicit:
1994 2961 2100 3005 Ecce

11 3043 25 3051 ²
43 3026 72 3058 ³³*
137 3030 259 3089 virgo
284 3033 482 3092 concipiet
491 3047 506 3085 ,·
536 3033 615 3078 sed
648 3033 787 3077 etiam
826 3034 968 3078 addit:
1002 3035 1058 3079 Et
1082 3036 1223 3094 pariet
1244 3034 1386 3093 filium
1414 3033 1580 3090 (Isaiae
1607 3032 1695 3089 7.);
1724 3041 1768 3075 et
1794 3030 1883 3073 hoc
1912 3028 2096 3087 quidem

140 3097 415 3143 conveniens
440 3098 524 3144 fuit
549 3109 732 3159 propter
754 3102 863 3145 tria:
885 3102 1026 3159 primo
1054 3101 1253 3160 quidem,
1281 3101 1386 3160 quia
1412 3100 1502 3143 hoc
1528 3099 1816 3158 competebat
1837 3095 2100 3154 proprietati

141 3164 254 3223 ejus,
278 3164 355 3223 qui
379 3166 662 3221 nascebatur,
690 3168 764 3226 qui
793 3178 859 3211 est
883 3166 1087 3212 Verbum
1105 3169 1216 3212 Dei:
1245 3182 1352 3212 nam
1379 3167 1583 3211 Verbum
1610 3179 1702 3208 non
1730 3164 1878 3207 solum
1899 3162 1943 3204 in
1963 3160 2100 3205 corde

10 3282 11 3286 Ἰ
74 3244 77 3246 ’
141 3229 309 3290 absque
335 3233 624 3291 corruptione
658 3235 925 3293 concipitur,
959 3236 1038 3279 sed
1068 3237 1205 3279 etiam
1233 3235 1402 3294 absque
1431 3233 1722 3291 corruptione
1756 3245 1808 3273 ex
1842 3228 1979 3272 corde
2005 3241 2104 3285 pro-

141 3296 281 3352 cedit;
301 3298 420 3343 unde
446 3309 495 3344 ut
521 3300 846 3355 ostenderetur,
865 3301 987 3360 quod
1004 3301 1115 3346 illud
1139 3312 1256 3346 esset
1283 3315 1447 3359 corpus
1473 3300 1612 3359 ipsius
1638 3297 1777 3341 Verbi
1804 3296 1906 3348 Dei,
1935 3308 2100 3338 conve-

34 3370 38 3372 ”
58 3371 78 3421 j
140 3362 270 3408 niens
286 3362 383 3419 suit,
400 3375 449 3411 ut
464 3366 520 3412 de
536 3366 799 3426 incorrupto
816 3368 1002 3426 virginis
1022 3379 1151 3413 utero
1170 3379 1449 3413 nasceretur:
1469 3366 1588 3410 unde
1606 3366 1649 3408 in
1668 3376 1879 3408 sermone
1902 3361 2102 3420 quodam

15 3431 23 3489 '„
40 3440 78 3495 [ἢ
142 3428 360 3489 Ephesini
378 3432 577 3479 Concilii
603 3433 702 3490 (loc.
730 3436 820 3492 cit.)
850 3434 1039 3493 legitur:
1066 3452 1090 3477 «
1110 3436 1243 3487 Quae
1270 3435 1386 3493 parit
1403 3447 1587 3478 carnem
1610 3444 1784 3490 puram,
1804 3443 1829 3472 a
1847 3428 2103 3486 virginitate

144 3508 310 3543 cessat:
329 3498 407 3544 sed
424 3500 528 3559 quia
545 3511 704 3546 natum
717 3511 785 3546 est
799 3502 847 3546 in
865 3516 1000 3547 carne
1012 3502 1214 3547 Verbum
1232 3502 1336 3556 Dei,
1356 3501 1550 3546 custodit
1566 3498 1887 3556 virginitatem,
1905 3497 2102 3555 seipsum

74 3587 83 3626 j
133 3576 224 3623 ver
247 3563 340 3610 hoc
365 3566 608 3612 ostendens
633 3567 863 3614 Verbum:
890 3583 1038 3628 neque
1062 3569 1183 3613 enim
1211 3579 1418 3612 nostrum
1445 3566 1650 3619 verbum,
1676 3579 1780 3608 cum
1800 3563 1982 3622 paritur,
2009 3577 2106 3607 cor-

144 3629 315 3690 rumpit
339 3643 566 3678 mentem:
592 3647 740 3693 neque
766 3634 894 3680 Deus
918 3633 1123 3680 Verbum
1156 3633 1462 3687 substantiale,
1490 3642 1670 3691 partum
1693 3630 1881 3690 eligens,
1913 3631 2105 3689 peremit
