2352 3926
596 195 874 241 QUABSTIO
915 195 1140 234 Lxxvm.
1181 194 1509 234 ARTICULUS'.
1530 194 1582 237 V·
1949 194 2070 248 703

88 296 279 352 Ghnisti,
298 298 495 342 sicutsex
522 299 740 354 contactu
773 297 928 341 carnis
955 311 1070 342 suae
1101 297 1170 342 vis
1202 296 1516 356 regenerativa
1548 296 1754 355 pervenit
1772 307 1872 339 non
1905 293 2056 338 solum

0 398 8 420 ᾗ
88 362 284 408 adtrillas
311 365 477 423 aquas,
504 362 896 423 quaecsshristum
926 365 1185 422 tetigerunt,
1217 363 1309 408 sedv
1331 363 1387 407 ad
1419 377 1583 418 omnes
1617 362 1794 421 ubique
1815 369 2058 414 terrarum,

0 435 11 481 ζι
87 443 168 488 per
193 429 351 474 omnia
373 429 525 475 futura
543 429 742 484 saecula,
790 432 852 474 ita
879 432 1017 475 etiam
1045 445 1101 475 ex
1118 429 1390 490 prolatione.
1407 430 1559 489 ipsius
1583 428 1758 473 Christi
1774 428 1892 473 haec
1919 427 2058 472 verba

87 497 300 542 virtutem
319 497 683 542 consecrativam
709 506 815 542 sunt
841 509 1104 552 consecuta,
1134 512 1159 541 a
1186 510 1479 556 quocumque
1507 496 1745 540 sacerdote
1764 494 1985 547 dicantur,
2005 507 2056 537 ac

0 560 15 622 ζ,
55 577 63 582 ·
86 563 126 627 si
142 563 353 613 Christus
380 578 434 608 ea
459 563 820 624 praesentialiter
845 563 1080 625 proferret,
1107 563 1164 628 Et
1175 563 1383 636 {deoblii
1399 563 1620 616 dixerunt,
1640 562 1763 622 quod
1781 562 1897 606 haec
1916 561 2055 605 dictio

0 626 10 660 ’ἕ
86 619 234 676 hbb'in
259 631 347 675 hac
372 630 607 676 locutione
639 629 748 675 facit
773 626 1216 675 demonstrationem
1248 620 1344 674 'non‘
1377 630 1433 673 ad
1460 644 1662 683 sensum,
1690 630 1769 673 sed
1797 628 1851 672 ad
1879 627 2059 673 intelle-

87 707 243 764 ciffi,
261 707 322 761 ⁴ut
352 697 410 761 sit
429 711 626 753 ¹sensus:
656 714 680 739 α
698 698 800 743 Hoc
834 708 911 746 est-
933 711 1111 758 corpus
1133 711 1348 761 meum»,
1381 697 1500 755 idest
1530 695 1839 754 significatum
1854 709 1935 759 per
1957 694 2078 756 ‚1²09

89 779 114 806 α
130 774 199 809 est
223 760 394 824 corpus,
414 759 570 817 meum
589 781 630 812 ».
658 758 748 810 Sed
768 759 986 829 nechoc'
1001 758 1301 824 staretpot‘est,
1319 757 1425 823 quia
1449 778 1555 826 cum
1578 765 1624 807 in
1650 762 1948 807 sacramentis
1965 761 2056 806 hoc

86 829 334 886 efficiatur,
345 822 467 891 quod
493 826 915 891 significatur,⁸‘n'on
947 831 1076 875 fier'et
1107 830 1338 890 perhanc
1365 829 1581 884 formam,
1614 840 1663 874 ut
1690 842 1855 887 corpus
1883 829 2056 874 Christi

86 897 145 943 sit
167 898 216 944 in
240 898 332 943 hoc
359 909 648 944 sacramento
675 898 927 944 secundum
953 898 1208 954 veritatem,
1241 897 1320 942 sed
1353 897 1505 941 solum
1533 897 1650 941 sicut
1675 897 1721 940 in
1749 897 1906 955 sign0;
1934 897 2058 955 quod

87 975 157 1010 est
176 965 478 1021 haereticum,
494 976 544 1028 ut
569 980 703 1029 supra
728 956 995 1028 dictumest
1023 964 1080 1024 (q.
1108 978 1167 1025 75.
1187 965 1361 1028 artaz).
1383 963 1574 1028 ‘Et-,ideo
1601 964 1678 1008 alii
1694 964 1916 1017 dixerunt,
1936 963 2058 1022 quod

84 1031 200 1076 haec
227 1032 367 1078 dictio
394 1033 468 1078 hoc
494 1031 602 1078 facit
627 1032 1070 1076 demonstrationem
1105 1031 1160 1074 ad
1194 1045 1406 1085 sensum;
1433 1031 1511 1074 s'ed
1539 1029 1806 1089 intelligitur
1836 1030 1952 1073 haec
1986 1030 2058 1074 de-

85 1099 358 1144 mummio
374 1113 468 1144 non
483 1112 569 1159 pto
594 1097 678 1143 illo
693 1098 879 1143 instanti
896 1098 1159 1152 locutionis,
1181 1099 1272 1157 quo
1292 1097 1519 1158 profertur
1551 1097 1666 1141 haec
1699 1097 1858 1150 dictio,
1878 1097 1958 1141 sed
1974 1111 2057 1156 pro

84 1164 249 1210 uln'mo
274 1165 464 1211 instanti
494 1165 765 1220 locutionis;
785 1165 915 1210 ,sicut
941 1179 1048 1208 cum
1066 1164 1243 1224 *aliquis
1269 1164 1407 1209 dicitt.
1431 1180 1455 1206 «
1473 1164 1608 1208 Nunc
1639 1173 1774 1208 taceo
1792 1179 1836 1217 >›,
1862 1163 1953 1206 hoc
1987 1164 2060 1207 ad-

84 1231 291 1277 veubium
315 1247 426 1278 nunc
446 1232 559 1277 ⁴facit
583 1232 1027 1277 demonstrationem
1054 1232 1137 1290 pro
1157 1231 1345 1280 instanti
1361 1231 1625 1275 immediate
1643 1230 1848 1289 sequenti
1869 1229 2059 1274 locutio·

84 1299 217 1344 nem:
233 1309 313 1345 ‘est
336 1300 462 1344 enim
487 1313 667 1344 sensus:
698 1317 721 1342 «
742 1299 908 1344 Statim
934 1299 1005 1342 his
1029 1298 1179 1342 verbis
1208 1298 1501 1342 dictis‘taceo
1517 1313 1558 1341 n.
1587 1297 1678 1341 Sed
1699 1311 1797 1352 nec
1823 1297 1915 1341 hoc
1937 1306 2057 1340 stare

83 1376 249 1425 potest,
289 1367 395 1427 quia
422 1368 678 1412 secundum
709 1367 803 1410 hoc
835 1366 969 1424 hujus
1001 1365 1247 1410 locutionis
1279 1375 1398 1409 esset
1428 1368 1613 1410 sensus:
1643 1364 1868 1423 «Corpus
1899 1377 2057 1408 meum

85 1442 155 1479 est
176 1446 343 1493 corpus
375 1447 593 1488 meum»,
633 1434 756 1493 quod
782 1433 1013 1492 praedicta
1045 1432 1221 1477 locutio
1252 1443 1347 1475 non
1380 1430 1504 1484 facit,
1537 1431 1643 1489 quia
1676 1430 1767 1474 hoc
1800 1430 2077 1475 fuit-etiam<

86 1510 191 1544 ante
227 1500 535 1560 prolationem
567 1501 840 1555 verborum;
864 1500 984 1543 unde
1016 1513 1102 1544 nec
1133 1499 1224 1543 hoc
1257 1499 1487 1558 praedicta
1517 1498 1694 1542 locutio
1727 1497 1969 1556 significat.
2002 1497 2059 1540 Et

84 1566 353 1612 idm->aliter
369 1567 620 1612 dicendum
659 1577 741 1621 est,
766 1567 905 1626 quod,
939 1566 1058 1610 sicut
1082 1567 1368 1624 praedictum
1395 1575 1464 1609 est
1491 1565 1591 1622 (art.
1623 1565 1810 1624 praem),
1847 1565 1963 1608 haec
1995 1563 2060 1607 lo-

86 1633 209 1678 cutio
235 1634 381 1679 habet¹
395 1635 611 1679 virtutem
630 1633 846 1679 factivam
875 1633 1193 1678 conversionis
1213 1633 1342 1691 panis
1379 1632 1427 1676 in
1455 1645 1621 1690 corpus
1656 1631 1829 1676 Christi
1842 1646 1859 1686 ζ
1883 1641 1928 1675 et
1952 1631 2057 1675 ideo

86 1711 385 1760 comparatur.
412 1702 471 1746 ad
502 1702 613 1746 alias
646 1701 919 1756 locutiones,
952 1715 1069 1759 quae
1102 1701 1276 1744 habent
1306 1699 1460 1744 solum
1485 1700 1580 1743 vim
1613 1699 1980 1758 significativam,
2014 1709 2059 1741 et

84 1767 442 1822 nonffactivam,
462 1769 580 1814 sicut
604 1778 897 1828 comparatur
918 1767 1160 1827 conceptio
1177 1766 1434 1811 intellectus
1456 1767 1657 1826 practici,
1675 1779 1790 1825 quae
1809 1777 1878 1809 est
1891 1765 2058 1810 factiva

84 1834 178 1889 rei,-
192 1834 484 1894 conceptioni
506 1834 764 1880 intellectus
788 1835 932 1879 nostri
958 1833 1240 1892 speculativi,
1268 1848 1384 1892 quae
1403 1843 1471 1877 est
1496 1843 1737 1892 accepta‘a
1761 1834 1925 1886 rebus·,
1947 1846 2058 1875 nam

89 1917 113 1942 «
128 1915 267 1945 voces
293 1911 399 1945 sunt
423 1902 554 1960 signa
579 1901 952 1955 intellectuum»,
979 1900 1232 1945 secundum
1253 1899 1428 1944 Philos.
1454 1899 1545 1956 (lib.
1568 1915 1605 1944 Ι.
1628 1900 1812 1944 Pariher.
1829 1901 1874 1942 in
1879 1899 2057 1957 primu),

88 1967 268 2021 Euideo
290 1969 406 2013 sicut
423 1967 675 2027 conceptio
700 1967 960 2012 intellectus
972 1966 1166 2027 ¹practici
1182 1981 1277 2010 non
1294 1966 1623 2025 praesupponit
1643 1980 1742 2010 rem
1766 1976 2054 2024 conceptam,

0 2023 11 2084 s
85 2034 178 2079 sed>
191 2034 434 2088 faciteam,
462 2036 528 2079 -ita
544 2035 710 2079 veritas
736 2035 870 2093 hujus
893 2034 1140 2079 locutionis
1161 2047 1257 2077 non
1279 2034 1605 2093 praesupponit
1619 2048 1718 2077 rem
1735 2032 2055 2091 significatam,

11 2142 20 2146 -
86 2101 306 2156 sedqfiacit
337 2115 465 2157 eam3
497 2102 565 2147 sic
597 2102 802 2146 enimse
828 2101 968 2145 habet
996 2099 1202 2144 Verbum
1232 2100 1325 2143 Dei
1356 2100 1412 2144 ad
1445 2114 1516 2143 res
1549 2099 1691 2144 factas
1724 2114 1805 2159 per
1837 2099 2056 2143 Verbum.

88 2167 229 2213 Haec,
248 2170 403 2212 autern
431 2170 673 2213 conversio
705 2182 800 2212 non
832 2169 882 2212 fit
909 2167 1189 2220 successive,
1222 2166 1302 2210 sed
1330 2167 1380 2210 in
1405 2167 1606 2220 instanti,
1633 2167 1752 2211 sicut
1783 2167 1957 2211 dictum
1991 2177 2059 2210 est

85 2234 147 2293 (q.
180 2248 238 2294 75.
265 2242 345 2279 art.
373 2238 462 2294 7.)‚·
489 2245 534 2279 et
558 2235 664 2279 ideo
691 2245 873 2295 oportet
899 2235 1083 2294 quidem
1110 2233 1365 2292 intelligere
1387 2234 1668 2293 praedictam
1686 2233 1971 2278 locutionem
1993 2247 2060 2277 se-

87 2303 288 2346 cundum
314 2301 528 2349 ultimum
553 2303 726 2347 instans
751 2301 1021 2361 prolationis
1048 2301 1310 2355 verborum,
1328 2315 1423 2345 non
1439 2310 1596 2345 tamen
1617 2301 1680 2344 ita
1707 2302 1830 2360 quod
1849 2315 2060 2360 praesup-

86 2371 283 2427 ponatur
307 2383 361 2413 ex
386 2379 515 2428 parte
539 2369 737 2427 subjecti
766 2369 828 2424 id,
855 2369 977 2428 quod
1012 2378 1080 2413 est
1110 2368 1333 2413 terminus
1366 2368 1696 2422 conversionis,
1730 2368 1904 2413 scilicet
1934 2368 2058 2427 quod

87 2436 255 2494 corpus
280 2435 455 2480 Christi
486 2437 543 2480 sit
576 2449 742 2495 corpus
767 2436 957 2490 Christi,
995 2450 1147 2495 neque
1173 2436 1313 2480 etiam
1339 2434 1450 2479 illud
1478 2435 1600 2494 quod
1626 2435 1711 2479 fuit
1737 2444 1840 2479 ante
1876 2449 2061 2480 conver-

87 2502 283 2558 sionem,
304 2502 481 2548 scilicet
504 2503 662 2562 panis;
688 2504 768 2547 sed
788 2503 845 2547 id.
854 2503 977 2563 quod
1006 2503 1316 2548 communiter
1340 2516 1391 2555 se
1421 2502 1561 2546 habet
1576 2513 1797 2561 quantum
1817 2502 1873 2546 ad
1892 2513 2061 2546 utrum-

87 2583 191 2628 que,
217 2568 391 2614 scilicet
429 2579 694 2614 contentum
730 2571 776 2614 in
820 2569 1025 2628 generali
1060 2570 1141 2613 sub
1176 2570 1271 2614 istis
1313 2569 1560 2628 speciebus.
1595 2570 1702 2613 Non
1731 2570 1854 2613 enim
1886 2569 2059 2613 faciunt

86 2636 203 2680 haec
233 2636 386 2690 verba,
420 2637 542 2696 quod
570 2638 740 2695 corpus
766 2636 944 2681 Christi
975 2637 1031 2681 sit
1064 2650 1231 2695 corpus
1269 2636 1456 2689 Christi,
1493 2650 1642 2696 neque
1681 2638 1804 2696 quod
1841 2637 1969 2694 panis
2002 2637 2058 2680 sit

88 2716 253 2762 corpus
280 2701 471 2757 Christi;
493 2703 574 2747 sed
589 2704 715 2762 quod
737 2713 1004 2749 contentum
1029 2704 1112 2748 sub
1138 2704 1210 2748 his
1237 2703 1633 2763 speciebus‚quod
1657 2704 1781 2762 prius
1800 2714 1896 2746 erat
1911 2703 2056 2761 panis,

88 2770 147 2814 sit
163 2783 330 2827 corpus
345 2769 532 2815 Christi.
551 2769 607 2814 Et
628 2769 733 2814 ideo
750 2770 985 2829 signanter
997 2769 1092 2814 non
1109 2771 1219 2814 dicit
1234 2771 1490 2816 Dominus:
1515 2787 1539 2812 ‹<
1557 2771 1642 2814 Hic
1662 2772 1790 2829 panis
1807 2780 1873 2814 est
1893 2784 2058 2828 corpus

89 2844 244 2880 meum
264 2852 311 2891 »ς
338 2836 461 2895 quod
484 2846 604 2881 esset
628 2837 880 2882 secundum
903 2837 1186 2882 intellectum
1211 2838 1413 2885 secundae
1431 2838 1684 2896 opinionis:
1713 2849 1885 2895 neque:
1912 2853 1935 2877 «
1954 2837 2055 2881 H'oc

90 2916 255 2961 corpus
279 2916 435 2948 meum
463 2914 535 2947 est
551 2917 723 2961 corpus
743 2917 943 2948 meum.»
965 2919 976 2958 ;
1004 2904 1126 2963 quod
1153 2915 1272 2949 esset
1297 2906 1550 2949 secundum
1568 2903 1851 2948 intellectum
1881 2906 2052 2948 tertiae?

88 2969 167 3016 sed
193 2971 238 3013 in
273 2969 500 3028 generali:
530 2970 674 3014 oeHoc
709 2979 776 3014 est
816 2984 981 3028 corpus
1007 2984 1224 3025 meum»,
1245 2971 1374 3015 nullo
1413 2973 1601 3015 nomine
1639 2971 1847 3028 apposito
1878 2985 1901 3013 a
1929 2979 2056 3028 parte

88 3037 293 3096 subjecti,
324 3037 404 3081 sed
432 3036 534 3085 solo
545 3037 846 3095 pronomine,
871 3038 994 3096 quod
1019 3037 1246 3096 significat
1273 3037 1570 3082 substantiam
1598 3037 1644 3080 in
1672 3037 1926 3091 communi,
1959 3037 2055 3081 sine

89 3103 320 3164 qualitate,
351 3103 477 3147 idest⁴
498 3102 648 3147 forma
680 3103 993 3149 determinata.
1369 3138 1371 3140 .
1564 3131 1572 3139 -
1948 3114 1951 3115 ’
2010 3101 2013 3103 ’
2044 3125 2045 3128 =

117 3168 142 3209 5'
178 3171 256 3216 An
281 3183 469 3216 vamum
487 3184 598 3228 ergo
625 3170 884 3224 dicendum,
901 3171 1024 3229 quod
1040 3171 1155 3215 haec
1183 3172 1323 3215 dictio
1341 3171 1415 3214 hoc
1428 3170 1711 3213 demonstrat
1737 3169 2056 3223 substantiam,

88 3237 172 3282 sed·
192 3238 362 3297 absque
388 3237 767 3281 determinatione
793 3237 1000 3296 propriae
1026 3248 1228 3292 naturae,
1250 3239 1368 3282 sicut
1392 3238 1565 3280 dictum
1592 3247 1658 3280 est
1684 3239 1749 3293 (in
1774 3239 1982 3296 corpore).

136 3323 138 3329 >
178 3305 255 3348 AD
281 3316 543 3349 SECUNDUM
568 3303 835 3357 dicendum,
860 3305 983 3363 quod
1017 3304 1108 3349 h'oc
1144 3318 1401 3363 pronomen
1429 3304 1503 3347 hoc
1529 3317 1622 3347 non
1650 3304 1933 3349 demonstrat
1958 3305 2059 3364 ipsa‘

89 3370 356 3425 accidentia,
374 3371 453 3415 sed
465 3368 763 3415 substantiam
779 3369 861 3413 sub
880 3370 1187 3416 accidentibus
1210 3379 1490 3430 contentam,
1513 3382 1628 3429 quae
1645 3370 1795 3428 primo
1811 3370 1894 3415 fuit
1911 3371 2055 3430 panis,

90 3435 310 3496 etpostea
320 3447 390 3490 est
402 3436 566 3496 corpus
587 3436 784 3491 Christi;
803 3434 1051 3496 quodlicet
1066 3435 1160 3482 non
1179 3437 1447 3482 informetur
1464 3436 1534 3480 his
1557 3437 1881 3491 accidentibus,
1898 3447 2054 3482 tamen

89 3502 258 3553 sabeis
284 3504 554 3557 continetur.
1055 3518 1080 3525 ‘¹
1321 3517 1323 3522 ’
1911 3521 1914 3527 ·
1975 3527 1977 3530 ·
2071 3514 2074 3516 ’

162 3566 498 3616 anamma
523 3569 784 3624 dicendum,
809 3569 932 3629 quod
954 3570 1227 3629 significatio
1247 3570 1383 3628 hujus
1406 3569 1654 3614 locutionis
1678 3569 2057 3629 praeintelligitur
