2352 3926
280 222 343 262 10

291 333 325 358 a.
350 322 474 357 Utrum
497 322 601 355 fuerit
622 320 711 354 alius
734 320 858 352 modus
882 317 1061 364 possibilis
1083 317 1206 352 libera-

402 375 509 407 tionis
525 374 704 406 humanae.

292 436 324 470 3.
350 425 474 460 Utrum
497 427 562 458 iste
581 424 703 457 modus
719 423 822 456 fuerit
839 422 1115 456 convenientior.

289 488 323 520 4.
349 476 472 511 Utrum
490 477 592 510 fuerit
609 475 832 515 conveniens,
857 474 949 518 quod
967 474 1002 506 in
1019 472 1129 507 Cruce
1146 484 1204 518 pa-

399 537 540 564 teretur.

291 591 322 625 5.
347 581 470 615 Utrum
494 579 696 614 sustinuerit
711 589 833 612 omnes
848 579 1041 623 passiones.

288 633 322 668 6.
340 633 463 668 Utrum
491 632 603 672 dolor,
635 641 737 676 quem
766 631 803 664 in
833 631 996 676 passione
1025 630 1203 671 sustinuit,

399 685 501 718 fuerit
516 685 695 718 maximus.

288 747 322 782 7.
347 736 468 771 Utrum
493 743 568 769 tota
583 735 698 769 anima
712 735 787 780 ejus
803 741 988 781 pateretur.

288 789 322 823 8.
348 788 469 822 Utrum
488 788 603 833 passio
623 788 696 832 ejus
714 787 930 833 impediverit
942 787 1104 832 gaudium
1122 784 1206 820 frui-

398 841 517 873 tionis.

287 902 319 936 9.
344 891 397 925 De
413 900 567 936 tempore
582 891 766 936 passionis.

267 955 319 979 xo.
344 944 396 977 De
412 944 494 978 loco
510 945 695 989 passionis.

268 1006 320 1030 11.
347 995 468 1030 Utrum
499 995 602 1030 fuerit
631 996 856 1038 conveniens,
889 994 1063 1029 Christum
1101 994 1204 1028 simul

398 1059 477 1081 cum
495 1047 687 1081 latronibus
703 1048 871 1093 crucifigi.

267 1110 319 1134 η.
345 1099 467 1134 Utrum
484 1101 599 1145 passio
617 1099 745 1134 Christi
767 1101 814 1134 sit
829 1101 902 1145 ejus
919 1100 1091 1134 divinitati
1109 1100 1203 1133 attri-

402 1153 549 1187 buenda.

529 1269 770 1310 QUAESTIO
787 1269 933 1304 XLVII.

403 1358 456 1393 De
477 1371 571 1393 caasa
592 1360 739 1406 efficiente
757 1361 913 1406 passionis
937 1359 1067 1394 Christi.

264 1453 293 1478 1.
311 1441 435 1476 Utrum
460 1442 618 1476 Christus
641 1442 745 1477 fuerit
768 1442 810 1476 ab
834 1442 903 1476 alio
928 1443 1079 1484 occisus,
1103 1442 1159 1478 vel
1183 1453 1202 1476 a

372 1495 501 1540 seipso.

260 1557 293 1580 2.
312 1546 363 1580 Ex
379 1559 447 1592 quo
471 1548 604 1582 motivo
628 1548 780 1592 seipsum
803 1547 980 1580 tradiderit
1004 1547 1046 1580 ad
1067 1548 1200 1592 patien-

371 1600 464 1634 dum.

262 1662 293 1695 3.
311 1651 434 1685 Utrum
457 1652 558 1685 Pater
571 1651 748 1685 tradiderit
763 1662 841 1684 eum
858 1652 901 1684 ad
916 1651 1126 1696 patiendum.

259 1714 293 1745 4.
312 1702 434 1736 Utrum
450 1703 553 1736 fuerit
569 1705 792 1745 conveniens,
806 1704 898 1748 quod
909 1715 969 1748 per
981 1714 1102 1736 manus
1118 1714 1201 1748 gen-

370 1755 482 1788 tilium
498 1764 683 1800 pateretur‚
699 1755 755 1789 vel
771 1757 889 1801 potius
907 1757 1093 1802 aJudaeis.

263 1816 293 1849 5.
312 1805 434 1840 Utrum
452 1808 628 1841 occisores
644 1809 717 1853 ejus
734 1819 813 1841 eum
830 1810 1072 1853 cognoverint.

259 1859 293 1891 6.
309 1859 362 1892 De
378 1867 523 1904 peccato
540 1871 674 1902 eorum,
691 1861 750 1905 qui
767 1859 944 1894 Christum
961 1861 1175 1895 occiderunt.

514 1979 755 2020 QUAESTIO
779 1980 943 2015 XLVIII.

381 2060 432 2095 De
453 2061 547 2096 modo
570 2061 723 2108 efficiendi
739 2063 917 2108 passionem
944 2060 1071 2096 Christi.

261 2161 291 2184 1.
316 2150 438 2184 Utrum
462 2151 578 2195 passio
602 2149 732 2184 Christi
755 2151 946 2185 causaverit
969 2158 1122 2185 nostram
1146 2162 1200 2186 sa-

369 2201 476 2235 lutem
491 2213 552 2247 per
567 2202 708 2236 modum
724 2203 851 2236 meriti.

258 2264 292 2288 2.
315 2253 439 2288 Utrum
462 2264 523 2299 per
539 2255 680 2288 modum
696 2255 963 2289 satisfactionis.

257 2315 287 2349 3.
315 2305 438 2339 Utrum
454 2317 515 2351 per
528 2307 670 2340 modum
686 2307 857 2342 sacrificii.

254 2369 288 2400 4.
313 2357 436 2391 Utrum
453 2369 514 2403 per
528 2358 669 2392 modum
686 2359 946 2404 redemptionis.

258 2420 288 2452 5.
314 2410 439 2444 Utrum
454 2420 530 2443 esse
542 2411 793 2456 redemptorem
806 2412 853 2445 sit
867 2412 1041 2457 proprium
1056 2411 1198 2448 Christi.

256 2463 288 2496 6.
315 2461 438 2496 Utrum
455 2464 645 2497 causaverit
668 2463 829 2497 effectum
846 2472 985 2498 nostrae
1002 2464 1122 2499 salutis
1139 2476 1199 2510 per

365 2514 507 2548 modum
523 2514 740 2550 efficientiae.

528 2633 769 2675 QUAESTIO
792 2634 923 2671 XLIX.

447 2716 497 2752 De
519 2717 676 2763 effectibus
693 2718 848 2764 passionis
873 2717 1001 2751 Christi.

257 2811 286 2835 ι.
304 2799 427 2835 Utrum
451 2810 510 2844 per
532 2800 730 2845 passionem
747 2798 876 2833 Christi
893 2800 999 2833 simus
1019 2798 1153 2833 liberati
1178 2811 1197 2833 a

388 2860 523 2888 eccato.

252 2913 286 2938 2.
306 2863 427 2938 Utrliim
444 2914 503 2949 per
519 2914 594 2937 eam
609 2905 716 2937 simus
738 2902 872 2937 liberati
897 2915 917 2937 a
932 2911 1104 2949 potestate
1124 2904 1195 2938 dia—

365 2955 451 2990 boli.

253 3018 284 3051 3.
302 3006 425 3041 Utrum
449 3017 508 3053 per
532 3018 606 3041 eam
624 3008 732 3040 simus
749 3007 883 3041 liberati
900 3019 919 3041 a
935 3016 1029 3041 reatu
1046 3019 1192 3053 poenae.

249 3058 283 3102 4.
302 3059 426 3093 Utrum
449 3070 510 3105 per
525 3070 599 3093 eam
616 3060 724 3093 simus
741 3060 816 3093 Deo
837 3061 1066 3095 reconciliati.

252 3120 282 3154 ς.
299 3110 422 3145 Utrum
447 3123 507 3157 per
523 3123 597 3145 eam
615 3113 660 3146 sit
676 3112 778 3145 nobis
795 3120 909 3157 aperta
923 3113 1027 3156 janua
1043 3112 1146 3147 coeli.

249 3163 279 3196 6.
298 3162 420 3197 Utrum
436 3174 496 3209 per
512 3175 587 3199 eam
604 3163 709 3198 fuerit
725 3163 883 3198 Christus
900 3164 1042 3210 adeptus
1062 3165 1191 3200 exalta-

358 3217 503 3250 tionem.

525 3340 827 3382 QUAESTIO
863 3341 911 3376 L.

558 3421 608 3457 De
630 3429 730 3457 morte
756 3421 886 3458 Christi.

251 3521 279 3545 ι.
307 3510 430 3545 Utrum
456 3512 666 3545 conveniens
684 3511 800 3554 fuerit,
819 3510 993 3545 Christum
1012 3513 1112 3546 mori.

248 3573 280 3597 2.
304 3562 427 3598 Utrum
452 3574 511 3609 per
533 3571 680 3598 mortem
696 3564 800 3598 fuerit
822 3571 978 3609 separata
1001 3565 1084 3598 unio
1101 3565 1186 3600 divi-

358 3616 489 3658 nitatis,
507 3624 541 3649 et
558 3616 681 3650 carnis.

888 219 1057 258 INDEX
1095 215 1331 257 TERTIAE
1370 214 1576 254 PARTIS.

1276 327 1308 359 3.
1333 315 1455 350 Utrum
1472 315 1576 348 fuerit
1597 321 1753 359 separata
1767 314 1852 347 unio
1869 313 2074 357 divinitatis,
2092 322 2128 349 et
2141 316 2217 351 aui-

1384 378 1473 402 mae

1273 432 1307 463 4.
1332 419 1455 454 Utrum
1468 418 1654 452 Christus·
1642 429 1680 451 m
1702 418 1818 451 triduo
1835 418 1959 453 mortis
1974 417 2080 453 fuerit
2093 418 2215 456 homo.

1275 483 1305 516 5.
1332 471 1455 506 Utrum
1472 481 1596 516 corpus
1617 471 1691 515 ejus
1714 469 1820 504 fuerit
1839 470 1932 504 idem
1954 481 2107 509 numero
2123 481 2216 527 mor-

1382 531 1494 565 tuum,
1511 530 1545 556 et
1560 533 1691 557 Vlvum.

1273 577 1304 610 6.
1331 575 1454 611 Utrum
1470 585 1563 608 mors
1579 575 1653 619 ejus
1669 573 1774 608 fuerit
1789 573 1920 620 aliquid
1935 561 2077 621 operata
2091 572 2216 626 w-

1382 636 1488 661 stram
1504 627 1663 661 salutem.

1583 743 1826 785 QUAESTIO
1849 744 1909 780 LI.

1548 827 1599 862 De
1620 826 1782 873 sepultura
1807 824 1938 862 chrisa.

1329 903 1453 938 Utrum
1468 902 1572 938 fuerit
1588 903 1814 944 conveniens,
1832 901 2013 937 Christum
2022 874 2176 949 sepeliri.

1330 957 1382 989 De
1399 956 1505 989 modo
1522 954 1718 1000 sepulturae
1734 955 1821 1000 ejus.

1330 1008 1454 1043 Utrum
1479 1018 1604 1053 corpus
1627 1007 1703 1052 ejus
1725 1007 1830 1040 tuerit
1851 1006 1891 1040 in
1912 1005 2101 1053 sepulchro
2118 1014 2217 1044 Μο-

1328 1061 1566 1160 Βειῖεῐζιῗοτε,
1584 1123 1652 1158 quo
1665 1112 1775 1158 jacuit
1790 1113 1828 1146 in
1845 1111 2045 1159 sepulchro-

1268 1126 1303 1159 ’ξ’
1271 916 1305 1053 ΨΡῖ·

1568 1228 1812 1271 QUAESTIO
1835 1226 1915 1266 LII.

1453 1313 1504 1348 De
1524 1313 1667 1348 descensu
1692 1311 1812 1347 Christi
1833 1311 1879 1346 ad
1896 1303 2053 1360 inferos.

1272 1401 1302 1425 1.
1327 1390 1453 1424 Utrum
1468 1390 1681 1424 conveniens
1697 1387 1814 1430 fuerit,
1832 1387 2009 1423 Christum
2025 1384 2069 1423 ad
2083 1383 2216 1427 histros

1379 1443 1599 1476 descendere.

1328 1495 1368 1528 In
1386 1507 1486 1540 quem
1503 1494 1675 1528 infernum
1693 1493 1924 1529 descenderit.

1327 1548 1450 1581 Utrum
1466 1556 1563 1581 totus
1578 1547 1683 1580 fuerit
1698 1546 1734 1578 in
1751 1544 1902 1581 inferno.

1326 1599 1450 1633 Utrum
1474 1599 1623 1645 aliquam
1639 1609 1772 1632 moram
1782 1594 1837 1631 'ibi
1852 1596 2006 1634 traxerit.

1326 1652 1450 1686 Utrum
1466 1660 1607 1686 sanctos
1623 1652 1740 1685 Patres
1755 1650 1798 1683 ab
1814 1649 1953 1686 inferno
1968 1647 2179 1688 liberaverit.

1327 1705 1451 1738 Utrum
1468 1705 1510 1738 de
1527 1705 1664 1738 inferno
1682 1703 1879 1737 liberaverit
1893 1705 2087 1739 damnatos.

1328 1757 1451 1790 Utrum
1467 1757 1664 1792 liberaverit
1679 1769 1809 1804 pueros
1830 1759 1868 1792 in
1888 1765 2034 1803 peccato
2051 1755 2215 1804 originali

1379 1809 1575 1843 defunctos.

1291 1885 1299 1894 .
1326 1860 1450 1895 Utrum
1466 1861 1662 1896 liberaverit
1676 1862 1839 1896 homines
1856 1862 1900 1904 de
1913 1860 2134 1908 Purgatorio.

1267 1863 1287 1895 α’
1266 1506 1302 1802 *svs-2⁵⁸9?

1558 1986 1799 2027 QUAESTIO
1823 1987 1922 2024 LIII.

1511 2067 1562 2103 De
1583 2070 1805 2104 resurrectione
1831 2067 1962 2105 cbo-frti.

1270 2159 1301 2183 x.
1326 2148 1451 2184 Utrum
1474 2160 1617 2184 necesse
1634 2151 1752 2194 fuerit,
1769 2151 1947 2187 Christum
1961 2161 2156 2198 resurgere.

1267 2211 1300 2235 2.
1326 2201 1449 2235 Utrum
1467 2213 1610 2236 necesse
1626 2203 1743 2245 fuerit,
1765 2205 1878 2249 ipsum
1901 2205 2005 2239 tertia
2026 2205 2083 2239 die
2094 2214 2213 2240 resur-

1378 2265 1470 2298 gere.

1269 2315 1299 2348 3.
1325 2305 1449 2339 Utrum
1474 2306 1547 2351 ipse
1564 2308 1693 2352 primus
1710 2309 1945 2343 resurrexerit.

1266 2369 1299 2399 4.
1326 2357 1450 2392 Utrum
1459 2359 1533 2404 ipse
1543 2359 1648 2394 fuerit
1661 2370 1764 2394 causa
1779 2368 1919 2395 nostrane
1933 2361 2212 2398 mostis.

1562 2485 1805 2526 QUAESTIO
1828 2486 1921 2522 LIV.

1438 2566 1490 2600 De
1513 2566 1669 2612 qualitate
1695 2566 1814 2602 Christi
1834 2569 2035 2615 mergentis.

1267 2659 1297 2683 x.
1323 2648 1447 2683 Utrum
1463 2657 1544 2694 post
1558 2651 1847 2684 resurrectionem
1870 2649 2030 2685 christus
2052 2648 2212 2685 habuerit

1375 2712 1493 2735 verum
1512 2713 1650 2748 corpus.

1265 2762 1297 2786 2.
1323 2752 1447 2786 Utrum
1465 2764 1590 2800 corpus
1606 2754 1681 2799 ejus
1696 2753 1800 2787 fuerit
1817 2752 2025 2799 gloriosum.

1265 2814 1296 2847 3.
1324 2803 1446 2838 Utrum
1462 2806 1684 2839 resurrexerit
1700 2816 1779 2839 cum
1796 2806 1952 2852 corporis
1967 2806 2179 2852 integritate.

1262 2867 1296 2900 4.
1323 2856 1446 2890 Utrum
1472 2868 1596 2903 corpus
1620 2859 1694 2903 ejus
1717 2858 1938 2893 resurrexerit
1965 2865 2044 2893 cum
2076 2859 2211 2895 cicatri-

1376 2910 1486 2944 cibus.

1565 3036 1808 3077 QUAESTIO
1833 3036 1907 3072 ΙΝ.

1434 3117 1483 3153 De
1507 3117 1765 3164 manifestatione
1788 3119 2037 3155 resurrectionis.

1263 3211 1293 3234 x.
1320 3200 1442 3234 Utrum
1458 3203 1665 3235 resurrectio
1683 3200 1814 3235 Christi
1831 3201 1993 3236 omnibus
2005 3201 2208 3238 hominibus

1371 3253 1583 3287 manifestari
1600 3253 1770 3296 debuerit,
1795 3264 1839 3288 an
1862 3252 1978 3288 solum
2001 3253 2207 3311 quibusdam

1370 3305 1578 3351 specialibus
1595 3306 1764 3351 personis.

1258 3367 1291 3391 2.
1318 3356 1440 3391 Utrum
1459 3358 1562 3391 fuerit
1586 3360 1811 3401 conveniens,
1835 3358 1929 3405 quod
1952 3341 2132 3406 discipulis
2155 3360 2207 3396 vi·

1367 3410 1529 3443 dentibus
1543 3419 1749 3455 resurgeret.

1260 3471 1290 3505 3.
1316 3461 1440 3495 Utrum
1457 3470 1537 3507 post
1551 3463 1842 3496 resurrectionem
1865 3463 2024 3499 debuerit
2037 3473 2119 3500 eun
2131 3464 2207 3499 mis

1368 3514 1547 3559 discipulis
1563 3516 1772 3550 conversari.

1255 3577 1289 3609 4.
1315 3564 1440 3599 Utrum
1463 3566 1567 3600 fuerit
1585 3568 1810 3609 conveniens,
1827 3567 1922 3613 quod
1937 3566 2208 3614 discipuli-asts

1366 3619 1403 3652 in
1417 3617 1531 3652 aliena
1546 3618 1660 3664 effigie
1678 3628 1866 3665 appareret.
