2352 3926
1385 112 1399 130 Ι

235 208 342 262 268
749 223 1026 268 QUAESTIO
1070 223 1220 260 xxxr.
1263 219 1570 262 ART1cuLus
1610 223 1683 262 1v.

236 325 378 379 deres,
407 325 510 384 quia
536 325 662 369 Deus
689 334 797 378 erat,
824 325 901 383 qui
925 325 1175 369 innovabat
1198 335 1423 380 naturam,
1450 336 1495 371 et
1523 326 1670 371 homo
1698 335 1807 380 erat,
1833 324 1912 384 qui
1943 324 2195 370 secundum

234 403 443 436 naturam
466 393 735 436 nascebatur
757 406 811 435 ex
833 393 1063 436 homine»
1081 409 1091 447 ;
1111 403 1155 437 et
1176 394 1365 452 August.
1390 394 1498 437 dicit
1514 394 1560 437 in
1586 396 1711 453 epist.
1737 393 1792 436 ad
1813 391 2052 436 Volusian.
2074 392 2197 451 (quae
2223 426 2226 429 -

233 466 288 503 est
307 475 343 518 3.
368 468 526 519 parum
553 466 644 503 ante
662 459 816 516 med.).·
847 477 870 501 «
896 460 946 503 Si
972 461 1265 519 omnipotens
1290 461 1416 505 Deus
1453 461 1691 504 hominem
1723 460 1998 518 ubicumque
2030 458 2198 504 forma-

232 536 330 570 tum
374 541 466 570 non
511 541 564 569 ex
601 536 810 570 materno
854 537 984 571 utero
1023 538 1211 582 crearet,
1251 528 1330 572 sed
1372 528 1658 587 repentinum
1702 526 1887 570 inferret
1928 525 2195 585 aspectibus,

233 607 387 636 nonne
422 593 688 651 opinionem
722 593 1014 639 confirmaret
1046 595 1225 649 erroris,
1258 609 1342 639 nec
1369 595 1590 639 hominen
1625 609 1785 638 verum
1817 593 2069 652 suscepisse
2100 592 2196 637 ullo

234 660 375 703 modo
405 660 675 715 crederetur,
703 671 747 705 et
773 661 880 705 dum
915 661 1071 705 omnia
1104 662 1370 706 mirabiliter
1400 662 1521 716 facit,
1556 661 1750 706 auferret
1782 660 1904 719 quod
1945 659 2201 704 misericor-

234 727 347 770 diter
378 726 519 770 fecit?
548 728 681 771 Nunc
708 743 817 772 vero
837 729 898 772 ita
924 729 1041 772 inter
1065 729 1233 783 Deum,
1249 739 1293 773 et
1317 730 1557 773 hominem
1585 729 1811 773 mediator
1838 727 2055 787 apparuit,
2081 726 2194 771 utin

234 794 403 837 unitate
431 808 652 852 personae
688 795 908 854 copulans
941 806 1179 855 utramque
1205 807 1430 850 naturam,
1455 806 1499 840 et
1524 796 1658 840 solita
1691 795 1957 839 sublimaret
1986 793 2211 847 insolitis,

234 871 278 904 et
293 860 476 904 insolita
499 861 643 906 solitis
669 872 944 921 temperaret
956 877 1004 906 »z
1034 865 1166 917 tertio,
1181 863 1288 922 quia
1304 878 1383 922 per
1399 864 1521 907 hunc
1549 862 1740 906 modum
1764 860 2020 920 completur
2045 860 2198 905 omnis

234 927 468 972 diversitas
502 929 808 987 generationis
835 930 1091 984 humanae;
1117 945 1226 973 nam
1252 931 1424 989 primus
1441 930 1586 974 homo
1612 930 1860 989 productus
1894 938 1962 973 est
1994 942 2048 972 ex
2080 926 2193 972 limo

233 1005 379 1038 terrae
411 995 508 1039 sine
533 996 647 1051 viro,
675 1007 720 1041 et
744 996 974 1042 foemina:
1002 997 1098 1040 Eva
1123 1012 1233 1042 vero
1266 998 1487 1057 producta
1519 1007 1586 1042 est
1619 1012 1672 1042 ex
1697 997 1811 1050 viro,
1844 997 1940 1041 sine
1967 995 2194 1040 foemina:

234 1062 354 1106 unde
389 1062 480 1106 hoc
515 1075 725 1123 quartum
757 1065 887 1123 quasi
920 1064 1106 1109 Christo
1139 1067 1376 1124 proprium
1407 1064 1758 1124 relinquebatur,
1793 1074 1842 1108 ut
1871 1064 2200 1124 produceretur

234 1143 288 1173 ex
314 1128 516 1174 foemina
539 1131 635 1175 sine
651 1132 764 1177 viro.

325 1197 400 1241 AD
433 1211 622 1243 PRIMUM
665 1213 775 1258 ergo
809 1199 1068 1252 dicendum,
1102 1199 1225 1258 quod
1253 1200 1358 1258 quia
1396 1214 1527 1244 sexus
1560 1198 1840 1243 masculinus
1878 1208 1947 1243 est
1984 1195 2198 1250 nobilior,

235 1278 373 1322 quam
400 1263 670 1320 foemineus,
697 1266 801 1310 ideo
825 1267 1077 1310 humanam
1103 1276 1313 1310 naturam
1339 1267 1385 1310 in
1418 1266 1675 1310 masculino
1710 1280 1819 1310 sexu
1847 1265 2115 1324 assumpsit:
2140 1277 2199 1307 ne

234 1341 388 1374 tamen
415 1346 547 1376 sexus
575 1332 830 1377 foemineus
859 1343 1242 1386 contemneretur,
1262 1348 1517 1392 congruum
1545 1332 1641 1387 fuit,
1669 1345 1718 1376 ut
1735 1346 1921 1376 carnem
1948 1340 2200 1376 assumeret

236 1398 289 1442 de
316 1397 541 1443 foemina:
575 1401 694 1444 unde
717 1401 835 1459 Aug.
860 1401 969 1444 dicit
993 1401 1038 1443 in
1061 1400 1135 1443 lib.
1157 1401 1210 1444 de
1223 1400 1387 1458 Agone
1416 1400 1678 1444 Christiano
1708 1399 1820 1458 (cap.
1852 1411 1912 1444 Π.
1931 1400 2031 1443 circ.
2049 1397 2195 1454 med.).·

239 1465 435 1509 «Nolite
467 1481 550 1511 vos
576 1468 700 1526 ipsos
744 1478 1039 1511 contemnere
1072 1467 1184 1511 viri:
1221 1465 1361 1511 Filius
1383 1467 1473 1510 Dei
1503 1467 1652 1510 virum
1685 1465 1896 1526 suscepit.
1922 1464 2079 1510 Nolite
2114 1478 2198 1509 vos

235 1533 355 1591 ipsas
383 1543 677 1578 contemnere
704 1534 959 1578 foeminae:
988 1534 1125 1577 Filius
1148 1534 1235 1577 Dei
1262 1544 1394 1578 natus
1422 1548 1475 1577 ex
1501 1533 1705 1578 foemina
1728 1543 1852 1577 est».

324 1601 400 1645 AD
434 1615 697 1646 SECUNDUM
731 1602 990 1656 dicendum,
1024 1601 1161 1660 quod,
1194 1603 1310 1645 sicut
1343 1602 1462 1660 Aug.
1497 1601 1605 1645 dicit
1637 1614 1708 1660 23.
1746 1600 1822 1644 lib.
1856 1609 2014 1645 contra
2044 1597 2196 1643 Faust.

238 1666 349 1727 (cap.
373 1684 438 1713 ιο.
466 1675 558 1713 ante
584 1669 727 1727 med),
753 1670 829 1728 qui
853 1669 941 1712 hac
969 1669 1227 1726 objectione
1254 1669 1481 1712 utebatur:
1514 1668 1662 1712 «Non
1688 1667 1837 1727 plane,
1863 1666 2024 1727 inquit,
2047 1665 2202 1710 catho-

235 1734 323 1778 lica
350 1734 475 1789 fides,
503 1750 618 1794 quae
638 1736 874 1780 Christum
900 1736 987 1779 Dei
1006 1735 1187 1789 Filium,
1205 1747 1363 1780 natum
1389 1735 1643 1780 secundum
1670 1749 1854 1779 carnem
1877 1734 2020 1778 credit
2044 1747 2099 1778 ex
2117 1733 2203 1781 vir-

237 1802 354 1860 gine,
373 1802 467 1846 ullo
486 1803 628 1847 modo
646 1803 861 1848 eumdem
877 1803 964 1846 Dei
983 1803 1147 1848 Filium
1166 1803 1229 1847 sic
1247 1803 1293 1846 in
1311 1813 1440 1846 utero
1468 1802 1670 1846 mulieris
1691 1801 1896 1855 includit,
1922 1800 2052 1860 quasi
2076 1809 2202 1845 extra

236 1883 330 1912 non
366 1870 424 1913 sit
450 1870 580 1929 quasi
606 1871 725 1914 coeli
752 1880 794 1915 et
825 1881 972 1915 terrae
1007 1870 1449 1914 administrationem
1482 1869 1741 1926 deseruerit,
1769 1868 1897 1928 quasi
1923 1881 1950 1912 a
1976 1867 2110 1912 Patre
2135 1880 2201 1911 re-

238 1938 435 1981 cesserit.
472 1938 563 1982 Sed
600 1953 684 1982 vos
716 1938 977 1982 Manichaei
1011 1937 1148 1981 corde
1181 1937 1277 1991 illo,
1311 1951 1402 1996 quo
1435 1936 1551 1980 nihil
1582 1937 1771 1995 potestis
1812 1936 1901 1980 nisi
1926 1933 2201 1994 <corporalia

236 2003 557 2062 phantasmata
585 2006 802 2064 cogitare,
829 2006 915 2049 ista
942 2005 1132 2049 omnino
1163 2019 1257 2048 non
1292 2004 1449 2063 capitis
1466 2019 1515 2058 »3
1542 2013 1591 2047 ut
1623 2004 1746 2047 enim
1779 2003 1889 2047 dicit
1911 2003 1959 2046 in
1991 2002 2119 2062 epist.
2146 1999 2202 2045 ad

236 2070 398 2115 Volus.
427 2073 552 2130 (quae
583 2079 640 2117 est
666 2088 702 2132 3.
737 2073 940 2131 aZIquant.
968 2087 994 2116 a
1010 2072 1203 2132 princ.):
1236 2088 1258 2112 «
1286 2071 1541 2114 Hominum
1574 2071 1658 2114 iste
1685 2084 1843 2114 sensus
1869 2078 1950 2123 est,
1975 2067 2090 2112 nihil
2115 2067 2204 2112 nisi

238 2152 431 2197 corpora
457 2138 707 2182 valentium
734 2140 952 2198 cogitare,
979 2153 1175 2198 quorum
1202 2137 1379 2181 nullum
1405 2148 1556 2195 potest
1581 2151 1681 2181 esse
1707 2137 1873 2196 ubique
1898 2146 2073 2190 totum;
2094 2148 2205 2195 quo·

236 2205 361 2248 niam
388 2221 468 2264 per
493 2206 847 2250 innumerabiles
871 2217 1020 2265 partes
1048 2206 1169 2249 aliud
1198 2204 1303 2248 alibi
1328 2205 1495 2248 habeat
1519 2218 1707 2248 necesse
1734 2214 1813 2248 est.
1842 2204 2004 2262 Longe
2030 2202 2119 2247 alia
2134 2212 2202 2247 est

238 2273 417 2316 animae
443 2283 620 2326 natura,
648 2288 785 2331 quam
814 2273 1043 2331 corporis:
1070 2282 1241 2331 quanto
1269 2272 1416 2330 magis
1438 2272 1541 2325 Dei,
1560 2272 1637 2330 qui
1656 2282 1834 2315 creator
1855 2280 1923 2315 est
1945 2269 2140 2324 animae,
2157 2279 2203 2314 et

238 2340 457 2398 corporis,
485 2350 529 2383 et
552 2341 681 2383 novit
707 2340 871 2399 ubique
898 2350 1020 2383 totus
1053 2354 1165 2392 esse,
1194 2349 1238 2383 et
1273 2339 1402 2382 nullo
1437 2338 1662 2382 contineri
1698 2338 1829 2392 loco;
1865 2337 1995 2382 novit
2028 2337 2201 2391 venire,

236 2421 331 2450 non
358 2407 613 2451 recedendo
640 2407 717 2450 ubi
743 2417 861 2462 erat3
888 2407 1017 2469 novit
1043 2406 1179 2460 abire,
1204 2420 1299 2450 non
1326 2406 1576 2450 deserendo
1605 2420 1695 2465 quo
1721 2404 1943 2449 venerat?
1963 2421 1986 2447 »

327 2474 402 2517 An
433 2486 649 2519 TERTIUM
676 2474 936 2527 dicendum,
965 2474 1086 2532 quod
1113 2474 1159 2516 in
1183 2473 1486 2531 conceptione
1519 2473 1605 2516 viri
1632 2487 1685 2516 ex
1701 2472 1907 2516 foemina
1926 2484 2022 2516 non
2039 2479 2109 2516 est
2129 2469 2206 2515 ali-

238 2541 346 2600 quid
372 2541 679 2595 immundum,
705 2541 974 2599 inquantum
999 2551 1066 2584 est
1093 2555 1207 2599 opus
1234 2540 1346 2583 Dei:
1371 2540 1491 2583 unde
1519 2540 1682 2583 dicitur
1704 2540 1931 2583 Actorum
1961 2551 2052 2583 1o.:
2078 2537 2206 2596 Quod

238 2610 354 2653 Deus
376 2611 548 2662 creavit,
569 2615 610 2653 tu
637 2624 686 2653 ne
704 2623 919 2652 commune
946 2608 1113 2661 disceris,
1142 2608 1256 2651 idest
1272 2607 1586 2650 immundum:
1609 2616 1677 2650 est
1693 2606 1753 2650 ibi
1778 2616 1933 2650 tamen
1950 2604 2102 2665 aliqua
2122 2604 2205 2649 im·

239 2676 462 2720 munditia
490 2690 542 2719 ex
569 2686 759 2734 peccato
787 2676 1073 2734 proveniens,
1101 2684 1235 2733 prout
1261 2689 1367 2717 cum
1389 2674 1575 2718 libidine
1594 2674 1693 2733 quis
1721 2674 1978 2733 concipitur·
2000 2687 2056 2717 ex
2081 2684 2206 2717 com-

239 2743 459 2788 mixtione
478 2745 631 2797 maris,
659 2752 703 2786 et
727 2742 956 2786 foeminae
976 2757 984 2785 :
1010 2743 1132 2800 quod
1158 2751 1312 2785 tamen
1331 2742 1376 2785 in
1399 2742 1582 2786 Christo
1610 2756 1703 2785 non
1720 2741 1817 2795 fuit,
1835 2751 1884 2785 ut
1904 2754 2040 2800 supra
2056 2750 2205 2785 osten-

239 2825 342 2864 sum
369 2821 436 2854 est
459 2810 516 2869 (q.
544 2826 613 2870 29.
641 2817 724 2855 art.
750 2812 828 2865 2.).
858 2810 906 2853 Si
932 2819 1086 2853 tamen
1114 2809 1265 2868 aliqua
1293 2820 1412 2854 esset
1432 2810 1494 2852 ibi
1515 2809 1822 2862 immunditia,
1848 2822 1903 2853 ex
1928 2822 1983 2853 ea
2013 2821 2108 2852 non
2139 2807 2204 2851 in-

240 2877 501 2937 quinaretur
526 2878 613 2922 Dei
639 2877 858 2930 Verbum,
886 2878 1007 2935 quod
1034 2876 1160 2919 nullo
1184 2876 1324 2920 modo
1353 2887 1420 2920 est
1446 2876 1677 2930 mutabile,
1703 2875 1776 2920 vel
1805 2875 2059 2920 alterabile:
2082 2873 2203 2918 unde

238 2945 359 3003 Aug.
393 2945 501 2988 dicit
532 2945 578 2988 in
603 2943 679 2988 lib.
706 2944 777 2987 De
809 2957 844 3001 5.
873 2943 1146 2987 Haeresibus
1179 2944 1291 3003 (cap.
1319 2959 1355 3003 5.
1385 2946 1459 2988 cir.
1487 2943 1633 3001 med.):
1666 2943 1831 2987 «Dicit
1866 2943 1992 2987 Deus
2025 2950 2203 2987 creator

237 3011 456 3065 hominis,
483 3010 600 3056 filius
627 3011 851 3055 hominis:
880 3011 985 3069 quid
1013 3020 1095 3064 est,
1123 3011 1244 3069 quod
1272 3021 1316 3054 te
1344 3022 1581 3069 permovet
1607 3011 1653 3054 in
1680 3024 1785 3055 mea
1816 3008 2080 3055 nativitate?
2106 3021 2202 3053 non

239 3093 341 3123 sum
367 3078 564 3123 libidinis
592 3088 839 3138 conceptus
868 3077 1134 3136 cupiditate:
1169 3092 1257 3136 ego
1291 3088 1501 3131 matrem,
1535 3078 1589 3121 de
1628 3092 1716 3136 qua
1751 3091 1979 3132 nascerer,
2015 3075 2117 3121 feci.
2150 3074 2202 3120 Si

239 3146 348 3191 solis
375 3147 526 3197 radius
554 3146 816 3190 cloacarum
844 3145 1000 3190 sordes
1028 3145 1200 3189 siccare
1230 3146 1372 3198 novit,
1400 3146 1463 3189 eis
1490 3145 1717 3203 inquinari
1741 3158 1835 3189 non
1860 3144 2004 3199 novit,
2030 3151 2205 3203 quante»¹

240 3215 386 3273 magis
412 3214 627 3274 splendor
652 3214 766 3258 lucis
794 3223 1018 3267 aeternae,
1037 3226 1329 3272 quocumque
1350 3212 1605 3266 radiaverit,
1624 3212 1846 3256 mundare
1861 3220 2026 3272 potest,
2042 3220 2089 3255 et
2104 3210 2202 3269 ipse

239 3281 383 3341 pollui
409 3297 502 3326 non
530 3281 714 3341 potest?
735 3298 756 3323 »
