2352 3926
276 232 382 305 782
754 243 1029 293 QUAizs‘no
1067 243 1289 283 Lxxxw.
1327 215 1639 283 ARTICULUS
1679 242 1763 283 ivi

949 440 1385 501 ARTICULUS
1431 441 1529 498 IV.
2097 444 2223 533 :gi-13

460 579 652 619 UTRUM
694 577 981 616 IMPOSITIO
1021 576 1261 618 MANUUM
1300 576 1640 616 SACERDOTIS
1681 574 2036 624 REQUIRATUR

904 662 979 699 AD
1021 661 1139 699 HOC
1181 660 1610 721 SACRAMENTUM.
1955 658 1957 660 “

657 769 776 828 (Lib.
802 782 845 827 4.
877 768 1026 815 Contr.
1050 784 1090 829 g.
1118 777 1208 829 cap.
1237 782 1304 828 71.
1332 775 1369 814 et
1394 776 1528 828 opusc.
1555 782 1622 814 22.
1651 775 1741 828 cap.
1767 768 1847 828 4.).

362 882 438 926 AD
465 894 704 932 QUARTUM
728 881 792 926 sic
818 882 1093 941 proceditur.
1111 882 1317 936 Videtur,
1335 881 1463 941 quod
1483 881 1717 941 impositio
1740 894 1967 926 manuum>
1987 881 2237 932 sacerdotis

276 950 529 1009 requiratur
556 948 612 992 ad
638 948 730 993 hoc
763 960 1125 994 sacramentum:
1159 949 1324 994 dicitur
1356 950 1478 994 enim
1507 949 1650 992 Marc.
1678 947 1783 993 ult.:
1815 949 1952 1008 Super
1983 962 2127 1008 aegros
2150 962 2239 994 ma-

274 1033 349 1062 nus
375 1019 605 1076 imponent,
633 1023 672 1062 et
694 1018 790 1062 bene
816 1017 1044 1074 habebunt,
1038 1033 1048 1044 ·
1076 1018 1202 1075 aegri
1228 1027 1381 1061 autem
1408 1015 1698 1076 spiritualiter
1724 1025 1829 1061 sunt
1852 1026 2135 1075 peccatores,
2161 1016 2240 1076 qui

276 1084 501 1144 recipiunt
516 1083 688 1127 bonam
705 1083 1019 1128 habitudinem
1037 1098 1118 1144 per
1135 1085 1226 1128 hoc
1253 1093 1624 1138 sacramentum,
1613 1100 1622 1109 ·
1642 1097 1753 1143 ergo
1769 1083 1817 1127 in
1831 1083 1925 1128 hoc
1949 1093 2241 1129 sacramento

275 1161 343 1196 est
366 1165 529 1195 manus
555 1151 791 1209 impositio
808 1150 1032 1196 facienda.

369 1231 410 1262 2.
428 1219 727 1263 PRAETEREA.
751 1219 802 1262 In
825 1233 939 1263 sacr
943 1229 1115 1263 amento
1138 1219 1448 1278 poenitentiae
1470 1227 1708 1277 recuperat
1722 1218 1869 1263 homo
1887 1217 2108 1278 Spiritum
2130 1217 2242 1265 San·

275 1297 398 1331 ctum
427 1286 662 1340 amissum,
689 1286 810 1330 unde
838 1301 892 1330 ex
917 1301 1114 1345 persona
1139 1286 1414 1346 poenitentis
1441 1285 1850 1331 diciturinPsalm.
1881 1298 1971 1343 50.:
1987 1285 2120 1333 Redde
2133 1286 2242 1330 mihi

274 1355 481 1399 laetitiam
515 1354 713 1398 salutaris
749 1356 826 1407 tui,
860 1361 900 1399 et
931 1356 1083 1414 spirita
1103 1354 1339 1413 principali
1365 1354 1569 1407 confirma
1593 1368 1685 1398 me:
1718 1352 1798 1397 sed
1826 1352 2031 1412 Spiritus·
2043 1353 2240 1399 Sanctus

274 1421 404 1466 datur
429 1435 510 1480 per
534 1420 880 1479 impositionem
913 1435 1160 1475 manuum3
1187 1421 1352 1480 legitur
1384 1420 1508 1464 enim
1540 1419 1654 1464 Act.'
1672 1419 1729 1474 8.,
1761 1420 1885 1479 quod
1909 1420 2089 1480 apostoli
2110 1420 2242 1480 impo-

272 1491 424 1535 nebant
449 1504 600 1534 manus
623 1495 750 1548 super
775 1491 882 1545 illos,
911 1497 947 1536 et
973 1492 1230 1550 accipiebant
1246 1491 1453 1550 Spiritum
1478 1490 1675 1534 Sanctum
1687 1504 1704 1542 ;
1733 1498 1777 1533 et
1793 1489 1956 1534 Matth.
1979 1502 2046 1549 19.
2063 1488 2242 1544 dicitur,

279 1559 403 1617 quod
431 1558 561 1603 oblati
591 1564 685 1602 sunt
709 1558 899 1602 Domino
923 1559 1118 1617 parvuli,
1144 1564 1190 1602 ut
1220 1560 1276 1602 eis
1306 1572 1455 1602 manus
1479 1559 1706 1617 imponeret
1713 1571 1730 1610 ,·
1759 1570 1870 1616 ergo
1901 1557 1950 1602 in
1979 1556 2072 1603 hoc
2097 1569 2243 1602 sacra-

274 1635 431 1669 mento
459 1634 525 1669 est
550 1624 759 1669 facienda
785 1639 948 1669 manus
974 1626 1224 1683 impositio.

367 1707 403 1751 3.
424 1692 724 1736 PRAETEREA.
743 1693 896 1737 Verba
922 1693 1171 1737 sacerdotis
1197 1694 1243 1736 in
1269 1693 1359 1737 hoc
1387 1702 1675 1737 sacramento
1700 1706 1794 1736 non
1817 1701 1923 1738 sunt
1940 1693 2130 1752 major-is
2152 1691 2242 1741 effi·

275 1760 445 1814 caciae,
483 1770 621 1818 quam
647 1760 694 1803 in
732 1759 832 1803 aliis
870 1761 1191 1805 sacramentis:
1230 1761 1308 1805 sed
1340 1761 1387 1804 in
1415 1760 1513 1804 aliis
1551 1760 1851 1805 sacramentis
1884 1774 1981 1806 non
2012 1759 2243 1807 sufficiunt

274 1828 409 1871 verba
448 1827 658 1881 ministri,
696 1828 784 1871 nisi
811 1828 1011 1887 aliquem
1039 1838 1192 1873 actum
1229 1838 1462 1882 exerceat3
1491 1828 1608 1872 sicut
1638 1827 1685 1871 in
1710 1827 1938 1886 baptismo
1964 1827 2104 1873 simul
2133 1842 2241 1877 cum

274 1895 365 1939 hoc
405 1895 528 1954 quod
560 1895 777 1939 sacerdos
805 1895 936 1939 dicit:
968 1912 991 1937 «
1018 1895 1117 1955 Ego
1143 1905 1189 1939 te
1220 1896 1400 1955 baptizo
1419 1911 1460 1949 >›‚
1492 1895 1734 1955 requiritur
1766 1894 2017 1955 corporalis
2043 1895 2242 1953 abluti03

277 1976 390 2020 ergo
420 1963 560 2007 etiam
587 1961 726 2006 simul
751 1976 858 2006 cum
879 1963 971 2007 hoc
999 1963 1121 2022 quod
1148 1963 1360 2007 sacerdos
1389 1962 1518 2006 dicit:
1550 1978 1574 2003 «
1596 1962 1695 2021 Ego
1713 1972 1756 2006 te
1785 1961 1974 2007 absolvo
1991 1979 2034 2019 n,
2060 1972 2242 2023 oportet

279 2030 403 2089 quod
430 2030 632 2089 aliquem
660 2039 814 2074 actum
841 2041 1050 2074 exerceat
1075 2031 1197 2074 circa
1222 2032 1549 2088 poenitentem,
1570 2030 1852 2088 imponendo
1877 2030 1919 2075 ei
1943 2044 2122 2076 manus.

366 2098 462 2142 SED
481 2111 678 2142 CONTRA
705 2108 786 2152 est,
814 2098 936 2156 quod
955 2112 1060 2141 cum
1077 2098 1307 2141 Dominus
1330 2097 1439 2141 dixit
1454 2098 1592 2142 Petro
1617 2097 1788 2154 (Matth.
1811 2097 1925 2156 16.).·
1943 2098 2243 2159 Quodcumque

274 2166 446 2210 solveris
484 2173 608 2224 super
641 2172 815 2219 terram,
850 2175 935 2209 etc.
968 2164 1143 2208 nullam
1176 2165 1459 2209 mentionem
1494 2164 1550 2209 de
1582 2179 1746 2209 manus
1777 2165 2083 2225 impositione.
2109 2164 2262 2211 fecit:⁴

275 2247 423 2292 neque
451 2233 591 2276 etiam
618 2246 725 2276 cum
752 2232 966 2276 omnibus
999 2231 1219 2291 apostolis
1253 2232 1390 2276 simul
1416 2232 1549 2277 dixit:
1579 2233 1774 2289 Quorum
1798 2234 2040 2279 remiseritis
2055 2239 2241 2294 peccata,

279 2302 553 2345 remittuntur
577 2301 660 2352 eis,·
677 2314 773 2343 non
793 2314 902 2358 ergo
931 2300 986 2343 ad
1012 2300 1103 2343 hoc
1122 2309 1462 2344 sacramentum
1483 2300 1724 2359 requiritur
1744 2299 1980 2360 impositio
2005 2314 2243 2346 manuum.

366 2367 654 2412 RESPONDEO
676 2367 940 2420 dicendum,
967 2367 1090 2426 quod
1117 2367 1351 2426 impositio
1374 2382 1597 2411 manuum
1619 2368 1665 2411 in
1683 2368 1980 2413 sacramentis
2004 2368 2240 2422 Ecclesiae

277 2435 328 2480 fit
345 2435 402 2479 ad
418 2435 752 2494 designandum
770 2434 971 2493 aliquem
992 2435 1233 2494 copiosum
1251 2435 1425 2492 gratiae
1448 2434 1676 2488 effectum,
1695 2449 1786 2494 quo
1803 2435 1883 2490 illi,
1900 2435 2062 2495 quibus
2079 2447 2243 2481 manus

276 2504 589 2561 imponuntur,
627 2502 973 2562 quodammodo
1016 2516 1095 2561 per
1121 2502 1352 2561 quandam
1385 2502 1730 2546 similitudinem
1768 2503 2091 2548 continuantur
2113 2504 2243 2549 mini·

277 2571 394 2624 stris,
419 2571 467 2614 in
493 2570 655 2629 quibus
684 2571 817 2629 copia
843 2570 1014 2628 gratiae
1042 2583 1140 2614 esse
1167 2570 1324 2624 debet;
1357 2580 1401 2614 et
1431 2570 1535 2614 ideo
1568 2584 1731 2614 manus
1763 2572 1999 2630 impositio
2023 2571 2076 2617 fit
2098 2572 2147 2618 in
2172 2587 2240 2618 sa-

279 2647 517 2682 cramento
552 2636 929 2690 confirmationis,
956 2636 1003 2679 in
1035 2650 1126 2695 quo
1162 2636 1392 2680 confertur
1423 2636 1658 2695 plenitudo
1693 2637 1885 2696 Spiritus
1913 2638 2085 2694 Sancti,
2117 2649 2163 2685 et
2192 2641 2240 2684 in

278 2715 568 2750 sacramento
603 2704 790 2757 ordinis,
822 2705 869 2747 in
902 2717 993 2762 quo
1028 2702 1258 2747 confertur
1290 2704 1514 2763 quaedam
1550 2704 1818 2749 excellentia
1849 2708 2083 2766 potestatis
2107 2707 2243 2752 indi-

279 2773 397 2817 vinis
424 2772 675 2832 mysteriis;
703 2771 824 2816 unde
846 2781 891 2815 et
917 2784 956 2815 2.
982 2771 1037 2814 ad
1057 2771 1265 2814 Timoth.
1295 2785 1329 2815 1.
1358 2772 1543 2816 dicitur:
1567 2774 1786 2818 Resuscites
1809 2776 1994 2833 gratiam
2016 2776 2116 2830 Dei,
2136 2790 2242 2835 quae

278 2846 333 2885 est
354 2842 407 2884 -in
434 2846 469 2884 te
488 2847 563 2896 per
588 2840 896 2899 impositionem
923 2853 1125 2882 manuum
1150 2852 1354 2882 mearam.
1383 2839 1733 2883 Sacramentum
1761 2851 1913 2886 autem
1932 2842 2241 2901 poenitentiae

279 2921 374 2952 non
402 2908 635 2951 ordinatur
663 2907 719 2952 ad
738 2906 1108 2965 consequendam
1128 2905 1326 2964 aliquam
1355 2905 1673 2950 excellentiam
1696 2908 1883 2966 gratiae,
1909 2908 1988 2954 sed
2014 2909 2074 2954 ad
2095 2924 2243 2955 remo·

279 2975 455 3019 tionem
491 2984 813 3034 peccatorum3
841 2983 886 3018 et
910 2973 1014 3017 ideo
1043 2972 1096 3016 ad
1130 2973 1221 3016 hoc
1255 2984 1594 3018 sacramentum
1630 2988 1725 3018 non
1751 2976 1991 3035 requiritur
2019 2990 2242 3023 manuum

279 3042 530 3101 impositio,
558 3042 675 3087 sicut
707 3042 847 3086 etiam
873 3054 958 3085 nec
982 3040 1038 3084 ad
1065 3040 1356 3099 baptismum,
1384 3041 1430 3084 in
1457 3055 1548 3101 quo
1575 3051 1730 3086 tamen
1755 3042 1806 3088 fit
1829 3042 2008 3102 plenior
2032 3044 2240 3092 remissio

278 3120 589 3170 peccatorum.

368 3178 445 3223 AD
471 3191 660 3223 Primum
679 3191 789 3237 ergo
818 3175 1078 3230 dicendum,
1101 3175 1223 3235 quod
1241 3174 1320 3219 illa
1347 3189 1510 3220 manus
1531 3176 1766 3235 impositio
1782 3190 1876 3223 non
1894 3187 1963 3224 est
1983 3192 2243 3235 sacramen*
2263 3174 2265 3176 ’

278 3245 394 3299 talis,
421 3246 500 3289 sed
528 3245 762 3289 ordinatur
785 3245 840 3288 ad
868 3242 1088 3287 miracula
1105 3243 1393 3302 perficienda,
1411 3252 1460 3287 ut
1485 3243 1659 3289 scilicet
1683 3258 1764 3304 per
1789 3253 2054 3291 contactum
2077 3261 2241 3293 manus

278 3312 481 3356 hominis
507 3312 775 3356 sanctificati
802 3312 940 3356 etiam
967 3309 1218 3368 corporalis
1260 3310 1496 3355 infirmitas
1524 3311 1733 3357 tollatur:
1762 3312 1880 3358 sicut
1902 3314 2042 3359 etiam
2076 3314 2243 3374 legitur

279 3380 335 3424 de
358 3380 564 3423 Domino
591 3380 732 3423 Marc.
760 3377 800 3423 6.
830 3379 952 3438 quod
986 3379 1174 3437 infirmos
1199 3379 1394 3422 manibus
1420 3380 1621 3438 impositis
1648 3382 1829 3435 curavit,
1856 3390 1903 3426 et
1924 3380 2090 3428 Matth.
2113 3381 2155 3427 8.
2181 3381 2243 3428 le·

281 3447 414 3505 gitur,
442 3446 564 3506 quod
591 3446 826 3505 leprosum
854 3445 1091 3490 mundavit
1111 3459 1189 3504 per
1217 3455 1495 3489 contactum.

371 3515 446 3558 An
480 3527 741 3559 SECUNDUM
786 3514 1047 3567 dicendum,
1081 3512 1202 3571 quod
1229 3526 1322 3555 non
1350 3514 1578 3571 quaelibet
1604 3514 1810 3574 acceptio
1847 3495 2040 3575 Spiritus
2083 3514 2258 3571 Sancti

281 3582 466 3640 requirit
488 3595 650 3626 manus
667 3581 1025 3640 impositionem,
1049 3579 1154 3639 quia
1181 3581 1318 3623 etiam
1346 3579 1390 3623 in
1422 3580 1649 3639 baptismo
1669 3581 1834 3659 accipit
1857 3582 2003 3628 homo
2022 3581 2262 3643 Spiritum

284 3649 519 3703 Sanctum,
544 3663 628 3694 nec
655 3659 810 3694 tamen
843 3647 892 3694 fit
923 3648 983 3692 ibi
1016 3660 1178 3692 manus
1210 3645 1469 3708 impositio:
1503 3648 1582 3693 sed
1617 3649 1824 3709 acceptio
1858 3649 2050 3710 Spiritus
2082 3649 2239 3697 Sancti

2319 3477 2352 3560 g
