2352 3926
633 235 918 282 -Quasss‘rro
959 236 1069 275 x-vr.
1109 235 1416 277 Amemus
1455 234 1549 274 vn.
1983 220 2083 288 167

48 343 80 402 ξς
129 347 318 398 utraque
346 349 414 382 est
448 351 571 392 vera,
599 347 643 381 et
667 338 807 382 Homo
838 338 980 396 factus
1004 345 1061 383 cst
1084 339 1217 393 Deus,
1245 347 1288 383 et
1321 339 1437 384 Deus
1459 339 1602 397 factus
1635 342 1692 382 est
1723 336 1873 381 homo:
1901 336 1980 380 sed
2010 335 2086 379 hic

128 416 223 450 non
245 414 313 449 est
337 405 544 463 proprius
571 417 728 448 sensus
753 403 918 448 harum
943 403 1255 450 locutionum:
1281 405 1367 449 nisi
1393 404 1510 450 forte
1526 403 1818 462 intelligatur,
1835 403 2088 448 secundum

118 471 251 532 {quod
287 470 334 530 ly
359 471 479 515 homo
506 485 600 515 non
636 470 775 515 habet
813 469 1102 530 personalem
1136 471 1512 530 suppositionem,
1549 471 1627 515 sed
1668 469 1949 529 simplicem:
1982 468 2089 512 licet

54 538 82 567 f
127 538 251 584 enim
276 537 351 581 hic
376 537 523 582 homo
549 551 643 582 non
670 538 724 582 sit
750 536 895 582 factus
921 538 1071 592 Deus;
1099 538 1320 600 quia-hoc
1354 539 1655 598 suppositum,
1687 537 1862 582 scilicet
1892 550 2088 596 persona

126 601 229 649 Filii
251 604 354 658 Dei,
382 604 436 648 ab
473 614 657 649 aeterno
691 603 774 648 fuit
804 604 956 649 Deus:
983 614 1138 648 tamen
1170 604 1330 658 homo,
1369 605 1675 649 communiter
1710 603 1959 663 loquendo,
1991 617 2085 647 non

124 685 307 731 semper
332 670 417 716 fuit
440 671 580 717 Deus.
616 673 755 716 Tertio
778 672 898 716 modo
925 672 1106 731 proprie
1127 671 1407 730 intelligitur,
1426 671 1676 716 secundum
1700 671 1821 731 quod
1844 670 1934 715 hoc
1957 670 2092 730 parti-

62 759 73 788 ·,
127 737 312 798 cipium,
332 739 482 798 factus,
510 739 640 798 ponit
664 738 761 783 fieri
787 739 907 783 circa
933 739 1173 784 hominem
1199 741 1246 784 in
1272 748 1478 798 respectu
1501 738 1557 782 ad
1578 739 1748 792 Deum,
1770 739 1890 784 sicut
1923 737 1980 783 ad
2005 747 2090 783 ter-

125 805 302 851 minum
327 804 562 851 factionis:
589 806 705 851 etin
731 806 823 851 hoc
845 820 994 862 sensu,
1017 805 1252 865 supposito
1280 805 1402 864 quod
1428 805 1476 849 in
1504 805 1690 850 Christo
1718 805 1775 849 sit
1801 804 1963 849 eadem
1990 819 2088 863 per-

2 888 5 922 ·;
115 884 254 927 Τ-εοιιει,
280 882 325 917 et
349 873 622 933 hypostasis,
659 883 704 918 et
730 873 1025 932 ,suppositum
1057 873 1160 927 Dei,
1187 883 1232 917 et
1262 872 1479 925 hominis,
1506 881 1555 915 ut
1590 886 1725 930 supra
1761 882 1995 916 ostensum
2022 881 2091 916 est

46 946 69 968 ·‘
125 940 191 1000 (q.
217 954 258 985 2.
300 946 381 985 art.
414 941 487 1000 3.),
524 941 609 984 ista
635 940 889 999 propositio
922 936 990 984 ‘est
1020 939 1156 983 falsa:
1191 940 1296 999 quia
1330 953 1436 983 cum
1469 939 1658 982 dicitur:
1691 938 1832 982 Homo
1861 939 2005 997 factus
2035 943 2090 983 est

42 1004 72 1054 ss'f
114 1007 255 1061 was,
287 1006 336 1069 ly
361 1007 481 1052 homo
507 1007 645 1052 habet
668 1006 958 1068 personalem
1000 1006 1394 1067 suppositionem:
1426 1019 1522 1050 non
1554 1005 1677 1049 enim
1708 1019 1806 1049 esse
1831 1006 1985 1049 Deum
2017 1019 2090 1049 ve-

46 1072 72 1133 'J
112 1073 325 1119 &ficatur
348 1073 404 1119 de
430 1074 622 1119 homine
647 1075 822 1120 ratione
849 1075 1080 1119 humanae
1105 1084 1308 1128 naturae,
1334 1073 1413 1118 sed
1439 1073 1615 1117 ratione
1637 1072 1858 1131 suppositi
1878 1072 1968 1116 sui:
1991 1086 2092 1131 sup-

112 1141 325 1201 positum
349 1151 503 1186 autem
529 1141 640 1186 illud
663 1142 896 1185 'humanae
933 1151 1136 1195 naturae,
1177 1142 1232 1185 de
1275 1155 1365 1200 quo
1406 1139 1664 1184 verificatur
1697 1152 1797 1184 esse
1823 1139 1990 1192 Deum,
2023 1149 2091 1183 est

45 1238 53 1258 ,ἶ
113 1206 247 1253 fflem
273 1209 396 1268 quod
422 1208 696 1268 hypostasis,
723 1223 802 1253 seu
829 1222 1024 1267 persona
1059 1207 1162 1252 Filii
1196 1208 1300 1262 Dei,
1337 1222 1453 1266 quae
1481 1220 1662 1266 semper
1686 1205 1770 1250 fuit
1794 1206 1941 1260 Deus;
1969 1205 2088 1250 unde

122 1289 219 1320 non
242 1285 394 1336 potest
418 1276 521 1330 dici,
549 1276 671 1335 quod
696 1276 780 1320 iste
806 1275 951 1320 homo
977 1275 1148 1335 incepit
1179 1289 1277 1320 esse
1309 1275 1450 1329 Deus,
1482 1273 1556 1318 vel
1588 1274 1710 1332 quod
1736 1273 1814 1317 fiat
1838 1273 1979 1326 Deus,
2014 1283 2090 1317 aut

66 1343 67 1346 ’
111 1344 246 1403 *quod
270 1343 415 1388 factus
441 1343 497 1388 sit
522 1344 670 1389 Deus:
694 1344 732 1388 si
755 1358 865 1389 vero
892 1353 1011 1388 esset
1037 1342 1125 1387 alia
1147 1357 1357 1403 persona,
1382 1342 1457 1387 vel
1480 1341 1740 1402 hypostasis
1761 1341 1865 1396 Dei,
1884 1351 1928 1386 et
1943 1341 2092 1385 homi-

8 1406 11 1435 ῗ
114 1410 207 1465 nis,
232 1411 295 1455 ita
321 1410 443 1470 quod
465 1425 564 1455 esse
589 1411 743 1455 Deum
767 1411 1104 1470 praedicaretur
1129 1410 1184 1455 de
1210 1410 1415 1464 homine,
1442 1419 1487 1454 et
1510 1423 1538 1453 e
1565 1422 1806 1463 converso,
1832 1422 1911 1468 per
1934 1422 2090 1467 quam-

122 1477 230 1522 dam
256 1478 629 1537 conjunctionem
662 1479 1016 1538 suppositorum,
1046 1477 1121 1522 vel
1152 1477 1382 1537 dignitatis
1413 1475 1679 1536 personalis,
1712 1475 1787 1520 vel
1819 1474 2088 1530 affectionis,

49 1542 82 1600 -
120 1545 195 1590 vel
219 1545 574 1599 inhabitationis,
601 1555 651 1590 ut
674 1545 937 1590 Nestoriani
962 1545 1184 1600 dixerunt,
1209 1554 1318 1588 tunc
1343 1544 1441 1603 pari
1466 1545 1642 1588 ratione
1667 1553 1824 1603 posset
1845 1542 1949 1597 dici,
1965 1542 2088 1602 quod

54 1612 71 1666 ἦ
118 1612 266 1657 horno
290 1611 435 1658 factus
462 1622 529 1657 est
554 1613 695 1667 Deus,
722 1612 837 1657 ides-t
864 1613 1133 1671 coniunctus
1158 1612 1284 1667 Deo;
1308 1611 1427 1657 sicut
1458 1621 1503 1657 et
1534 1610 1656 1671 quod
1683 1611 1816 1655 'Deus
1842 1609 1989 1655 factus
2021 1619 2089 1655 est

121 1678 283 1734 homo,
307 1679 424 1724 idest
449 1681 720 1738 conjunctus
747 1680 940 1725 homini.

209 1747 286 1791 AD
311 1758 501 1792 PRIMUM
527 1760 639 1804 ergo
664 1747 924 1802 dicendum,
957 1746 1080 1806 quod
1112 1746 1158 1790 in
1183 1746 1332 1790 verbis
1357 1744 1447 1790 illis
1473 1744 1689 1803 Apostoli
1713 1745 1804 1789 hoc
1821 1743 2087 1799 relativum,

119 1814 208 1874 qui,
234 1814 359 1873 quod
384 1812 520 1860 refert
545 1827 790 1874 personam
815 1813 917 1869 Filii
942 1814 1044 1868 Dei,
1069 1827 1165 1858 non
1199 1814 1332 1857 debet
1361 1812 1554 1872 intelligi
1588 1828 1642 1859 ex
1674 1823 1800 1872 parte
1824 1812 2086 1872 praedicati,

113 1880 251 1940 'quasi
275 1879 437 1940 aliquis
462 1881 657 1925 existens
690 1895 745 1925 ex
776 1881 950 1925 semine
982 1881 1131 1924 David
1167 1880 1422 1925 secundum
1458 1895 1643 1924 carnem
1678 1881 1735 1925 sit
1775 1879 1924 1924 factus
1946 1879 2085 1924 Filius

62 2690 178 2736 „422²”
203 2684 284 2730 ‘An
309 2697 546 2736 QUARTUM
573 2686 832 2740 dicendum,
859 2687 981 2745 quod
1007 2688 1227 2732 terminus
1258 2687 1306 2731 in
1330 2688 1538 2747 subjecto
1570 2688 1745 2747 positus
1777 2698 1956 2733 tenetur
1987 2701 2079 2732 ma-

73 2748 345 2814 ffflfiaiiter,
370 2753 487 2798 idest
511 2767 593 2812 pro
621 2754 879 2813 supposit03
906 2754 1080 2812 positus
1111 2768 1222 2798 vero
1248 2755 1295 2798 in
1321 2755 1583 2814 praedicato
1610 2765 1788 2800 tenetur
1812 2754 2080 2808 formaliter,

59 2815 245 2864 'Meet
257 2831 340 2878 pro
363 2829 525 2863 natura
550 2820 824 2879 significata3
850 2831 895 2865 et
920 2821 1025 2866 ideo
1053 2835 1159 2866 curn
1185 2821 1368 2867 dicitur.
1390 2823 1532 2867 Homo
1541 2823 1682 2882 factus
1697 2830 1754 2868 est
1773 2824 1903 2877 DeuS,
1928 2822 2080 2882 ipsum

66 2891 91 2947 ij
114 2881 215 2937 M
238 2900 333 2930 non
360 2887 612 2931 attribuitur
636 2888 867 2932 humanae
892 2899 1097 2943 naturae,
1123 2889 1202 2933 sed
1229 2890 1468 2948 supposito
1486 2890 1715 2934 humanae
1736 2900 1940 2943 naturae,
1957 2889 2079 2948 quod

63 2952 190 3000 &t
204 2952 266 2996 ab
290 2962 478 3002 aeterno
510 2955 650 3009 Deus,
684 2964 726 2999 et
752 2956 857 3000 ideo
883 2970 977 2999 non
1006 2956 1219 2999 convenit
1245 2957 1287 3000 ei
1313 2956 1411 3000 fieri
1441 2957 1616 3000 Deum:
1652 2971 1758 3000 cum
1791 2966 1943 3000 autem
1977 2956 2081 2999 dici-

28 3024 210 3080 μεᾷίιιι·
232 3019 349 3065 Deus
363 3020 504 3078 factus
527 3028 584 3066 est
608 3022 744 3076 homo,
770 3021 907 3066 factio
934 3022 1199 3080 intelligitur
1223 3024 1460 3067 terminari
1486 3024 1574 3067 ad
1564 3038 1710 3083 ipsam
1726 3024 1980 3067 humanam
2005 3036 2081 3065 na-

41 3119 42 3122 *
72 3091 288 3141 mram3
314 3097 360 3131 et
383 3087 502 3142 ideo,
528 3089 708 3148 pro'prie
740 3088 987 3148 loquendo,
1012 3090 1129 3134 haec
1157 3099 1224 3134 est
1248 3104 1379 3136 vera·
1406 3092 1522 3135 Deus
1548 3091 1692 3149 factus
1731 3097 1785 3134 est
1817 3091 1965 3134 homo:
1999 3089 2077 3133 sed

52 3144 232 3218 &haec
257 3121 325 3197 e’st
346 3151 481 3198 falsa:
507 3155 649 3199 Homo
665 3156 799 3211 factus
821 3163 878 3201 est
893 3157 1034 3201 Deus:
1054 3157 1170 3200 sicut
1192 3157 1229 3201 si
1253 3157 1480 3211 Socrates,
1501 3172 1605 3201 cum
1623 3158 1744 3216 prius
1762 3156 1898 3200 fuerit
1917 3156 2078 3209 homo,

28 3229 29 3232 ’
67 3213 276 3281 &fif‘postea
299 3218 444 3265 factus
472 3232 540 3265 est
565 3221 707 3277 albus,
733 3223 1047 3268 demonstrato
1076 3224 1282 3278 Socrate,
1307 3225 1422 3268 haec
1451 3235 1519 3268 est
1543 3239 1674 3268 vera:
1703 3224 1790 3268 Hic
1817 3224 1935 3267 homo
1962 3222 2078 3267 hodie

76 3283 250 3345 ÷Jactus
273 3293 329 3332 est
349 3286 492 3332 albus:
518 3288 631 3332 haec
659 3299 814 3333 tamen
842 3300 908 3335 est
933 3290 1068 3335 falsa.
1097 3292 1192 3336 Hoc
1218 3292 1360 3335 album
1388 3292 1504 3336 hodie
1521 3293 1686 3350 factum
1712 3298 1768 3335 est
1789 3291 1936 3335 homo:
1959 3290 2079 3334 sita-

75 3357 226 3400 men
250 3365 305 3397 ex
330 3363 454 3412 parte
478 3355 667 3413 subjecti
699 3366 943 3414 poneretur
976 3357 1158 3416 aliquod
1190 3372 1363 3402 nomen
1389 3358 1650 3416 significans
1682 3367 1890 3400 naturam
1916 3357 2080 3400 huma-

74 3409 264 3478 ,zfflam'
251 3432 298 3463 m
324 3419 565 3475 abstracto,
591 3433 745 3480 posset
774 3423 865 3468 hoc
899 3425 1040 3468 modo
1074 3424 1319 3483 significari
1350 3434 1399 3469 ut
1430 3425 1684 3483 subjectum
1710 3423 1944 3469 factionis.
1970 3434 2077 3483 puta

82 3499 103 3544 4:
118 3482 160 3528 si
185 3484 371 3541 dicatur,
395 3487 518 3546 quod
538 3498 700 3533 natura
725 3489 927 3534 humana
952 3490 1071 3535 facta
1099 3501 1166 3535 est
1191 3491 1293 3535 Filii
1318 3492 1420 3536 Dei.

65 1982 71 2002 2
106 1946 236 2003 ·Dei;
262 1947 310 1991 in
335 1961 427 2008 quo
454 1962 588 1992 sensu
615 1948 813 2006 objectio
840 1948 1138 2007 procedebat:
1167 1947 1246 1992 sed
1273 1947 1408 1992 debet
1431 1947 1627 2007 intelligi
1654 1962 1707 1992 ex
1724 1957 1852 2007 parte
1870 1947 2083 2005 subjecti:

57 2035 68 2052 ι
115 2022 171 2059 Ἅι
193 2013 251 2059 sit
274 2028 447 2069 sensuS,
469 2014 592 2074 quod
618 2014 757 2059 Filius
783 2015 873 2059 Dei
897 2014 1042 2059 factus
1068 2025 1151 2069 est,
1178 2013 1355 2059 scilicet
1378 2014 1539 2069 homo,
1563 2031 1589 2056 ‹<
1608 2015 1662 2058 ad
1679 2015 1909 2059 honorem
1925 2012 2085 2069 Patris,

65 2087 172 2127 ἡκ
194 2080 349 2127 Gloss.
376 2081 559 2140 (interl.)
587 2083 784 2141 exponit,
811 2083 1007 2127 existens
1032 2096 1087 2126 ex
1113 2081 1287 2126 semine
1313 2082 1463 2126 David
1485 2082 1738 2127 secundum
1757 2095 1942 2127 carnem
1964 2096 2012 2125 »z
2032 2096 2084 2125 ac

56 2146 374 2211 fjfi'ffleeret:
405 2148 586 2194 «Pilius
611 2148 702 2193 Dei
725 2148 871 2194 factus
898 2159 966 2194 est
991 2149 1164 2194 habens
1191 2163 1377 2193 carnem
1404 2163 1459 2194 ex
1484 2150 1659 2194 semine
1679 2149 1832 2193 David
1859 2149 1915 2193 ad
1940 2149 2086 2193 hono·

53 2221 218 2261 Μ
240 2215 330 2260 Dei
345 2231 386 2260 »-

128 2286 140 2293 ““
205 2281 282 2327 AD
304 2295 566 2328 SECUNDUM
592 2283 850 2337 dicendum,
877 2283 999 2343 quod
1024 2282 1137 2328 illud
1158 2283 1351 2328 verbum
1373 2284 1566 2343 August.
1584 2293 1653 2328 est
1672 2282 2021 2343 intelligendum
2037 2285 2083 2328 in

223 2362 374 2404 sensu,
399 2350 652 2394 secundum
682 2350 805 2410 quod
839 2365 894 2395 ex
925 2350 1004 2395 illa
1030 2351 1318 2410 susceptione
1351 2351 1685 2397 Incarnationis
1717 2350 1889 2395 facturn
1921 2361 2002 2406 est,
2036 2361 2084 2395 ut

56 2412 262 2485 {immo
288 2427 407 2462 esset
431 2417 572 2472 Deus,
599 2427 644 2462 et
668 2418 794 2462 Deus
817 2427 935 2462 esset
960 2418 1130 2462 homo:
1158 2419 1205 2462 in
1231 2433 1322 2478 quo
1350 2433 1484 2463 sensu
1512 2420 1675 2464 ambae
1700 2418 1957 2464 locutiones
1980 2428 2083 2463 sunt

59 2476 270 2543 ismae,
291 2493 341 2529 ut
361 2484 537 2528 dictum
565 2494 633 2529 est
657 2487 722 2542 (in
748 2492 859 2544 corp.
888 2486 1006 2544 art..)

172 2548 265 2596 Et
280 2550 493 2596 similiter
517 2551 764 2596 dicendum
789 2562 857 2597 est
880 2565 945 2597 AD
969 2565 1207 2607 TERTIUM3
1233 2567 1343 2597 nam
1369 2553 1569 2598 deificari
1594 2554 1718 2598 idem
1740 2563 1822 2608 est,
1843 2552 1967 2613 quod
1985 2552 2082 2597 fien
