2352 3926
0 348 2 350 ⁴
0 282 15 318 ‘'*1
0 193 18 275 W'
0 0 32 181 »W'UZQXW

606 196 886 245 ouans-rm
925 196 1090 237 Lux,
1130 172 1439 237 uincimus
1477 196 1551 236 1x.
1948 199 2051 254 733

97 300 300 356 rationis,
324 300 404 346 sed
429 300 494 347 sic
521 314 548 346 a
572 300 807 347 nativitate
833 310 1201 360 permanserunt;
1227 309 1273 346 et
1297 300 1362 346 sic
1387 299 1550 346 talibus
1583 313 1679 345 non
1704 309 1773 346 est
1795 300 1888 346 hoc
1914 314 2058 345 sacra-

97 378 304 415 mentum
328 367 648 423 exhibendum,
680 369 785 428 quia
816 369 863 413 in
895 368 959 413 eis
991 366 1119 413 nullo
1151 368 1293 413 modo
1326 368 1574 427 praecessit
1615 368 1751 427 huius
1781 368 2058 413 sacramenti

96 434 302 483 devotio:
334 441 407 480 aut
437 449 532 480 non
564 450 746 495 semper
778 445 1018 480 caruerunt
1050 450 1133 480 usu
1164 435 1376 490 rationis;
1410 444 1456 480 et
1485 445 1608 490 tunc,
1641 436 1680 480 si
1710 435 1847 495 prius,
1873 435 2058 495 quando

96 511 226 547 erant
249 512 489 561 compotes
514 517 623 548 suae
648 502 829 556 mentis,
856 502 1062 562 apparuit
1085 502 1132 546 in
1160 503 1225 547 eis
1246 502 1431 547 devotio
1457 502 1592 560 hujus
1613 503 1902 557 sacramenti,
1925 503 2060 548 debet

0 621 6 628 .
46 586 53 591 ·
96 570 162 616 eis
185 570 234 615 in
266 570 459 615 articulo
486 571 646 615 mortis
677 570 768 614 hoc
800 579 1140 614 sacramentum
1173 569 1403 614 exhiberi:
1436 569 1524 613 nisi
1555 568 1671 614 forte
1704 569 1918 614 timeatur
1949 569 2061 628 peri-

96 635 253 681 culum
283 639 497 690 vomitus,
529 635 604 681 vel
635 636 934 696 expuitionis3
967 635 1086 681 unde
1119 637 1164 680 in
1200 635 1414 681 Concilio
1449 636 1776 695 Carthaginen.
1809 637 1985 695 (scilicet
2014 650 2058 694 4.

95 717 188 750 can.
215 703 310 764 76.)
334 702 513 762 legitur,
539 713 584 748 et
608 704 801 748 habetur
825 703 872 747 in
898 704 1081 747 Decret.
1112 702 1202 759 (26.
1230 718 1267 761 q.
1296 703 1338 748 6.
1367 710 1457 762 cap.
1483 703 1568 761 8.).·
1597 719 1620 745 ε(
1642 704 1685 748 Is
1709 704 1787 762 qui
1808 705 1854 748 in
1875 703 2061 748 infirmi-

89 772 187 817 'tate
206 770 534 830 poenitentiam
550 771 675 830 petit,
693 771 731 815 si
747 784 855 815 casu
871 770 981 813 dum
999 770 1054 814 ad
1074 784 1180 814 eum
1198 770 1413 814 sacerdos
1434 770 1649 815 invitatus
1665 771 1804 825 venit,
1816 785 2059 830 oppressus

94 836 354 883 infirmitate
380 838 670 892 obmutuerit,
696 836 770 881 vel
794 838 842 881 in
867 837 1127 896 phrenesim
1153 849 1400 880 conversus
1427 836 1574 891 fuerit,
1601 838 1709 882 dent
1738 838 2058 883 testimonium

95 904 173 964 qui
195 918 299 950 eum
319 905 568 959 audierunt,
587 914 631 949 et
648 905 840 963 accipiat
862 904 1188 963 poenitentiam
1203 919 1214 957 ;
1232 914 1276 947 et
1292 903 1330 947 si
1348 903 1566 947 continuo
1586 905 1780 949 creditur
1797 906 2059 960 moriturus,

94 971 415 1018 reconcilietur
439 986 520 1031 per
545 985 706 1015 manus
731 971 1090 1030 impositionem,
1118 980 1162 1015 et
1186 969 1449 1014 infundatur
1481 971 1550 1014 ori
1582 972 1678 1029 ejus
1709 972 1994 1017 Eucharistia
2015 988 2058 1016 ».

184 1038 262 1083 An
277 1051 466 1084 PRIMUM
492 1053 602 1097 ergo
630 1038 887 1092 dicendum,
910 1038 1032 1097 quod
1060 1047 1265 1082 carentes
1298 1051 1381 1081 usu
1413 1037 1602 1082 rationis
1635 1049 1827 1097 possunt
1858 1039 2061 1084 devotio-

95 1118 204 1151 nem
228 1104 285 1151 ad
309 1115 649 1150 sacramentum
664 1106 846 1159 habere,
863 1115 1085 1164 quantum
1112 1104 1168 1149 ad
1195 1105 1373 1165 aliquos
1390 1105 1576 1164 quidem
1601 1117 1904 1165 praesentem,
1922 1121 2060 1167 quan-

95 1182 195 1219 tum
219 1172 276 1218 ad
303 1172 418 1217 alios
445 1182 598 1217 autern
623 1173 926 1232 praeteritam.

178 1239 256 1286 AD
269 1252 529 1286 SECUNDUM
546 1240 806 1294 dicendum,
819 1240 940 1299 quod
952 1239 1145 1299 Dionys.
1161 1238 1363 1299 loquitur
1372 1239 1436 1283 ibi
1446 1238 1501 1284 de
1519 1241 1841 1299 energumenis
1852 1241 2061 1286 nondum

95 1306 348 1366 baptizatis,
372 1307 420 1351 in
445 1307 607 1366 quibus
633 1306 809 1352 scilicet
832 1307 1040 1351 nondum
1062 1317 1129 1351 est
1145 1306 1214 1351 vis
1231 1306 1470 1351 daemonis
1496 1308 1707 1361 extincta,
1730 1322 1846 1366 quae
1868 1309 1993 1367 viget
2013 1309 2061 1352 in

97 1373 162 1419 eis
187 1388 268 1434 per
291 1373 514 1433 originale
539 1383 804 1433 peccatum:
832 1373 911 1418 sed
937 1373 993 1418 de
1018 1373 1270 1433 baptizatis,
1298 1374 1374 1434 qui
1403 1373 1701 1433 corporaliter
1733 1375 1786 1418 ab
1809 1375 2060 1420 immundis

96 1440 323 1500 spiritibus
348 1450 583 1495 vexantur,
610 1451 677 1486 est
702 1441 865 1485 eadem
895 1441 1025 1496 ratio,
1053 1450 1098 1485 et
1122 1441 1178 1485 de
1211 1440 1309 1486 aliis
1343 1441 1625 1496 amentibus;
1657 1441 1777 1486 unde
1811 1441 2060 1488 Cassianus

97 1507 206 1552 dicit
229 1508 388 1566 (collat.
414 1521 453 1567 7.
480 1515 570 1567 cap.
591 1510 695 1567 30.):
725 1508 852 1562 «Eis,
879 1510 955 1567 qui
982 1509 1036 1552 ab
1063 1508 1312 1553 immundis
1337 1519 1557 1554 vexantur
1593 1510 1837 1568 spiritibus,
1857 1525 2065 1555 commu·

95 1574 285 1620 nionem
301 1585 642 1620 sacrosanctam
661 1590 686 1619 a
704 1575 956 1620 senioribus
973 1575 1139 1620 nostris
1155 1589 1390 1635 nunquam
1408 1577 1703 1621 meminimus
1716 1577 2003 1622 interdictam
2021 1595 2063 1623 ».

186 1642 263 1687 AD
296 1654 512 1687 TERTIUM
553 1642 813 1698 dicendum,
847 1642 970 1701 quod
998 1642 1161 1687 eadem
1187 1643 1303 1687 ratio
1336 1653 1404 1687 est
1435 1643 1490 1687 de
1522 1644 1672 1703 pueris
1699 1654 1905 1689 recenter
1930 1645 2062 1701 natis,

98 1719 143 1754 et
167 1708 224 1753 de
250 1709 520 1763 amentibus,
546 1710 624 1768 qui
654 1724 890 1768 nunquam
921 1710 1179 1754 habuerunt
1210 1725 1343 1755 usum
1375 1711 1587 1765 rationis;
1621 1712 1739 1756 unde
1771 1712 1936 1757 talibus
1968 1727 2063 1757 non

98 1786 203 1822 sunt
217 1790 346 1822 sacra
362 1776 578 1836 mysteria
595 1776 764 1821 danda:
783 1777 991 1836 quamvis
1007 1778 1193 1836 quidam
1206 1777 1372 1823 Graeci
1385 1779 1664 1822 contrarium
1680 1778 1863 1834 faciant,
1879 1790 2064 1840 propter

98 1843 189 1888 hoc
214 1844 337 1902 quod
361 1843 554 1903 Dionys.
582 1856 622 1888 2.
650 1859 747 1903 cap.
777 1844 978 1888 Coelest.
1006 1845 1129 1889 Hier.
1157 1845 1257 1903 (cir.
1285 1845 1411 1903 med.)
1438 1846 1561 1900 dicit,
1592 1847 1828 1905 baptizatis
1862 1861 1961 1892 esse
1994 1861 2061 1891 sa-

100 1924 228 1955 cram
243 1911 624 1955 communionem
658 1911 872 1965 dandam,
898 1926 994 1956 non
1018 1911 1339 1970 intelligentes,
1357 1912 1481 1971 quod
1502 1913 1755 1972 Dionysius
1778 1914 1839 1958 ibi
1860 1913 2062 1973 loquitur

99 1977 156 2022 de
178 1977 407 2037 baptismo
434 1977 707 2022 adultorum.
734 1978 831 2023 Nec
858 1988 1013 2023 tamen
1040 1993 1120 2038 per
1145 1979 1236 2023 hoc
1263 1978 1449 2038 aliquod
1476 1979 1803 2024 detrimentum
1834 1981 1957 2025 vitae
1988 1995 2064 2040 pa-

98 2044 283 2099 tiuntur,
308 2054 491 2104 propter
514 2045 606 2089 hoc
629 2046 751 2104 quod
776 2045 1005 2090 Dominus
1027 2046 1137 2090 dicit
1155 2046 1285 2103 Joan.
1313 2045 1375 2090 6.:
1403 2047 1499 2091 Nisi
1522 2047 1877 2092 manducaveritis
1893 2063 2064 2093 carnem

13 2152 23 2156 -
99 2112 203 2157 Filii
217 2112 410 2165 hominis,
436 2118 474 2156 et
504 2113 689 2157 biberitis
713 2116 799 2170 ejus
823 2114 1076 2170 sanguinem,
1099 2128 1183 2157 non
1206 2114 1404 2159 habebitis
1429 2115 1565 2159 vitam
1582 2116 1626 2158 in
1643 2116 1787 2160 vobis:
1806 2116 1925 2174 quia,
1948 2115 2066 2159 sicut

100 2178 294 2237 August.
319 2179 473 2224 scribit
503 2179 740 2223 Bonifacio
770 2179 881 2236 (vide
911 2181 1013 2239 Sup.
1047 2195 1085 2239 q.
1114 2194 1170 2239 73.
1204 2187 1286 2225 art.
1307 2196 1344 2239 3.
1378 2180 1432 2225 ad
1452 2183 1525 2235 L),
1563 2197 1587 2223 «
1612 2191 1721 2225 tunc
1754 2183 2065 2241 unusquisque

100 2245 303 2291 fidelium
336 2246 555 2305 corporis,
596 2257 640 2290 et
679 2247 912 2305 sanguinis
949 2247 1142 2291 Domini
1175 2248 1398 2306 particeps
1430 2247 1479 2292 fit
1511 2247 1706 2306 (scilicet
1747 2249 2061 2307 spiritualiter)

100 2312 283 2372 quando
307 2313 354 2357 in
379 2313 648 2372 baptismate
675 2314 933 2357 membrum
952 2315 1154 2373 corporis
1173 2315 1343 2359 Christi
1361 2313 1553 2359 efficitur
1578 2331 1625 2360 »ε
1653 2314 1732 2359 sed
1759 2316 1942 2375 quando
1969 2317 2062 2374 jam

100 2380 230 2440 pueri
253 2379 476 2439 incipiunt
498 2380 743 2440 aliqualem
769 2395 903 2425 usum
929 2382 1118 2426 rationis
1143 2381 1327 2436 habere,
1355 2392 1404 2426 ut
1429 2382 1606 2441 possint
1637 2383 1933 2428 devotionem
1960 2398 2068 2428 con-

101 2447 252 2507 cipere
274 2446 410 2507 hujus
435 2448 721 2503 sacramenti,
745 2457 853 2493 tunc
878 2458 1030 2507 potest
1050 2449 1115 2493 eis
1141 2449 1232 2493 hoc
1254 2459 1596 2495 sacramentum
1622 2449 1833 2495 conferri.

780 2632 1214 2699 ARTICULUS
1257 2635 1327 2690 x.
1962 2649 2064 2708 ,487

253 2766 445 2806 UTRUM
477 2766 677 2806 LICEAT
707 2768 984 2814 QUOTIDIE
1018 2769 1136 2808 HOC
1166 2770 1578 2810 SACRAMENTUM
1605 2771 1914 2810 SUSCIPERE.

544 2877 605 2935 (4.
623 2878 733 2922 Dist.
753 2893 815 2923 12.
839 2894 877 2937 q.
893 2894 927 2938 3.
946 2886 1026 2924 art.
1050 2896 1085 2925 ι.
1103 2887 1142 2926 et
1167 2897 1201 2926 1.
1233 2880 1333 2925 Cor.
1357 2893 1417 2926 11.
1436 2881 1524 2925 lect.
1553 2880 1628 2939 7.).

193 2989 270 3034 An
293 3002 516 3034 DECIMUM
542 2988 606 3032 sic
627 2989 898 3048 proceditur.
924 2989 1128 3046 Videtur,
1155 2992 1278 3050 quod
1304 3006 1398 3036 non
1425 2992 1560 3035 liceat
1576 2989 1777 3050 quotidie
1803 2990 1895 3034 hoc
1922 3003 2068 3034 sacra-

106 3066 311 3101 mentum
337 3057 588 3115 suscipere:
608 3056 863 3100 sicutenim
878 3057 1130 3116 baptismus
1148 3068 1456 3118 repraesentat
1473 3058 1770 3102 Dominicam
1788 3056 2066 3116 passionem,

104 3123 169 3167 ita
192 3133 238 3167 et
257 3123 348 3173 h‚oc
375 3133 737 3168 sacramentum:
770 3123 849 3168 sed
875 3124 1109 3178 nonlicet
1129 3126 1296 3185 pluries
1323 3126 1553 3184 baptizari,
1586 3125 1664 3169 sed
1690 3124 1846 3182 ,semel
1872 3133 2066 3178 tanturn,

106 3189 211 3249 quia
232 3190 416 3235 Christus
440 3190 560 3234 semel
577 3200 754 3234 tantum
767 3193 1047 3249 propeccatis
1067 3194 1216 3236 nostris
1238 3199 1424 3236 mortuus
1449 3198 1517 3244 est,
1546 3201 1594 3235 ut
1621 3191 1784 3234 dicitur
1812 3204 1847 3234 1.
1871 3191 1990 3235 Petr.
2013 3204 2066 3250 3.;

107 3270 217 3316 ergo
242 3257 431 3310 videtur,
459 3258 580 3315 quod
612 3271 706 3300 non
733 3256 868 3302 liceat
898 3258 988 3301 hoc
1022 3270 1360 3303 sacramentum
1388 3258 1590 3316 quotidie
1622 3259 1865 3317 suscipere.

195 3336 236 3368 2.
254 3323 551 3369 PRAETEREA.
579 3323 755 3368 Veritas
784 3323 918 3369 debet
942 3326 1215 3384 respondere
1234 3326 1429 3384 figurae:
1449 3325 1525 3368 sed
1550 3339 1692 3383 agnus
1719 3325 1960 3383 paschalis,
1988 3326 2067 3385 qui

106 3389 192 3435 fuit
213 3390 358 3449 figura
389 3391 630 3450 praecipua
663 3391 796 3449 hujus
828 3393 1115 3447 sacramenti,
1148 3404 1197 3436 ut
1222 3407 1356 3450 supra
1383 3392 1557 3435 dictum
1590 3402 1657 3436 est
1684 3393 1743 3450 (q.
1779 3406 1836 3451 73.
1864 3400 1944 3437 art.
1980 3394 2060 3451 6.),

107 3471 203 3502 non
234 3458 593 3503 manducabatur
623 3458 710 3502 nisi
741 3458 884 3503 semel
909 3458 955 3502 in
983 3473 1126 3504 anno:
1161 3459 1303 3504 semel
1330 3460 1466 3503 etiam
1499 3460 1544 3502 in
1572 3473 1693 3503 anno
1720 3459 1926 3505 Ecclesia
1952 3460 2068 3506 cele-

108 3525 210 3569 brat
232 3524 403 3570 Christi
427 3519 702 3584 passionem,
721 3526 847 3582 cujus
862 3525 952 3569 hoc
974 3536 1311 3570 sacramentum
1329 3537 1396 3570 est
1414 3526 1708 3580 memoriale3
1737 3541 1847 3585 ergo
1874 3527 2065 3582 videtur,

110 3591 233 3652 quod
257 3605 351 3637 non
367 3591 502 3637 liceat
518 3593 720 3651 quotidie
741 3606 923 3637 sumere
940 3592 1031 3637 hoc
1049 3603 1402 3649 sacramentum,
1419 3593 1499 3638 sed
1516 3592 1667 3638 solum
1690 3593 1834 3638 semel
1858 3594 1905 3639 in
1927 3608 2063 3640 anno.
