2352 3926
692 187 971 235 QUAEsno
1013 186 1120 226 L1v.
1160 185 1469 227 Alimentus
1509 185 1565 224 11.
1996 184 2105 239 457

141 288 313 342 Matth.
330 302 421 337 10.:
456 290 590 336 Vestri
599 296 736 335 autem
755 290 900 350 capilli
913 290 1063 350 capitis
1074 303 1212 334 omnes
1225 289 1439 335 numerati
1458 294 1566 342 sunt,
1586 296 1631 331 et
1646 286 1801 331 Lucae
1826 299 1897 332 21.
1924 285 2108 331 dicitur:

139 355 343 418 ·-Capi11us
358 356 406 402 de
423 359 556 418 capite
571 363 704 403 vestro
718 372 803 402 non
813 358 973 417 peribit
982 373 998 410 ;
1028 357 1177 401 dicere
1195 366 1364 411 autern,
1382 355 1503 415 quod
1522 369 1686 414 corpus
1713 353 1886 401 Christi
1911 367 2110 406 carnem,

59 419 73 463 ⁶5
149 432 197 473 et
220 437 325 471 ossa
350 438 445 469 non
476 424 699 479 habuerit,
732 434 777 469 et
808 424 919 468 alias
950 424 1214 482 hujusmodi
1246 433 1395 482 partes
1426 423 1631 466 humano
1659 421 1840 480 corpori
1865 419 2110 472 naturales,

51 490 74 533 *l
149 492 343 551 pertinet
374 491 430 535 ad
467 505 668 535 errorem
707 491 918 550 Eutychii
958 489 1496 549 Constantinopolitanae
1530 489 1652 533 urbis
1693 488 1911 548 episcopi,
1943 486 2020 546 qui
2052 486 2114 530 di-

150 556 282 603 cebat
307 557 372 615 (ut
402 558 533 603 habet.
571 558 746 617 Gregor.
785 571 851 615 14.
885 557 1041 601 Moral.
1076 564 1169 617 cap.
1202 558 1291 615 29.)
1322 556 1443 615 quod
1480 571 1503 596 «
1527 570 1692 614 corpus
1718 565 1926 600 nostrum
1962 554 2009 597 in
2035 552 2113 597 illa

148 625 490 670 resurrectionis
522 624 667 684 gloria
702 625 786 669 erit
815 622 1123 682 impalpabile,
1158 633 1202 666 et
1231 623 1392 676 ventis,
1427 627 1619 681 aereque
1653 621 1884 677 subtilius;
1914 631 1959 666 et
1990 619 2112 680 quod

148 691 379 737 Dominus
405 702 508 751 post
534 691 800 737 confirmata
835 691 973 735 corda
1007 689 1334 749 discipulorum
1362 689 1659 748 palpantium,
1687 704 1825 734 omne
1851 688 1963 734 illud
1990 687 2113 748 quod

150 758 199 803 in
226 773 283 803 eo
309 758 482 819 palpari
499 760 659 819 potuit,
672 759 717 802 in
736 758 1030 802 subtilitatem
1055 756 1254 815 aliquam
1276 757 1452 815 redegit
1473 772 1524 811 »3
1551 757 1673 815 quod
1691 757 1861 801 ibidem
1886 755 2115 815 improbat

152 824 402 885 Gregorius
428 827 487 884 (et
517 826 626 870 hom.
658 826 729 871 26.
765 827 808 869 in
840 826 1004 882 Evang.
1038 838 1063 867 a
1088 823 1269 883 princ),
1299 824 1403 882 quia
1437 837 1601 882 corpus
1637 823 1808 868 Christi
1839 833 1946 884 post
1973 837 2115 868 resur-

150 893 403 937 rectionem
428 893 721 936 immutatum
746 906 839 935 non
866 890 963 945 fuit,
989 890 1242 935 secundum
1274 889 1385 934 illud
1419 890 1555 933 Rom.
1590 888 1651 934 6.:
1682 890 1870 935 Christus
1902 904 2114 949 resurgens

148 974 200 1006 ex
223 961 400 1005 mortuis
419 962 513 1018 J'am
538 974 621 1004 non
647 960 852 1011 moritum
882 958 1000 1002 unde
1029 967 1073 1002 et
1108 956 1200 1011 ille,
1228 971 1343 1016 quae
1369 956 1567 1013 fdixerat,
1593 957 1639 1000 in
1666 967 1814 1001 morte
1839 957 2112 1002 retractavit.

151 1025 202 1071 Si
226 1026 351 1071 enim
374 1026 702 1070 inconveniens
729 1036 810 1080 est,
836 1035 886 1069 ut
913 1025 1122 1070 Christus
1150 1023 1331 1068 alterius
1369 1034 1557 1068 naturae
1577 1038 1740 1083 corpus
1769 1024 1815 1068 in
1843 1038 1922 1068 sua
1951 1038 2116 1069 conce-

139 1092 305 1152 ptione
323 1093 680 1152 acciperet,puta
698 1092 911 1146 coeleste,
930 1095 1046 1136 sicut
1062 1091 1333 1136 Valentinus
1351 1092 1554 1145 asseruit,
1572 1090 1718 1136 multo
1738 1091 1884 1150 magis
1901 1092 2115 1136 inconve-

150 1158 280 1204 niens
313 1169 394 1214 est,
427 1160 549 1219 quod
582 1161 627 1204 in
659 1160 989 1204 resurrectione
1023 1159 1205 1204 alterius
1231 1169 1418 1203 naturae
1457 1172 1621 1218 corpus
1659 1158 1974 1217 resumpserit:
2008 1158 2113 1217 quia

150 1240 314 1287 corpus
338 1227 386 1271 in
410 1228 740 1272 resurrectione
763 1227 1007 1287 resumpsit
1024 1226 1080 1270 ad
1095 1226 1239 1271 vitam
1255 1225 1583 1281 immortalem,
1601 1226 1724 1286 quod
1746 1226 1793 1269 in
1811 1226 2112 1286 conceptione

149 1303 432 1354 assumperat
457 1294 513 1338 ad
539 1294 680 1339 vitam
708 1294 967 1339 mortalem.

237 1361 314 1407 AD
345 1374 534 1407 PR1MUM
559 1375 670 1420 ergo
698 1362 958 1416 dicendum,
984 1361 1107 1421 quod
1134 1375 1257 1416 caro,
1285 1371 1330 1406 et
1354 1361 1539 1420 sanguis
1564 1361 1627 1405 ibi
1651 1375 1746 1405 non
1773 1359 1992 1419 accipitur
2025 1374 2107 1420 pro

148 1437 310 1473 natura
327 1428 490 1482 carnis,
507 1438 552 1473 et
566 1429 814 1487 sanguinis,
832 1429 910 1473 sed
927 1428 1003 1473 vel
1023 1443 1105 1489 pro
1123 1428 1256 1487 culpa
1267 1415 1442 1483 ‘carnis,
1452 1439 1497 1474 et
1512 1429 1761 1488 sanguinis,
1783 1429 1900 1474 sicut
1921 1428 2114 1488 Gregor.

149 1495 258 1540 dicit
286 1495 335 1540 in
365 1507 432 1550 14.
464 1495 627 1540 Moral.
655 1496 753 1554 (loc.
779 1504 870 1556 sup.
899 1496 1008 1553 cit),
1036 1495 1111 1540 vel
1146 1510 1229 1555 pro
1268 1497 1562 1555 corruptione
1596 1497 1758 1550 carnis,
1785 1506 1831 1541 et
1856 1496 2112 1555 sanguinis:

148 1562 268 1622 quia,
285 1572 335 1607 ut
357 1562 551 1622 August.
578 1563 687 1607 dicit
712 1562 768 1606 ad
796 1562 1100 1607 Consentium
1125 1563 1181 1607 de
1198 1563 1453 1608 Resurrect.
1482 1563 1631 1607 carnis
1658 1563 1792 1624 (epist.
1806 1563 1902 1621 146.
1922 1578 1948 1608 α
1965 1563 2070 1608 med.
2070 1563 2113 1621 )‚

153 1645 178 1671 ι(
198 1643 293 1674 non
317 1629 380 1673 ibi
405 1629 491 1673 erit
514 1631 761 1688 corruptio,
789 1639 833 1674 et
858 1630 1112 1674 mortalitas
1140 1632 1302 1684 carnis,
1329 1640 1374 1674 et
1399 1631 1632 1689 sanguinis
1653 1647 1676 1673 »
1697 1645 1707 1674 ε
1736 1645 1844 1675 caro
1876 1630 2014 1690 igitur
2045 1645 2115 1675 se—

151 1696 350 1743 cundum
376 1696 675 1741 substantiam
696 1696 898 1755 possidet
923 1710 1116 1755 regnum
1141 1697 1243 1751 Dei,
1270 1697 1524 1741 secundum
1551 1698 1672 1756 quod
1701 1698 1873 1741 dictum
1901 1708 1968 1742 est
1985 1698 2113 1756 (Luc.

149 1763 269 1819 ult.).·
292 1763 478 1823 Spiritus
509 1778 691 1817 carnem,
726 1769 762 1808 et
793 1778 881 1808 ossa
912 1779 996 1808 non
1029 1765 1161 1818 habet,
1188 1766 1294 1809 sicut
1325 1780 1388 1809 me
1419 1765 1567 1810 videtis
1600 1766 1775 1810 habere:
1804 1779 1911 1809 caro
1946 1775 2113 1818 autem,

153 1844 258 1875 cum
282 1830 535 1875 secundum
562 1831 908 1889 corruptionem
934 1831 1212 1890 intelligitur,
1239 1846 1333 1876 non
1360 1833 1619 1891 possidebit,
1648 1832 1767 1877 unde
1796 1833 2014 1877 continuo
2043 1833 2115 1877 ad-

150 1896 294 1942 ditum
321 1907 389 1941 est
412 1897 459 1940 in
485 1898 632 1941 verbis
659 1897 901 1956 Apostoli:
929 1899 1071 1957 Neque
1098 1901 1312 1958 corruptio
1335 1901 1674 1958 incorruptelam.

241 1964 318 2009 An
350 1977 611 2009 SECUNDUM
647 1964 904 2019 dicendum,
942 1965 1080 2023 quod,
1117 1966 1233 2010 sicut
1268 1966 1550 2025 Augustinus
1590 1967 1698 2011 dicit
1723 1967 1770 2010 in
1799 1967 1964 2012 eodem
1996 1967 2111 2011 libro

143 2032 251 2091 (loc.
276 2034 347 2078 cit.
365 2039 524 2092 parum
548 2046 574 2076 a
588 2033 767 2091 princ),
797 2048 820 2073 «
840 2031 1059 2086 fortassis,
1084 2043 1271 2092 accepta
1296 2034 1541 2078 occasione
1564 2034 1812 2092 sanguinis,
1831 2035 2008 2093 urgebit
2030 2048 2114 2078 nos

3 2131 7 2149 2
140 2098 388 2149 >molestior
412 2109 729 2158 perscrutator,
754 2109 799 2144 et
824 2099 1041 2167 dicetrSi
1057 2101 1242 2159 sanguis
1259 2101 1306 2144 in
1324 2115 1517 2159 corpore
1537 2100 1710 2145 Christi
1725 2102 1999 2160 resurgentis
2015 2100 2114 2155 fuit,

49 2166 77 2188 ‘⁵
143 2180 232 2215 em·
245 2180 341 2213 non
358 2176 404 2212 et
419 2167 632 2226 pituita»,
648 2166 765 2211 idest
780 2167 1012 2226 phlegma,
1042 2183 1066 2208 (ι
1079 2181 1158 2212 cur
1176 2181 1270 2212 non
1289 2177 1333 2212 et
1349 2167 1411 2212 fel
1427 2167 1597 2212 flavum
1611 2185 1652 2222 »‚
1671 2168 1787 2213 idest
1809 2169 2010 2224 cholera,
2030 2184 2053 2210 «
2071 2179 2116 2214 et

149 2231 214 2286 fel
235 2233 475 2293 nigrum»,
501 2233 618 2279 idest
643 2233 965 2288 melancholia,
978 2251 1002 2276 <‹
1020 2234 1181 2293 quibus
1200 2244 1394 2294 quatuor
1420 2235 1690 2279 humoribus
1727 2245 1937 2280 naturam
1967 2236 2115 2280 carnis

143 2301 391 2360 temperari
417 2302 555 2345 etiam
581 2301 834 2345 medicinae
861 2300 1100 2361 disciplina
1121 2302 1338 2346 testatur?
1368 2301 1458 2346 Sed
1477 2301 1712 2360 quodlibet
1738 2303 1941 2362 quisquis
1966 2303 2115 2357 addat,

152 2368 493 2428 corruptionem
510 2368 675 2413 addere
692 2378 864 2423 caveat,
880 2383 938 2413 ne
956 2383 1065 2413 suae
1084 2369 1190 2413 fidei
1205 2370 1462 2424 sanitatem,
1477 2370 1823 2430 castitatemque
1837 2381 2116 2430 corrumpat;

7 2472 9 2474 ·
137 2434 276 2493 -va-let
298 2435 422 2481 enim
447 2435 599 2480 divina
624 2435 827 2495 potentia
854 2436 909 2480 de
941 2436 1027 2480 ista
1051 2436 1232 2490 visibili,
1260 2446 1395 2496 atque
1416 2436 1642 2481 tractabili
1666 2447 1827 2482 natura
1854 2453 2116 2498 corporum,

154 2502 425 2562 quibusdam
441 2503 743 2557 manentibus,
770 2502 960 2557 auferre,
986 2517 1098 2562 quas
1124 2502 1334 2558 voluerit,
1354 2503 1609 2563 qualitates,
1635 2514 1683 2548 ut
1707 2505 1821 2549 absit
1842 2505 1966 2550 labes
1985 2522 2008 2547 >›
2035 2506 2117 2550 sci-

154 2567 262 2615 licet
285 2570 601 2629 corruptionis,
627 2587 651 2613 c<
671 2569 786 2614 adsit
821 2569 1008 2629 effigies,
1036 2570 1152 2615 adsit
1176 2572 1338 2626 motio,
1356 2571 1472 2616 absit
1495 2569 1726 2630 fatigati03
1761 2572 1877 2617 adsit
1901 2573 2117 2618 vescendi

156 2645 371 2696 potestas,
397 2637 511 2682 absit
535 2637 761 2683 esuriendi
785 2637 1030 2683 necessitas
1053 2654 1093 2681 ».

247 2702 324 2748 AD
350 2714 564 2750 TERTIUM
590 2704 848 2759 dicendum,
871 2706 993 2763 quod
1019 2715 1141 2749 totus
1163 2706 1362 2764 sanguis,
1381 2706 1458 2765 qui
1484 2707 1541 2751 de
1567 2719 1760 2766 corpore
1779 2707 1953 2753 Christi
1974 2708 2115 2763 fluxit,

161 2782 267 2813 cum
293 2768 349 2813 ad
373 2771 609 2815 veritatem
634 2771 865 2816 humanae
891 2782 1078 2816 naturae
1105 2773 1341 2831 pertineat,
1363 2773 1410 2816 in
1438 2787 1630 2832 corpore
1654 2774 1826 2819 Christi
1850 2775 2113 2820 resurrexit:

162 2844 208 2880 et
232 2835 395 2880 eadem
421 2837 534 2880 ratio
566 2847 634 2882 est
663 2839 719 2883 de
751 2838 964 2883 omnibus
992 2839 1223 2898 particulis
1257 2840 1313 2883 ad
1345 2841 1597 2894 veritatem,
1631 2851 1675 2885 et
1706 2841 2011 2901 integritatem
2037 2843 2116 2886 hu-

160 2916 324 2947 manae
349 2910 534 2948 naturae
559 2903 907 2962 pertinentibus:
934 2906 1118 2964 sanguis
1146 2916 1299 2951 autem
1325 2906 1416 2961 ille,
1436 2907 1513 2966 qui
1538 2908 1584 2951 in
1607 2909 1875 2967 quibusdam
1899 2908 2112 2953 Ecclesiis

159 2982 242 3027 pro
268 2968 468 3028 reliquiis
494 2981 800 3025 conservatur,
826 2986 919 3017 non
945 2972 1072 3016 fluxit
1098 2973 1153 3017 de
1180 2973 1320 3018 latere
1339 2974 1527 3031 Christi,
1546 2975 1624 3019 sed
1651 2975 1926 3020 miraculose
1952 2975 2114 3020 dicitur

160 3035 386 3080 effluxisse
413 3036 468 3082 de
492 3037 689 3096 quadam
712 3038 913 3099 imagine
942 3040 1113 3085 Christi
1140 3054 1367 3099 percussa.

862 3188 1294 3246 ARTICULUS
1334 3189 1435 3244 111.
2032 3214 2117 3260 300

397 3307 591 3347 UTRUM
624 3306 842 3347 CHRISTI
875 3308 1085 3349 CORPUS
1113 3311 1518 3350 RESURREXERIT
1554 3309 1891 3348 GLORIOSUM.

254 3399 383 3460 (Infr.
410 3414 450 3458 q.
466 3414 525 3459 55.
551 3404 632 3444 art.
661 3400 703 3446 6.
730 3399 784 3443 ad
814 3413 856 3457 4.
882 3405 921 3446 et
947 3401 1100 3458 Quodl.
1124 3417 1161 3462 5.
1189 3418 1227 3462 q.
1255 3417 1295 3448 2.
1318 3410 1400 3447 art.
1432 3415 1468 3446 1.
1497 3408 1535 3447 et
1560 3409 1696 3461 opusc.
1724 3417 1759 3460 3.
1788 3408 1878 3460 cap.
1904 3401 2032 3460 245).

254 3504 330 3550 An
357 3517 572 3549 ’renuo-M
598 3503 663 3548 sic
689 3503 962 3563 proceditur.
978 3504 1182 3562 Videtur,
1200 3507 1321 3566 quod
1339 3521 1503 3566 corpus
1523 3506 1691 3550 Christi
1714 3520 1807 3550 non
1826 3507 2117 3552 resurrexerit

165 3569 443 3631 gloriosum:
472 3584 664 3630 corpora
691 3570 814 3615 enim
840 3569 1040 3630 gloriosa
1065 3583 1170 3618 sunt
1193 3572 1427 3633 fulgentia,
1445 3573 1696 3617 secundum
1722 3572 1833 3617 illud
1850 3573 2010 3619 Matth.
2033 3587 2114 3633 13.:
