2352 3926
296 232 363 288 25
372 233 402 271 2
820 232 1099 278 QUAESTIO
1139 232 1290 270 XXIX.
1331 231 1638 272 ARTICULUS
1677 232 1714 272 1.

296 334 510 378 Ambros.
538 333 646 377 dicit
673 333 844 390 (ibid.):
883 350 906 375 «
928 333 1037 378 Non
1070 333 1222 378 decuit
1250 334 1499 393 virginibus
1532 335 1711 380 sinistra
1747 333 1963 394 opinione
1997 334 2254 380 viventibus

295 400 507 444 velamen
534 401 836 444 excusationis
863 400 1071 459 relinqui,
1097 401 1220 460 quod
1255 401 1473 446 infamata
1504 402 1651 446 Mater
1692 415 1874 461 quoque
1907 402 2101 447 Domini
2130 401 2256 447 vide-

297 478 418 511 retur
437 483 486 521 »3
513 474 676 525 quarto,
701 468 806 526 quia
824 482 903 526 per
919 468 1008 512 hoc
1033 468 1312 527 significatur
1329 470 1540 514 universa
1562 469 1791 524 Ecclesia;
1818 484 1934 529 quae
1959 486 1984 512 c<
2006 485 2112 516 cum
2122 470 2258 530 virgo

297 535 367 588 sit,
395 535 666 592 desponsata
692 544 847 578 tamen
875 545 942 579 est
963 536 1042 578 uni
1059 536 1156 580 viro
1177 536 1363 581 Christo
1380 554 1422 591 »,
1441 547 1490 581 ut
1516 538 1709 596 August.
1728 537 1837 580 dicit
1853 537 1900 581 in
1921 536 2000 582 lib.
2017 538 2073 582 de
2091 537 2260 582 Sancta

297 601 569 659 Virginitate
599 602 710 661 (cap.
738 603 839 660 12).
866 602 1023 646 Potest
1049 603 1187 647 etiam
1215 613 1259 648 et
1294 606 1441 662 quinta
1465 605 1580 648 ratio
1614 618 1726 658 esse,
1745 603 1867 663 quod
1894 604 2042 648 Mater
2069 605 2261 648 Domini

296 667 379 711 fuit
402 669 690 726 desponsata,
718 679 761 713 et
785 669 937 728 virgo;
966 670 1070 728 quia
1087 670 1133 714 in
1151 685 1346 729 persona
1363 671 1503 730 ipsius
1523 682 1567 715 et
1577 672 1829 730 virginitas,
1847 681 1892 716 et
1911 672 2259 717 matrimonium

295 736 561 790 honoratur,
589 746 746 779 contra
773 737 1027 781 haereticos
1054 737 1182 781 alteri
1206 738 1374 782 horum
1401 739 1700 783 detrahentes.

386 803 462 845 Ao
479 816 667 847 PnrMuM
685 818 794 862 ergo
823 804 1081 858 dicendum,
1110 805 1230 863 quod
1259 806 1398 849 Beata
1420 806 1564 865 Virgo
1592 808 1739 851 Mater
1765 807 1854 851 Dei
1879 821 1933 851 ex
1958 806 2173 852 familiari
2198 807 2261 851 in-

298 870 464 914 stinctu
493 871 684 929 Spiritus
714 871 869 914 Sancti
896 872 1121 915 credenda
1148 883 1215 915 est
1241 872 1506 931 desponsari
1528 874 1743 928 voluisse,
1768 874 2002 919 confidens
2028 874 2085 919 de
2107 874 2260 918 divino

301 937 484 988 auxilio,
511 938 632 996 quod
659 953 893 997 nunquam
921 939 977 982 ad
1005 938 1237 982 carnalem
1265 940 1480 998 copulam
1506 941 1784 1000 perveniret:
1811 941 1904 986 hoc
1927 951 2085 986 tamen
2108 940 2263 986 divino

301 1005 534 1050 commisit
561 1005 772 1051 arbitrio:
798 1006 918 1050 unde
944 1006 991 1049 in
1017 1005 1144 1050 nullo
1168 1006 1493 1051 detrimentum
1518 1022 1652 1067 passa
1679 1019 1746 1053 est
1770 1009 2021 1068 virginitas.
2099 1053 2103 1056 ,

390 1073 467 1116 AD
494 1086 756 1117 SECUNDUM
782 1073 1043 1127 dicendum,
1071 1073 1209 1132 quod,
1236 1073 1353 1118 sicut
1378 1074 1649 1120 Ambrosius
1678 1076 1788 1120 dicit
1812 1090 1946 1136 super
1970 1076 2147 1121 Lucam
2163 1075 2264 1134 (loc.

302 1141 370 1184 cit.
388 1141 434 1184 in
444 1141 584 1199 princ.
615 1139 772 1200 corp.),
799 1156 822 1181 t<
840 1139 1000 1184 maluit
1020 1140 1251 1184 Dominus
1279 1139 1456 1199 aliquos
1483 1141 1538 1186 de
1557 1142 1627 1186 sui
1644 1153 1763 1197 ortu,
1781 1136 1920 1202 quam
1937 1143 1994 1188 de
2010 1143 2169 1188 matris
2190 1156 2267 1202 pu-

302 1207 413 1252 dore
440 1207 642 1252 dubitare
661 1223 671 1262 ;
690 1208 860 1252 sciebat
887 1208 1025 1262 enim,
1051 1217 1259 1252 teneram
1276 1222 1374 1252 esse
1392 1207 1594 1267 Virginis
1610 1210 1949 1266 verecundiam,
1974 1220 2021 1255 et
2041 1210 2265 1255 lubricam

299 1274 475 1319 famam
501 1275 702 1335 pudoris,
727 1289 812 1319 nec
846 1275 1019 1333 putavit
1051 1285 1175 1319 ortus
1208 1275 1278 1319 sui
1313 1275 1452 1319 fidem
1490 1277 1646 1321 matris
1687 1277 1861 1336 injuriis
1898 1278 2189 1323 astruendam
2212 1293 2266 1332 »ς

302 1343 539 1387 sciendum
565 1353 734 1399 tamen,
762 1344 885 1402 quod
911 1343 1241 1388 miraculorum
1266 1344 1356 1388 Dei
1381 1337 1586 1404 quaedam
1607 1355 1725 1400 sunt,
1752 1345 1808 1390 de
1841 1345 2002 1405 quibus
2031 1354 2102 1390 est
2129 1343 2266 1389 fides:

301 1412 418 1455 sicut
449 1410 723 1455 miraculum
753 1411 948 1470 virginei
979 1421 1147 1470 partus,
1181 1421 1226 1455 et
1256 1413 1600 1457 resurrectionis
1637 1413 1844 1467 Domini,
1871 1423 1916 1457 et
1947 1412 2086 1458 etiam
2112 1411 2270 1457 Sacra-

302 1478 446 1522 menti
473 1478 646 1522 altaris:
676 1488 720 1522 et
744 1478 850 1522 ideo
883 1478 1114 1522 Dominus
1146 1478 1294 1524 voluit
1325 1480 1410 1524 ista
1444 1479 1698 1524 occultiora
1730 1494 1845 1535 esse,
1877 1490 1928 1525 ut
1958 1479 2072 1525 fides
2108 1491 2270 1525 eorum

302 1547 450 1605 magis
469 1546 700 1590 meritoria
729 1556 868 1601 esset3
897 1546 1102 1605 quaedam
1123 1561 1231 1591 vero
1250 1547 1473 1591 miracula
1491 1558 1596 1592 sunt
1613 1547 1670 1592 ad
1686 1547 1793 1592 fidei
1810 1547 2266 1607 comprobationem:

305 1626 349 1658 et
373 1615 459 1658 ista
486 1615 652 1658 debent
678 1628 776 1658 esse
804 1613 1059 1658 manifesta.

394 1683 471 1726 AD
499 1694 715 1726 TERTIUM
739 1681 998 1735 dicendum,
1017 1682 1155 1740 quod,
1173 1682 1289 1726 sicut
1314 1682 1598 1741 Augustinus
1617 1683 1726 1727 dicit
1740 1683 1788 1726 in
1810 1697 1847 1742 3.
1866 1682 1922 1728 de
1941 1681 2069 1728 Trin.
2087 1681 2269 1741 (implic-

305 1758 397 1810 cap.
423 1764 461 1809 7.
481 1757 518 1794 et
535 1751 574 1795 8.
573 1749 614 1807 ),
634 1748 842 1792 diabolus
860 1748 1005 1792 multa
1022 1759 1173 1808 potest
1188 1750 1352 1794 virtute
1372 1765 1480 1795 suae
1499 1761 1703 1804 naturae,
1731 1764 1756 1794 a
1773 1750 1935 1809 quibus
1947 1759 2103 1795 tamen
2120 1747 2273 1808 prohi-

305 1818 435 1861 betur
459 1818 624 1862 virtute
651 1817 827 1861 divina:
857 1827 901 1860 et
925 1817 1017 1860 hoc
1046 1817 1197 1861 modo³
1214 1828 1363 1876 potest
1385 1818 1488 1872 dici,
1512 1819 1633 1877 quod
1652 1818 1816 1862 virtute
1838 1829 2026 1862 naturae
2048 1829 2158 1861 suae
2177 1816 2272 1860 dia-

304 1885 438 1930 bolus
466 1899 746 1944 cognoscere
776 1894 966 1944 poterat,
999 1884 1196 1928 Matrem
1219 1886 1306 1929 Dei
1332 1900 1426 1929 non
1451 1885 1588 1930 fuisse
1614 1895 1888 1944 corruptam,
1914 1884 1995 1928 sed
2019 1883 2271 1943 virginem:

307 1953 631 2011 prohibebatur
656 1962 812 1996 tamen
846 1966 871 1995 a
903 1953 1005 1995 Deo
1039 1966 1319 2010 cognoscere
1353 1954 1545 1997 modum
1578 1963 1730 2012 partus
1764 1951 1926 1997 divini:
1960 1950 2083 2010 quod
2117 1959 2270 1994 autem

307 2021 604 2078 postmodum
632 2034 738 2064 eum
772 2019 1027 2078 aliqualiter
1054 2021 1272 2078 cognovit
1299 2020 1506 2064 diabolus
1534 2034 1631 2064 esse
1658 2019 1823 2063 Filium
1850 2019 1954 2074 Dei,
1980 2032 2075 2062 non
2102 2017 2271 2062 obstat:
2342 2041 2349 2051 κ

308 2088 414 2146 quia
440 2089 534 2146 jam
559 2097 736 2146 tempus
761 2097 870 2141 erat,
889 2097 938 2131 ut
960 2086 1170 2131 Christus
1186 2101 1316 2130 suam
1334 2087 1548 2131 virtutem
1566 2097 1725 2131 contra
1748 2085 1981 2131 diabolum
2000 2083 2273 2137 ostenderet,
2348 2075 2352 2085 ³

307 2165 351 2199 et
377 2155 744 2214 persecutionem
763 2154 816 2198 ab
842 2168 897 2198 eo
917 2154 1195 2198 concitatam
1213 2164 1462 2213 pateretur:
1491 2155 1568 2199 sed
1592 2155 1638 2198 in
1665 2154 1853 2198 infantia
1876 2152 2117 2213 oportebat
2135 2153 2275 2211 impe-

308 2223 394 2267 diri
418 2223 643 2266 malitiam
667 2222 850 2280 diaboli,
881 2236 939 2266 ne
962 2236 1068 2265 eum
1096 2224 1242 2266 acrius
1268 2232 1626 2282 persequeretur,
1650 2221 1833 2281 quando
1852 2220 2061 2267 Christus
2072 2233 2158 2265 nec
2180 2217 2275 2278 pati

308 2291 606 2350 disposuerat,
638 2305 723 2334 nec
756 2290 971 2333 virtutem
1004 2303 1134 2333 suam
1168 2290 1422 2343 ostendere,
1455 2290 1534 2334 sed
1568 2290 1614 2333 in
1647 2288 1861 2333 omnibus
1897 2285 1996 2332 aliis
2028 2285 2274 2332 infantibus

308 2373 357 2403 se
383 2357 583 2402 similem
610 2358 873 2410 exhibebat;
909 2356 1029 2400 unde
1057 2357 1154 2401 Leo
1182 2358 1306 2416 Papa
1342 2358 1388 2400 in
1425 2371 1560 2401 serm.
1599 2357 1655 2401 de
1681 2356 1845 2416 Epiph.
1875 2355 1970 2413 (qui
1994 2360 2051 2399 est
2079 2366 2123 2411 4.
2154 2354 2203 2397 in
2232 2367 2277 2397 eo

308 2427 444 2481 Festo,
469 2434 559 2485 cap.
578 2441 613 2485 3.
638 2425 691 2469 ad
697 2422 805 2483 fin.)
823 2424 944 2478 dicit,
964 2424 1087 2483 quod
1105 2441 1128 2466 «
1145 2425 1271 2484 Magi
1286 2425 1508 2480 viderunt,
1529 2434 1573 2469 et
1592 2425 1895 2468 adoraverunt
1910 2435 2103 2481 puerum
2113 2419 2272 2479 Jesum

310 2493 558 2552 quantitate
586 2507 791 2552 parvum,
819 2491 993 2536 alienae
1018 2492 1116 2551 opis
1139 2492 1438 2550 indigentem,
1455 2491 1580 2535 fandi
1601 2491 1919 2550 impotentem,
1941 2497 1986 2533 et
2009 2488 2057 2532 in
2067 2486 2197 2532 nullo
2220 2486 2275 2530 ab

308 2560 539 2604 humanae
557 2559 773 2604 infantiae
797 2558 1093 2618 generalitate
1117 2558 1385 2603 dissimilem
1404 2575 1454 2614 »3
1481 2558 1754 2603 Ambrosius
1770 2566 1926 2601 tamen
1948 2549 2083 2615 su'per
2099 2554 2276 2601 Lucam
2348 2606 2352 2607 ⁷

313 2627 412 2685 (loc.
439 2629 507 2672 cit.
534 2629 579 2671 in
603 2629 744 2686 princ.
773 2627 909 2687 corp.)
939 2627 1112 2670 videtur
1135 2627 1225 2670 hoc
1250 2627 1397 2685 magis
1423 2626 1590 2670 referre
1617 2625 1672 2669 ad
1699 2623 1907 2669 membra
1928 2621 2129 2676 diaboli;
2151 2633 2279 2680 prae-

312 2694 453 2738 missa
479 2695 601 2738 enim
626 2694 714 2738 hac
741 2694 933 2749 ratione,
959 2693 1134 2738 scilicet
1159 2693 1214 2737 de
1240 2693 1441 2738 fallendo
1465 2693 1718 2752 principem
1740 2690 1913 2744 mundi,
1940 2690 2112 2736 subdit:
2138 2705 2162 2730 z<
2185 2687 2276 2734 Sed

311 2771 468 2806 tamen
495 2761 643 2820 magis
664 2760 825 2805 fefellit
845 2761 1096 2820 principem
1120 2760 1313 2814 saeculi;
1341 2761 1618 2805 daemonum
1636 2759 1759 2804 enim
1777 2757 1964 2813 malitia,
1987 2756 2120 2802 facile
2137 2757 2276 2803 etiam

314 2828 495 2873 occulta
522 2828 831 2887 deprehendit,
866 2838 910 2872 at
940 2842 1050 2872 vero
1085 2828 1163 2887 qui
1194 2827 1501 2872 saecularibus
1532 2826 1805 2872 vanitatibus
1838 2834 2135 2884 occupantur,
2161 2823 2277 2870 scire

314 2896 467 2941 divina
492 2910 585 2939 non
613 2905 859 2955 possunt».

405 2964 479 3007 AD
500 2976 737 3013 QUARTUM
757 2962 1015 3016 dicendum,
1043 2962 1164 3021 quod
1190 2962 1360 3021 judicio
1387 2961 1694 3006 adulterarum
1716 2959 2002 3020 lapidabatur
2021 2957 2278 3004 secundum

314 3029 466 3089 legem
491 3044 586 3074 non
613 3030 765 3074 solum
792 3029 884 3083 illa,
912 3043 1027 3088 quae
1053 3030 1146 3087 jam
1174 3038 1269 3073 erat
1295 3028 1583 3087 desponsata,
1611 3027 1685 3072 vel
1716 3037 1871 3087 nupta,
1899 3026 1979 3072 sed
2010 3026 2150 3071 etiam
2179 3022 2276 3080 illa,

314 3112 431 3157 quae
456 3098 503 3141 in
530 3098 670 3142 domo
689 3097 826 3155 patris
854 3097 1191 3141 custodiebatur
1208 3106 1256 3140 ut
1273 3096 1402 3154 virgo
1427 3096 1700 3154 quandoque
1726 3102 1949 3155 nu'ptura;
1971 3092 2092 3138 unde
2114 3091 2277 3138 dicitur

315 3165 566 3209 Deuteron.
595 3179 687 3210 22.:
713 3165 760 3210 Si
785 3180 867 3208 non
894 3170 947 3208 est
972 3165 1016 3207 in
1035 3164 1175 3222 puella
1202 3165 1372 3207 inventa
1397 3165 1638 3220 virginitas,
1658 3162 1864 3223 lapidibus
1881 3162 2054 3207 obruent
2073 3174 2166 3206 eam
2189 3158 2280 3210 vir-¹⁹

315 3234 497 3277 civitatis
523 3233 648 3287 illius,
677 3238 712 3277 et
738 3233 940 3276 morietur
950 3246 966 3283 ,·
995 3232 1093 3289 quia
1110 3231 1216 3289 fecit
1241 3231 1356 3285 nefas
1381 3232 1424 3274 in
1450 3231 1596 3284 Israel,
1624 3236 1668 3274 ut
1685 3230 1976 3289 fornicaretur
1998 3229 2043 3273 in
2068 3226 2191 3272 domo
2204 3232 2281 3286 pa-

318 3303 391 3345 tris
421 3303 511 3354 sui;
539 3300 613 3345 vel
638 3310 789 3360 potest
815 3299 904 3344 dici
930 3298 1182 3343 secundum
1210 3297 1448 3357 quosdam,
1477 3298 1598 3356 quod
1628 3298 1768 3341 Beata
1781 3296 1926 3354 Virgo
1952 3303 2049 3340 erat
2070 3293 2126 3339 de
2143 3293 2280 3353 stirpe

317 3369 501 3423 Aaron;
529 3368 647 3412 unde
682 3377 777 3412 erat
799 3375 993 3425 cognata
1018 3365 1263 3418 Elisabeth,
1292 3374 1339 3408 ut
1365 3364 1528 3408 dicitur
1556 3365 1664 3410 Luc.
1699 3378 1758 3418 1.;
1783 3363 1914 3422 virgo
1947 3370 2101 3406 autem
2126 3360 2182 3405 de
2206 3370 2283 3418 ge·
2321 3379 2352 3427 ς]

2314 3186 2352 3346 i

2344 2795 2352 2827 ἒ

2341 2896 2352 2906 v·

2329 3049 2352 3152 ‘i

2321 3349 2345 3377 &t

318 3450 427 3479 nere
461 3434 733 3479 sacerdotali
766 3443 950 3494 propter
982 3442 1184 3491 stuprum
1219 3431 1532 3486 occidebatur;
1566 3431 1731 3490 legitur
1762 3430 1884 3475 enim
1917 3427 2061 3475 Levit.
2088 3439 2185 3474 21.:
2208 3425 2341 3480 Sel-:⁴3⁵⁴

319 3502 492 3547 cerdotis
508 3503 621 3561 filia,
647 3504 682 3547 si
707 3502 950 3561 deprehensa
967 3500 1167 3559 fueritin
1188 3506 1349 3558 stupro,
1374 3504 1410 3543 et
1434 3499 1660 3542 violaverit
1686 3512 1833 3542 nomen
1849 3497 1986 3557 patris
2000 3496 2080 3549 sui,
2092 3493 2281 3554 flammis

318 3576 542 3626 exuretur5
575 3569 762 3627 quidam
789 3567 989 3613 referunt
1013 3566 1202 3612 verbum
1227 3565 1498 3624 Hieronymi
1525 3565 1580 3610 ad
1607 3564 1934 3624 lapidationem
1960 3561 2192 3609 infamiae.
