2352 3926
643 162 919 209 QUAESTIO
957 162 1200 202 Lxxxvn.
1239 161 1548 201 ARTICULUS
1587 161 1645 199 11.
1928 201 1930 203 ,
2028 143 2128 198 811

173 274 331 308 causa:
359 263 438 308 sed
464 264 648 323 propria
680 279 817 309 causa
851 265 1134 310 remissionis
1171 276 1467 325 peccatorum
1494 273 1562 308 est
1587 262 1755 321 gratia:
1793 275 1888 306 non
1925 261 2049 305 enim
2082 274 2135 305 ex

172 330 345 375 meritis
370 331 563 391 propriis
585 342 773 391 peccata
799 332 1001 377 hominis
1032 332 1344 387 remittuntur3
1371 328 1688 377 unde.dicitur'
1714 328 1880 388 Ephes.
1909 341 1976 372 2.:
2004 328 2135 381 Deu5‚

172 397 247 456 qui
276 396 388 442 dives
411 400 535 443 estin
559 399 861 453 misericordia,
883 405 1059 459 propter
1089 401 1270 443 nimiam
1306 399 1550 443 charitatem
1580 411 1713 450 suam,
1745 409 1829 456 qua
1860 394 2006 439 dilexit
2045 409 2136 447 nos,

172 477 267 509 cum
288 479 455 510 essemus
474 467 630 510 mortui
640 467 834 525 peccatis,
851 466 1167 522 convivificavit
1186 479 1261 510 nos
1281 467 1327 510 in
1350 464 1532 518 Christo,
1550 466 1667 523 cujus
1685 464 1827 522 gratia
1842 462 1997 508 salvati
2017 462 2109 506 estis
2116 475 2132 513 ,·

171 543 283 590 ergo
309 540 497 590 peccata
522 532 716 577 venialia
741 545 836 577 non
860 532 1150 577 remittuntur
1174 533 1272 577 sine
1299 532 1473 591 gratiae
1499 530 1744 575 infusione.

260 610 302 643 2.
333 597 631 645 PRAETEREA.
657 599 854 644 Peccata
879 598 1076 644 venialia
1101 613 1196 643 non
1218 600 1508 643 remittuntur
1529 599 1626 642 sine
1652 596 1957 657 poenitentia:
1986 595 2098 640 sed
2087 608 2134 639 m

171 666 450 725 poenitentia
474 665 724 712 infunditur
748 666 907 726 gratia,
933 667 1050 711 sicut
1075 677 1121 712 et
1144 667 1190 711 in
1217 667 1316 711 aliis
1342 658 1649 712 sacramentis
1671 679 1820 710 novae
1852 664 1989 724 legis;
2023 677 2134 723 ergo
2165 720 2176 732 ·

170 742 358 792 peccata
382 733 578 778 venialia
603 748 697 778 non
723 735 1011 778 remittuntur
1035 734 1133 778 sine
1159 733 1331 792 gratiae
1357 733 1599 779 infusione.

264 813 301 858 3.
323 796 621 846 PRAETEREA.
653 801 902 845 Peccatum
933 799 1111 844 veniale
1138 800 1371 845 maculam
1397 800 1645 860 quamdam
1666 800 1851 844 animae
1876 797 2031 843 infert:
2055 797 2134 842 sed

170 865 354 910 macula
373 880 469 911 non
486 867 686 912 aufertur
700 867 787 911 nisi
811 881 892 927 per
916 867 1127 926 gratiam,
1145 881 1262 926 quae
1289 877 1357 911 est
1382 866 1626 926 spiritualis
1646 868 1825 911 animae
1843 866 2004 920 decor3
2021 879 2135 924 ergo

169 932 363 988 videtur,
389 935 513 993 quod
538 944 726 994 peccata
749 933 948 979 venialia
971 947 1067 978 non
1093 934 1378 978 dimittantur
1403 934 1501 978 sine
1528 934 1700 992 gratiae
1726 932 1970 977 infusione.

261 999 357 1045 SED
389 1013 584 1046 CONTRA
617 1011 698 1055 est,
724 1000 848 1060 quod
880 1011 1123 1060 peccatum
1155 1000 1336 1045 veniale
1370 1001 1616 1045 adveniens
1648 1014 1742 1044 non
1774 1000 1894 1045 tollit
1925 1000 2134 1059 gratiam,

168 1079 318 1126 neque
342 1067 482 1112 etiarn
507 1068 718 1112 diminuit
749 1082 868 1122 eam,
899 1078 949 1112 ut
978 1068 1027 1111 in
1059 1081 1099 1112 2.
1132 1068 1338 1112 habitum
1372 1077 1438 1112 est
1466 1066 1573 1124 (2-2.
1601 1083 1639 1126 q.
1665 1082 1735 1125 24.
1762 1073 1843 1112 art.
1874 1067 1994 1125 10.),·
2022 1080 2135 1125 ergo

166 1133 267 1193 pari
290 1133 467 1179 ratione
494 1134 550 1178 ad
576 1135 667 1179 hoc
693 1135 817 1195 quod
843 1145 1086 1195 peccatum
1110 1135 1290 1180 veniale
1311 1135 1581 1189 remittatur,
1597 1149 1693 1179 non
1718 1134 1960 1194 requiritur
1985 1147 2135 1179 novae

169 1200 340 1261 gratiae
365 1199 548 1246 infusio.

258 1266 548 1314 RESPONDEO
576 1268 835 1324 dicendum,
858 1269 982 1329 quod
1008 1270 1367 1328 unumquodque
1392 1268 1568 1313 tollitur
1591 1282 1673 1328 per
1698 1282 1833 1313 suum
1855 1268 2134 1328 oppositum.

168 1334 419 1380 Peccatum
445 1346 599 1381 autern
628 1335 806 1381 veniale
831 1350 927 1381 non
950 1336 1251 1381 contrariatur
1271 1335 1492 1381 habituali
1519 1335 1706 1395 gratiae,
1722 1334 1796 1379 vel
1814 1335 2038 1390 charitati,
2056 1335 2134 1380 sed

168 1402 366 1447 retardat
389 1413 543 1447 actum
570 1404 680 1462 ejus,
705 1404 977 1463 inquantum
1001 1404 1137 1448 nimis
1162 1404 1370 1448 inhaeret
1393 1403 1540 1447 homo
1566 1402 1691 1447 bono
1719 1412 1888 1457 creato,
1912 1402 2020 1448 licet
2039 1416 2135 1446 non

169 1480 329 1515 contra
354 1470 523 1525 Deum,
549 1482 599 1515 ut
619 1471 670 1516 in
695 1484 736 1515 2.
764 1471 971 1516 habitum
1004 1481 1072 1515 est
1103 1471 1207 1529 (1-2.
1233 1486 1271 1530 q.
1298 1472 1368 1516 88.
1401 1476 1483 1518 art.
1510 1485 1546 1515 1.
1572 1476 1612 1515 et
1636 1484 1720 1515 2-2.
1747 1484 1787 1528 q.
1813 1483 1884 1527 24.
1911 1476 1996 1515 art.
2026 1482 2093 1515 10.
2093 1470 2133 1527 ).

168 1536 225 1582 Et
244 1537 349 1581 ideo
376 1538 431 1582 ad
457 1538 549 1582 hoc
576 1538 698 1597 quod
724 1548 966 1598 peccatum
997 1538 1176 1582 veniale
1201 1537 1402 1592 tollatur,
1436 1551 1531 1581 non
1563 1536 1804 1596 requiritur
1836 1537 1959 1596 quod
1990 1536 2136 1594 infun-

169 1604 300 1649 datur
325 1604 476 1664 aliqua
500 1605 743 1650 habitualis
769 1606 937 1665 gratia;
964 1605 1043 1650 sed
1061 1604 1227 1650 sufficit
1247 1605 1409 1664 aliquis
1436 1614 1590 1649 motus
1606 1604 1793 1663 gratiae,
1810 1603 1881 1648 vel
1901 1604 2134 1648 charitatis

168 1671 225 1715 ad
256 1672 351 1729 ejus
378 1672 712 1716 remissionem.
742 1672 866 1725 Quia
881 1682 1038 1717 tamen
1054 1674 1101 1716 in
1118 1672 1388 1716 habentibus
1404 1686 1540 1716 usum
1555 1671 1686 1715 liberi
1706 1671 1890 1725 arbitrii,
1907 1671 1953 1714 in
1971 1671 2134 1730 quibus

167 1737 278 1783 solis
303 1748 495 1797 possunt
513 1752 612 1784 esse
629 1739 823 1783 venialia
849 1749 1052 1799 peccata,
1070 1753 1164 1783 non
1181 1739 1407 1797 contingit
1428 1753 1526 1783 esse
1553 1737 1830 1782 infusionem
1847 1738 2019 1797 gratiae
2036 1738 2134 1783 sine

168 1804 334 1850 actuali
359 1816 490 1850 motu
514 1805 644 1850 liberi
671 1806 877 1850 arbitrii
866 1821 912 1851 1n
938 1807 1107 1860 Deum,
1134 1817 1179 1851 et
1203 1806 1251 1849 in
1276 1814 1534 1865 peccatum,
1550 1804 1655 1849 ideo
1674 1805 2060 1864 quandocumque
2076 1805 2134 1851 de

168 1885 292 1917 novo
320 1873 465 1931 gratia
489 1872 752 1927 infunditur,
778 1883 966 1933 peccata
991 1873 1189 1918 venialia
1212 1874 1522 1918 remittuntur.

256 1939 334 1984 AD
364 1952 554 1984 PRIMUM
587 1953 698 1998 ergo
732 1940 990 1995 dicendum,
1015 1940 1139 1999 quod
1163 1940 1303 1984 etiam
1329 1940 1539 1987 remissio
1565 1950 1862 1999 peccatorum
1884 1917 2133 1984 venialium

169 2015 238 2051 est
260 2005 449 2051 effectus
471 2006 657 2066 gratiae,
681 2021 761 2067 per
787 2017 943 2052 actum
969 2007 1158 2062 scilicet,
1185 2021 1325 2067 quem
1351 2008 1407 2052 de
1429 2021 1554 2051 novo
1582 2007 1719 2061 elicit,
1745 2021 1841 2051 non
1868 2017 2023 2051 autem
2053 2022 2135 2067 per

168 2070 338 2132 aliquid
362 2072 592 2118 habituale
620 2074 676 2118 de
701 2088 826 2119 novo
853 2075 1036 2119 animae
1060 2073 1277 2119 infusum.

254 2139 333 2185 An
365 2152 627 2185 SECUNDUM
658 2141 919 2196 dicendum,
945 2141 1074 2201 quod
1106 2151 1350 2201 peccatum
1387 2139 1569 2186 veniale
1608 2155 1844 2200 nunquam
1888 2141 2135 2186 remittitur

165 2205 264 2251 sine
283 2205 468 2266 aliquali
485 2217 589 2251 actu
611 2208 919 2267 poenitentiae
930 2209 1122 2262 virtutis,
1140 2207 1354 2268 explicito
1373 2207 1563 2262 scilicet,
1579 2207 1654 2252 vel
1676 2207 1914 2267 implicito,
1933 2218 1982 2252 ut
1998 2222 2134 2268 supra

167 2273 341 2319 dictum
366 2283 435 2319 est
458 2274 564 2332 (art.
583 2276 778 2334 praec.):
805 2284 955 2335 potest
979 2285 1136 2320 tamen
1166 2275 1337 2325 remitti
1366 2284 1609 2335 peccatum
1634 2274 1815 2319 veniale
1848 2275 1944 2320 sine
1978 2276 2137 2334 poeni-

165 2340 334 2388 tentiae
364 2351 669 2396 sacramento,
700 2343 824 2402 quod
853 2342 902 2387 in
933 2342 1221 2387 absolutione
1246 2342 1497 2387 sacerdotis
1527 2341 1784 2387 formaliter
1815 2342 2059 2402 perficitur,
2086 2353 2136 2388 ut

166 2421 300 2468 supra
319 2407 494 2454 dictum
516 2419 584 2454 est
599 2409 661 2468 (q.
681 2417 828 2469 praec.
845 2416 926 2455 art.
948 2411 1028 2467 2.).·
1056 2419 1101 2455 et
1121 2409 1225 2454 ideo
1249 2424 1345 2454 non
1367 2409 1583 2469 sequitur,
1601 2410 1723 2469 quod
1743 2409 1798 2454 ad
1812 2410 2133 2455 remissionem

165 2473 355 2521 venialis
385 2477 563 2534 peccati
595 2476 851 2536 requiratur
883 2477 1056 2536 gratiae
1090 2473 1285 2532 infusio;
1312 2491 1431 2536 quae
1463 2476 1573 2521 licet
1597 2477 1655 2521 sit
1678 2477 1727 2521 in
1753 2477 1958 2536 quolibet
1988 2491 2136 2522 sacra-

167 2551 340 2597 mente,
363 2556 460 2588 non
484 2553 640 2589 tamen
666 2553 734 2588 est
755 2544 804 2588 in
830 2543 1035 2604 quolibet
1059 2554 1164 2589 actu
1189 2544 1381 2588 virtutis.

254 2609 333 2653 An
362 2621 578 2655 TERTmM
612 2610 871 2665 dicendum,
897 2611 1020 2671 quod
1047 2612 1164 2656 sicut
1193 2611 1241 2655 in
1274 2625 1468 2671 corpore
1505 2611 1731 2671 contingit
1765 2625 1864 2656 esse
1900 2610 2131 2655 maculam

165 2675 411 2736 dupliciter:
436 2691 519 2721 uno
543 2676 664 2722 modo
691 2692 772 2737 per
796 2678 1101 2738 privationem
1120 2680 1240 2737 ejus,
1267 2679 1391 2738 quod
1418 2679 1660 2738 requiritur
1682 2678 1738 2722 ad
1766 2679 1998 2732 decorem,
2024 2688 2132 2737 puta

166 2741 306 2788 debiti
326 2741 509 2798 coloris,
536 2755 614 2789 aut
637 2744 815 2790 debitae
839 2746 1147 2805 proportionis
1179 2746 1518 2791 membrorum:
1550 2746 1635 2790 alio
1668 2745 1788 2789 modo
1823 2746 2133 2808 per'superin-

167 2809 432 2855 ductionem
464 2810 654 2870 alicujus
685 2812 974 2871 impedientis
997 2813 1228 2867 decorem,
1260 2822 1368 2871 puta
1397 2813 1494 2868 luti,
1528 2823 1604 2856 aut
1634 2811 1863 2870 pulveris:
1896 2813 1958 2856 ita
1993 2813 2131 2857 etiam

166 2875 348 2922 animae
373 2877 600 2922 inducitur
625 2878 830 2923 macula:
857 2894 940 2923 uno
962 2879 1083 2924 modo
1109 2894 1190 2939 per
1213 2880 1520 2939 privationem
1541 2879 1721 2923 decoris
1739 2879 1911 2937 gratiae
1934 2893 2015 2938 per
2031 2893 2135 2939 pec-

166 2952 321 2988 catum
346 2944 560 2989 mortale:
588 2945 672 2990 alio
693 2945 815 2990 modo
841 2960 920 3005 per
944 2946 1292 2991 inclinationem
1319 2945 1509 2990 affectus
1543 2946 1852 2990 inordinatam
1878 2946 1934 2990 ad
1961 2945 2131 3005 aliquid

166 3009 445 3070 temporale;
471 3020 516 3056 et
540 3011 630 3056 hoc
654 3011 704 3057 fit
728 3026 808 3072 per
832 3023 1075 3076 peccatum
1099 3013 1301 3058 veniale:
1331 3023 1376 3057 et
1399 3013 1505 3057 ideo
1533 3013 1590 3057 ad
1615 3011 1871 3057 tollendam
1897 3012 2129 3057 maculam

166 3076 344 3136 peccati
369 3077 575 3124 mortalis
591 3079 831 3138 requiritur
845 3078 1014 3124 infusio
1033 3081 1228 3139 gratiae3
1247 3080 1326 3124 sed
1346 3080 1400 3123 ad
1417 3078 1671 3123 tollendam
1688 3078 1920 3123 maculam
1942 3079 2132 3125 venialis

167 3144 345 3202 peccati
367 3145 608 3204 requiritur
634 3144 796 3205 aliquis
823 3156 950 3191 actus
980 3148 1232 3206 procedens
1267 3161 1321 3191 ex
1353 3145 1512 3204 gratia,
1550 3159 1631 3204 per
1667 3160 1805 3205 quam
1842 3157 2133 3192 removeatur

165 3209 425 3256 inordinata
451 3211 668 3257 adhaesio
695 3212 752 3257 ad
778 3227 877 3258 rem
898 3213 1216 3274 temporalem.
