2352 3926
301 177 410 247 306
798 187 1094 235 QUAESTIO.
1118 187 1308 228 xxxw.
1347 189 1657 231 ARTICULUS
1694 189 1772 229 111.

391 293 485 337 SED
519 303 715 337 CONTRA
752 301 834 346 est,
867 291 990 351 quod
1027 291 1192 336 dicitur
1221 292 1354 351 Joan.
1385 305 1474 351 13.:
1501 293 1591 351 Ego
1622 293 1721 346 scio,
1755 304 1856 351 quos
1890 292 2106 352 elagarim:
2147 307 2266 354 quae

299 369 454 404 autem
475 359 590 403 fiunt
613 358 867 403 secundum
891 359 980 403 Dei
1005 359 1291 419 sapientiam,
1305 361 1630 405 convenienter
1650 359 1785 413 fiunt3
1810 372 1926 419 ergo·
1939 360 2266 411 convenienter

299 436 404 471 sunt
430 425 562 470 electi
586 425 669 479 illi,
694 426 856 484 quibus
883 436 952 469 est
975 424 1263 472 manifestata
1291 426 1462 471 Christi
1491 426 1716 470 nativitas.
2178 453 2181 459 ,

387 493 678 537 REspoNDEo
721 492 982 546 dicendum,
1009 493 1134 552 quod
1164 493 1300 548 salus,
1338 508 1456 553 quae
1490 503 1586 540 erat
1620 492 1770 538 futura
1804 506 1884 552 per
1915 492 2177 550 Christum„
2208 494 2265 543 ad

300 574 488 604 omnem
531 559 838 604 diversitatem
875 560 1120 605 hominum
1165 561 1440 621 pertinebat:
1479 561 1600 620 quia,
1640 560 1759 604 sicut
1791 559 1956 608 dicitur
1991 559 2175 610 COIDS&
2210 575 2266 621 30,

297 629 343 672 in
378 628 541 672 Christo
569 628 664 683 Jesu
690 643 772 671 non
814 633 870 672 est
893 628 1118 683 masculus,
1150 635 1188 674 et
1219 629 1425 687 foemina,
1461 628 1653 681 Gentius,
1672 633 1709 672 et
1733 626 1935 684 Iudaeus,
1963 642 2119 682 servus,
2146 635 2186 675 ot
2215 629 2264 675 zi-

299 697 395 740 ber:
424 705 468 738 et
503 695 567 738 sic
607 695 661 738 de
700 694 798 739 aliis
820 695 1106 754 hujusmodi:
1135 706 1194 750 et,
1220 706 1270 740 ut
1304 696 1395 740 hoc
1433 696 1481 739 in
1512 695 1609 754 ipsa
1637 694 1811 740 Christi
1841 695 2076 741 nativitate
2106 695 2268 755 praefi-

297 771 549 820 guraretur,
577 762 790 806 omnibus
824 763 1161 807 conditionibus
1192 763 1436 807 hominum
1469 772 1537 807 est
1568 761 1903 808 manifestatus:
1942 762 2065 821 quia,
2097 772 2148 809 ut
2177 763 2268 812 Au·-

299 830 504 888 gustinus
524 829 631 874 dicit
652 830 698 872 in
737 830 884 874 Serm.
926 830 980 874 de
1006 830 1262 890 Epiphania
1298 831 1394 889 (qu-i
1428 836 1484 875 est
1505 845 1568 889 32.
1601 829 1647 873 de
1674 830 1877 889 Tempore
1905 838 1994 889 cap.
2015 845 2050 875 Ι.
2078 829 2134 877 ad
2152 831 2265 889 fin),

299 913 323 939 ‹<
350 907 556 956 pastores
582 896 765 941 fuerunt
795 897 1043 952 Israelitae,
1080 897 1207 956 Magi
1244 897 1464 950 Gentiles,
1496 896 1563 940 illi
1595 910 1754 955 prope,
1786 896 1859 940 isti
1894 895 2051 955 longe,
2085 897 2263 957 utrique

296 973 451 1008 tamen
486 963 542 1007 ad
575 963 843 1021 angularem
876 963 1076 1023 lapidem
1104 974 1488 1008 concurrerunt».
1515 963 1618 1007 Fuit
1643 963 1782 1007 etiam
1813 963 1931 1007 inter
1968 977 2048 1008 eos
2082 962 2170 1010 alia
2206 963 2267 1010 di-

296 1030 510 1085 versitas;
534 1045 642 1074 nam
669 1031 795 1090 Magi
826 1030 1008 1076 fuerunt
1034 1031 1277 1090 sapientes,
1305 1041 1350 1075 et
1375 1041 1598 1090 potentes,
1625 1041 1829 1088 pastores
1857 1041 2010 1075 autem
2036 1030 2266 1090 simplices

298 1107 343 1142 et
380 1097 518 1152 viles;
551 1098 863 1142 manifestatus
908 1099 1046 1142 etiam
1081 1109 1148 1142 est
1172 1099 1315 1156 iustis,
1342 1098 1518 1142 scilicet
1552 1098 1774 1151 Simeoni,
1809 1107 1853 1141 et
1883 1097 2064 1151 Annae,
2090 1107 2135 1144 et
2165 1112 2266 1158 pec·

297 1166 541 1219 catoribus,
560 1165 737 1210 scilicet
768 1166 941 1224 Magis;
974 1165 1288 1209 manifestatus
1326 1175 1392 1210 est
1423 1165 1560 1209 etiam
1599 1175 1645 1209 et
1678 1165 1800 1218 viris,
1842 1174 1888 1209 et
1913 1164 2192 1220 mulieribus,
2218 1175 2268 1209 ut

296 1248 377 1293 per
397 1233 490 1277 hoc
505 1233 833 1287 ostenderetur,
846 1232 1021 1276 nullam
1049 1233 1364 1276 conditionem
1391 1232 1636 1275 hominurn
1663 1230 1844 1276 excludi
1861 1245 1887 1275 a
1908 1231 2081 1279 Christi
2105 1230 2265 1279 saiute.

385 1301 461 1345 AD
488 1313 677 1345 PRIMUM
705 1315 814 1359 ergo
843 1300 1103 1353 dicendum,
1131 1299 1252 1358 quod
1279 1299 1358 1342 illa
1384 1297 1692 1343 manifestatio
1713 1297 1959 1343 nativitatis
1988 1298 2160 1347 Christi
2181 1298 2267 1346 fuit

295 1368 522 1427 quaedam
553 1367 820 1427 praelibatio
853 1367 1017 1426 plenae
1059 1366 1456 1419 manifestationis,
1494 1379 1610 1424 quae
1643 1374 1739 1411 erat
1763 1364 1934 1409 futura:
1977 1375 2023 1413 et
2059 1366 2177 1415 sicut
2216 1366 2263 1413 in

294 1435 495 1480 secunda
531 1434 899 1479 manifestatione
931 1435 1080 1493 primo
1119 1435 1384 1478 annuntiata
1418 1442 1483 1477 est
1512 1431 1684 1491 gratiae
1702 1431 1875 1480 Christi
1909 1446 1990 1491 per
2013 1431 2266 1487 Christum,

295 1513 342 1547 et
372 1503 467 1560 ejus
501 1502 751 1562 Apostolos
772 1501 972 1560 JudaeiS,
1000 1511 1046 1546 et
1066 1510 1226 1560 postea
1259 1499 1532 1554 Gentilibus,
1558 1500 1621 1544 ita
1648 1500 1704 1545 ad
1725 1499 1963 1547 Christum
1987 1500 2138 1560 primo
2163 1514 2262 1560 per-

293 1579 517 1613 venerunt
532 1579 752 1628 pastores,
779 1570 856 1628 qui
883 1578 1011 1613 erant
1037 1568 1263 1627 primitiae
1275 1567 1573 1626 Judaeorum,
1588 1577 1826 1626 tamquam
1844 1580 1987 1626 prope
2006 1568 2263 1622 existentes,

293 1645 339 1680 et
363 1646 523 1695 postea
549 1646 773 1680 venerunt
796 1636 963 1695 Magia
989 1635 1180 1680 remotis
1209 1652 1233 1677 (ε
1252 1635 1330 1694 qui
1356 1634 1536 1679 fuerunt
1559 1634 1787 1694 primitiae
1816 1632 2040 1679 Gentium·
2052 1635 2260 1690 »,utAu-

294 1714 410 1763 gust.
438 1703 547 1747 dicit
572 1704 716 1762 (serm.
738 1719 806 1763 30.
837 1703 885 1748 de
920 1704 1061 1762 Temp.
1089 1705 1165 1748 cir.
1187 1702 1369 1763 priua).

382 1771 459 1815 AD
487 1784 748 1816 SECUNDUM
775 1770 1034 1824 dicendum,
1062 1770 1185 1829 quod
1211 1770 1328 1814 sicut
1350 1769 1543 1828 August.
1562 1768 1671 1813 dicit
1695 1769 1742 1812 in
1769 1768 1997 1818 Sermone
2021 1769 2081 1818 de
2101 1769 2264 1830 Epiph.

294 1838 416 1895 (ibid.
447 1841 519 1883 sub
536 1840 656 1898 fin.).·
689 1855 712 1880 «
741 1838 870 1883 Sicut
895 1838 1127 1898 praevalet
1157 1838 1384 1898 imperitia
1410 1837 1457 1886 in
1490 1837 1738 1881 rusticitate
1770 1848 2028 1897 pastorum;
2055 1838 2119 1883 ita
2143 1852 2268 1898 prae-

291 1905 415 1950 valet
438 1906 648 1964 impietas
674 1906 721 1950 in
747 1905 996 1964 sacrilegiis
1019 1919 1285 1963 magorum:
1306 1904 1688 1964 utrosque'tamen
1701 1904 1786 1948 sibi
1801 1903 1915 1964 lapis
1936 1905 2013 1950 ille
2035 1904 2266 1964 angularis

295 1973 527 2032 applicuit,
565 1973 730 2032 quippe
768 1974 844 2032 qui
886 1973 1011 2017 venit
1036 1972 1172 2017 stulta
1214 1972 1397 2032 eligere,
1424 1982 1473 2016 ut
1506 1971 1804 2016 confunderet
1834 1972 2076 2032 sapientes,
2101 1982 2147 2019 et
2169 1986 2266 2017 non

292 2055 460 2084 vocare
485 2042 645 2099 justos,
673 2040 751 2084 sed
784 2050 1063 2099 peccatores,
1098 2049 1146 2083 ut
1177 2039 1328 2084 nullus
1361 2054 1556 2098 magnus
1590 2039 1854 2098 superbiret,
1881 2039 2032 2084 nullus
2060 2039 2265 2084 infirmus

295 2109 554 2167 desperaret
579 2125 619 2152 >›.
651 2107 852 2160 Quidam
876 2118 1031 2151 tamen
1054 2107 1222 2161 dicunt,
1242 2107 1364 2166 quod
1391 2107 1462 2151 isti
1487 2106 1612 2165 Magi
1634 2121 1728 2150 non
1749 2105 1931 2151 fuerunt
1956 2106 2169 2161 malefici,
2185 2107 2265 2152 sed

296 2176 522 2234 sapientes
555 2174 790 2233 astrologi,
818 2175 896 2234 qui
923 2175 1040 2232 apud
1067 2175 1244 2228 Persas,
1271 2174 1345 2218 vel
1377 2174 1641 2218 Chaldaeos
1669 2174 1795 2232 Magi
1821 2184 2055 2220 vocantur.

382 2245 459 2287 AD
482 2255 698 2287 TERTIUM
723 2242 983 2295 dicendum,
998 2242 1135 2300 quod,
1158 2242 1275 2285 sicut
1298 2241 1537 2300 Chrysost.
1553 2241 1661 2285 dicit
1673 2242 1803 2298 (hom.
1818 2256 1860 2287 2.
1879 2243 1927 2286 in
1943 2239 2082 2302 opusc.
2097 2242 2263 2303 imperf:

292 2310 493 2368 aliquant.
516 2325 542 2354 a
562 2311 745 2369 princ),
782 2325 805 2350 «
833 2309 886 2352 ab
906 2309 1081 2353 oriente
1108 2319 1331 2353 venerunt
1357 2309 1498 2367 Magi,
1526 2308 1631 2367 quia
1649 2308 1768 2352 unde
1796 2308 1892 2353 dies
1915 2309 2133 2364 nasci-tur,
2156 2308 2264 2355 inde

290 2377 470 2421 initium
497 2376 602 2421 fidei
635 2376 880 2435 processit3
915 2377 1020 2434 quia
1051 2376 1163 2420 fides
1195 2375 1353 2419 lumen
1387 2386 1454 2420 est
1487 2376 1746 2419 animarum
1777 2391 1829 2419 n:
1856 2375 1932 2421 vel
1963 2376 2070 2436 quia
2101 2391 2265 2423 omnes

291 2445 369 2503 qui
397 2444 452 2487 ad
480 2443 718 2488 Christum
743 2445 944 2497 veniunt,
965 2444 1017 2487 ab
1033 2444 1149 2502 ipso,
1164 2453 1208 2487 et
1223 2458 1303 2502 per
1318 2443 1468 2502 ipsum
1492 2443 1708 2487 veniunt:
1727 2444 1847 2488 unde
1873 2443 2036 2488 dicitur
2051 2444 2190 2490 Zach.
2205 2443 2262 2491 6.:

290 2513 397 2557 Ecce
427 2514 513 2566 vir,
551 2513 702 2557 Oriens
733 2527 882 2556 nomen
908 2514 1023 2570 ejus:
1058 2512 1269 2555 dicuntur
1296 2522 1449 2555 autem
1477 2511 1530 2555 ab
1552 2511 1744 2556 Oriente
1777 2511 1833 2555 ad
1865 2510 2046 2556 literam
2069 2512 2264 2567 venisse,

287 2578 363 2624 vel
389 2579 495 2638 quia
511 2578 566 2623 de
596 2578 764 2622 ultimis
794 2578 997 2623 Orientis
1025 2579 1225 2637 partibus
1251 2588 1489 2632 venerunt,
1515 2578 1768 2622 secundum
1796 2579 2036 2637 quosdam,
2060 2578 2136 2624 vel
2157 2579 2263 2639 quia

288 2646 346 2691 de
371 2646 595 2705 aliquibus
621 2645 781 2689 vicinis
808 2646 1008 2704 partibus
1030 2646 1230 2703 Judaeae
1257 2655 1494 2699 venerunt,
1527 2659 1644 2704 quae
1676 2655 1832 2689 tamen
1858 2655 1963 2690 sunt
1993 2645 2173 2705 regioni
2190 2646 2264 2705 Ju-

289 2713 511 2758 daeorum
530 2713 584 2756 ad
597 2712 861 2757 Orientem:
883 2712 1096 2757 credibile
1107 2721 1263 2756 tamen
1282 2722 1362 2766 est,
1377 2712 1514 2757 etiam
1532 2712 1579 2756 in
1597 2711 1695 2756 aliis
1714 2711 1913 2771 partibus
1929 2708 2091 2758 mundi
2111 2712 2262 2773 aliqua

286 2780 455 2825 indicia
480 2780 727 2824 nativitatis
754 2779 927 2823 Christi
954 2781 1240 2839 apparuisse;
1264 2781 1382 2824 sicut
1406 2781 1585 2824 Romae
1611 2779 1739 2824 fluxit
1763 2779 1939 2835 oleum,
1961 2790 2006 2826 et
2029 2780 2078 2826 in
2099 2781 2261 2843 Hispa-

287 2848 364 2892 nia
390 2857 697 2907 apparuerunt
721 2857 810 2891 tres
838 2847 959 2891 soles
986 2847 1207 2906 paulatim
1232 2848 1279 2891 in
1306 2862 1451 2892 unum
1478 2858 1708 2892 coeuntes.

376 2915 452 2959 AD
480 2927 717 2965 QUARTUM
751 2914 1010 2968 dicendum,
1044 2915 1182 2973 quod,
1209 2916 1326 2959 sicut
1355 2915 1593 2974 Chrysost.
1622 2915 1730 2959 dicit
1761 2915 1821 2973 (et
1851 2915 1948 2961 hab.
1971 2917 2022 2960 in·
2047 2916 2142 2962 Cat.
2164 2930 2260 2962 aar.

285 2983 345 3027 D.
382 2983 458 3027 Th.
475 2990 591 3042 supr.
611 2989 700 3040 cap.
719 2995 758 3026 2.
778 2981 922 3038 Luc.):
953 2982 1200 3040 «Angelus
1228 2982 1522 3026 manifestans
1551 2982 1723 3027 Christi
1749 2983 2034 3028 nativitatem
2059 2997 2155 3028 non
2179 2983 2261 3028 ivit

287 3049 677 3108 Hierosolymam,
695 3063 789 3092 non
818 3049 1049 3107 requisivit
1077 3050 1273 3103 Scribas,
1294 3060 1336 3093 et
1359 3050 1654 3095 Pharisaeos:
1679 3061 1806 3095 erant
1829 3052 1953 3095 enim
1979 3050 2195 3112 corrupti,
2214 3060 2260 3096 et

286 3132 393 3177 prae
419 3116 589 3160 invidia
617 3115 959 3169 cruciabantur;
992 3116 1070 3160 sed
1099 3127 1303 3174 pastores
1337 3127 1463 3161 erant
1489 3117 1668 3171 sinceri,
1697 3117 1929 3178 antiquam
1957 3118 2260 3164 conversatio·

283 3185 461 3228 tionem
483 3182 866 3236 Patriarcharum,
890 3194 934 3226 et
955 3183 1107 3242 Moysi
1135 3183 1337 3228 colentes
1356 3197 1404 3226 »z
1428 3198 1508 3244 per
1534 3185 1620 3229 hos
1638 3185 1777 3230 etiam
1802 3195 2007 3245 pastores
2033 3184 2258 3244 significa-

284 3252 447 3295 bantur
467 3251 695 3295 Doctores
722 3249 972 3304 Ecclesiae,
1000 3250 1160 3309 quibus
1190 3250 1362 3296 Christi
1388 3254 1605 3311 mysteria
1630 3251 1904 3308 revelantur,
1918 3266 2036 3313 quae
2057 3251 2258 3299 latebant

279 3319 494 3377 Judaeos.
2221 3323 2225 3329 “

376 3387 452 3430 An
480 3399 707 3436 QumTuM
738 3385 998 3438 dicendum,
1026 3385 1147 3443 quod
1176 3386 1293 3429 sicut
1319 3386 1534 3430 Ambros.
1562 3387 1672 3431 dicit
1697 3388 1831 3448 (supr.
1857 3386 1962 3433 illud
1986 3387 2091 3433 Luc.
2112 3402 2172 3434 2.:
2203 3388 2259 3433 Et

285 3469 372 3498 ecce
399 3454 520 3497 homo
546 3459 650 3507 erat,
678 3453 788 3508 eta),
812 3468 835 3494 «
862 3452 1094 3511 generatio
1128 3452 1319 3496 Domini
1346 3468 1438 3497 non
1465 3453 1617 3498 solum
1640 3468 1666 3498 a
1691 3455 1942 3513 juvenibus,
1968 3454 2051 3500 sed
2072 3455 2257 3500 etiamn

285 3521 553 3573 senioribus,
581 3529 624 3564 et
649 3520 776 3578 justis
791 3520 997 3578 accipere
1024 3519 1178 3563 debuit
1204 3520 1520 3565 testimonium
1536 3537 1578 3576 »3
1606 3536 1804 3581 quorum
1829 3521 2249 3568 etiam'testimonio

286 3597 469 3647 propter
493 3587 711 3646 justitiam
735 3588 883 3646 magis
912 3586 1190 3631 credebatur.
