<?xml version="1.0" encoding="UTF-8"?>
<!DOCTYPE html PUBLIC "-//W3C//DTD XHTML 1.0 Transitional//EN"
    "http://www.w3.org/TR/xhtml1/DTD/xhtml1-transitional.dtd">
<html xmlns="http://www.w3.org/1999/xhtml" xml:lang="en" lang="en">
 <head>
  <title>
</title>
<meta http-equiv="Content-Type" content="text/html;charset=utf-8" />
  <meta name='ocr-system' content='tesseract 3.04.00' />
  <meta name='ocr-capabilities' content='ocr_page ocr_carea ocr_par ocr_line ocrx_word'/>
</head>
<body>
  <div class='ocr_page' id='page_1' title='image "./divithomaeaquina04thom_0751.png"; bbox 0 0 2352 3926; ppageno 0'>
   <div class='ocr_carea' id='block_1_1' title="bbox 0 0 57 433">
    <p class='ocr_par' dir='ltr' id='par_1_1' title="bbox 0 0 57 433">
     <span class='ocr_line' id='line_1_1' title="bbox 0 0 57 433; baseline 0 3493"><span class='ocrx_word' id='word_1_1' title='bbox 0 0 57 433; x_wconf 95' lang='lat' dir='ltr'> </span> 
     </span>
    </p>
   </div>
   <div class='ocr_carea' id='block_1_2' title="bbox 0 3011 18 3180">
    <p class='ocr_par' dir='ltr' id='par_1_2' title="bbox 0 3011 18 3180">
     <span class='ocr_line' id='line_1_2' title="bbox 0 3011 18 3180; textangle 90"><span class='ocrx_word' id='word_1_2' title='bbox 0 3102 18 3180; x_wconf 52' lang='lat' dir='ltr'>wrm-v.</span> <span class='ocrx_word' id='word_1_3' title='bbox 0 3051 14 3095; x_wconf 55' lang='grc' dir='ltr'>«νῑῐ</span> <span class='ocrx_word' id='word_1_4' title='bbox 6 3040 10 3042; x_wconf 49' lang='lat'><strong><em>⁴</em></strong></span> <span class='ocrx_word' id='word_1_5' title='bbox 0 3011 14 3023; x_wconf 51' lang='grc' dir='ltr'><em>Ξ</em></span> 
     </span>
    </p>
   </div>
   <div class='ocr_carea' id='block_1_3' title="bbox 2 3187 23 3684">
    <p class='ocr_par' dir='ltr' id='par_1_3' title="bbox 2 3187 23 3684">
     <span class='ocr_line' id='line_1_3' title="bbox 2 3187 23 3684; textangle 90"><span class='ocrx_word' id='word_1_6' title='bbox 5 3666 15 3684; x_wconf 64' lang='lat'>⁴³</span> <span class='ocrx_word' id='word_1_7' title='bbox 5 3642 13 3654; x_wconf 54' lang='lat'>⁴⁴</span> <span class='ocrx_word' id='word_1_8' title='bbox 11 3626 14 3627; x_wconf 63' lang='lat'><em>=</em></span> <span class='ocrx_word' id='word_1_9' title='bbox 2 3370 22 3612; x_wconf 43' lang='lat' dir='ltr'>manv-*W</span> <span class='ocrx_word' id='word_1_10' title='bbox 4 3324 23 3364; x_wconf 58' lang='lat'>”3-5-</span> <span class='ocrx_word' id='word_1_11' title='bbox 2 3187 21 3311; x_wconf 34' lang='lat' dir='ltr'>*mamus</span> 
     </span>
    </p>
   </div>
   <div class='ocr_carea' id='block_1_4' title="bbox 619 192 2078 248">
    <p class='ocr_par' dir='ltr' id='par_1_4' title="bbox 619 192 2078 248">
     <span class='ocr_line' id='line_1_4' title="bbox 619 192 2078 248; baseline -0.003 -14"><span class='ocrx_word' id='word_1_12' title='bbox 619 194 899 241; x_wconf 68' lang='lat' dir='ltr'>QUABSTIO</span> <span class='ocrx_word' id='word_1_13' title='bbox 939 194 1145 234; x_wconf 83' lang='lat' dir='ltr'>LXXXII.</span> <span class='ocrx_word' id='word_1_14' title='bbox 1185 192 1494 234; x_wconf 82' lang='lat' dir='ltr'>ARTICULUS</span> <span class='ocrx_word' id='word_1_15' title='bbox 1533 192 1609 232; x_wconf 87' lang='lat'>111.</span> <span class='ocrx_word' id='word_1_16' title='bbox 1972 192 2078 248; x_wconf 85' lang='lat'>747</span> 
     </span>
    </p>
   </div>
   <div class='ocr_carea' id='block_1_5' title="bbox 117 294 2083 559">
    <p class='ocr_par' dir='ltr' id='par_1_5' title="bbox 117 294 2083 559">
     <span class='ocr_line' id='line_1_5' title="bbox 118 294 2079 357; baseline -0.002 -15"><span class='ocrx_word' id='word_1_17' title='bbox 118 296 312 357; x_wconf 80' lang='lat' dir='ltr'>pertinet</span> <span class='ocrx_word' id='word_1_18' title='bbox 337 297 624 342; x_wconf 87' lang='lat' dir='ltr'>consecratio</span> <span class='ocrx_word' id='word_1_19' title='bbox 648 297 852 357; x_wconf 87' lang='lat' dir='ltr'>corporis</span> <span class='ocrx_word' id='word_1_20' title='bbox 875 297 1063 351; x_wconf 87' lang='lat' dir='ltr'><strong>Christi,</strong></span> <span class='ocrx_word' id='word_1_21' title='bbox 1079 297 1142 342; x_wconf 89' lang='lat' dir='ltr'>ita</span> <span class='ocrx_word' id='word_1_22' title='bbox 1159 297 1215 341; x_wconf 91' lang='lat' dir='ltr'>ad</span> <span class='ocrx_word' id='word_1_23' title='bbox 1234 311 1340 342; x_wconf 86' lang='lat' dir='ltr'>eum</span> <span class='ocrx_word' id='word_1_24' title='bbox 1356 298 1550 356; x_wconf 81' lang='lat' dir='ltr'>pertinet</span> <span class='ocrx_word' id='word_1_25' title='bbox 1570 294 1863 354; x_wconf 78' lang='lat' dir='ltr'>dispensatio.</span> <span class='ocrx_word' id='word_1_26' title='bbox 1879 295 2079 349; x_wconf 85' lang='lat' dir='ltr'>Secundo,</span> 
     </span>
     <span class='ocr_line' id='line_1_6' title="bbox 120 362 2081 424; baseline -0.002 -14"><span class='ocrx_word' id='word_1_27' title='bbox 120 365 225 424; x_wconf 85' lang='lat' dir='ltr'>quia</span> <span class='ocrx_word' id='word_1_28' title='bbox 256 365 471 409; x_wconf 85' lang='lat' dir='ltr'>sacerdos</span> <span class='ocrx_word' id='word_1_29' title='bbox 504 365 792 410; x_wconf 80' lang='lat' dir='ltr'>constituitur</span> <span class='ocrx_word' id='word_1_30' title='bbox 822 365 1000 410; x_wconf 88' lang='lat' dir='ltr'>medius</span> <span class='ocrx_word' id='word_1_31' title='bbox 1026 364 1143 409; x_wconf 89' lang='lat' dir='ltr'>inter</span> <span class='ocrx_word' id='word_1_32' title='bbox 1175 365 1344 419; x_wconf 91' lang='lat' dir='ltr'>Deum,</span> <span class='ocrx_word' id='word_1_33' title='bbox 1371 375 1415 408; x_wconf 92' lang='lat' dir='ltr'>et</span> <span class='ocrx_word' id='word_1_34' title='bbox 1439 362 1686 423; x_wconf 90' lang='lat' dir='ltr'>populum;</span> <span class='ocrx_word' id='word_1_35' title='bbox 1718 363 1838 408; x_wconf 90' lang='lat' dir='ltr'>unde</span> <span class='ocrx_word' id='word_1_36' title='bbox 1874 363 1990 407; x_wconf 89' lang='lat' dir='ltr'>sicut</span> <span class='ocrx_word' id='word_1_37' title='bbox 2026 363 2081 407; x_wconf 92' lang='lat' dir='ltr'>ad</span> 
     </span>
     <span class='ocr_line' id='line_1_7' title="bbox 119 429 2083 492; baseline -0.002 -15"><span class='ocrx_word' id='word_1_38' title='bbox 119 445 225 477; x_wconf 88' lang='lat' dir='ltr'>eum</span> <span class='ocrx_word' id='word_1_39' title='bbox 251 432 445 492; x_wconf 84' lang='lat' dir='ltr'>pertinet</span> <span class='ocrx_word' id='word_1_40' title='bbox 465 433 586 476; x_wconf 91' lang='lat' dir='ltr'>dona</span> <span class='ocrx_word' id='word_1_41' title='bbox 613 432 771 492; x_wconf 91' lang='lat' dir='ltr'>populi</span> <span class='ocrx_word' id='word_1_42' title='bbox 797 433 900 476; x_wconf 90' lang='lat' dir='ltr'>Deo</span> <span class='ocrx_word' id='word_1_43' title='bbox 927 431 1104 487; x_wconf 84' lang='lat' dir='ltr'>offerre,</span> <span class='ocrx_word' id='word_1_44' title='bbox 1139 431 1200 475; x_wconf 89' lang='lat' dir='ltr'>ita</span> <span class='ocrx_word' id='word_1_45' title='bbox 1227 431 1282 475; x_wconf 89' lang='lat' dir='ltr'>ad</span> <span class='ocrx_word' id='word_1_46' title='bbox 1306 446 1411 475; x_wconf 91' lang='lat' dir='ltr'>eum</span> <span class='ocrx_word' id='word_1_47' title='bbox 1434 431 1629 490; x_wconf 87' lang='lat' dir='ltr'>pertinet</span> <span class='ocrx_word' id='word_1_48' title='bbox 1653 430 1776 475; x_wconf 89' lang='lat' dir='ltr'>dona</span> <span class='ocrx_word' id='word_1_49' title='bbox 1798 429 2083 475; x_wconf 87' lang='lat' dir='ltr'>sanctificata</span> 
     </span>
     <span class='ocr_line' id='line_1_8' title="bbox 117 496 2083 559; baseline -0.002 -16"><span class='ocrx_word' id='word_1_50' title='bbox 117 499 331 544; x_wconf 88' lang='lat' dir='ltr'>divinitus</span> <span class='ocrx_word' id='word_1_51' title='bbox 349 499 520 559; x_wconf 92' lang='lat' dir='ltr'>populo</span> <span class='ocrx_word' id='word_1_52' title='bbox 538 500 728 544; x_wconf 86' lang='lat' dir='ltr'>tradere.</span> <span class='ocrx_word' id='word_1_53' title='bbox 761 500 915 553; x_wconf 81' lang='lat' dir='ltr'>Tertio,</span> <span class='ocrx_word' id='word_1_54' title='bbox 932 500 1037 558; x_wconf 86' lang='lat' dir='ltr'>quia</span> <span class='ocrx_word' id='word_1_55' title='bbox 1061 500 1105 542; x_wconf 91' lang='lat' dir='ltr'>in</span> <span class='ocrx_word' id='word_1_56' title='bbox 1123 499 1424 542; x_wconf 88' lang='lat' dir='ltr'>reverentiam</span> <span class='ocrx_word' id='word_1_57' title='bbox 1451 498 1585 556; x_wconf 87' lang='lat' dir='ltr'>hujus</span> <span class='ocrx_word' id='word_1_58' title='bbox 1613 497 1902 552; x_wconf 83' lang='lat' dir='ltr'>sacramenti,</span> <span class='ocrx_word' id='word_1_59' title='bbox 1919 496 2083 541; x_wconf 90' lang='lat' dir='ltr'>anulla</span> 
     </span>
    </p>
   </div>
   <div class='ocr_carea' id='block_1_6' title="bbox 49 565 2085 626">
    <p class='ocr_par' dir='ltr' id='par_1_6' title="bbox 49 565 2085 626">
     <span class='ocr_line' id='line_1_9' title="bbox 49 565 2085 626; baseline -0.001 -15"><span class='ocrx_word' id='word_1_60' title='bbox 49 584 57 590; x_wconf 85' lang='lat'><strong>·</strong></span> <span class='ocrx_word' id='word_1_61' title='bbox 117 580 166 611; x_wconf 87' lang='lat' dir='ltr'>re</span> <span class='ocrx_word' id='word_1_62' title='bbox 199 567 476 626; x_wconf 80' lang='lat' dir='ltr'>contingitur</span> <span class='ocrx_word' id='word_1_63' title='bbox 500 567 589 612; x_wconf 87' lang='lat' dir='ltr'>nisi</span> <span class='ocrx_word' id='word_1_64' title='bbox 615 576 905 621; x_wconf 89' lang='lat' dir='ltr'>consecrata;</span> <span class='ocrx_word' id='word_1_65' title='bbox 939 567 1057 610; x_wconf 88' lang='lat' dir='ltr'>unde</span> <span class='ocrx_word' id='word_1_66' title='bbox 1091 576 1135 610; x_wconf 89' lang='lat' dir='ltr'>et</span> <span class='ocrx_word' id='word_1_67' title='bbox 1168 565 1420 624; x_wconf 82' lang='lat' dir='ltr'>corporale,</span> <span class='ocrx_word' id='word_1_68' title='bbox 1457 577 1501 610; x_wconf 90' lang='lat' dir='ltr'>et</span> <span class='ocrx_word' id='word_1_69' title='bbox 1526 565 1644 610; x_wconf 86' lang='lat' dir='ltr'>calix</span> <span class='ocrx_word' id='word_1_70' title='bbox 1669 573 2008 619; x_wconf 88' lang='lat' dir='ltr'>consecrantur,</span> <span class='ocrx_word' id='word_1_71' title='bbox 2039 575 2085 608; x_wconf 93' lang='lat' dir='ltr'>et</span> 
     </span>
    </p>
   </div>
   <div class='ocr_carea' id='block_1_7' title="bbox 115 631 2087 1978">
    <p class='ocr_par' dir='ltr' id='par_1_7' title="bbox 116 631 2085 813">
     <span class='ocr_line' id='line_1_10' title="bbox 118 631 2085 694; baseline -0.002 -15"><span class='ocrx_word' id='word_1_72' title='bbox 118 633 326 679; x_wconf 85' lang='lat' dir='ltr'>similiter</span> <span class='ocrx_word' id='word_1_73' title='bbox 351 649 513 678; x_wconf 89' lang='lat' dir='ltr'>manus</span> <span class='ocrx_word' id='word_1_74' title='bbox 539 634 802 687; x_wconf 88' lang='lat' dir='ltr'>sacerdotis,</span> <span class='ocrx_word' id='word_1_75' title='bbox 829 634 884 677; x_wconf 92' lang='lat' dir='ltr'>ad</span> <span class='ocrx_word' id='word_1_76' title='bbox 911 634 1194 692; x_wconf 87' lang='lat' dir='ltr'>tangendum</span> <span class='ocrx_word' id='word_1_77' title='bbox 1219 633 1309 677; x_wconf 92' lang='lat' dir='ltr'>hoc</span> <span class='ocrx_word' id='word_1_78' title='bbox 1337 643 1700 688; x_wconf 87' lang='lat' dir='ltr'>sacramentum;</span> <span class='ocrx_word' id='word_1_79' title='bbox 1721 632 1841 676; x_wconf 89' lang='lat' dir='ltr'>unde</span> <span class='ocrx_word' id='word_1_80' title='bbox 1867 631 1982 694; x_wconf 81' lang='lat' dir='ltr'>nulli</span> <span class='ocrx_word' id='word_1_81' title='bbox 2007 631 2085 676; x_wconf 86' lang='lat' dir='ltr'>alii</span> 
     </span>
     <span class='ocr_line' id='line_1_11' title="bbox 116 699 2083 760; baseline -0.001 -14"><span class='ocrx_word' id='word_1_82' title='bbox 116 711 304 760; x_wconf 85' lang='lat' dir='ltr'>tangere</span> <span class='ocrx_word' id='word_1_83' title='bbox 329 701 449 755; x_wconf 91' lang='lat' dir='ltr'>licet,</span> <span class='ocrx_word' id='word_1_84' title='bbox 476 701 561 745; x_wconf 90' lang='lat' dir='ltr'>nisi</span> <span class='ocrx_word' id='word_1_85' title='bbox 588 701 633 744; x_wconf 90' lang='lat' dir='ltr'>in</span> <span class='ocrx_word' id='word_1_86' title='bbox 658 701 946 755; x_wconf 87' lang='lat' dir='ltr'>necessitate,</span> <span class='ocrx_word' id='word_1_87' title='bbox 980 710 1088 760; x_wconf 85' lang='lat' dir='ltr'>puta</span> <span class='ocrx_word' id='word_1_88' title='bbox 1120 700 1158 744; x_wconf 91' lang='lat' dir='ltr'>si</span> <span class='ocrx_word' id='word_1_89' title='bbox 1185 700 1366 744; x_wconf 88' lang='lat' dir='ltr'>caderet</span> <span class='ocrx_word' id='word_1_90' title='bbox 1391 701 1438 743; x_wconf 87' lang='lat' dir='ltr'>in</span> <span class='ocrx_word' id='word_1_91' title='bbox 1463 710 1648 754; x_wconf 90' lang='lat' dir='ltr'>terram,</span> <span class='ocrx_word' id='word_1_92' title='bbox 1661 699 1734 744; x_wconf 91' lang='lat' dir='ltr'>vel</span> <span class='ocrx_word' id='word_1_93' title='bbox 1751 702 1796 744; x_wconf 90' lang='lat' dir='ltr'>in</span> <span class='ocrx_word' id='word_1_94' title='bbox 1815 699 1968 759; x_wconf 89' lang='lat' dir='ltr'>aliquo</span> <span class='ocrx_word' id='word_1_95' title='bbox 1991 699 2083 744; x_wconf 88' lang='lat' dir='ltr'>alio</span> 
     </span>
     <span class='ocr_line' id='line_1_12' title="bbox 117 769 547 813; baseline 0 0"><span class='ocrx_word' id='word_1_96' title='bbox 117 769 400 813; x_wconf 86' lang='lat' dir='ltr'>necessitatis</span> <span class='ocrx_word' id='word_1_97' title='bbox 427 783 547 813; x_wconf 89' lang='lat' dir='ltr'>casu.</span> 
     </span>
    </p>

    <p class='ocr_par' dir='ltr' id='par_1_8' title="bbox 115 833 2085 1435">
     <span class='ocr_line' id='line_1_13' title="bbox 206 833 2085 895; baseline -0.001 -14"><span class='ocrx_word' id='word_1_98' title='bbox 206 835 284 881; x_wconf 79' lang='lat' dir='ltr'>An</span> <span class='ocrx_word' id='word_1_99' title='bbox 308 849 499 881; x_wconf 72' lang='lat' dir='ltr'>numm</span> <span class='ocrx_word' id='word_1_100' title='bbox 526 850 636 895; x_wconf 88' lang='lat' dir='ltr'>ergo</span> <span class='ocrx_word' id='word_1_101' title='bbox 663 834 921 889; x_wconf 89' lang='lat' dir='ltr'>dicendum,</span> <span class='ocrx_word' id='word_1_102' title='bbox 955 834 1078 893; x_wconf 91' lang='lat' dir='ltr'>quod</span> <span class='ocrx_word' id='word_1_103' title='bbox 1110 835 1330 879; x_wconf 90' lang='lat' dir='ltr'>diaconus</span> <span class='ocrx_word' id='word_1_104' title='bbox 1364 834 1493 893; x_wconf 89' lang='lat' dir='ltr'>quasi</span> <span class='ocrx_word' id='word_1_105' title='bbox 1524 834 1806 893; x_wconf 90' lang='lat' dir='ltr'>propinquus</span> <span class='ocrx_word' id='word_1_106' title='bbox 1838 833 1988 878; x_wconf 90' lang='lat' dir='ltr'>ordini</span> <span class='ocrx_word' id='word_1_107' title='bbox 2017 848 2085 880; x_wconf 89' lang='lat' dir='ltr'>sa-</span> 
     </span>
     <span class='ocr_line' id='line_1_14' title="bbox 118 900 2082 963; baseline -0.002 -15"><span class='ocrx_word' id='word_1_108' title='bbox 118 902 338 949; x_wconf 88' lang='lat' dir='ltr'>cerdotali</span> <span class='ocrx_word' id='word_1_109' title='bbox 362 903 534 963; x_wconf 89' lang='lat' dir='ltr'>aliquid</span> <span class='ocrx_word' id='word_1_110' title='bbox 561 903 798 962; x_wconf 88' lang='lat' dir='ltr'>participat</span> <span class='ocrx_word' id='word_1_111' title='bbox 820 902 876 945; x_wconf 90' lang='lat' dir='ltr'>de</span> <span class='ocrx_word' id='word_1_112' title='bbox 908 902 1004 959; x_wconf 89' lang='lat' dir='ltr'>ejus</span> <span class='ocrx_word' id='word_1_113' title='bbox 1030 900 1210 955; x_wconf 87' lang='lat' dir='ltr'>officio;</span> <span class='ocrx_word' id='word_1_114' title='bbox 1239 912 1286 945; x_wconf 92' lang='lat' dir='ltr'>ut</span> <span class='ocrx_word' id='word_1_115' title='bbox 1322 901 1496 945; x_wconf 91' lang='lat' dir='ltr'>scilicet</span> <span class='ocrx_word' id='word_1_116' title='bbox 1529 901 1758 960; x_wconf 88' lang='lat' dir='ltr'>dispenset</span> <span class='ocrx_word' id='word_1_117' title='bbox 1793 903 2082 961; x_wconf 88' lang='lat' dir='ltr'>sanguinem,</span> 
     </span>
     <span class='ocr_line' id='line_1_15' title="bbox 116 968 2082 1030; baseline 0 -16"><span class='ocrx_word' id='word_1_118' title='bbox 116 984 212 1015; x_wconf 92' lang='lat' dir='ltr'>non</span> <span class='ocrx_word' id='word_1_119' title='bbox 238 979 392 1014; x_wconf 88' lang='lat' dir='ltr'>autem</span> <span class='ocrx_word' id='word_1_120' title='bbox 415 984 595 1028; x_wconf 90' lang='lat' dir='ltr'>corpus,</span> <span class='ocrx_word' id='word_1_121' title='bbox 620 970 708 1015; x_wconf 89' lang='lat' dir='ltr'>nisi</span> <span class='ocrx_word' id='word_1_122' title='bbox 731 970 779 1013; x_wconf 89' lang='lat' dir='ltr'>in</span> <span class='ocrx_word' id='word_1_123' title='bbox 795 970 1080 1022; x_wconf 87' lang='lat' dir='ltr'>necessitate,</span> <span class='ocrx_word' id='word_1_124' title='bbox 1101 968 1284 1027; x_wconf 88' lang='lat' dir='ltr'>jubente</span> <span class='ocrx_word' id='word_1_125' title='bbox 1302 969 1536 1027; x_wconf 89' lang='lat' dir='ltr'>episcopo,</span> <span class='ocrx_word' id='word_1_126' title='bbox 1553 968 1626 1012; x_wconf 90' lang='lat' dir='ltr'>vel</span> <span class='ocrx_word' id='word_1_127' title='bbox 1638 970 1924 1028; x_wconf 86' lang='lat' dir='ltr'>presbytero:</span> <span class='ocrx_word' id='word_1_128' title='bbox 1936 970 2082 1030; x_wconf 83' lang='lat' dir='ltr'>primo</span> 
     </span>
     <span class='ocr_line' id='line_1_16' title="bbox 115 1035 2085 1098; baseline -0.001 -17"><span class='ocrx_word' id='word_1_129' title='bbox 115 1036 315 1098; x_wconf 86' lang='lat' dir='ltr'>quidem,</span> <span class='ocrx_word' id='word_1_130' title='bbox 341 1037 446 1096; x_wconf 90' lang='lat' dir='ltr'>quia</span> <span class='ocrx_word' id='word_1_131' title='bbox 471 1037 656 1096; x_wconf 88' lang='lat' dir='ltr'>sanguis</span> <span class='ocrx_word' id='word_1_132' title='bbox 674 1036 848 1081; x_wconf 89' lang='lat' dir='ltr'>Christi</span> <span class='ocrx_word' id='word_1_133' title='bbox 873 1035 1131 1080; x_wconf 89' lang='lat' dir='ltr'>continetur</span> <span class='ocrx_word' id='word_1_134' title='bbox 1156 1035 1202 1079; x_wconf 90' lang='lat' dir='ltr'>in</span> <span class='ocrx_word' id='word_1_135' title='bbox 1230 1049 1351 1089; x_wconf 87' lang='lat' dir='ltr'>vase,</span> <span class='ocrx_word' id='word_1_136' title='bbox 1370 1037 1489 1079; x_wconf 86' lang='lat' dir='ltr'>unde</span> <span class='ocrx_word' id='word_1_137' title='bbox 1512 1050 1606 1080; x_wconf 91' lang='lat' dir='ltr'>non</span> <span class='ocrx_word' id='word_1_138' title='bbox 1629 1046 1824 1095; x_wconf 90' lang='lat' dir='ltr'>oportet,</span> <span class='ocrx_word' id='word_1_139' title='bbox 1848 1037 1971 1096; x_wconf 93' lang='lat' dir='ltr'>quod</span> <span class='ocrx_word' id='word_1_140' title='bbox 1987 1047 2085 1081; x_wconf 91' lang='lat' dir='ltr'>tan·</span> 
     </span>
     <span class='ocr_line' id='line_1_17' title="bbox 117 1102 2082 1165; baseline -0.001 -16"><span class='ocrx_word' id='word_1_141' title='bbox 117 1114 249 1165; x_wconf 83' lang='lat' dir='ltr'>gatur</span> <span class='ocrx_word' id='word_1_142' title='bbox 273 1118 302 1149; x_wconf 87' lang='lat' dir='ltr'>a</span> <span class='ocrx_word' id='word_1_143' title='bbox 325 1104 631 1164; x_wconf 83' lang='lat' dir='ltr'>dispensante,</span> <span class='ocrx_word' id='word_1_144' title='bbox 658 1104 775 1148; x_wconf 91' lang='lat' dir='ltr'>sicut</span> <span class='ocrx_word' id='word_1_145' title='bbox 798 1106 998 1162; x_wconf 83' lang='lat' dir='ltr'>tangitur</span> <span class='ocrx_word' id='word_1_146' title='bbox 1025 1117 1190 1162; x_wconf 91' lang='lat' dir='ltr'>corpus</span> <span class='ocrx_word' id='word_1_147' title='bbox 1218 1102 1412 1147; x_wconf 89' lang='lat' dir='ltr'>Christi:</span> <span class='ocrx_word' id='word_1_148' title='bbox 1436 1103 1625 1158; x_wconf 74' lang='lat' dir='ltr'>secundo,</span> <span class='ocrx_word' id='word_1_149' title='bbox 1653 1106 1759 1162; x_wconf 87' lang='lat' dir='ltr'>quia</span> <span class='ocrx_word' id='word_1_150' title='bbox 1790 1106 1975 1163; x_wconf 87' lang='lat' dir='ltr'>sanguis</span> <span class='ocrx_word' id='word_1_151' title='bbox 2010 1102 2082 1148; x_wconf 89' lang='lat' dir='ltr'>de-</span> 
     </span>
     <span class='ocr_line' id='line_1_18' title="bbox 117 1169 2084 1232; baseline -0.002 -15"><span class='ocrx_word' id='word_1_152' title='bbox 117 1172 268 1232; x_wconf 75' lang='lat' dir='ltr'>signat</span> <span class='ocrx_word' id='word_1_153' title='bbox 300 1171 666 1230; x_wconf 89' lang='lat' dir='ltr'>redemptionem</span> <span class='ocrx_word' id='word_1_154' title='bbox 703 1186 729 1215; x_wconf 92' lang='lat' dir='ltr'>a</span> <span class='ocrx_word' id='word_1_155' title='bbox 763 1171 949 1216; x_wconf 89' lang='lat' dir='ltr'>Christo</span> <span class='ocrx_word' id='word_1_156' title='bbox 985 1170 1032 1214; x_wconf 90' lang='lat' dir='ltr'>in</span> <span class='ocrx_word' id='word_1_157' title='bbox 1068 1169 1291 1230; x_wconf 90' lang='lat' dir='ltr'>populum</span> <span class='ocrx_word' id='word_1_158' title='bbox 1333 1170 1599 1224; x_wconf 83' lang='lat' dir='ltr'>derivatam,</span> <span class='ocrx_word' id='word_1_159' title='bbox 1636 1171 1756 1215; x_wconf 90' lang='lat' dir='ltr'>unde</span> <span class='ocrx_word' id='word_1_160' title='bbox 1793 1182 1838 1216; x_wconf 93' lang='lat' dir='ltr'>et</span> <span class='ocrx_word' id='word_1_161' title='bbox 1873 1171 2084 1231; x_wconf 87' lang='lat' dir='ltr'>sanguini</span> 
     </span>
     <span class='ocr_line' id='line_1_19' title="bbox 117 1237 2085 1299; baseline -0.002 -14"><span class='ocrx_word' id='word_1_162' title='bbox 117 1239 394 1285; x_wconf 84' lang='lat' dir='ltr'>admiscetur</span> <span class='ocrx_word' id='word_1_163' title='bbox 420 1254 550 1298; x_wconf 91' lang='lat' dir='ltr'>aqua,</span> <span class='ocrx_word' id='word_1_164' title='bbox 578 1253 694 1299; x_wconf 90' lang='lat' dir='ltr'>quae</span> <span class='ocrx_word' id='word_1_165' title='bbox 726 1238 952 1298; x_wconf 88' lang='lat' dir='ltr'>significat</span> <span class='ocrx_word' id='word_1_166' title='bbox 981 1237 1227 1298; x_wconf 89' lang='lat' dir='ltr'>populum:</span> <span class='ocrx_word' id='word_1_167' title='bbox 1257 1247 1302 1282; x_wconf 90' lang='lat' dir='ltr'>et</span> <span class='ocrx_word' id='word_1_168' title='bbox 1327 1237 1433 1296; x_wconf 88' lang='lat' dir='ltr'>quia</span> <span class='ocrx_word' id='word_1_169' title='bbox 1465 1238 1647 1282; x_wconf 89' lang='lat' dir='ltr'>diaconi</span> <span class='ocrx_word' id='word_1_170' title='bbox 1672 1248 1777 1282; x_wconf 88' lang='lat' dir='ltr'>sunt</span> <span class='ocrx_word' id='word_1_171' title='bbox 1800 1238 1917 1283; x_wconf 88' lang='lat' dir='ltr'>inter</span> <span class='ocrx_word' id='word_1_172' title='bbox 1941 1252 2085 1283; x_wconf 90' lang='lat' dir='ltr'>sacer-</span> 
     </span>
     <span class='ocr_line' id='line_1_20' title="bbox 118 1305 2084 1367; baseline -0.002 -15"><span class='ocrx_word' id='word_1_173' title='bbox 118 1307 290 1361; x_wconf 90' lang='lat' dir='ltr'>dotem,</span> <span class='ocrx_word' id='word_1_174' title='bbox 331 1316 376 1352; x_wconf 89' lang='lat' dir='ltr'>et</span> <span class='ocrx_word' id='word_1_175' title='bbox 410 1306 647 1367; x_wconf 91' lang='lat' dir='ltr'>populum,</span> <span class='ocrx_word' id='word_1_176' title='bbox 680 1307 829 1366; x_wconf 87' lang='lat' dir='ltr'>magis</span> <span class='ocrx_word' id='word_1_177' title='bbox 866 1306 1083 1351; x_wconf 87' lang='lat' dir='ltr'>convenit</span> <span class='ocrx_word' id='word_1_178' title='bbox 1113 1305 1319 1350; x_wconf 89' lang='lat' dir='ltr'>diaconis</span> <span class='ocrx_word' id='word_1_179' title='bbox 1352 1305 1629 1364; x_wconf 88' lang='lat' dir='ltr'>dispensatio</span> <span class='ocrx_word' id='word_1_180' title='bbox 1662 1306 1912 1365; x_wconf 86' lang='lat' dir='ltr'>sanguinis,</span> <span class='ocrx_word' id='word_1_181' title='bbox 1945 1319 2084 1365; x_wconf 90' lang='lat' dir='ltr'>quam</span> 
     </span>
     <span class='ocr_line' id='line_1_21' title="bbox 119 1374 651 1435; baseline -0.002 -16"><span class='ocrx_word' id='word_1_182' title='bbox 119 1374 398 1435; x_wconf 86' lang='lat' dir='ltr'>dispensatio</span> <span class='ocrx_word' id='word_1_183' title='bbox 432 1374 651 1434; x_wconf 88' lang='lat' dir='ltr'>corporis.</span> 
     </span>
    </p>

    <p class='ocr_par' dir='ltr' id='par_1_9' title="bbox 119 1440 2085 1568">
     <span class='ocr_line' id='line_1_22' title="bbox 206 1440 2085 1500; baseline -0.002 -12"><span class='ocrx_word' id='word_1_184' title='bbox 206 1442 284 1487; x_wconf 83' lang='lat' dir='ltr'>An</span> <span class='ocrx_word' id='word_1_185' title='bbox 310 1455 571 1488; x_wconf 73' lang='lat' dir='ltr'>SECUNDUM</span> <span class='ocrx_word' id='word_1_186' title='bbox 593 1441 852 1496; x_wconf 90' lang='lat' dir='ltr'>dicendum,</span> <span class='ocrx_word' id='word_1_187' title='bbox 879 1442 1003 1500; x_wconf 91' lang='lat' dir='ltr'>quod</span> <span class='ocrx_word' id='word_1_188' title='bbox 1029 1441 1233 1500; x_wconf 85' lang='lat' dir='ltr'>ejusdem</span> <span class='ocrx_word' id='word_1_189' title='bbox 1257 1450 1324 1485; x_wconf 92' lang='lat' dir='ltr'>est</span> <span class='ocrx_word' id='word_1_190' title='bbox 1343 1440 1436 1485; x_wconf 89' lang='lat' dir='ltr'>hoc</span> <span class='ocrx_word' id='word_1_191' title='bbox 1453 1449 1793 1485; x_wconf 88' lang='lat' dir='ltr'>sacramentum</span> <span class='ocrx_word' id='word_1_192' title='bbox 1810 1440 2085 1500; x_wconf 90' lang='lat' dir='ltr'>dispensare,</span> 
     </span>
     <span class='ocr_line' id='line_1_23' title="bbox 119 1508 1323 1568; baseline -0.003 -12"><span class='ocrx_word' id='word_1_193' title='bbox 119 1520 164 1556; x_wconf 90' lang='lat' dir='ltr'>et</span> <span class='ocrx_word' id='word_1_194' title='bbox 189 1523 475 1563; x_wconf 88' lang='lat' dir='ltr'>consecrare,</span> <span class='ocrx_word' id='word_1_195' title='bbox 501 1510 679 1554; x_wconf 87' lang='lat' dir='ltr'>ratione</span> <span class='ocrx_word' id='word_1_196' title='bbox 704 1511 798 1568; x_wconf 83' lang='lat' dir='ltr'>jam</span> <span class='ocrx_word' id='word_1_197' title='bbox 824 1509 945 1553; x_wconf 92' lang='lat' dir='ltr'>dicta</span> <span class='ocrx_word' id='word_1_198' title='bbox 973 1508 1037 1565; x_wconf 88' lang='lat' dir='ltr'>(in</span> <span class='ocrx_word' id='word_1_199' title='bbox 1063 1516 1176 1568; x_wconf 87' lang='lat' dir='ltr'>corp.</span> <span class='ocrx_word' id='word_1_200' title='bbox 1203 1515 1284 1553; x_wconf 85' lang='lat' dir='ltr'>art.</span> <span class='ocrx_word' id='word_1_201' title='bbox 1283 1509 1323 1566; x_wconf 92' lang='lat'>).</span> 
     </span>
    </p>

    <p class='ocr_par' dir='ltr' id='par_1_10' title="bbox 118 1575 2087 1978">
     <span class='ocr_line' id='line_1_24' title="bbox 207 1575 2087 1636; baseline -0.002 -13"><span class='ocrx_word' id='word_1_202' title='bbox 207 1578 284 1623; x_wconf 86' lang='lat' dir='ltr'>AD</span> <span class='ocrx_word' id='word_1_203' title='bbox 312 1590 529 1623; x_wconf 81' lang='lat' dir='ltr'>TERTIUM</span> <span class='ocrx_word' id='word_1_204' title='bbox 556 1577 815 1631; x_wconf 89' lang='lat' dir='ltr'>dicendum,</span> <span class='ocrx_word' id='word_1_205' title='bbox 842 1578 965 1636; x_wconf 90' lang='lat' dir='ltr'>quod</span> <span class='ocrx_word' id='word_1_206' title='bbox 988 1578 1106 1620; x_wconf 86' lang='lat' dir='ltr'>sicut</span> <span class='ocrx_word' id='word_1_207' title='bbox 1145 1576 1367 1621; x_wconf 90' lang='lat' dir='ltr'>diaconus</span> <span class='ocrx_word' id='word_1_208' title='bbox 1393 1576 1439 1620; x_wconf 90' lang='lat' dir='ltr'>in</span> <span class='ocrx_word' id='word_1_209' title='bbox 1467 1576 1622 1635; x_wconf 90' lang='lat' dir='ltr'>aliquo</span> <span class='ocrx_word' id='word_1_210' title='bbox 1655 1576 1895 1636; x_wconf 90' lang='lat' dir='ltr'>participat</span> <span class='ocrx_word' id='word_1_211' title='bbox 1920 1575 2087 1621; x_wconf 91' lang='lat' dir='ltr'>illumi-</span> 
     </span>
     <span class='ocr_line' id='line_1_25' title="bbox 118 1644 2085 1704; baseline -0.001 -14"><span class='ocrx_word' id='word_1_212' title='bbox 118 1645 323 1690; x_wconf 85' lang='lat' dir='ltr'>nativam</span> <span class='ocrx_word' id='word_1_213' title='bbox 346 1645 561 1690; x_wconf 88' lang='lat' dir='ltr'>virtutem</span> <span class='ocrx_word' id='word_1_214' title='bbox 587 1644 852 1699; x_wconf 89' lang='lat' dir='ltr'>sacerdotis,</span> <span class='ocrx_word' id='word_1_215' title='bbox 883 1644 1151 1704; x_wconf 89' lang='lat' dir='ltr'>inquantum</span> <span class='ocrx_word' id='word_1_216' title='bbox 1185 1644 1416 1703; x_wconf 87' lang='lat' dir='ltr'>dispensat</span> <span class='ocrx_word' id='word_1_217' title='bbox 1447 1644 1750 1703; x_wconf 83' lang='lat' dir='ltr'>sanguinem3</span> <span class='ocrx_word' id='word_1_218' title='bbox 1777 1645 1839 1688; x_wconf 87' lang='lat' dir='ltr'>ita</span> <span class='ocrx_word' id='word_1_219' title='bbox 1871 1644 2085 1689; x_wconf 90' lang='lat' dir='ltr'>sacerdos</span> 
     </span>
     <span class='ocr_line' id='line_1_26' title="bbox 118 1711 2086 1773; baseline -0.002 -15"><span class='ocrx_word' id='word_1_220' title='bbox 118 1712 358 1773; x_wconf 87' lang='lat' dir='ltr'>participat</span> <span class='ocrx_word' id='word_1_221' title='bbox 381 1711 676 1773; x_wconf 90' lang='lat' dir='ltr'>perfectivam</span> <span class='ocrx_word' id='word_1_222' title='bbox 703 1711 1092 1771; x_wconf 89' lang='lat' dir='ltr'>dispensationem</span> <span class='ocrx_word' id='word_1_223' title='bbox 1119 1711 1336 1771; x_wconf 89' lang='lat' dir='ltr'>episcopi,</span> <span class='ocrx_word' id='word_1_224' title='bbox 1363 1711 1634 1771; x_wconf 88' lang='lat' dir='ltr'>inquantum</span> <span class='ocrx_word' id='word_1_225' title='bbox 1661 1711 1890 1771; x_wconf 88' lang='lat' dir='ltr'>dispensat</span> <span class='ocrx_word' id='word_1_226' title='bbox 1910 1712 2002 1755; x_wconf 90' lang='lat' dir='ltr'>hoc</span> <span class='ocrx_word' id='word_1_227' title='bbox 2020 1725 2086 1756; x_wconf 89' lang='lat' dir='ltr'>sa-</span> 
     </span>
     <span class='ocr_line' id='line_1_27' title="bbox 120 1778 2087 1840; baseline -0.002 -14"><span class='ocrx_word' id='word_1_228' title='bbox 120 1791 422 1836; x_wconf 87' lang='lat' dir='ltr'>cramentum,</span> <span class='ocrx_word' id='word_1_229' title='bbox 449 1794 539 1840; x_wconf 93' lang='lat' dir='ltr'>quo</span> <span class='ocrx_word' id='word_1_230' title='bbox 557 1779 792 1840; x_wconf 84' lang='lat' dir='ltr'>&#39;perficitur</span> <span class='ocrx_word' id='word_1_231' title='bbox 816 1780 961 1824; x_wconf 91' lang='lat' dir='ltr'>homo</span> <span class='ocrx_word' id='word_1_232' title='bbox 987 1779 1244 1824; x_wconf 90' lang='lat' dir='ltr'>secundum</span> <span class='ocrx_word' id='word_1_233' title='bbox 1271 1793 1318 1823; x_wconf 89' lang='lat' dir='ltr'>se</span> <span class='ocrx_word' id='word_1_234' title='bbox 1339 1794 1421 1839; x_wconf 91' lang='lat' dir='ltr'>per</span> <span class='ocrx_word' id='word_1_235' title='bbox 1448 1779 1845 1839; x_wconf 89' lang='lat' dir='ltr'>comparationem</span> <span class='ocrx_word' id='word_1_236' title='bbox 1872 1779 1928 1824; x_wconf 91' lang='lat' dir='ltr'>ad</span> <span class='ocrx_word' id='word_1_237' title='bbox 1956 1778 2087 1824; x_wconf 86' lang='lat' dir='ltr'>Chri-</span> 
     </span>
     <span class='ocr_line' id='line_1_28' title="bbox 119 1846 2084 1907; baseline -0.001 -14"><span class='ocrx_word' id='word_1_238' title='bbox 119 1859 270 1894; x_wconf 85' lang='lat' dir='ltr'>stum:</span> <span class='ocrx_word' id='word_1_239' title='bbox 302 1847 418 1893; x_wconf 89' lang='lat' dir='ltr'>aliae</span> <span class='ocrx_word' id='word_1_240' title='bbox 444 1858 599 1893; x_wconf 88' lang='lat' dir='ltr'>autem</span> <span class='ocrx_word' id='word_1_241' title='bbox 624 1846 943 1906; x_wconf 86' lang='lat' dir='ltr'>perfectiones,</span> <span class='ocrx_word' id='word_1_242' title='bbox 971 1846 1132 1906; x_wconf 90' lang='lat' dir='ltr'>quibus</span> <span class='ocrx_word' id='word_1_243' title='bbox 1157 1847 1302 1892; x_wconf 91' lang='lat' dir='ltr'>homo</span> <span class='ocrx_word' id='word_1_244' title='bbox 1330 1846 1560 1906; x_wconf 90' lang='lat' dir='ltr'>perficitur</span> <span class='ocrx_word' id='word_1_245' title='bbox 1585 1861 1663 1907; x_wconf 89' lang='lat' dir='ltr'>per</span> <span class='ocrx_word' id='word_1_246' title='bbox 1687 1847 2084 1907; x_wconf 87' lang='lat' dir='ltr'>comparationem</span> 
     </span>
     <span class='ocr_line' id='line_1_29' title="bbox 120 1917 896 1978; baseline -0.004 -15"><span class='ocrx_word' id='word_1_247' title='bbox 120 1917 177 1963; x_wconf 91' lang='lat' dir='ltr'>ad</span> <span class='ocrx_word' id='word_1_248' title='bbox 198 1917 328 1973; x_wconf 84' lang='lat' dir='ltr'>alios,</span> <span class='ocrx_word' id='word_1_249' title='bbox 354 1918 570 1978; x_wconf 91' lang='lat' dir='ltr'>episcopo</span> <span class='ocrx_word' id='word_1_250' title='bbox 597 1926 896 1962; x_wconf 88' lang='lat' dir='ltr'>reservantur.</span> 
     </span>
    </p>
   </div>
   <div class='ocr_carea' id='block_1_8' title="bbox 830 2043 2084 2153">
    <p class='ocr_par' dir='ltr' id='par_1_11' title="bbox 830 2043 2084 2153">
     <span class='ocr_line' id='line_1_30' title="bbox 830 2043 2084 2153; baseline 0.002 -18"><span class='ocrx_word' id='word_1_251' title='bbox 830 2043 1267 2137; x_wconf 86' lang='lat' dir='ltr'><strong>ARTICULUS</strong></span> <span class='ocrx_word' id='word_1_252' title='bbox 1309 2079 1406 2136; x_wconf 86' lang='lat' dir='ltr'>1v.</span> <span class='ocrx_word' id='word_1_253' title='bbox 1997 2106 2084 2153; x_wconf 81' lang='lat'>497</span> 
     </span>
    </p>
   </div>
   <div class='ocr_carea' id='block_1_9' title="bbox 345 2215 1851 2339">
    <p class='ocr_par' dir='ltr' id='par_1_12' title="bbox 345 2215 1851 2339">
     <span class='ocr_line' id='line_1_31' title="bbox 345 2215 1851 2256; baseline 0 0"><span class='ocrx_word' id='word_1_254' title='bbox 345 2216 542 2256; x_wconf 80' lang='lat' dir='ltr'>UTRUM</span> <span class='ocrx_word' id='word_1_255' title='bbox 580 2216 862 2256; x_wconf 82' lang='lat' dir='ltr'>SACERDOS</span> <span class='ocrx_word' id='word_1_256' title='bbox 906 2215 1260 2256; x_wconf 87' lang='lat' dir='ltr'>CONSECRANS</span> <span class='ocrx_word' id='word_1_257' title='bbox 1302 2216 1598 2256; x_wconf 82' lang='lat' dir='ltr'>TENEATUR</span> <span class='ocrx_word' id='word_1_258' title='bbox 1639 2216 1851 2256; x_wconf 87' lang='lat' dir='ltr'>SUMERE</span> 
     </span>
     <span class='ocr_line' id='line_1_32' title="bbox 802 2298 1388 2339; baseline 0 -2"><span class='ocrx_word' id='word_1_259' title='bbox 802 2298 920 2338; x_wconf 84' lang='lat' dir='ltr'>Hoc</span> <span class='ocrx_word' id='word_1_260' title='bbox 960 2298 1388 2339; x_wconf 82' lang='lat' dir='ltr'>SACRAMENTUM.</span> 
     </span>
    </p>
   </div>
   <div class='ocr_carea' id='block_1_10' title="bbox 437 2409 1763 2470">
    <p class='ocr_par' dir='ltr' id='par_1_13' title="bbox 437 2409 1763 2470">
     <span class='ocr_line' id='line_1_33' title="bbox 437 2409 1763 2470; baseline 0 -16"><span class='ocrx_word' id='word_1_261' title='bbox 437 2409 583 2470; x_wconf 80' lang='lat' dir='ltr'>(Supr.</span> <span class='ocrx_word' id='word_1_262' title='bbox 609 2423 648 2469; x_wconf 87' lang='lat' dir='ltr'>q.</span> <span class='ocrx_word' id='word_1_263' title='bbox 675 2410 747 2456; x_wconf 83' lang='lat'>80.</span> <span class='ocrx_word' id='word_1_264' title='bbox 773 2415 855 2455; x_wconf 80' lang='lat' dir='ltr'>art.</span> <span class='ocrx_word' id='word_1_265' title='bbox 882 2423 946 2455; x_wconf 87' lang='lat'>12.</span> <span class='ocrx_word' id='word_1_266' title='bbox 974 2415 1010 2456; x_wconf 85' lang='lat' dir='ltr'>et</span> <span class='ocrx_word' id='word_1_267' title='bbox 1033 2423 1076 2468; x_wconf 91' lang='lat'>4.</span> <span class='ocrx_word' id='word_1_268' title='bbox 1102 2410 1216 2455; x_wconf 82' lang='lat' dir='ltr'>Dist.</span> <span class='ocrx_word' id='word_1_269' title='bbox 1243 2423 1306 2456; x_wconf 83' lang='lat'>12.</span> <span class='ocrx_word' id='word_1_270' title='bbox 1334 2424 1372 2469; x_wconf 88' lang='lat' dir='ltr'>q.</span> <span class='ocrx_word' id='word_1_271' title='bbox 1394 2424 1432 2470; x_wconf 82' lang='lat'>3.</span> <span class='ocrx_word' id='word_1_272' title='bbox 1453 2415 1534 2454; x_wconf 82' lang='lat' dir='ltr'>art.</span> <span class='ocrx_word' id='word_1_273' title='bbox 1557 2425 1593 2455; x_wconf 75' lang='grc' dir='ltr'>ι.</span> <span class='ocrx_word' id='word_1_274' title='bbox 1620 2424 1659 2469; x_wconf 85' lang='lat' dir='ltr'>q.</span> <span class='ocrx_word' id='word_1_275' title='bbox 1685 2410 1763 2469; x_wconf 88' lang='lat'><strong><em>2.).</em></strong></span> 
     </span>
    </p>
   </div>
   <div class='ocr_carea' id='block_1_11' title="bbox 120 2521 2089 3662">
    <p class='ocr_par' dir='ltr' id='par_1_14' title="bbox 120 2521 2088 2916">
     <span class='ocr_line' id='line_1_34' title="bbox 209 2521 2088 2582; baseline -0.001 -14"><span class='ocrx_word' id='word_1_276' title='bbox 209 2521 285 2568; x_wconf 81' lang='lat' dir='ltr'>AD</span> <span class='ocrx_word' id='word_1_277' title='bbox 318 2535 554 2573; x_wconf 75' lang='lat' dir='ltr'><strong>QUARTUM</strong></span> <span class='ocrx_word' id='word_1_278' title='bbox 579 2522 644 2567; x_wconf 90' lang='lat' dir='ltr'>sic</span> <span class='ocrx_word' id='word_1_279' title='bbox 677 2522 950 2582; x_wconf 88' lang='lat' dir='ltr'>proceditur.</span> <span class='ocrx_word' id='word_1_280' title='bbox 976 2521 1182 2576; x_wconf 90' lang='lat' dir='ltr'>Videtur,</span> <span class='ocrx_word' id='word_1_281' title='bbox 1209 2521 1332 2582; x_wconf 91' lang='lat' dir='ltr'>quod</span> <span class='ocrx_word' id='word_1_282' title='bbox 1358 2522 1573 2568; x_wconf 87' lang='lat' dir='ltr'>sacerdos</span> <span class='ocrx_word' id='word_1_283' title='bbox 1601 2536 1874 2569; x_wconf 90' lang='lat' dir='ltr'>consecrans</span> <span class='ocrx_word' id='word_1_284' title='bbox 1899 2536 1995 2566; x_wconf 92' lang='lat' dir='ltr'>non</span> <span class='ocrx_word' id='word_1_285' title='bbox 2026 2531 2088 2567; x_wconf 90' lang='lat' dir='ltr'>te-</span> 
     </span>
     <span class='ocr_line' id='line_1_35' title="bbox 120 2589 2088 2649; baseline 0 -14"><span class='ocrx_word' id='word_1_286' title='bbox 120 2598 281 2635; x_wconf 87' lang='lat' dir='ltr'>neatur</span> <span class='ocrx_word' id='word_1_287' title='bbox 295 2603 475 2634; x_wconf 90' lang='lat' dir='ltr'>sumere</span> <span class='ocrx_word' id='word_1_288' title='bbox 491 2590 583 2634; x_wconf 89' lang='lat' dir='ltr'>hoc</span> <span class='ocrx_word' id='word_1_289' title='bbox 600 2600 963 2635; x_wconf 89' lang='lat' dir='ltr'>sacramentum:</span> <span class='ocrx_word' id='word_1_290' title='bbox 990 2590 1036 2634; x_wconf 90' lang='lat' dir='ltr'>in</span> <span class='ocrx_word' id='word_1_291' title='bbox 1064 2589 1163 2634; x_wconf 89' lang='lat' dir='ltr'>aliis</span> <span class='ocrx_word' id='word_1_292' title='bbox 1190 2591 1314 2635; x_wconf 90' lang='lat' dir='ltr'>enim</span> <span class='ocrx_word' id='word_1_293' title='bbox 1342 2591 1762 2636; x_wconf 88' lang='lat' dir='ltr'>consecrationibus</span> <span class='ocrx_word' id='word_1_294' title='bbox 1784 2590 1861 2635; x_wconf 92' lang='lat' dir='ltr'>ille</span> <span class='ocrx_word' id='word_1_295' title='bbox 1883 2590 1960 2649; x_wconf 87' lang='lat' dir='ltr'>qui</span> <span class='ocrx_word' id='word_1_296' title='bbox 1982 2604 2088 2635; x_wconf 88' lang='lat' dir='ltr'>con-</span> 
     </span>
     <span class='ocr_line' id='line_1_36' title="bbox 122 2657 2088 2718; baseline -0.001 -16"><span class='ocrx_word' id='word_1_297' title='bbox 122 2667 268 2702; x_wconf 88' lang='lat' dir='ltr'>secrat</span> <span class='ocrx_word' id='word_1_298' title='bbox 294 2657 548 2711; x_wconf 86' lang='lat' dir='ltr'>materiam,</span> <span class='ocrx_word' id='word_1_299' title='bbox 573 2671 668 2702; x_wconf 92' lang='lat' dir='ltr'>non</span> <span class='ocrx_word' id='word_1_300' title='bbox 694 2657 833 2702; x_wconf 88' lang='lat' dir='ltr'>utitur</span> <span class='ocrx_word' id='word_1_301' title='bbox 859 2672 927 2712; x_wconf 89' lang='lat' dir='ltr'>ea,</span> <span class='ocrx_word' id='word_1_302' title='bbox 943 2657 1061 2702; x_wconf 88' lang='lat' dir='ltr'>sicut</span> <span class='ocrx_word' id='word_1_303' title='bbox 1082 2658 1324 2718; x_wconf 89' lang='lat' dir='ltr'>episcopus</span> <span class='ocrx_word' id='word_1_304' title='bbox 1352 2673 1626 2703; x_wconf 88' lang='lat' dir='ltr'>consecrans</span> <span class='ocrx_word' id='word_1_305' title='bbox 1654 2659 1853 2702; x_wconf 89' lang='lat' dir='ltr'>chrisma</span> <span class='ocrx_word' id='word_1_306' title='bbox 1874 2672 1968 2701; x_wconf 90' lang='lat' dir='ltr'>non</span> <span class='ocrx_word' id='word_1_307' title='bbox 1990 2657 2088 2702; x_wconf 88' lang='lat' dir='ltr'>lini-</span> 
     </span>
     <span class='ocr_line' id='line_1_37' title="bbox 121 2723 2085 2784; baseline 0.001 -15"><span class='ocrx_word' id='word_1_308' title='bbox 121 2735 194 2769; x_wconf 89' lang='lat' dir='ltr'>tur</span> <span class='ocrx_word' id='word_1_309' title='bbox 220 2723 407 2768; x_wconf 90' lang='lat' dir='ltr'>eodem:</span> <span class='ocrx_word' id='word_1_310' title='bbox 435 2723 512 2767; x_wconf 89' lang='lat' dir='ltr'>sed</span> <span class='ocrx_word' id='word_1_311' title='bbox 538 2723 629 2768; x_wconf 92' lang='lat' dir='ltr'>hoc</span> <span class='ocrx_word' id='word_1_312' title='bbox 657 2734 995 2770; x_wconf 77' lang='lat' dir='ltr'>sacramentum</span> <span class='ocrx_word' id='word_1_313' title='bbox 1024 2725 1233 2770; x_wconf 89' lang='lat' dir='ltr'>consistit</span> <span class='ocrx_word' id='word_1_314' title='bbox 1257 2726 1304 2770; x_wconf 92' lang='lat' dir='ltr'>in</span> <span class='ocrx_word' id='word_1_315' title='bbox 1332 2727 1678 2771; x_wconf 89' lang='lat' dir='ltr'>consecratione</span> <span class='ocrx_word' id='word_1_316' title='bbox 1706 2725 1947 2779; x_wconf 90' lang='lat' dir='ltr'>materiae;</span> <span class='ocrx_word' id='word_1_317' title='bbox 1975 2739 2085 2784; x_wconf 90' lang='lat' dir='ltr'>ergo</span> 
     </span>
     <span class='ocr_line' id='line_1_38' title="bbox 123 2788 2087 2851; baseline 0.001 -15"><span class='ocrx_word' id='word_1_318' title='bbox 123 2790 334 2836; x_wconf 89' lang='lat' dir='ltr'>sacerdos</span> <span class='ocrx_word' id='word_1_319' title='bbox 357 2788 594 2849; x_wconf 87' lang='lat' dir='ltr'>perficiens</span> <span class='ocrx_word' id='word_1_320' title='bbox 610 2790 702 2835; x_wconf 93' lang='lat' dir='ltr'>hoc</span> <span class='ocrx_word' id='word_1_321' title='bbox 721 2803 1059 2837; x_wconf 88' lang='lat' dir='ltr'>sacramentum</span> <span class='ocrx_word' id='word_1_322' title='bbox 1076 2807 1171 2837; x_wconf 90' lang='lat' dir='ltr'>non</span> <span class='ocrx_word' id='word_1_323' title='bbox 1189 2807 1376 2838; x_wconf 89' lang='lat' dir='ltr'>necesse</span> <span class='ocrx_word' id='word_1_324' title='bbox 1398 2794 1535 2838; x_wconf 88' lang='lat' dir='ltr'>habet</span> <span class='ocrx_word' id='word_1_325' title='bbox 1556 2794 1621 2837; x_wconf 90' lang='lat' dir='ltr'>uti</span> <span class='ocrx_word' id='word_1_326' title='bbox 1638 2793 1818 2847; x_wconf 87' lang='lat' dir='ltr'>eodem,</span> <span class='ocrx_word' id='word_1_327' title='bbox 1841 2792 1919 2836; x_wconf 90' lang='lat' dir='ltr'>sed</span> <span class='ocrx_word' id='word_1_328' title='bbox 1938 2803 2087 2851; x_wconf 91' lang='lat' dir='ltr'>potest</span> 
     </span>
     <span class='ocr_line' id='line_1_39' title="bbox 121 2857 965 2916; baseline -0.001 -12"><span class='ocrx_word' id='word_1_329' title='bbox 121 2858 243 2904; x_wconf 87' lang='lat' dir='ltr'>licite</span> <span class='ocrx_word' id='word_1_330' title='bbox 270 2873 295 2902; x_wconf 91' lang='lat' dir='ltr'>a</span> <span class='ocrx_word' id='word_1_331' title='bbox 320 2857 581 2916; x_wconf 88' lang='lat' dir='ltr'>sumptione</span> <span class='ocrx_word' id='word_1_332' title='bbox 606 2858 702 2916; x_wconf 90' lang='lat' dir='ltr'>ejus</span> <span class='ocrx_word' id='word_1_333' title='bbox 729 2858 965 2904; x_wconf 87' lang='lat' dir='ltr'>abstinere.</span> 
     </span>
    </p>

    <p class='ocr_par' dir='ltr' id='par_1_15' title="bbox 122 2924 2087 3188">
     <span class='ocr_line' id='line_1_40' title="bbox 213 2924 2087 2988; baseline 0.001 -18"><span class='ocrx_word' id='word_1_334' title='bbox 213 2938 251 2970; x_wconf 91' lang='lat'>2.</span> <span class='ocrx_word' id='word_1_335' title='bbox 270 2925 567 2970; x_wconf 74' lang='lat' dir='ltr'>PRAETEREA.</span> <span class='ocrx_word' id='word_1_336' title='bbox 585 2924 636 2968; x_wconf 91' lang='lat' dir='ltr'>In</span> <span class='ocrx_word' id='word_1_337' title='bbox 655 2925 752 2969; x_wconf 90' lang='lat' dir='ltr'>aliis</span> <span class='ocrx_word' id='word_1_338' title='bbox 770 2926 1065 2972; x_wconf 89' lang='lat' dir='ltr'>sacramentis</span> <span class='ocrx_word' id='word_1_339' title='bbox 1092 2928 1296 2973; x_wconf 89' lang='lat' dir='ltr'>minister</span> <span class='ocrx_word' id='word_1_340' title='bbox 1322 2942 1416 2972; x_wconf 88' lang='lat' dir='ltr'>non</span> <span class='ocrx_word' id='word_1_341' title='bbox 1434 2928 1619 2988; x_wconf 87' lang='lat' dir='ltr'>praebet</span> <span class='ocrx_word' id='word_1_342' title='bbox 1640 2936 1979 2972; x_wconf 84' lang='lat' dir='ltr'>sacramentum</span> <span class='ocrx_word' id='word_1_343' title='bbox 2001 2926 2087 2972; x_wconf 88' lang='lat' dir='ltr'>sibi</span> 
     </span>
     <span class='ocr_line' id='line_1_41' title="bbox 122 2991 2084 3055; baseline 0.001 -17"><span class='ocrx_word' id='word_1_344' title='bbox 122 2994 229 3052; x_wconf 85' lang='lat' dir='ltr'>ipsi:</span> <span class='ocrx_word' id='word_1_345' title='bbox 256 2991 407 3036; x_wconf 89' lang='lat' dir='ltr'>nullus</span> <span class='ocrx_word' id='word_1_346' title='bbox 435 2992 557 3036; x_wconf 88' lang='lat' dir='ltr'>enim</span> <span class='ocrx_word' id='word_1_347' title='bbox 582 2991 808 3051; x_wconf 89' lang='lat' dir='ltr'>baptizare</span> <span class='ocrx_word' id='word_1_348' title='bbox 835 3003 985 3052; x_wconf 89' lang='lat' dir='ltr'>potest</span> <span class='ocrx_word' id='word_1_349' title='bbox 1010 2994 1225 3054; x_wconf 88' lang='lat' dir='ltr'>seipsum,</span> <span class='ocrx_word' id='word_1_350' title='bbox 1247 3006 1296 3040; x_wconf 90' lang='lat' dir='ltr'>ut</span> <span class='ocrx_word' id='word_1_351' title='bbox 1318 3010 1453 3055; x_wconf 89' lang='lat' dir='ltr'>supra</span> <span class='ocrx_word' id='word_1_352' title='bbox 1479 2996 1651 3039; x_wconf 87' lang='lat' dir='ltr'>dictum</span> <span class='ocrx_word' id='word_1_353' title='bbox 1674 3004 1740 3038; x_wconf 89' lang='lat' dir='ltr'>est</span> <span class='ocrx_word' id='word_1_354' title='bbox 1762 2995 1823 3053; x_wconf 85' lang='lat' dir='ltr'>(q.</span> <span class='ocrx_word' id='word_1_355' title='bbox 1852 2994 1924 3039; x_wconf 88' lang='grc'>66.</span> <span class='ocrx_word' id='word_1_356' title='bbox 1948 3001 2031 3040; x_wconf 85' lang='lat' dir='ltr'>art.</span> <span class='ocrx_word' id='word_1_357' title='bbox 2048 3009 2084 3054; x_wconf 88' lang='lat'>5.</span> 
     </span>
     <span class='ocr_line' id='line_1_42' title="bbox 122 3059 2085 3123; baseline -0.001 -16"><span class='ocrx_word' id='word_1_358' title='bbox 122 3061 177 3107; x_wconf 81' lang='lat' dir='ltr'>ad</span> <span class='ocrx_word' id='word_1_359' title='bbox 199 3060 293 3119; x_wconf 86' lang='lat'><strong><em>4.).·</em></strong></span> <span class='ocrx_word' id='word_1_360' title='bbox 327 3060 405 3105; x_wconf 87' lang='lat' dir='ltr'>sed</span> <span class='ocrx_word' id='word_1_361' title='bbox 439 3059 557 3104; x_wconf 91' lang='lat' dir='ltr'>sicut</span> <span class='ocrx_word' id='word_1_362' title='bbox 587 3060 838 3119; x_wconf 89' lang='lat' dir='ltr'>baptismus</span> <span class='ocrx_word' id='word_1_363' title='bbox 871 3061 1077 3107; x_wconf 85' lang='lat' dir='ltr'>ordinate</span> <span class='ocrx_word' id='word_1_364' title='bbox 1104 3063 1404 3123; x_wconf 89' lang='lat' dir='ltr'>dispensatur,</span> <span class='ocrx_word' id='word_1_365' title='bbox 1430 3063 1492 3106; x_wconf 88' lang='lat' dir='ltr'>ita</span> <span class='ocrx_word' id='word_1_366' title='bbox 1519 3072 1564 3107; x_wconf 87' lang='lat' dir='ltr'>et</span> <span class='ocrx_word' id='word_1_367' title='bbox 1594 3062 1684 3106; x_wconf 91' lang='lat' dir='ltr'>hoc</span> <span class='ocrx_word' id='word_1_368' title='bbox 1722 3072 2085 3118; x_wconf 89' lang='lat' dir='ltr'>sacramentum;</span> 
     </span>
     <span class='ocr_line' id='line_1_43' title="bbox 123 3126 2086 3188; baseline 0 -14"><span class='ocrx_word' id='word_1_369' title='bbox 123 3142 234 3188; x_wconf 89' lang='lat' dir='ltr'>ergo</span> <span class='ocrx_word' id='word_1_370' title='bbox 260 3127 475 3173; x_wconf 90' lang='lat' dir='ltr'>sacerdos</span> <span class='ocrx_word' id='word_1_371' title='bbox 500 3126 737 3187; x_wconf 85' lang='lat' dir='ltr'>perficiens</span> <span class='ocrx_word' id='word_1_372' title='bbox 763 3127 853 3172; x_wconf 92' lang='lat' dir='ltr'>hoc</span> <span class='ocrx_word' id='word_1_373' title='bbox 880 3140 1219 3175; x_wconf 87' lang='lat' dir='ltr'>sacramentum</span> <span class='ocrx_word' id='word_1_374' title='bbox 1241 3145 1335 3175; x_wconf 91' lang='lat' dir='ltr'>non</span> <span class='ocrx_word' id='word_1_375' title='bbox 1354 3130 1486 3174; x_wconf 85' lang='lat' dir='ltr'>debet</span> <span class='ocrx_word' id='word_1_376' title='bbox 1507 3130 1655 3188; x_wconf 87' lang='lat' dir='ltr'>ipsum</span> <span class='ocrx_word' id='word_1_377' title='bbox 1680 3142 1860 3173; x_wconf 89' lang='lat' dir='ltr'>sumere</span> <span class='ocrx_word' id='word_1_378' title='bbox 1879 3144 1904 3173; x_wconf 91' lang='lat' dir='ltr'>a</span> <span class='ocrx_word' id='word_1_379' title='bbox 1921 3129 2086 3188; x_wconf 85' lang='lat' dir='ltr'>seipso.</span> 
     </span>
    </p>

    <p class='ocr_par' dir='ltr' id='par_1_16' title="bbox 124 3193 2089 3526">
     <span class='ocr_line' id='line_1_44' title="bbox 215 3193 2087 3256; baseline 0 -16"><span class='ocrx_word' id='word_1_380' title='bbox 215 3210 252 3255; x_wconf 82' lang='lat'>3.</span> <span class='ocrx_word' id='word_1_381' title='bbox 286 3195 584 3240; x_wconf 72' lang='lat' dir='ltr'>PRAETEREA.</span> <span class='ocrx_word' id='word_1_382' title='bbox 613 3193 853 3254; x_wconf 88' lang='lat' dir='ltr'>Contingit</span> <span class='ocrx_word' id='word_1_383' title='bbox 878 3196 1167 3256; x_wconf 86' lang='lat' dir='ltr'>quandoque,</span> <span class='ocrx_word' id='word_1_384' title='bbox 1195 3198 1316 3256; x_wconf 90' lang='lat' dir='ltr'>quod</span> <span class='ocrx_word' id='word_1_385' title='bbox 1344 3195 1617 3240; x_wconf 90' lang='lat' dir='ltr'>miraculose</span> <span class='ocrx_word' id='word_1_386' title='bbox 1645 3210 1808 3254; x_wconf 89' lang='lat' dir='ltr'>corpus</span> <span class='ocrx_word' id='word_1_387' title='bbox 1838 3195 2007 3241; x_wconf 87' lang='lat' dir='ltr'>Christi</span> <span class='ocrx_word' id='word_1_388' title='bbox 2039 3197 2087 3240; x_wconf 92' lang='lat' dir='ltr'>in</span> 
     </span>
     <span class='ocr_line' id='line_1_45' title="bbox 125 3262 2087 3323; baseline 0.001 -16"><span class='ocrx_word' id='word_1_389' title='bbox 125 3262 256 3307; x_wconf 88' lang='lat' dir='ltr'>altari</span> <span class='ocrx_word' id='word_1_390' title='bbox 280 3272 465 3322; x_wconf 90' lang='lat' dir='ltr'>apparet</span> <span class='ocrx_word' id='word_1_391' title='bbox 490 3262 571 3306; x_wconf 90' lang='lat' dir='ltr'>sub</span> <span class='ocrx_word' id='word_1_392' title='bbox 598 3262 750 3321; x_wconf 89' lang='lat' dir='ltr'>specie</span> <span class='ocrx_word' id='word_1_393' title='bbox 777 3262 941 3317; x_wconf 68' lang='lat' dir='ltr'>carnss,</span> <span class='ocrx_word' id='word_1_394' title='bbox 974 3273 1019 3308; x_wconf 89' lang='lat' dir='ltr'>et</span> <span class='ocrx_word' id='word_1_395' title='bbox 1049 3265 1234 3323; x_wconf 87' lang='lat' dir='ltr'>sanguis</span> <span class='ocrx_word' id='word_1_396' title='bbox 1267 3264 1347 3308; x_wconf 90' lang='lat' dir='ltr'>sub</span> <span class='ocrx_word' id='word_1_397' title='bbox 1383 3263 1534 3323; x_wconf 87' lang='lat' dir='ltr'>specie</span> <span class='ocrx_word' id='word_1_398' title='bbox 1566 3263 1823 3322; x_wconf 81' lang='lat' dir='ltr'>sanguinis3</span> <span class='ocrx_word' id='word_1_399' title='bbox 1851 3277 1967 3323; x_wconf 91' lang='lat' dir='ltr'>quae</span> <span class='ocrx_word' id='word_1_400' title='bbox 1992 3277 2087 3308; x_wconf 90' lang='lat' dir='ltr'>non</span> 
     </span>
     <span class='ocr_line' id='line_1_46' title="bbox 124 3329 2088 3391; baseline 0.001 -16"><span class='ocrx_word' id='word_1_401' title='bbox 124 3341 229 3375; x_wconf 90' lang='lat' dir='ltr'>sunt</span> <span class='ocrx_word' id='word_1_402' title='bbox 255 3341 360 3390; x_wconf 89' lang='lat' dir='ltr'>apta</span> <span class='ocrx_word' id='word_1_403' title='bbox 386 3330 505 3383; x_wconf 90' lang='lat' dir='ltr'>cibo,</span> <span class='ocrx_word' id='word_1_404' title='bbox 533 3340 578 3374; x_wconf 89' lang='lat' dir='ltr'>et</span> <span class='ocrx_word' id='word_1_405' title='bbox 599 3330 748 3388; x_wconf 88' lang='lat' dir='ltr'>potui:</span> <span class='ocrx_word' id='word_1_406' title='bbox 776 3329 910 3384; x_wconf 90' lang='lat' dir='ltr'>unde,</span> <span class='ocrx_word' id='word_1_407' title='bbox 936 3330 1053 3376; x_wconf 90' lang='lat' dir='ltr'>sicut</span> <span class='ocrx_word' id='word_1_408' title='bbox 1074 3346 1209 3389; x_wconf 90' lang='lat' dir='ltr'>supra</span> <span class='ocrx_word' id='word_1_409' title='bbox 1237 3332 1409 3375; x_wconf 90' lang='lat' dir='ltr'>dictum</span> <span class='ocrx_word' id='word_1_410' title='bbox 1436 3341 1502 3375; x_wconf 85' lang='lat' dir='ltr'>est</span> <span class='ocrx_word' id='word_1_411' title='bbox 1529 3331 1589 3389; x_wconf 87' lang='lat' dir='ltr'>(q.</span> <span class='ocrx_word' id='word_1_412' title='bbox 1618 3344 1677 3391; x_wconf 85' lang='lat'>75.</span> <span class='ocrx_word' id='word_1_413' title='bbox 1704 3336 1785 3375; x_wconf 81' lang='lat' dir='ltr'>art.</span> <span class='ocrx_word' id='word_1_414' title='bbox 1802 3331 1876 3390; x_wconf 83' lang='lat'>5.),</span> <span class='ocrx_word' id='word_1_415' title='bbox 1903 3341 2088 3391; x_wconf 90' lang='lat' dir='ltr'>propter</span> 
     </span>
     <span class='ocr_line' id='line_1_47' title="bbox 124 3396 2089 3457; baseline 0.001 -15"><span class='ocrx_word' id='word_1_416' title='bbox 124 3397 215 3443; x_wconf 90' lang='lat' dir='ltr'>hoc</span> <span class='ocrx_word' id='word_1_417' title='bbox 242 3398 323 3443; x_wconf 85' lang='lat' dir='ltr'>sub</span> <span class='ocrx_word' id='word_1_418' title='bbox 351 3397 438 3442; x_wconf 89' lang='lat' dir='ltr'>alia</span> <span class='ocrx_word' id='word_1_419' title='bbox 460 3397 613 3456; x_wconf 90' lang='lat' dir='ltr'>specie</span> <span class='ocrx_word' id='word_1_420' title='bbox 632 3396 882 3452; x_wconf 83' lang='lat' dir='ltr'>traduntur,</span> <span class='ocrx_word' id='word_1_421' title='bbox 898 3411 955 3442; x_wconf 91' lang='lat' dir='ltr'>ne</span> <span class='ocrx_word' id='word_1_422' title='bbox 974 3398 1063 3443; x_wconf 90' lang='lat' dir='ltr'>sint</span> <span class='ocrx_word' id='word_1_423' title='bbox 1079 3399 1260 3442; x_wconf 90' lang='lat' dir='ltr'>horrori</span> <span class='ocrx_word' id='word_1_424' title='bbox 1282 3398 1588 3453; x_wconf 89' lang='lat' dir='ltr'>sumentibus;</span> <span class='ocrx_word' id='word_1_425' title='bbox 1613 3412 1723 3457; x_wconf 89' lang='lat' dir='ltr'>ergo</span> <span class='ocrx_word' id='word_1_426' title='bbox 1747 3398 1959 3443; x_wconf 87' lang='lat' dir='ltr'>sacerdos</span> <span class='ocrx_word' id='word_1_427' title='bbox 1983 3412 2089 3443; x_wconf 92' lang='lat' dir='ltr'>con-</span> 
     </span>
     <span class='ocr_line' id='line_1_48' title="bbox 125 3467 1531 3526; baseline -0.001 -14"><span class='ocrx_word' id='word_1_428' title='bbox 125 3480 307 3512; x_wconf 86' lang='lat' dir='ltr'>secrans</span> <span class='ocrx_word' id='word_1_429' title='bbox 329 3481 426 3512; x_wconf 92' lang='lat' dir='ltr'>non</span> <span class='ocrx_word' id='word_1_430' title='bbox 451 3480 630 3526; x_wconf 84' lang='lat' dir='ltr'>semper</span> <span class='ocrx_word' id='word_1_431' title='bbox 655 3474 832 3511; x_wconf 87' lang='lat' dir='ltr'>tenetur</span> <span class='ocrx_word' id='word_1_432' title='bbox 856 3480 1037 3511; x_wconf 89' lang='lat' dir='ltr'>sumere</span> <span class='ocrx_word' id='word_1_433' title='bbox 1062 3467 1153 3511; x_wconf 91' lang='lat' dir='ltr'>hoc</span> <span class='ocrx_word' id='word_1_434' title='bbox 1180 3476 1531 3510; x_wconf 87' lang='lat' dir='ltr'>sacramentum.</span> 
     </span>
    </p>

    <p class='ocr_par' dir='ltr' id='par_1_17' title="bbox 127 3532 2086 3662">
     <span class='ocr_line' id='line_1_49' title="bbox 217 3532 2086 3593; baseline 0 -15"><span class='ocrx_word' id='word_1_435' title='bbox 217 3533 313 3580; x_wconf 77' lang='lat' dir='ltr'>Sr-:n</span> <span class='ocrx_word' id='word_1_436' title='bbox 345 3546 542 3580; x_wconf 77' lang='lat' dir='ltr'>CONTRA</span> <span class='ocrx_word' id='word_1_437' title='bbox 568 3543 650 3588; x_wconf 92' lang='lat' dir='ltr'>est,</span> <span class='ocrx_word' id='word_1_438' title='bbox 676 3533 799 3592; x_wconf 91' lang='lat' dir='ltr'>quod</span> <span class='ocrx_word' id='word_1_439' title='bbox 831 3534 877 3577; x_wconf 88' lang='lat' dir='ltr'>in</span> <span class='ocrx_word' id='word_1_440' title='bbox 904 3532 1118 3579; x_wconf 90' lang='lat' dir='ltr'>Concilio</span> <span class='ocrx_word' id='word_1_441' title='bbox 1147 3533 1377 3578; x_wconf 89' lang='lat' dir='ltr'>Toletano</span> <span class='ocrx_word' id='word_1_442' title='bbox 1407 3533 1580 3589; x_wconf 80' lang='lat' dir='ltr'>(scilicet</span> <span class='ocrx_word' id='word_1_443' title='bbox 1609 3547 1672 3579; x_wconf 84' lang='lat'>12.</span> <span class='ocrx_word' id='word_1_444' title='bbox 1706 3548 1799 3579; x_wconf 85' lang='lat' dir='ltr'>can.</span> <span class='ocrx_word' id='word_1_445' title='bbox 1820 3534 1879 3593; x_wconf 87' lang='lat'>5.)</span> <span class='ocrx_word' id='word_1_446' title='bbox 1907 3532 2086 3593; x_wconf 89' lang='lat' dir='ltr'>legitur,</span> 
     </span>
     <span class='ocr_line' id='line_1_50' title="bbox 127 3600 2086 3662; baseline 0.001 -16"><span class='ocrx_word' id='word_1_447' title='bbox 127 3610 173 3646; x_wconf 90' lang='lat' dir='ltr'>et</span> <span class='ocrx_word' id='word_1_448' title='bbox 196 3600 387 3647; x_wconf 89' lang='lat' dir='ltr'>habetur</span> <span class='ocrx_word' id='word_1_449' title='bbox 403 3602 474 3646; x_wconf 91' lang='lat' dir='ltr'>De</span> <span class='ocrx_word' id='word_1_450' title='bbox 497 3601 716 3646; x_wconf 88' lang='lat' dir='ltr'>Consecr.</span> <span class='ocrx_word' id='word_1_451' title='bbox 744 3601 879 3659; x_wconf 79' lang='lat' dir='ltr'>(Dist.</span> <span class='ocrx_word' id='word_1_452' title='bbox 911 3615 952 3646; x_wconf 86' lang='lat'>2.</span> <span class='ocrx_word' id='word_1_453' title='bbox 978 3610 1087 3662; x_wconf 65' lang='grc' dir='ltr'>σαμε</span> <span class='ocrx_word' id='word_1_454' title='bbox 1111 3602 1340 3661; x_wconf 82' lang='lat' dir='ltr'>Relatum).·</span> <span class='ocrx_word' id='word_1_455' title='bbox 1369 3618 1393 3644; x_wconf 89' lang='lat'>«</span> <span class='ocrx_word' id='word_1_456' title='bbox 1420 3601 1570 3646; x_wconf 90' lang='lat' dir='ltr'>Modis</span> <span class='ocrx_word' id='word_1_457' title='bbox 1597 3602 1812 3646; x_wconf 89' lang='lat' dir='ltr'>omnibus</span> <span class='ocrx_word' id='word_1_458' title='bbox 1838 3602 2086 3648; x_wconf 89' lang='lat' dir='ltr'>tenendum</span> 
     </span>
    </p>
   </div>
  </div>
 </body>
</html>
