2352 3926
285 227 394 283 452
835 228 1115 274 QUAESTIO
1156 229 1267 268 L111.
1309 212 1621 270 ARTIcuLus
1660 231 1738 271 111.

977 440 1411 499 ARTICULUS
1452 441 1554 498 111.
1966 416 1969 417 ⁷
2126 420 2259 520 ,96

679 576 874 615 UTRUM
915 577 1182 617 CHRISTUS
1222 578 1390 617 PRIMO
1430 577 1854 618 RESURREXERIT.
2179 574 2182 576 ’

557 686 622 744 (4.
648 687 760 731 Dist.
787 700 857 744 42.
884 693 964 732 art.
986 703 1022 747 3.
1050 703 1088 747 q.
1114 703 1150 734 1.
1178 688 1232 732 ad
1251 704 1286 748 3.
1318 694 1355 733 et
1380 695 1514 748 opusc.
1541 703 1582 733 2.
1610 695 1701 748 cap.
1723 686 1813 747 236.
1831 693 1871 733 et
1885 699 1975 748 237.

681 759 717 798 et
738 771 773 799 1.
794 753 895 799 Cor.
912 769 950 814 5.
969 755 1057 800 lect.
1069 771 1106 815 3.
1129 757 1174 799 in
1187 757 1330 815 princ.
1356 761 1393 800 et
1417 755 1471 800 ad
1488 754 1579 799 Col.
1601 770 1636 800 1.
1661 754 1748 799 lect.
1768 767 1805 814 5.
1804 753 1844 812 ).

371 865 447 910 An
483 877 699 911 TERTIUM
742 867 807 911 sic
839 868 1112 926 proceditur.
1138 867 1343 923 Videtur,
1381 869 1502 928 quod
1545 868 1755 913 Christus
1786 881 1882 912 non
1922 867 2072 927 primo
2101 882 2248 914 resur-

282 931 465 976 rexerit:
493 933 666 976 namin
683 935 828 978 veteri
845 933 1147 980 Testamento
1164 951 1245 995 per
1262 936 1460 990 Heliam,
1484 946 1529 980 et
1546 935 1814 980 Helisaeum
1835 934 1975 994 aliqui
1995 936 2249 982 resuscitati

281 1000 506 1060 leguntur,
534 1002 785 1046 secundum
810 1003 922 1047 illud
950 1004 1086 1048 Hebr.
1120 1018 1211 1049 11.:
1239 1006 1499 1064 Acceperunt
1528 1004 1718 1048 mulieres
1743 1003 1789 1048 de
1811 1004 2107 1049 resurrectione
2137 1018 2249 1049 mor-

281 1075 370 1113 tuos
393 1084 511 1114 suos.-
534 1069 742 1114 similiter
763 1081 808 1114 et
831 1071 1040 1115 Christus
1069 1082 1171 1115 ante
1198 1075 1458 1130 passionem
1485 1085 1617 1116 suam
1642 1081 1732 1116 tres
1754 1081 1963 1116 mortuos
1989 1071 2245 1126 suscitavit3

279 1150 374 1180 non
401 1151 511 1194 ergo
539 1136 748 1181 Christus
773 1137 858 1182 fuit
882 1139 1054 1197 primus
1081 1139 1428 1197 resurgentium.

370 1216 410 1247 2.
443 1204 741 1248 PRAETEREA.
774 1205 935 1248 Matth.
970 1218 1040 1263 27.
1072 1206 1190 1249 inter
1222 1205 1311 1249 alia
1342 1205 1577 1259 miracula,
1610 1219 1726 1264 quae
1757 1205 1803 1249 in
1835 1205 2048 1265 passione
2073 1205 2247 1251 Christi

280 1270 555 1324 acciderunt,
581 1281 787 1315 narratur
814 1272 935 1330 quod
964 1279 1232 1317 monumenta
1259 1279 1403 1331 aperta
1433 1279 1542 1326 sunt,
1570 1279 1605 1317 et
1629 1273 1764 1316 multa
1785 1281 1965 1332 corpora
1986 1278 2243 1329 sanctorum,

277 1339 350 1395 qui
374 1337 648 1392 dormierant,
666 1345 938 1384 surrexerunt
948 1355 964 1391 ;
989 1353 1083 1383 non
1110 1353 1220 1398 ergo
1246 1339 1456 1383 Christus
1484 1338 1565 1383 fuit
1586 1339 1758 1398 primus
1779 1339 2126 1398 resurgentium.

372 1419 410 1463 3.
441 1405 739 1449 PRAETEREA.
769 1405 897 1449 Sicut
911 1405 1120 1449 Christus
1146 1420 1226 1464 per
1246 1420 1378 1450 suam
1404 1406 1785 1450 resurrectionem
1812 1416 1882 1450 est
1901 1419 2039 1451 causa
2060 1415 2246 1451 nostrae

277 1472 638 1526 resurrectionis,
655 1473 717 1516 ita
734 1487 813 1531 per
838 1487 968 1516 suam
991 1473 1186 1531 gratiam
1203 1483 1271 1517 est
1293 1487 1430 1516 causa
1451 1482 1635 1517 nostrae
1658 1472 1844 1531 gratiae,
1861 1473 2113 1518 secundum
2132 1472 2246 1519 illud

272 1539 404 1597 Joan.
436 1553 498 1582 1.:
524 1540 592 1583 De
612 1539 869 1599 plenitudine
901 1543 988 1598 ejus
1008 1555 1081 1584 nos
1113 1555 1249 1585 omnes
1274 1542 1533 1600 accepimus:
1560 1540 1637 1584 sed
1665 1539 1739 1584 alii
1766 1540 1889 1599 prius
1914 1550 2123 1600 tempore
2149 1554 2245 1600 gra·

277 1609 390 1651 tiam
411 1608 682 1661 habuerunt,
693 1622 832 1667 quam
857 1608 1091 1663 Christus;
1115 1608 1231 1652 sicut
1249 1622 1412 1653 omnes
1429 1608 1587 1652 Patres
1601 1608 1767 1652 veteris
1795 1606 2107 1663 Testamenti3
2133 1621 2244 1668 ergo

281 1676 417 1719 etiam
443 1674 582 1733 aliqui
598 1675 722 1734 prius
749 1675 804 1718 ad
830 1676 1211 1719 resurrectionem
1229 1674 1518 1735 corporalem
1535 1684 1850 1735 pervenerunt,
1867 1688 2006 1734 quam
2017 1673 2260 1720 Chris-»mss

367 1742 461 1786 SED
489 1754 685 1787 CONTRA
714 1751 794 1796 est,
827 1743 949 1801 quod
977 1743 1140 1787 dicitur
1170 1757 1207 1787 1.
1235 1743 1290 1787 ad
1318 1742 1428 1787 Cor.
1470 1756 1561 1798 15.:
1592 1743 1779 1788 Christus
1816 1744 2047 1788 resurrexit
2075 1756 2104 1788 a
2134 1752 2246 1788 mor-

276 1811 371 1865 tuis,
397 1811 617 1869 primitiae
647 1809 969 1855 dormientium:
999 1809 1152 1855 Gloss.
1182 1810 1361 1868 (interl.)
1387 1810 1535 1870 «quia
1560 1810 1683 1870 prius
1709 1820 1932 1869 tempore,
1956 1819 2001 1854 et
2025 1809 2246 1869 dignitate

277 1879 468 1921 surrexit
492 1894 534 1920 ».
1084 1921 1086 1923 ,

366 1944 656 1989 RESPONDEO
685 1944 944 1999 dicendum,
971 1944 1094 2004 quod
1121 1945 1392 1989 resurrectio
1426 1954 1494 1989 est
1524 1944 1751 2003 reparatio
1778 1958 1804 1988 a
1829 1953 1979 1989 morte
2002 1945 2051 1990 in
2074 1944 2242 2000 vitam3

277 2012 494 2070 dupliciter
521 2022 674 2056 autem
701 2011 863 2070 aliquis
886 2013 1070 2071 eripitur
1094 2027 1118 2056 a
1141 2023 1310 2056 morte:
1338 2027 1418 2057 uno
1436 2012 1557 2056 modo
1583 2011 1735 2056 solum
1762 2026 1788 2055 a
1813 2021 1963 2056 morte
1982 2011 2031 2056 in
2052 2022 2171 2067 actu,
2191 2022 2244 2058 ut

276 2079 450 2123 scilicet
476 2079 637 2138 aliquis
662 2080 815 2123 vivere
841 2079 1028 2139 incipiat
1051 2079 1457 2138 qualitercumque,
1476 2090 1720 2139 postquam
1746 2089 1953 2123 mortuus
1972 2078 2241 2125 fueratzalio

274 2147 409 2200 modo,
445 2157 494 2190 ut
526 2147 685 2205 aliquis
718 2146 932 2190 liberetur
965 2161 1059 2191 non
1095 2147 1246 2191 solum
1285 2162 1309 2190 a
1342 2157 1505 2201 morte,
1533 2148 1610 2191 sed
1644 2147 1782 2190 etiam
1807 2161 1843 2190 -a
1872 2147 2156 2202 necessitate,
2182 2155 2241 2203 et,

276 2214 396 2272 quod
423 2213 523 2272 plus
550 2224 630 2267 est,
659 2229 682 2257 a
709 2214 1004 2273 possibilitate
1037 2215 1288 2269 moriendi3
1323 2225 1367 2259 et
1397 2215 1512 2259 haec
1551 2224 1618 2258 est
1642 2228 1765 2268 vera,
1798 2224 1844 2258 et
1874 2213 2075 2273 perfecta
2097 2228 2242 2259 resur-

274 2282 430 2324 rectio:
450 2281 554 2339 quia
572 2282 789 2339 quamdiu
807 2281 968 2339 aliquis
984 2282 1095 2325 vivit
1117 2282 1345 2340 subjectus
1362 2283 1620 2326 necessitati
1637 2281 1876 2334 moriendi,
1894 2281 2240 2340 quodammodo

275 2361 400 2390 mors
419 2347 460 2390 ei
477 2347 750 2400 dominatur,
770 2348 1022 2391 secundum
1040 2348 1150 2391 illud
1169 2349 1304 2392 Rom.
1326 2350 1364 2393 8.
1381 2365 1390 2392 :
1414 2349 1575 2408 Corpus
1592 2347 1754 2406 quidem
1770 2354 1984 2393 mortuum
2003 2354 2058 2392 est
2066 2354 2242 2408 propter

267 2414 651 2473 peccatum;.illud
686 2414 824 2457 etiam
857 2416 979 2473 quod
1013 2416 1229 2474 possibile
1263 2426 1329 2460 est
1362 2429 1475 2469 esse,
1508 2416 1759 2459 secundum
1793 2415 1899 2474 quid
1931 2415 2096 2459 dicitur
2126 2428 2241 2470 esse,

273 2482 388 2526 idest
413 2481 740 2540 potentialiter3
770 2491 814 2525 et
840 2482 904 2525 sic
931 2492 1067 2540 patet,
1085 2484 1207 2541 quod
1234 2482 1311 2526 illa
1338 2483 1623 2536 resurrectio,
1642 2497 1728 2541 qua
1752 2483 1851 2541 quis
1877 2482 2062 2542 eripitur
2087 2481 2239 2527 solum

274 2549 327 2592 ab
357 2549 523 2592 actuali
540 2558 701 2602 morte,
721 2559 788 2592 est
806 2550 1076 2594 resurrectio
1103 2550 1392 2609 imperfecta:
1419 2549 1650 2609 loquendo
1677 2549 1814 2608 igitur
1835 2549 1890 2594 de
1907 2549 2239 2595 resurrectione

271 2616 484 2675 perfecta,
505 2616 715 2660 Christus
733 2626 800 2659 est
825 2615 996 2674 primus
1023 2619 1379 2675 resurgentium3
1407 2618 1512 2676 quia
1538 2617 1635 2676 ipse
1662 2617 1941 2675 resurgendo
1967 2617 2118 2676 primo
2143 2630 2238 2677 per·

272 2685 397 2728 venit
423 2683 478 2727 ad
504 2684 647 2727 vitam
673 2683 850 2742 penitus
877 2683 1203 2737 immortalem,
1231 2685 1482 2728 secundum
1509 2683 1620 2728 illud
1647 2685 1784 2729 Rom.
1806 2682 1868 2728 6.:
1896 2684 2083 2730 Christus
2106 2699 2238 2729 resur·

270 2765 366 2809 gens
390 2766 440 2795 ex
466 2753 642 2796 mortuis
659 2753 753 2809 jam
775 2765 857 2794 non
875 2752 1083 2808 moritum·
1112 2751 1189 2795 sed
1217 2752 1548 2795 resurrectione
1574 2750 1839 2810 imperfecta
1864 2751 2051 2811 quidam
2072 2750 2150 2795 alii
2166 2764 2239 2796 re-

272 2828 564 2863 surrexerunt
597 2827 699 2862 ante
729 2817 980 2873 Christum,
1023 2819 1078 2862 ad
1119 2819 1578 2877 praemonstrandum
1606 2818 1734 2878 quasi
1774 2818 1819 2862 in
1861 2818 2064 2878 quodam
2102 2819 2235 2878 signo

270 2886 651 2930 resurrectionem
678 2885 831 2944 ipsius.

361 2953 416 2997 Et
442 2953 504 2997 sic
532 2962 668 3012 patet,
696 2952 933 3010 responsio
960 2966 1023 2996 AD
1057 2966 1267 2997 PRIMtJm:
1297 2952 1402 3011 quia
1429 2962 1473 2996 et
1498 2951 1565 2996 illi
1591 2953 1667 3011 qui
1693 2952 1897 2997 suscitati
1916 2953 1965 2996 in
1986 2952 2130 2998 veteri
2150 2951 2237 2997 Te·

270 3030 498 3064 stamento
527 3030 643 3073 sunt,
671 3029 715 3063 et
740 3019 806 3062 illi
833 3020 909 3077 qui
935 3020 1137 3063 suscitati
1163 3030 1267 3063 sunt
1293 3035 1316 3063 a
1345 3019 1545 3074 Christo,
1573 3020 1636 3063 sic
1663 3020 1892 3064 redierunt
1922 3019 1979 3064 ad
2002 3019 2161 3075 vitam,
2186 3029 2238 3064 ut

268 3088 434 3132 iterum
461 3096 759 3131 morerentur.

360 3156 435 3200 AD
463 3167 725 3200 SECUNDUM
752 3153 1010 3208 dicendum,
1043 3154 1164 3212 quod
1198 3154 1252 3197 de
1285 3153 1388 3209 illis,
1421 3156 1495 3213 qui
1529 3163 1869 3198 resurrexerunt
1900 3167 2007 3198 cum
2033 3153 2235 3210 Christo,

270 3223 434 3282 duplex
462 3233 528 3267 est
555 3222 733 3282 opinio:
763 3221 948 3281 quidam
975 3221 1098 3264 enim
1126 3232 1344 3274 asserunt,
1372 3221 1492 3280 quod
1521 3222 1751 3265 redierunt
1777 3220 1832 3266 ad
1848 3221 1991 3266 vitam
2014 3230 2234 3281 tanquam

265 3305 359 3334 non
387 3291 551 3334 iterum
580 3290 811 3344 morituri;
839 3288 1057 3348 quoniam
1086 3288 1230 3346 magis
1257 3288 1345 3332 illis
1372 3299 1491 3333 esset
1515 3299 1812 3342 tormentum,
1834 3289 1873 3333 si
1896 3288 2063 3333 iterum
2087 3300 2237 3335 more·
2350 3279 2352 3283 ¹

268 3369 436 3411 rentur,
465 3372 600 3416 quam
629 3357 665 3401 si
692 3371 785 3399 non
813 3365 1121 3413 resurgerent3
1155 3365 1199 3399 et
1225 3357 1475 3399 secundum
1502 3355 1593 3399 hoc
1620 3354 1968 3414 intelligendum
1993 3354 2091 3409 erit,
2116 3355 2234 3399 sicut

268 3425 456 3468 Hieron.
469 3425 578 3468 dicit
594 3438 728 3482 super
749 3423 909 3467 Matth.
929 3424 1037 3481 (sup.
1050 3422 1164 3466 illud.
1189 3430 1278 3481 cap.
1293 3436 1377 3481 27.:
1390 3424 1446 3467 Et
1463 3423 1595 3468 multa
1612 3431 1791 3482 corpora
1814 3423 2092 3481 sanctorum),
2108 3421 2233 3481 quod

273 3505 407 3535 «non
447 3501 549 3535 ante
582 3500 882 3545 surrexerunt,
917 3503 1054 3549 quam
1086 3499 1341 3547 resurgeret
1372 3490 1599 3534 Dominus
1618 3505 1669 3544 »3
1702 3490 1821 3534 unde
1862 3499 1907 3535 et
1942 3487 2233 3548 Evangelisn

267 3558 388 3613 dicit,
415 3559 538 3617 quod
564 3565 748 3603 exeuntes
773 3558 820 3603 de
845 3558 1138 3610 monumentis,
1161 3563 1252 3615 post
1278 3558 1621 3602 resurrectionem
1647 3559 1733 3615 ejus
1757 3562 1961 3602 venerunt
1979 3557 2026 3601 in
2043 3561 2230 3602 sanctam

267 3627 492 3680 civitatem,
521 3633 559 3672 et
590 3632 875 3686 apparuerunt
896 3625 1048 3670 multis.
1079 3624 1168 3668 Sed
1192 3624 1385 3683 August.
1412 3624 1457 3668 in
1481 3623 1674 3683 epistola
1700 3624 1756 3668 ad
1778 3623 2006 3668 Evodium
2028 3622 2152 3682 (qaae
2173 3626 2233 3679 3525
