2352 3926
317 237 421 304 362
840 247 1118 293 QUAsssno
1160 247 1310 284 xmt.
1351 247 1658 286 ARTICULUS
1698 247 1753 287 11.

315 352 542 411 operibus,
575 365 659 395 nec
692 351 739 394 in
771 350 948 394 effectu
969 360 1064 394 erat
1088 348 1186 404 sibi,
1219 361 1263 394 et
1295 349 1517 404 Satanae3
1550 364 1657 394 cum
1684 349 1875 394 Satanas
1909 349 2171 410 dispergere
2199 362 2275 394 cu-

314 429 455 478 peret,
482 432 597 477 quos
626 418 834 462 Christus
862 416 1121 476 colligebat.

992 592 1426 651 ARTICULUS
1470 595 1571 650 111.
2189 606 2275 668 236

425 728 618 766 UTRUM
653 728 919 767 CHRISTUS
953 729 1240 770 INCEPERIT
1274 731 1501 770 FACERE
1515 729 1797 769 MtRACULA
1828 731 1884 769 IN
1922 727 2160 769 NUPTus,

538 838 591 895 (Ι.
607 840 721 884 Dist.
737 852 809 897 44.
827 840 977 900 inexp
997 840 1055 886 lit.
1073 848 1112 886 et
1128 848 1261 901 opusc.
1280 855 1345 887 Η
1366 849 1459 902 cap.
1480 842 1546 887 18.
1566 848 1604 887 et
1614 842 1740 899 Joan
1757 856 1795 886 r.
1812 840 1901 887 lect.
1918 853 1982 886 21.
1996 838 2069 895 fin.

970 914 1009 952 et
1033 916 1123 979 cap.
1148 922 1204 969 15.
1228 908 1315 954 lect.
1333 923 1372 968 5.
1394 909 1506 969 fin).

402 1017 478 1062 AD
505 1030 722 1063 TERTIUM
753 1019 818 1063 sic
844 1019 1118 1078 proceditur.
1144 1019 1347 1075 Videtur,
1381 1020 1503 1080 quod
1538 1019 1748 1065 Christus
1781 1033 1875 1063 non
1901 1017 2121 1078 inceperit
2144 1017 2277 1062 mira-

314 1083 416 1128 cula
440 1083 589 1129 facere
615 1086 662 1128 in
689 1086 871 1144 nuptiis,
899 1087 1119 1131 mutando
1154 1102 1320 1146 aquam
1341 1088 1386 1131 in
1414 1089 1592 1132 vinum:
1615 1086 1780 1146 legitur
1803 1088 1926 1130 enim
1950 1085 1999 1129 in
2025 1084 2100 1129 lib.
2126 1084 2183 1130 de
2206 1083 2276 1128 In·

312 1150 452 1195 santia
495 1152 760 1212 Salvatoris,
793 1154 914 1212 quod
950 1154 1160 1198 Christus
1201 1156 1246 1198 in
1274 1169 1355 1199 sua
1381 1155 1571 1214 pueritia
1604 1154 1748 1198 multa
1779 1152 2001 1196 miracula
2031 1150 2164 1197 fecit:
2196 1151 2275 1195 sed

313 1218 587 1264 miraculum
614 1220 669 1264 de
697 1221 997 1265 conversione
1025 1236 1169 1280 aquae
1193 1222 1238 1265 in
1262 1222 1419 1265 vinum
1445 1220 1553 1265 fecit
1578 1222 1621 1264 in
1650 1221 1817 1279 nuptiis
1838 1219 2091 1278 trigesime,
2110 1217 2186 1263 vel
2204 1218 2278 1263 tri·

312 1289 491 1344 gesimo
518 1288 667 1346 primo
691 1302 812 1332 anno
840 1303 949 1332 suae
984 1290 1162 1343 aetatis;
1195 1303 1305 1348 ergo
1332 1289 1522 1342 videtur,
1550 1288 1673 1347 quod
1699 1302 1794 1331 non
1819 1287 2039 1345 inceperit
2061 1291 2169 1331 tuuc
2191 1285 2277 1329 mi·

311 1353 467 1397 racula
492 1353 656 1399 facere.
2198 1372 2200 1374 ·

402 1433 441 1464 2.
475 1421 773 1466 PRAETEREA.
810 1423 1020 1467 Christus
1061 1422 1256 1467 faciebat
1283 1422 1506 1467 miracula
1532 1422 1787 1467 secundum
1812 1421 2028 1466 virtutem
2048 1419 2274 1466 divinam.

311 1487 391 1532 sed
409 1489 548 1532 virtus
568 1489 748 1532 divina
737 1505 783 1532 m
802 1504 857 1533 eo
886 1504 911 1533 a
937 1491 1160 1548 principio
1188 1504 1296 1534 suae
1324 1490 1639 1548 conceptionis
1674 1499 1791 1533 erat:
1825 1503 1881 1533 ex
1911 1498 2019 1532 tunc
2047 1487 2170 1532 enim
2193 1485 2278 1532 fuit

310 1555 450 1611 Deus,
484 1566 528 1600 et
554 1557 723 1611 homo;
748 1571 857 1615 ergo
885 1558 1075 1610 videtur,
1103 1557 1226 1616 quod
1251 1571 1274 1600 a
1308 1558 1532 1617 principio
1559 1555 1781 1601 miracula
1805 1554 1981 1600 fecerit.

405 1637 442 1682 3.
469 1623 765 1668 PRAETEREA.
794 1624 1003 1668 Christus
1030 1634 1132 1682 post
1148 1626 1497 1684 baptismum‚et
1522 1625 1823 1670 tentationem
1851 1623 2004 1683 coepit
2028 1621 2277 1682 discipulos

313 1703 610 1749 congregare,
637 1702 687 1735 ut
711 1690 876 1750 legitur
902 1692 1064 1736 Matth.
1091 1705 1133 1747 4.
1157 1703 1202 1737 et
1220 1693 1352 1752 Joan.
1386 1706 1436 1738 1.:
1469 1692 1547 1736 sed
1575 1691 1782 1751 discipuli
1808 1691 2052 1750 praecipue
2089 1703 2279 1749 congre-

313 1759 407 1817 gati
432 1769 537 1803 sunt
569 1760 624 1803 ad
650 1760 801 1818 ipsum
826 1771 1010 1820 propter
1032 1761 1279 1816 miracula;
1307 1763 1422 1806 sicut
1448 1761 1610 1805 dicitur
1637 1761 1748 1805 Luc.
1777 1773 1813 1818 5.
1840 1761 1963 1819 quod
1989 1758 2178 1803 Petrum
2201 1771 2279 1802 vo-

313 1826 432 1870 cavit
459 1825 858 1885 obstupescen‘tem
899 1839 1084 1887 propter
1111 1829 1399 1882 miraculum,
1427 1829 1548 1887 quod
1581 1827 1752 1872 fecerat
1776 1828 1822 1871 in
1850 1837 2034 1886 captura
2058 1825 2278 1884 piscium3

311 1907 422 1952 ergo
447 1894 637 1949 videtur,
652 1895 773 1953 quod
791 1906 894 1939 ante
907 1895 1197 1950 miraculum,
1211 1896 1333 1955 quod
1354 1895 1496 1940 fecit'
1487 1910 1533 1939 m
1550 1894 1731 1953 nuptiis,
1741 1893 1901 1939 fecerit
1929 1892 2019 1937 alia
2040 1890 2276 1936 miracula.

402 1961 496 2005 SED
524 1974 720 2007 CONTRA
746 1972 827 2017 est,
854 1963 976 2022 quod
1002 1963 1165 2007 dicitur
1183 1963 1314 2021 Joan.
1342 1976 1396 2008 2.:
1424 1963 1518 2010 Hoc
1540 1963 1641 2020 fecit
1659 1963 1831 2007 initium
1860 1963 2078 2020 signorum
2094 1960 2208 2018 Jesus
2234 1961 2278 2004 in

316 2028 437 2073 Cana
463 2029 689 2074 Galilaeae.

401 2095 689 2145 RESPONDEO
717 2097 977 2151 dicendum,
1005 2099 1127 2157 quod
1154 2097 1375 2142 miracula
1408 2097 1527 2141 facta
1553 2107 1657 2141 sunt
1683 2111 1708 2140 a
1741 2096 1928 2141 Christo
1960 2105 2144 2156 propter
2173 2107 2279 2138 con-

311 2161 620 2207 firmationem
646 2164 882 2208 doctrinae
909 2166 1019 2223 eJ'US,
1047 2175 1091 2209 et
1108 2166 1162 2209 ad
1191 2166 1521 2210 ostendendam
1546 2165 1761 2208 virtutem
1783 2164 1987 2208 divinam
2012 2163 2060 2207 in
2080 2162 2185 2221 ipso
2203 2169 2279 2206 :et

310 2229 430 2283 ideo,
464 2241 684 2288 quantum
712 2232 767 2275 ad
794 2233 1008 2289 primum,
1036 2247 1129 2276 non
1163 2233 1316 2277 debuit
1354 2243 1458 2277 ante
1492 2231 1713 2276 miracula
1744 2230 1908 2285 facere,
1942 2243 2081 2290 quam
2107 2228 2275 2273 docere

310 2296 552 2354 inciperet:
570 2313 664 2342 non
693 2309 845 2342 autem
864 2300 1017 2344 debuit
1042 2301 1242 2359 incipere
1261 2301 1425 2344 docere
1454 2310 1557 2344 ante
1583 2298 1834 2358 perfectam
1853 2297 2066 2352 aetatem,
2079 2306 2128 2341 ut
2142 2309 2283 2356 supra-

309 2364 516 2408 habitum
549 2376 615 2411 est
643 2365 700 2424 (q.
728 2381 795 2425 39.
828 2373 908 2411 art.
936 2367 996 2426 3.)
1016 2382 1121 2410 cum
1149 2368 1204 2411 de
1231 2368 1457 2426 baptismo
1493 2369 1590 2426 ejus
1617 2377 1851 2426 ageretur:
1874 2372 2277 2425 quantum.autem

313 2431 368 2475 ad
387 2432 654 2486 secundum,
672 2434 737 2476 sic
757 2434 911 2477 debuit
927 2449 1007 2492 per
1025 2434 1246 2478 miracula
1264 2435 1477 2479 deitatem
1498 2435 1753 2488 ostendere,
1771 2443 1820 2477 ut
1837 2433 2094 2478 crederetur
2110 2430 2278 2481 veritas

312 2498 608 2543 humanitatis
631 2500 791 2557 ipsius:
816 2511 860 2544 et
884 2501 1005 2554 ideo,
1026 2503 1142 2545 Sicut
1164 2502 1273 2545 dicit
1299 2502 1538 2561 Chrysost.
1572 2516 1707 2559 Super
1723 2501 1854 2559 Joan.
1883 2499 2013 2557 (hom.
2039 2505 2278 2558 20.parum

312 2572 406 2610 ante
446 2567 588 2625 med),
625 2582 649 2607 «
676 2568 890 2611 decenter
921 2582 1016 2611 non
1047 2565 1205 2626 incipit
1231 2569 1361 2627 signa
1393 2568 1543 2612 facere
1577 2571 1621 2612 in
1647 2569 1795 2626 prima
1827 2576 2005 2620 aetate;
2032 2565 2281 2610 existimas-

312 2643 413 2678 sent
438 2634 558 2677 enim
582 2634 855 2692 phantasma
882 2648 979 2679 esse
1005 2636 1394 2690 incarnationem3
1418 2646 1462 2679 et
1489 2645 1593 2679 ante
1620 2644 1929 2693 opportunum
1955 2642 2137 2692 tempus
2152 2630 2279 2676 cruci

311 2701 601 2745 tradidissent
625 2718 666 2745 ».
1976 2696 1977 2699 ’

402 2769 478 2812 An
504 2781 693 2813 PRIMUM
720 2782 829 2826 ergo
858 2769 1117 2823 dicendum,
1155 2770 1292 2828 quod,
1334 2770 1449 2813 sicut
1479 2769 1718 2828 Chrysost.
1760 2767 1869 2811 dicit
1899 2780 2035 2826 super
2059 2765 2190 2824 Joan.
2222 2779 2277 2810 ex

312 2836 452 2880 verbo
479 2835 668 2893 Joannis
700 2836 929 2894 Baptistae
952 2837 1177 2881 dicentes:
1215 2838 1268 2881 Ut
1292 2837 1576 2895 manifestetur
1601 2838 1646 2879 in
1672 2835 1818 2889 Israc'il,
1839 2840 2062 2894 propterea
2081 2835 2179 2878 veni
2201 2846 2277 2892 ogo

311 2905 358 2948 in
379 2918 490 2962 aqua
517 2905 729 2963 baptizans
751 2904 880 2961 (hom.
908 2903 972 2947 16.
993 2906 1067 2948 cir.
1096 2904 1198 2947 med.
1198 2904 1239 2961 )‚
1264 2903 1556 2947 manifestum
1584 2913 1664 2955 est,
1693 2903 1814 2961 quod
1845 2917 1868 2943 «
1893 2901 1972 2945 illa
1988 2901 2132 2960 signa,
2161 2913 2277 2960 quae

313 2972 500 3030 quidam
537 2971 691 3015 dicunt
717 2972 764 3014 in
790 2971 980 3030 pueritia
1023 2986 1048 3014 a
1095 2971 1280 3015 Christo
1314 2970 1446 3024 facta,
1481 2971 1735 3023 mendacia,
1763 2980 1807 3014 et
1847 2969 2055 3014 fictiones
2081 2977 2213 3013 sunt:
2239 2966 2277 3011 si

314 3040 436 3083 enim
465 3053 490 3083 a
517 3039 664 3098 prima
683 3049 829 3082 aetate
852 3038 1073 3081 miracula
1098 3038 1279 3082 fecisset
1307 3038 1531 3092 Christus,
1550 3052 1697 3096 neque
1718 3038 1919 3096 Joannes
1945 3050 2053 3080 eum
2078 3037 2278 3094 ignoras-

312 3117 394 3161 set,
419 3121 568 3166 neque
591 3106 763 3165 reliqua
795 3106 1038 3149 multitudo
1065 3106 1333 3163 indiguisset
1360 3106 1578 3163 magistro
1608 3106 1662 3148 ad
1691 3103 2080 3148 ‘manifestandum
2106 3116 2213 3147 eum
2235 3117 2276 3145 n.

402 3174 478 3218 AD
506 3186 765 3219 SECUNDUM
798 3173 1057 3226 dicendum,
1091 3174 1212 3231 quod
1245 3174 1332 3216 Dei
1358 3173 1499 3216 virtus
1527 3172 1799 3231 operabatur
1823 3172 1871 3215 in
1894 3170 2096 3224 Christo,
2121 3181 2279 3215 secun·

313 3241 420 3285 dum
451 3242 573 3301 quod
601 3254 697 3286 erat
722 3242 1030 3284 necessarium
1055 3241 1109 3283 ad
1137 3241 1329 3284 salutem
1358 3240 1623 3293 humanam,
1644 3249 1827 3298 propter
1843 3252 1980 3298 quarn
2000 3250 2184 3281 carnem
2211 3249 2279 3281 as·

313 3319 590 3368 sumpserat3
618 3319 662 3352 et
683 3308 787 3352 ideo
811 3308 874 3352 sic
902 3307 1124 3351 miracula
1150 3306 1256 3351 fecit
1282 3308 1443 3351 virtute
1471 3308 1636 3361 divina,
1650 3318 1697 3351 ut
1715 3306 1821 3350 fide—i
1836 3307 1893 3350 de
1906 3304 2098 3350 veritate
2123 3301 2272 3349 carnis

314 3379 408 3435 ejus
436 3376 763 3435 praerdicium
790 3389 884 3419 non
916 3375 1055 3419 fieret.

403 3445 478 3489 AD
498 3457 714 3489 TERTIUM
740 3443 1000 3497 dicendum,
1019 3442 1142 3502 quod
1168 3442 1429 3501 hoc'ipsum
1449 3441 1502 3485 ad
1518 3441 1700 3486 laudern
1724 3439 2052 3499 discipulorum
2067 3438 2276 3498 pertinet,

314 3513 435 3571 quod
470 3512 705 3555 Christum
732 3511 877 3555 secuti
902 3519 1018 3563 sunt,
1046 3523 1151 3553 cum
1173 3509 1299 3553 nulla
1326 3523 1431 3552 eum
1470 3508 1689 3552 miracula
1715 3507 1863 3552 facere
1894 3506 2135 3560 vidissent3
2159 3505 2277 3555 sicut

317 3580 509 3638 Gregor
537 3579 646 3623 dicit
677 3578 721 3622 in
756 3578 954 3638 quadam
980 3576 1140 3621 homil.
1173 3576 1347 3635 (sczlzcet
1358 3591 1395 3635 5
1424 3578 1465 3620 in
1486 3577 1648 3634 Evang
1676 3577 1722 3619 in
1748 3576 1874 3635 princ
1877 3573 1942 3632 )‚·
1960 3582 2010 3618 et
2035 3571 2274 3650 Chrysost.

315 3647 423 3691 dicit
447 3646 579 3704 (hom.
606 3660 674 3691 22.
697 3647 742 3690 in
768 3646 891 3703 Joan.
917 3653 1077 3704 parum
1098 3657 1124 3689 a
1148 3644 1339 3703 prinam)
1367 3659 1390 3684 «
1419 3641 1553 3686 Tunc
1580 3643 1710 3701 signa
1744 3642 1945 3687 maxime
1964 3638 2273 3688 necessarium
2346 3621 2352 3681 ἕ
