2352 3926
0 207 14 281 ζ

527 174 1533 252 ommno*Lxxxunan'r1cuws1w
1896 180 1970 249 76
1973 194 2010 248 5·

63 338 67 340 ,
133 297 229 351 SED
246 311 444 344 CONTRA
469 308 551 353 est,
577 298 700 358 quod
726 298 890 344 dicitur
914 299 987 344 De
1014 300 1234 345 Consecr.
1261 298 1396 357 (Dist.
1426 311 1465 344 ι.
1492 307 1583 360 cap.
1614 299 1709 358 47.)
1727 314 1742 344 .·
1766 313 1791 341 «
1807 297 2007 357 Jacobus

0 390 1 409 ;
42 351 184 431 (ζητεῖ
211 365 406 410 Domini
437 366 690 411 secundum
723 380 924 422 carnem,
956 377 1001 412 et
1033 366 1227 412 Basilius
1255 365 1567 412 Caesariensis
1594 366 1834 425 episcopus
1862 364 2012 410 edide-

0 454 2 456 ’
43 441 149 492 runt
171 431 339 478 missae
370 433 446 491 [al.
473 432 715 492 Scripturis
748 434 1032 491 addiderunt]
1067 433 1481 489 celebrationem»,
1514 447 1569 478 ex
1599 437 1798 492 quornm
1818 431 2013 477 auctori-

45 507 141 546 tate
167 509 299 563 patet,
314 500 638 544 convenienter
657 499 836 559 singula
863 501 984 545 circa
1010 501 1101 545 hoc
1129 501 1231 546 dici.

0 614 5 630 K
45 589 51 594 ·
79 596 83 599 «
131 564 423 613 ΒΕεΡοΝοΕο
450 567 710 622 dicendum,
737 567 860 627 quod
896 568 1001 627 quia
1042 569 1088 612 in
1121 568 1212 612 hoc
1243 578 1534 613 sacramento
1561 578 1711 613 totum
1738 567 2011 628 mysterium

43 644 227 680 nostrae
250 633 408 680 salutis
446 635 861 694 comprehenditur,
888 636 992 680 ideo
1029 650 1136 694 prae
1161 638 1349 680 caeteris
1375 636 1674 681 sacramentis
1706 650 1813 680 cum
1845 634 2012 694 majori

45 700 337 760 solemnitate
364 701 537 760 agitur:
565 711 609 746 et
634 703 740 761 quia
764 703 984 762 scriptum
1012 714 1079 747 est
1104 702 1263 748 Eccle-
1282 716 1349 758 4.:
1372 703 1542 748 Custodi
1559 703 1704 762 pedem
1731 710 1849 748 tuum
1881 704 2014 761 ingre·

43 767 155 816 diens
169 768 343 814 domum
360 768 556 823 Domini,
582 769 779 815 etEccli.
798 770 888 816 18.:
908 772 1017 815 Ante
1039 773 1272 815 orationem
1288 777 1509 830 praepara
1533 773 1723 815 animum
1750 778 1882 825 tuam,
1905 770 2011 814 ideo

45 846 151 883 ante
181 835 539 882 celebrationem
572 837 709 895 hujus
742 837 947 896 mysterii
983 839 1125 896 primo
1168 839 1353 896 quidem
1393 838 1694 896 praemittitur
1726 837 2012 898 praeparatio

46 905 275 964 quaedam
315 905 372 949 ad
398 905 534 963 digne
562 905 740 964 agenda
772 919 826 949 ea
863 919 979 964 quae
1011 915 1284 964 sequuntur;
1318 907 1447 964 cujus
1481 906 1839 965 praeparationis
1865 905 2012 964 prima

45 965 150 1033 pm
176 982 245 1018 est
267 971 367 1022 laus
390 972 559 1026 divina,
584 986 702 1031 quae
722 971 772 1016 fit
800 972 848 1015 in
879 972 1080 1028 introitu,
1098 973 1349 1016 secundum
1377 972 1490 1016 illud
1515 973 1589 1016 Ps.
1610 985 1713 1033 49.:
1744 973 2013 1031 Sacrificium

44 1033 181 1090 laudis
199 1039 493 1099 honorificabit
510 1054 586 1092 me,
614 1044 652 1084 et
676 1039 762 1084 illic
780 1041 873 1093 iter,
897 1054 976 1098 quo
994 1039 1200 1084 ostendam
1218 1040 1283 1086 illi
1305 1039 1479 1084 salutem
1495 1040 1581 1083 Dei
1596 1055 1612 1092 ;
1639 1049 1692 1093 et,
1709 1039 1904 1103 sumitur
1919 1038 2013 1083 hoc

45 1116 98 1161 ut
118 1105 287 1168 pluries
314 1106 370 1151 de
395 1105 607 1160 Psalmis,
632 1105 707 1150 vel
718 1105 880 1151 saltem
896 1121 1002 1151 cum
1027 1106 1215 1151 Psalmo
1243 1116 1464 1161 cantatur,
1481 1107 1602 1165 quia,
1619 1117 1669 1151 ut
1692 1106 1886 1166 Dionys.
1905 1106 2015 1150 dicit

45 1176 93 1228 in
121 1188 160 1234 3.
186 1188 285 1234 cap.
310 1173 436 1219 Eccl.
455 1174 692 1219 Hierarch.
713 1174 938 1233 (aliquant.
965 1181 1061 1220 ante
1085 1174 1236 1233 med.):
1266 1190 1290 1215 «
1307 1173 1480 1219 Psalmi
1507 1174 1904 1232 comprehendunt
1934 1186 2014 1233 per

45 1241 239 1302 modum
260 1233 407 1286 laudis
421 1241 639 1301 quidquid
659 1241 706 1285 in
730 1255 861 1287 sacra
871 1242 1104 1301 Scriptura
1137 1241 1395 1286 continetur
1407 1257 1447 1286 »ε
1467 1241 1667 1286 secunda
1689 1256 1792 1300 pars
1810 1241 2017 1286 continet

45 1309 542 1371 commemorationem
573 1309 822 1369 praesentis
853 1309 1081 1364 miseriae,
1113 1309 1224 1353 dum
1250 1308 1565 1353 misericordia
1590 1309 1771 1368 petitur,
1794 1307 2013 1353 dicendo:

48 1375 222 1436 «Kyrie
238 1375 463 1433 eleison»,
474 1386 542 1420 ter
549 1376 735 1435 quidem
746 1390 829 1436 pro
842 1390 1036 1436 persona
1049 1377 1209 1431 Patris,
1218 1386 1288 1421 ter
1297 1385 1450 1421 autem
1465 1390 1546 1434 pro
1558 1390 1755 1435 persona
1770 1375 1888 1430 Filii,
1908 1389 2016 1420 cum

47 1438 211 1498 dicitur
227 1458 239 1488 ι
257 1459 281 1486 «
296 1443 479 1491 Christe
493 1443 666 1490 eleison
692 1461 734 1498 »,
758 1452 801 1488 et
825 1453 895 1488 ter
920 1458 1003 1504 pro
1029 1458 1226 1503 persona
1249 1443 1441 1503 Spiritus
1460 1443 1632 1498 Sancti,
1650 1458 1756 1487 cum
1780 1443 2016 1488 subditur:

51 1527 75 1571 ᾳ
90 1511 230 1573 Kyrie
247 1509 453 1566 eleison»
475 1522 634 1555 contra
650 1511 858 1571 triplicem
880 1512 1129 1566 miseriam,
1145 1513 1423 1571 ignorantiae,
1441 1511 1599 1570 culpae,
1614 1521 1658 1556 et
1667 1519 1823 1570 poenae
1831 1525 1849 1569 ;
1863 1510 1938 1555 vel
1958 1509 2016 1554 ad

49 1577 415 1638 significandum,
443 1579 566 1637 quod
593 1592 754 1622 omnes
776 1592 998 1638 personae
1031 1589 1136 1624 sunt
1159 1581 1206 1623 in
1238 1593 1287 1623 se
1318 1579 1540 1624 invicem:
1574 1579 1706 1623 tertia
1733 1590 1886 1623 autem
1912 1592 2016 1638 pars

49 1655 388 1693 commemorat
403 1645 655 1691 coelestem
677 1644 889 1705 gloriam,
903 1646 959 1691 ad
977 1661 1115 1706 quam
1147 1647 1376 1691 tendimus
1411 1655 1515 1705 post
1544 1656 1835 1705 praesentem
1860 1645 2018 1700 vitam,

50 1723 94 1760 et
108 1713 358 1768 miseriam,
383 1705 602 1759 dicendoz'
638 1729 662 1755 c<
686 1712 846 1758 Gloria
876 1714 924 1758 in
956 1713 1145 1759 excelsis
1167 1714 1325 1768 Deo»,
1359 1714 1707 1773 quod-cantatur
1732 1713 1779 1757 in
1810 1712 1950 1767 festis,
1969 1713 2018 1756 in

50 1782 212 1845 quibus
239 1792 630 1828 commemoratur
655 1780 866 1827 coelestis
890 1781 1053 1841 gloria,
1079 1782 1390 1828 intermittitur
1415 1792 1570 1827 autem
1590 1781 1638 1826 in
1662 1780 1823 1826 officiis
1845 1781 2020 1826 luctuo-

51 1850 128 1902 sis,
153 1864 272 1911 quae
297 1849 356 1894 ad
381 1850 876 1896 commemorationem
907 1850 1117 1894 miseriae
1143 1850 1391 1909 pertinent:
1419 1859 1578 1908 quarta
1605 1859 1758 1893 autem
1784 1863 1887 1907 pars
1914 1861 2021 1892 con-

49 1917 164 1968 tinet
181 1917 459 1978 orationem,
493 1931 633 1977 quam
657 1917 870 1962 sacerdos
903 1930 986 1975 pro
1017 1917 1191 1976 populo
1218 1916 1340 1970 facit,
1367 1926 1417 1961 ut
1442 1917 1567 1975 digni
1597 1916 1851 1960 habeantur
1882 1916 2019 1960 tantis

50 1979 294 2049 mysteriis.
318 1983 503 2031 Secundo
530 1994 684 2029 autem
717 1986 1018 2044 praemittitur
1048 1985 1285 2030 instructio
1318 1983 1463 2028 fidelis
1495 1983 1678 2043 populi3
1700 1984 1806 2043 quia
1831 1984 1922 2028 hoc
1954 1998 2021 2028 sa·

51 2061 432 2112 eramentumaest
456 2051 727 2111 mysterium
758 2051 877 2106 fidei,
904 2062 953 2096 ut
983 2066 1118 2112 supra
1149 2052 1356 2097 habitum
1389 2061 1456 2096 est
1488 2052 1550 2110 (q.
1584 2052 1650 2110 78.
1684 2058 1768 2097 art.
1796 2052 1873 2111 3.):
1901 2065 2020 2111 quae

14 2155 21 2158 -
53 2119 243 2182 quidem
267 2119 506 2167 instructio
533 2118 797 2178 dispositive
824 2119 1007 2178 quidem
1026 2119 1076 2164 fit
1096 2133 1177 2178 per
1202 2119 1459 2164 doctrinam
1485 2119 1828 2178 prophetarum,
1846 2127 1891 2163 et
1917 2132 2023 2177 apo-

53 2186 297 2242 stolorum,
327 2201 444 2246 quae
475 2188 522 2231 in
553 2185 761 2230 Ecclesia
791 2185 957 2245 legitur
982 2201 1062 2246 per
1087 2186 1297 2240 lectores,
1326 2195 1370 2231 et
1394 2186 1726 2232 subdiaconos:
1754 2195 1858 2246 post
1882 2199 2022 2245 quam

53 2254 305 2303 lectionem
330 2263 538 2299 cantatur
564 2268 589 2298 a
617 2254 760 2299 choro
780 2253 1026 2308 Graduale,
1043 2253 1166 2313 quod
1189 2253 1416 2312 significat
1439 2253 1697 2313 profectum
1722 2254 1858 2307 vitae,
1881 2263 1927 2297 et
1947 2252 2025 2297 Al-

55 2314 212 2382 lel'uJa,
223 2321 346 2381 quod
363 2320 590 2380 significat
614 2321 896 2380 spiritualem
920 2321 1262 2376 exultationem,
1279 2321 1353 2366 vel
1371 2319 1567 2366 Tractus
1593 2321 1640 2366 in
1662 2320 1825 2366 officiis
1851 2320 2024 2365 luc-tuo-

53 2390 131 2451 sis,
150 2389 230 2449 qui
253 2387 479 2450 significat
502 2388 783 2448 spiritualem
801 2389 1049 2448 gemitum;
1071 2389 1187 2433 haec
1210 2390 1332 2433 enim
1355 2389 1578 2448 consequi
1594 2389 1760 2434 debent
1779 2389 1828 2433 in
1849 2387 2022 2448 populo

55 2471 113 2512 ex
125 2453 358 2518 praedicta
374 2455 594 2501 doctrina.
611 2454 819 2501 Perfecte
837 2466 992 2501 autem
1010 2456 1206 2516 populus
1222 2457 1456 2501 instruitur
1477 2471 1557 2515 per
1573 2456 1833 2501 doctrinam
1851 2455 2025 2500 Christi

56 2524 112 2571 in·
130 2522 383 2585 Evangelio
409 2533 689 2578 contentam,
714 2538 831 2583 quae
857 2538 884 2568 a
909 2525 1101 2569 summis
1125 2524 1341 2569 ministris
1366 2524 1546 2584 legitur,
1573 2524 1749 2569 scilicet
1775 2539 1800 2568 a
1826 2523 2026 2568 diaconi-

55 2592 163 2637 bus:
190 2601 235 2636 et
278 2589 599 2650 quiaChristo
641 2592 870 2636 credimus
909 2601 1128 2651 tanquam
1161 2592 1342 2636 divinae
1382 2591 1576 2646 veritati,
1619 2592 1871 2636 secundum
1911 2589 2024 2634 illud

51 2659 184 2718 Joan.
210 2658 278 2703 8.:
306 2658 354 2703 Si
367 2659 586 2704 veritatem
607 2658 698 2704 dico
719 2660 859 2714 vobis,
870 2674 998 2719 quare
1015 2675 1099 2704 non
1121 2659 1284 2704 creditis
1300 2660 1406 2704 mihi
1418 2661 1438 2705 Ρ
1463 2658 1586 2703 lecto
1607 2658 1874 2718 Evangelio,
1894 2658 2025 2716 Sym·

59 2725 221 2786 bolum
245 2723 353 2770 fidei
378 2735 598 2779 cantatur,
614 2725 662 2769 in
688 2740 779 2784 quo
805 2726 1002 2786 populus
1028 2727 1240 2781 ostendit,
1260 2741 1310 2772 se
1335 2741 1416 2786 per
1438 2727 1576 2771 fidem
1595 2727 1767 2771 Christi
1789 2725 2023 2770 doctrinae

3 2820 5 2823 .
59 2792 289 2839 assentiri:
317 2801 524 2836 cantatur
541 2801 693 2836 autem
711 2793 802 2837 hoc
821 2793 1096 2852 Symbolum
1122 2794 1168 2838 in
1194 2793 1334 2849 festis,
1352 2795 1407 2838 de
1426 2795 1587 2853 quibus
1614 2794 1662 2837 fit
1681 2793 1831 2852 aliqua
1849 2791 2022 2836 mentio

3 2857 9 2894 5¹
58 2861 107 2907 in
133 2858 374 2920 Symbolo,
399 2859 517 2904 sicut
540 2858 589 2904 in
611 2858 736 2904 festis
762 2860 948 2916 Christi,
976 2871 1021 2906 et
1047 2861 1097 2905 B.
1119 2861 1336 2921 Virginis,
1355 2871 1400 2906 et
1425 2860 1774 2920 Apostolorum,
1801 2860 1877 2918 qui
1903 2859 2023 2903 hanc

4 2936 10 2956 ²*
61 2927 201 2974 fidem
215 2926 531 2981 fundaverunt,
543 2936 590 2971 et
603 2925 703 2971 aliis
718 2927 997 2986 hujusmodi.
1013 2927 1088 2972 Sic
1101 2928 1238 2988 igitur
1249 2928 1419 2988 populo
1436 2938 1719 2987 praeparato,
1734 2937 1778 2971 et
1789 2927 2025 2979 instructo,

62 3004 396 3055 consequenter
421 2993 650 3037 acceditur
676 2993 732 3037 ad
760 2994 1122 3054 celebrationem
1142 2996 1370 3055 mysterii3
1398 2996 1520 3054 quod
1557 2994 1742 3053 quidem
1768 3004 1814 3039 et
1839 2993 2026 3039 offertur

61 3072 114 3108 ut
132 3060 422 3115 sacrificium,
444 3069 491 3104 et
511 3071 819 3116 consecratur,
845 3071 890 3106 et
914 3062 1107 3107 sumitur
1127 3073 1175 3107 ut
1196 3072 1557 3107 sacramentum:
1586 3061 1704 3105 unde
1726 3061 1875 3120 primo
1898 3074 2028 3119 pera-

64 3128 185 3189 gitur
207 3127 405 3182 oblatio;
421 3127 624 3172 secundo
642 3130 928 3174 consecratio
951 3130 1169 3174 materiae
1187 3130 1389 3183 oblatae;
1407 3129 1539 3172 tertio
1557 3128 1759 3187 ejusdem
1779 3128 2026 3187 perceptio.

66 3194 205 3250 Circa
231 3193 513 3240 oblationem
539 3208 650 3239 vero
675 3194 756 3239 duo
783 3205 1000 3254 aguntur:
1027 3197 1203 3241 scilicet
1228 3197 1317 3240 laus
1349 3194 1504 3253 populi
1531 3195 1577 3239 in
1610 3205 1746 3239 cantu
1774 3194 2028 3248 Offertorii,

65 3276 145 3325 per
170 3261 294 3322 quod
318 3260 598 3320 significatur
634 3261 804 3306 laetitia
831 3261 1135 3316 offerentium,
1170 3273 1215 3307 et
1251 3265 1387 3307 oratio
1416 3261 1680 3316 sacerdotis,
1716 3262 1795 3320 qui
1830 3261 1954 3319 petit,
1981 3271 2031 3306 ut

66 3328 239 3374 oblatio
270 3327 429 3388 populi
460 3328 518 3373 sit
539 3329 645 3373 Deo
679 3339 891 3388 accepta,;
917 3330 1036 3379 unde
1069 3341 1113 3375 et
1150 3344 1185 3374 1.
1213 3329 1408 3387 Paralip.
1436 3342 1505 3387 29.
1533 3329 1644 3372 dixit
1667 3328 1841 3372 David:
1869 3329 1957 3386 Ego
1983 3330 2028 3372 in

65 3396 333 3458 simplicitate
365 3394 501 3441 cordis
530 3397 612 3439 mei
643 3395 771 3440 laetus
797 3396 927 3447 obtuli
956 3398 1154 3442 universa
1179 3397 1292 3449 haec,
1324 3402 1364 3441 et
1385 3395 1583 3455 populum
1617 3401 1750 3451 tuum,
1775 3396 1849 3453 qui
1879 3396 1945 3440 hic
1970 3411 2030 3441 re-

61 3469 203 3525 pertus
221 3469 294 3527 est,
320 3463 412 3508 vidi
443 3477 540 3525 curn
572 3465 729 3521 ingenti
756 3463 911 3522 gaudio
941 3465 1020 3511 tibi
1050 3465 1194 3523 offerre
1226 3463 1432 3515 donaria;
1462 3472 1506 3507 et
1532 3472 1689 3521 postea
1715 3472 1817 3506 orat
1848 3462 2028 3517 dicens:

68 3530 252 3576 Domine
266 3530 444 3585 Βοιὼ)...
461 3530 616 3576 custodi
632 3530 738 3575 hanc
762 3530 1030 3579 voluntatem.
1047 3530 1226 3576 Deinde
1247 3531 1367 3575 circa
1393 3529 1807 3584 consecrationem,
1823 3543 1940 3589 quae
1961 3543 2030 3574 su·

69 3595 345 3657 pernaturali
367 3597 531 3644 virtute
559 3597 720 3658 agitur,
744 3596 893 3657 primo
919 3597 1137 3659 excitatur
1162 3595 1356 3658 populus
1383 3594 1439 3641 ad
1465 3595 1761 3642 devotionem
1784 3594 1833 3642 in
1850 3595 2030 3642 Praefa-
