2352 3926
247 245 281 296 6
870 256 1038 295 mnEx
1076 254 1311 295 TERTIAE
1351 255 1557 294 PARTIS.
1599 227 1603 231 ”

547 355 788 397 QUAESTIO
812 355 875 391 vl.

301 446 351 480 De
374 446 466 481 modo
489 446 706 491 assumptionis
728 451 880 489 quantum
903 443 948 477 ad
969 443 1125 478 ordinem.

246 539 275 563 1.
293 528 415 562 Utrum
439 527 546 560 Filius
571 527 635 559 Dei
669 526 893 570 assumpserit
924 536 1073 567 carnem,
1108 535 1180 557 me-

352 580 466 613 diante
484 581 605 611 anima.

240 642 272 666 2.
292 631 414 666 Utrum
438 630 658 674 assumpserit
681 630 830 662 animam
846 629 1019 662 mediante
1044 629 1178 674 spiritu,

245 670 253 676 ὁ
352 684 423 716 sive
439 690 565 714 mente.

241 745 272 778 3.
291 733 412 768 Utrum
424 735 536 766 anima
548 733 648 766 fuerit
660 733 753 777 prius
767 740 954 777 assumpta,
971 743 1071 778 quam
1085 743 1177 767 caro.

238 797 271 829 4.
291 786 412 820 Utrum
437 796 514 818 caro
539 784 641 817 fuerit
664 785 757 830 prius
781 792 967 829 assumpta,
990 795 1091 830 quam
1107 785 1179 818 ani-

350 848 424 870 mae
447 838 554 870 unita.

240 899 270 932 5.
296 888 417 923 Utrum
436 897 511 921 tota
531 896 651 921 natura
674 888 824 922 humana
846 889 891 921 sit
914 896 1088 933 assumpta
1103 898 1177 921 me·

350 941 522 973 diantibus
537 941 702 985 partibus.

237 995 269 1027 6.
289 993 411 1027 Utrum
427 993 534 1026 Filius
558 994 623 1026 Dei
639 995 862 1039 assumpserit
878 993 1062 1027 humanam
1078 1001 1177 1027 natu·

347 1056 418 1079 ram
434 1045 605 1079 mediante
621 1047 741 1091 gratia.

533 1187 774 1243 QUAESTIO
797 1187 880 1223 VII.

273 1276 322 1311 De
345 1279 544 1323 comsumptis
566 1290 587 1310 a
609 1277 696 1311 Filio
720 1277 784 1311 Dei
805 1279 840 1311 in
864 1278 1002 1311 bumana
1025 1284 1141 1312 natura

429 1331 657 1375 pertinentibus
678 1330 721 1362 ad
739 1329 978 1376 perfectionem,

234 1388 264 1414 et
274 1383 379 1427 primo
394 1381 431 1415 de
447 1383 554 1427 gratia
573 1381 702 1423 Christi,
716 1389 810 1427 prout
826 1389 870 1415 est
884 1382 1054 1427 singularis
1070 1382 1171 1417 homo.

259 1482 287 1504 1.
314 1470 437 1504 Utrum
452 1472 488 1503 in
505 1472 618 1504 anima
635 1470 764 1504 Christi
789 1472 834 1504 sit
858 1471 970 1517 aliqua
987 1473 1096 1516 gratia
1114 1472 1174 1506 ha-

367 1523 519 1556 bitualis.

249 1585 280 1608 2.
306 1574 484 1608 Utrum'in
502 1574 640 1608 Christo
659 1574 787 1608 fuerint
801 1577 959 1610 virtutes.

256 1637 286 1670 3.
312 1626 434 1660 Utrum
452 1628 486 1660 in
505 1627 642 1660 Christo
660 1628 763 1660 fuerit
778 1628 875 1662 fides.

278 1704 286 1711 .
312 1678 435 1712 Utrum
452 1681 488 1712 in
504 1679 643 1713 Christo
661 1680 764 1713 fuerit
781 1691 869 1725 spes.

311 1731 433 1764 Utrum
450 1732 485 1764 in
502 1731 639 1765 Christo
658 1732 785 1765 fuerint
801 1733 902 1773 dona.

311 1782 432 1816 Utrum
449 1785 484 1816 in
503 1783 642 1816 Christo
660 1784 762 1817 fuerit
778 1785 908 1818 donum
924 1786 1074 1819 timoris.

276 1860 284 1867 .
311 1834 432 1867 Utrum
449 1836 484 1867 in
502 1835 640 1868 Christo
655 1835 782 1869 fuerint
795 1838 925 1881 gratiae
939 1839 1044 1883 gratis
1058 1839 1169 1872 datae.

276 1911 284 1919 .
311 1886 432 1919 Utrum
448 1888 484 1919 in
502 1886 640 1921 Christo
657 1888 761 1920 fuerit
776 1889 967 1934 prophetia.

310 1938 431 1971 Utrum
449 1940 484 1971 in
502 1938 641 1972 Christo
660 1940 704 1972 sit
719 1940 898 1984 plenitudo
915 1943 1058 1987 gratiae.

277 2015 285 2023 .
312 1990 434 2023 Utrum
449 1990 528 2023 talis
545 1991 722 2035 plenitudo
740 1993 784 2025 sit
799 1995 935 2038 propria
952 1994 1094 2029 Christi.

234 2051 284 2074 ιι.
312 2041 434 2075 Utrum
452 2044 561 2087 gratia
585 2042 715 2076 Christi
733 2045 777 2077 sit
793 2045 938 2079 infinita.

233 2103 284 2126 12.
311 2093 433 2126 Utrum
452 2096 560 2139 gratia
577 2094 706 2128 Christi
722 2098 872 2140 potuerit
890 2099 1020 2143 augeri.

234 2156 247 2178 ι
255 2156 285 2188 3.
312 2146 470 2185 Qualiter
485 2147 569 2179 haec
586 2149 695 2192 gratia
717 2159 754 2181 se
778 2149 900 2183 habeat
924 2151 966 2183 ad
989 2152 1170 2195 unionem,

362 2209 405 2231 an
422 2198 556 2231 scilicet
570 2200 807 2245 subsequatur,
823 2201 878 2236 vel
894 2204 1086 2247 praecedat.

232 1690 284 2023 εφωωφψ.

519 2332 758 2372 QUAESTIO
782 2335 881 2371 VIII.

298 2420 346 2454 De
369 2421 474 2467 gratia
501 2420 629 2464 Christi,
653 2424 818 2459 secundum
840 2426 923 2471 quod
946 2434 1107 2475 est‘caput

614 2475 780 2510 Ecclesiae.

234 2572 263 2595 ι.
288 2561 410 2595 Utrum
428 2562 585 2597 Christus
601 2565 647 2598 sit
663 2575 763 2611 caput
780 2566 969 2603 Ecclesiae.

231 2623 261 2646 2.
288 2613 410 2647 Utrum
427 2616 472 2648 sit
489 2624 589 2661 caput
605 2619 758 2651 omnium
775 2629 939 2663 quantum
963 2622 1005 2655 ad
1029 2634 1167 2669 corpus,

339 2666 395 2700 vel
410 2666 523 2700 solum
539 2677 702 2712 quantum
718 2671 761 2702 ad
776 2673 936 2706 animam.

253 2741 262 2750 .
287 2716 409 2751 Utrum
424 2719 469 2750 sit
495 2728 595 2764 caput
611 2723 763 2754 omnium
781 2723 971 2758 hominum.

254 2794 261 2802 .
287 2768 408 2802 Utrum
426 2771 470 2803 sit
487 2780 587 2816 caput
603 2773 825 2817 Angelorum.

252 2844 261 2853 .
289 2820 409 2855 Utrum
427 2823 547 2867 gratia,
573 2826 761 2858 secundum
786 2838 885 2871 quam
909 2838 962 2862 est
986 2839 1087 2876 caput
1102 2831 1166 2866 Ec-

338 2873 478 2916 clesiae,
496 2876 541 2908 sit
555 2877 674 2909 eadem
700 2888 776 2911 cum
793 2881 901 2923 gratia
918 2881 1097 2924 habituali,
1115 2895 1166 2917 se-

339 2926 486 2959 cundum
505 2939 603 2971 quam
622 2937 674 2962 est
690 2930 824 2973 quidam
846 2931 950 2964 homo
968 2935 1163 2979 singularis.

227 2978 260 3011 6.
287 2976 408 3011 Utrum
448 2990 523 3012 esse
563 2989 663 3025 caput
702 2981 879 3016 Ecclesiae
917 2986 963 3018 sit
993 2988 1167 3032 proprium

337 3028 478 3063 Christi.

251 3107 258 3115 .
285 3081 406 3115 Utrum
425 3082 584 3116 diabolus
609 3084 654 3117 sit
671 3094 771 3130 caput
790 3088 944 3121 omnium
962 3089 1143 3127 malorum.

249 3159 256 3167 .
285 3133 406 3167 Utrum
431 3135 662 3169 Antichristus
684 3139 796 3182 possit
826 3140 929 3174 etiam
963 3141 1032 3175 dici
1065 3152 1165 3189 caput

336 3186 518 3220 malorum.

228 2727 249 2862 mat—w

224 3092 244 3166 “Q

532 3319 773 3360 QUAESTIO
798 3321 863 3359 lx.

258 3403 305 3438 De
329 3408 527 3452 comsumptis
549 3419 570 3440 a
594 3407 681 3443 Filio
708 3407 767 3442 Dei
791 3410 824 3443 in
847 3417 963 3445 natura
986 3411 1124 3447 bumana

417 3459 644 3503 pertinentibus
667 3460 710 3494 ad
729 3460 966 3507 perfectionem,

340 3509 458 3543 scilieet
480 3510 516 3544 de
539 3513 670 3546 seientia
695 3511 813 3547 Christo·
834 3515 868 3547 in
892 3517 1062 3551 communi.

223 3600 252 3624 t.
278 3589 399 3624 Utrum
439 3591 596 3626 Christus
621 3594 778 3629 habuerit
800 3595 948 3642 aliquam
981 3600 1159 3633 scientiam

330 3651 461 3687 praeter
477 3644 638 3679 divinam.

1726 243 1785 263 τ’,

1250 366 1282 389 2.
1299 354 1423 389 Utrum
1439 355 1597 388 habuerit
1612 355 1806 397 scientiam,
1824 366 1927 401 quam
1943 356 2072 414 habent
2087 357 2194 402 beati,

1359 406 1415 442 vel
1432 407 1753 452 comprehensores.

1251 471 1281 503 3.
1299 459 1423 493 Utrum
1435 459 1593 492 habuerit
1605 459 1787 492 scientiam
1797 459 1954 502 inditam,
1963 460 2020 496 vel
2030 461 2193 497 infusam.

1248 522 1280 554 4.
1300 511 1423 545 Utrum
1440 511 1598 545 habuerit
1613 510 1763 556 aliquam
1779 513 1962 563 scientiam
1976 515 2192 560 acquisitam.

1567 649 1810 690 QUAESTIO
1834 651 1881 687 X.
1978 665 2005 686 :a

1247 738 1297 772 De
1313 739 1445 772 seientia
1461 739 1564 780 beata,
1583 750 1662 784 quae
1672 740 1813 785 pertinet
1826 739 1871 774 ad
1889 740 2036 776 anirum
2057 719 2189 779 Christi.

1249 840 1262 863 t
1271 854 1279 864 .
1305 828 1429 863 Utrum
1441 830 1556 863 anima
1568 829 1698 864 Christi
1715 830 2015 876 comprehenderit
2023 831 2191 878 verbum,

1356 882 1429 915 sive
1445 882 1596 916 divinam
1613 883 1810 916 essentiam.

1246 944 1278 967 2.
1304 933 1428 967 Utrum
1445 935 1650 979 cognoverit
1667 935 1785 969 omnia
1800 935 1837 968 in
1851 934 1982 971 Verbo.

1247 997 1278 1030 3.
1304 985 1428 1019 Utrum
1443 987 1558 1020 anima
1573 987 1609 1019 in
1625 986 1741 1021 Verbo
1759 989 1968 1034 cognoverit
1981 988 2137 1034 infinita

1244 1048 1279 1081 4.
1303 1037 1428 1072 Utrum
1444 1039 1559 1074 videat
1570 1038 1738 1082 Verbum,
1749 1040 1823 1074 sive
1837 1039 1997 1080 divinam
1997 1036 2192 1081 madan

1356 1090 1482 1124 clarius
1498 1091 1652 1138 qualibet
1665 1091 1734 1126 alia
1749 1100 1916 1127 creatura.

1553 1224 1795 1266 QUAESTIO
1819 1227 1886 1263 XI.

1287 1314 1337 1348 De
1359 1315 1492 1349 scientia
1514 1315 1632 1358 indita,
1656 1316 1709 1351 vel
1731 1315 1841 1363 infusa
1862 1318 1992 1353 animae
2018 1317 2151 1356 Christi.

1246 1417 1259 1440 1
1267 1432 1276 1440 .
1302 1406 1425 1440 Utrum
1435 1408 1625 1442 secundum
1637 1409 1727 1442 hanc
1738 1410 1920 1444 scientiam
1931 1409 2091 1470 Christus
2101 1411 2191 1448 neiat

1355 1461 1484 1494 omnia.

1243 1521 1275 1545 2.
1301 1511 1424 1546 Utrum
1449 1513 1513 1546 hac
1537 1511 1685 1547 scientia
1706 1515 1759 1548 uti
1781 1515 1936 1560 potuerit
1950 1526 2024 1550 non
2046 1526 2190 1553 conver·

1351 1565 1458 1598 tendo
1475 1575 1512 1598 se
1529 1566 1571 1599 ad
1586 1566 1838 1611 phantasmata.
2029 1573 2051 1610 ἡ

1243 1627 1275 1660 3.
1300 1616 1425 1650 Utrum
1441 1617 1527 1651 haec
1544 1619 1691 1653 scientia
1704 1619 1810 1653 fuerit
1826 1618 2001 1656 cultatim
2040 1617 2042 1620 ’

1241 1680 1275 1711 4.
1301 1669 1426 1703 Utrum
1450 1670 1535 1704 haec
1558 1672 1707 1706 scientia
1729 1673 1766 1706 In
1783 1672 1927 1711 Christo
1947 1673 2057 1712 fuerit,
2073 1674 2192 1712 utinen·

1350 1723 1498 1756 scientia
1515 1723 1731 1768 angelorum.

1242 1782 1273 1814 5.
1299 1773 1423 1807 Utrum
1439 1773 1544 1808 fuerit
1559 1777 1706 1810 scientia
1720 1776 1921 1814 habitualis.

1238 1826 1274 1860 6.
1299 1825 1424 1860 Utrum
1439 1827 1544 1861 fuerit
1561 1828 1727 1863 distincta
1739 1840 1802 1875 per
1816 1830 1972 1868 diversae
1989 1831 2140 1870 habitu.

1538 1961 1782 2003 QUAESTIO
1806 1962 1893 2002 XII.

1370 2049 1421 2084 De
1441 2051 1574 2085 seientia
1594 2053 1724 2087 animae
1749 2052 1870 2088 Christi
1890 2055 2058 2105 matitia,

1548 2105 1601 2138 vel
1624 2106 1878 2152 experimentali.

1241 2203 1271 2226 1.
1297 2192 1422 2226 Utrum
1445 2194 1636 2228 secundum
1659 2194 1749 2230 hanc
1772 2197 1959 2235 scientiam
1978 2174 2187 2244 wgttovedt

1349 2257 1478 2280 omma.

1238 2307 1270 2330 2.
1296 2297 1421 2331 Utrum
1437 2300 1473 2332 in
1489 2299 1554 2333 hac
1570 2301 1717 2335 scientia
1732 2301 1933 2347 profecerit.

1239 2360 1269 2393 3.
1296 2349 1420 2384 Utrum
1439 2351 1568 2398 aliquid
1583 2353 1626 2386 ab
1643 2353 1785 2388 homine
1801 2355 1973 2390 didicerit.

1235 2413 1270 2445 4.
1296 2402 1421 2437 Utrum
1438 2403 1597 2439 Christus
1613 2405 1743 2452 aliquid
1758 2407 1931 2455 acceperit
1944 2408 1988 2443 ab
2002 2406 2161 2455 Angelis.
2187 2405 2191 2410 ’

1520 2539 1764 2580 QUAESTIO
1787 2541 1892 2578 XIII.

1448 2627 1499 2662 De
1516 2631 1662 2675 potentia
1685 2631 1815 2666 animae
1840 2628 1973 2668 Chris&-

1238 2727 1268 2751 1.
1294 2717 1418 2752 Utrum
1435 2718 1593 2754 habuerit
1609 2695 1901 2767 omnipotentiam
1917 2721 2159 2770 simplic&

1235 2780 1267 2803 2.
1292 2770 1415 2803 Utrum
1432 2771 1590 2806 habuerit
1614 2775 1904 2819 omnipotentiam
1926 2774 2087 2840 respectu
2105 2785 2180 2811 cot*-

1344 2824 1514 2867 poralium
1532 2834 1776 2860 creaturarum.

1236 2884 1266 2917 3.
1293 2874 1416 2908 Utrum
1440 2877 1597 2911 habuerit
1614 2881 1906 2925 omnipotentiam
1916 2886 2083 2926 raptem
2095 2890 2178 2930 pto·

1344 2929 1408 2972 prii
1428 2931 1596 2974 corporis.

1233 2989 1265 3021 4.
1291 2978 1414 3013 Utrum
1438 2981 1596 3016 habuerit
1619 2985 1910 3030 omnipotentiam
1926 2989 2180 3036 mpro-

1343 3034 1436 3078 priae
1452 3045 1535 3068 suae
1550 3035 1752 3071 voluntatis.

1520 3168 1763 3208 QUAESTIO
1787 3165 1889 3209 XIV.

1265 3250 1313 3286 De
1335 3252 1517 3300 defectibus,
1542 3268 1618 3301 quos
1644 3256 1786 3292 Christus
1807 3259 1843 3294 in
1865 3258 2008 3295 m
2028 3264 2148 3295 “lm

1431 3310 1596 3354 assumpsit
1617 3316 1770 3354 quantum
1793 3310 1837 3345 ad
1858 3316 1977 3362 carpum
2012 3359 2015 3361 ‚
2044 3316 2053 3323 ⁷

1235 3405 1262 3428 t.
1282 3394 1405 3442 Utrum
1430 3396 1538 3431 Filius
1562 3398 1628 3432 Dei
1655 3410 1829 3435 assumere
1853 3402 2026 3438 &bonit
2042 3402 2095 3437 h»
2113 3401 2181 3437 bu*

1341 3458 1441 3481 mana
1458 3458 1579 3483 natura
1596 3453 1751 3496 corporis
1770 3453 1939 3488 defectus.

1230 3508 1261 3532 2.
1281 3498 1403 3533 Utrum
1416 3503 1639 3547 assumpserit
1654 3506 1898 3540 necessitatem
1910 3506 1965 3541 hi·
1980 3505 2175 3543 defectibus

1339 3552 1553 3598 subiacendi.

1231 3612 1260 3645 3.
1280 3602 1402 3637 Utrum
1420 3608 1627 3640 contraxerit
1643 3607 1709 3641 hos
1726 3609 1896 3645 defectus.

1227 3665 1259 3696 4.
1280 3654 1401 3689 Utrum
1418 3659 1641 3704 assumpserit
1653 3670 1775 3695 omnes
1788 3661 1988 3708 hujusmodi
1996 3661 2167 3700 m.
