2352 3926
17 2806 45 2838 {¹⁴12

18 2956 51 3103 {11

26 3267 46 3305 ff

673 231 950 281 Quamne
988 233 1138 273 Lxm.
1179 227 1494 274 ARTIcmws
1526 231 1603 271 111.
2010 231 2114 287 527

156 337 229 383 bis
253 335 423 397 aliquid
449 335 587 396 gratis
606 334 836 395 largiatur,
855 334 982 395 quod·
1004 336 1065 381 ad
1073 335 1300 381 rationem
1323 334 1494 395 gratiae
1510 333 1728 394 pertinet:
1755 332 1948 392 Spiritus
1965 343 2118 378 autem

162 403 358 451 sanetus
385 415 517 448 amor
541 411 628 448 est:
655 402 776 447 unde
801 412 847 447 et
877 414 912 447 1.
941 403 999 447 ad
1024 402 1132 448 Cor.
1163 415 1228 447 12.
1256 402 1448 447 dicitur:
1474 403 1716 447 Divisiones
1737 401 1977 460 gratiarum
2006 407 2117 455 sunt,

157 469 267 516 ilem
292 477 432 515 autem
457 470 648 530 Spiritus.

178 554 181 555 ⁷
250 537 327 583 AD
353 549 613 583 SECUNDUM
640 536 899 590 dicendum,
925 536 1048 595 quod
1076 536 1315 580 character
1340 535 1683 580 sacramentalis
1715 545 1785 580 est
1814 548 1886 580 res
1911 542 2119 594 respectu

159 604 434 650 sacramenti
459 603 706 657 exterioris,
732 612 777 647 et
802 613 870 648 est
910 612 1246 647 sacramentum
1289 613 1495 661 respectu
1533 602 1681 647 ultimi
1707 601 1909 656 effectus,
1941 611 1985 646 et
2014 601 2119 645 ideo

161 671 382 732 dupliciter
407 681 556 731 potest
598 669 764 729 aliquid
807 670 1056 714 characteri
1095 670 1302 715 attribui:
1339 685 1421 714 ano
1448 670 1568 714 modo
1605 670 1857 714 secundum
1893 668 2120 714 rationem

161 738 447 795 sacramenti,
474 748 518 782 et
542 738 633 782 hoc
660 737 802 781 modo
829 746 897 781 est
922 736 1103 795 signum
1132 736 1368 780 invisibilis
1395 737 1580 795 gratiae,
1607 750 1723 796 quae
1753 737 1798 781 in
1831 745 2119 782 sacramento

163 804 415 851 confertur:
443 806 526 849 alio
548 803 669 848 modo
695 804 946 848 secundum
965 803 1195 862 propriam
1218 803 1443 847 rationem
1467 804 1756 857 characteris,
1789 814 1834 848 et
1853 804 1945 848 hoc
1977 802 2119 847 modo

163 882 231 918 est
253 873 435 932 signum
469 870 848 930 configurativum
876 869 1012 913 alicui
1047 869 1298 928 principali,
1331 871 1448 929 apud
1491 884 1627 929 quem
1669 871 1835 915 residet
1875 871 2120 915 auctoritas

162 941 278 998 ejus,
300 940 358 983 ad
378 939 499 998 quod
517 938 677 996 aliquis
694 938 952 995 deputatur:
980 937 1096 981 sicut
1113 937 1293 991 milites,
1307 938 1383 996 qui
1401 938 1672 996 deputantur
1698 938 1752 981 ad
1776 948 1993 997 pugnarn,
2019 937 2122 981 insi-

163 1006 380 1066 gniuntur
403 1005 536 1064 signo
563 1004 704 1057 ducis,
735 1017 826 1063 quo
854 1004 1200 1063 quodammodo
1239 1004 1281 1047 ei
1307 1003 1662 1062 configurantur,
1695 1014 1738 1048 et
1763 1005 1855 1049 hoc
1890 1004 2032 1048 modo
2054 1002 2122 1047 illi

162 1073 242 1133 qui·
270 1073 540 1132 deputantur
567 1071 622 1115 ad
661 1071 835 1115 cultum
862 1071 1176 1125 christianum,
1204 1072 1331 1130 cujus
1357 1081 1517 1115 auctor
1542 1081 1609 1115 est
1642 1071 1866 1126 Christus,
1894 1072 2123 1115 characte-

162 1149 266 1186 mm·
279 1139 522 1199 accipiunt,
549 1152 646 1198 quo
660 1137 846 1183 Christo
860 1138 1224 1198 configurantur3
1247 1139 1367 1183 unde
1393 1138 1575 1198 proprie
1598 1148 1667 1184 est
1683 1138 1918 1183 character
1935 1138 2121 1183 Christi.

252 1207 330 1252 An
356 1218 573 1252 TERTrUM
599 1205 866 1260 dicendum,
881 1206 1005 1265 quod
1032 1205 1295 1251 charactere
1322 1205 1612 1265 distinguitur
1638 1205 1800 1265 aliquis
1827 1206 1881 1249 ab
1916 1205 2006 1249 alio
2039 1219 2120 1264 per

164 1273 559 1333 comparationem
586 1272 640 1316 ad
669 1270 870 1331 aliquem
894 1272 1049 1327 finem,
1075 1273 1122 1317 in
1144 1283 1285 1332 quern
1310 1273 1545 1318 ordinatur
1569 1274 1647 1333 qui
1673 1273 1986 1317 characterem
2010 1274 2122 1316 acci-

162 1343 242 1402 pit,
280 1341 397 1386 sicut
422 1341 594 1385 dictum
617 1350 685 1385 est
712 1341 813 1397 (art.
840 1356 874 1386 1.
903 1341 990 1400 huj.
1013 1342 1073 1400 q.)
1102 1341 1157 1385 de
1184 1341 1449 1386 charactere
1476 1340 1675 1395 militari,
1702 1351 1794 1400 qu‘o‘
1819 1340 1869 1384 in·
1883 1339 2043 1385 ordine
2062 1339 2117 1383 ad

162 1415 366 1468 pugnam
392 1407 679 1467 distinguitur
704 1407 836 1452 miles
862 1409 981 1467 regis
1019 1422 1044 1451 a
1069 1407 1214 1452 milite
1249 1408 1410 1454 hostis.
1442 1408 1498 1452 Et
1519 1407 1727 1452 similiter
1758 1407 1995 1452 character
2020 1405 2124 1450 fide-

162 1475 277 1519 lium
302 1485 386 1529 est,-
410 1485 502 1534 q'uo
529 1475 866 1534 distinguuntur
890 1474 1047 1519 fideles
1077 1475 1252 1519 Christi·
1275 1490 1300 1519 a
1325 1475 1470 1520 servis
1496 1475 1680 1530 diaboli,
1705 1474 1781 1520 vel·
1803 1475 1854 1519 iriv
1878 1474 2038 1519 ordine
2064 1473 2121 1517 ad

163 1544 306 1587 vitam
328 1552 575 1595 aeternam,
602 1539 682 1586 vel¹
701 1542 752 1585 in·
774 1542 934 1586 ordine
961 1542 1016 1585 ad
1043 1541 1222 1586 cultum*
1244 1543 1493 1601 praesentis
1520 1542 1784 1588 Ecclesiae:
1817 1553 2013 1602 quorum
2039 1541 2125 1602 pri-

163 1622 293 1654 mum
318 1609 368 1654 fit
392 1621 474 1669 per
500 1610 784 1663 charitatem,
811 1620 856 1654 et
882 1610 1094 1668 gratiam,
1120 1621 1168 1654 ut
1195 1611 1395 1669 objectio
1422 1610 1649 1670 procedit:
1683 1610 1936 1655 secundum
1969 1619 2120 1654 autern

163 1677 218 1722 fit
237 1688 319 1737 per
339 1677 650 1722 characterem
678 1677 1079 1722 sacramenta-lem:
1108 1678 1227 1723 unde
1247 1688 1292 1722 et
1318 1678 1553 1722 character
1577 1678 1746 1722 bestiae
1764 1676 1956 1736 intelligi
1974 1685 2125 1736 potest

164 1756 245 1805 per
270 1746 551 1804 oppositum,
561 1744 635 1788 vel
661 1745 891 1789 obstinata.
911 1745 1099 1800 rna-litia,
1126 1759 1214 1804 qua
1241 1745 1381 1804 aliqui
1398 1745 1671 1804 deputantur
1697 1745 1751 1789 ad
1769 1752 1969 1803 poenam
1987 1754 2126 1788 aeter-

163 1823 288 1867 nam,
319 1811 394 1856 vel
418 1810 640 1872 professio
664 1810 811 1856 illiciti
837 1811 997 1856 cultus.

862 1959 1297 2017 ARTICULUS
1338 1961 1435 2016 1v.
2044 1986 2125 2034 347

164 2077 359 2119 UOERUM
398 2073 726 2119 CHARMCTER
766 2080 850 2119 SIT
883 2081 940 2120 IN
966 2080 1264 2121 POTENTIIS‘
1301 2081 1509 2121 ANIMAE
1543 2081 1705 2121 SICUT
1739 2083 1795 2121 IN
1829 2079 2123 2135 SUBJECTO.

174 2160 175 2163 Ἴ
589 2174 653 2234 (4.
679 2177 790 2221 Dist.
817 2190 859 2233 4.
887 2192 926 2235 q.
953 2193 987 2222 Ι.
1015 2183 1095 2222 art.
1123 2193 1161 2223 Ι.
1188 2186 1300 2237 corp.
1328 2185 1364 2223 et
1389 2185 1470 2224 art.
1493 2194 1529 2238 3.
1558 2194 1596 2237 q.
1620 2178 1696 2238 3.).

252 2278 330 2324 An
356 2291 593 2330 QUARTUM
624 2280 688 2324 sic
711 2280 982 2339 proceditur.
1000 2280 1205 2335 Videtur,
1231 2282 1353 2341 quod
1380 2283 1615 2327 character
1639 2297 1734 2326 non
1761 2282 1817 2326 sit
1841 2282 1887 2326 in
1913 2282 2128 2342 potentiis

156 2344 344 2407 ,animae
370 2346 486 2390 sicut
509 2346 556 2389 in
583 2347 812 2405 subjecto:
841 2347 1077 2393 character
1102 2350 1225 2392 enim
1252 2349 1414 2394 dicitur
1440 2364 1539 2395 esse
1567 2349 1804 2408 dispositio
1829 2349 1884 2393 ad
1907 2350 2126 2408 gratiam:

163 2411 243 2458 sed
268 2413 413 2472 gratia
434 2422 503 2458 est
527 2414 573 2457 in
596 2414 790 2459 essentia
829 2416 1009 2459 animae
1042 2415 1158 2459 sicut
1190 2407 1236 2460 in
1269 2417 1488 2474 subjecto,
1521 2427 1570 2461 ut
1594 2417 1640 2461 in
1669 2429 1708 2461 2.
1736 2417 1908 2461 dictum
1937 2426 2005 2461 est
2029 2418 2128 2475 (1·2.

164 2493 206 2539 q.
226 2493 314 2525 no.
346 2485 428 2524 art.
453 2482 536 2537 4.);
563 2487 674 2539 ergo
699 2480 894 2536 videtur,-
917 2482 1039 2541 quod
1066 2483 1303 2528 character
1327 2484 1384 2528 sit
1414 2484 1460 2528 in
1487 2485 1681 2529 essentia
1708 2486 1903 2538 animae,
1928 2498 2024 2528 non
2052 2498 2130 2528 au-

164 2552 259 2590 tem
285 2547 332 2590 in
357 2547 584 2605 potentiis.

259 2624 301 2656 2.
331 2611 628 2659 PRAETEREA.
650 2612 862 2660 Potentia
889 2617 1068 2661 animae
1094 2631 1189 2661 non
1214 2617 1392 2663 videtur
1418 2633 1516 2664 esse
1538 2620 1794 2678 subjectum
1821 2619 2025 2678 alicujus,
2042 2619 2130 2662 nisi

165 2676 360 2732 habitus,
383 2679 460 2724 vel
484 2681 816 2740 dispositionis:
843 2684 921 2728 sed
950 2684 1198 2739 character,
1231 2697 1280 2730 ut
1311 2686 1484 2731 dictum
1517 2697 1586 2731 est
1609 2686 1711 2744 (a'rt.
1744 2702 1785 2733 2.
1818 2689 1904 2746 huj.
1933 2687 2008 2746 q.),
2035 2700 2128 2731 non

163 2744 455 2800 esthamma,
480 2746 559 2791 veF
578 2748 831 2808 dispositio,
856 2750 935 2795 sed
962 2754 1108 2810 magis
1135 2754 1353 2811 potentia,
1384 2754 1512 2813 cujus
1545 2755 1798 2813 subjectum
1830 2768 1924 2799 non
1952 2764 2020 2799 est
2044 2753 2130 2798 nisi

168 2811 363 2857 essentia
389 2813 599 2869 animae-3
623 2829 739 2875 ergo
759 2817 951 2872 videtur,
985 2818 1112 2877 quod'
1141 2820 1376 2865 character
1400 2835 1495 2866 non
1521 2821 1591 2877 sit,
1617 2822 1734 2866 sicut
1759 2822 1805 2866 in
1831 2822 2051 2880 subjecto,
2082 2820 2129 2863 in

167 2878 375 2938 potentia·
393 2878 588 2935 animae,
612 2882 692 2927 sed
717 2884 864 2943 magis
891 2885 937 2928 in
963 2888 1158 2930 essentia
1181 2886 1332 2945 ipsius.

261 2959 298 3003 3.
325 2944 620 2992 PRAETEREA.
648 2948 882 2995 Potentiae
916 2953 1095 2997 animae
1122 2954 1355 2999 rationalis
1382 2955 1718 3015 distinguuntur
1753 2969 1834 3014 per
1859 2951 2126 3014 cognitivas,

168 3020 215 3056 et
238 3011 525 3070 appetitivam
553 3014 632 3058 sed
658 3029 750 3059 non
773 3026 922 3075 potest
946 3019 1052 3074 dici,
1077 3021 1198 3079 quod
1226 3022 1461 3067 character
1486 3023 1543 3067 sit
1569 3030 1749 3067 tantum
1763 3024 1807 3065 in
1831 3022 2032 3080 potentia
2059 3035 2133 3065 co-

168 3079 353 3137 gnitiva,
378 3091 525 3137 neque
551 3080 691 3125 etiam
714 3085 952 3128 tantum-in
972 3090 1174 3144 potentia
1202 3089 1444 3147 appetitiva
1459 3105 1474 3144 ;v
1492 3091 1597 3148 quia
1614 3103 1707 3133 non
1726 3089 1959 3138 ordinatur
1980 3100 2130 3147 neque

169 3145 227 3188 ad
252 3145 624 3203 cognoscendum
649 3157 841 3202 tantum,
865 3164 1014 3210 neque
1043 3153 1098 3196 ad
1125 3156 1452 3213 appetendum:
1476 3155 1682 3200 similiter
1704 3156 1841 3199 etiam
1863 3168 1956 3199 non
1979 3164 2131 3214 potest

170 3211 274 3265 dici,
297 3213 419 3271 quod
442 3212 497 3256 sit
518 3213 563 3256 in
590 3224 802 3273 utraque3
820 3217 925 3275 quia
947 3219 1068 3263 idem
1093 3222 1302 3266 accidens
1319 3236 1414 3266 non
1431 3233 1581 3282 potest
1606 3235 1704 3266 esse
1723 3223 1767 3265 in
1785 3222 1972 3266 diversis
1988 3222 2133 3279 subje-

171 3278 280 3332 ctis;
307 3292 417 3337 ergo
434 3279 624 3334 videtu-r,
642 3282 765 3339 quod
792 3282 1026 3329 character
1041 3300 1135 3331 non
1151 3289 1206 3332 sit
1223 3289 1269 3331 in
1288 3289 1490 3348 potentia
1513 3289 1692 3333 animae
1714 3289 1831 3332 sicut
1846 3289 1892 3332 in
1910 3289 2130 3347 subjecto,

170 3345 250 3390 sod
276 3346 423 3404 magis
450 3346 494 3389 in
521 3348 728 3391 essentia.

262 3411 356 3456 San
374 3425 568 3457 CONTRA
587 3423 667 3466 est,
684 3415 820 3473 quod,
838 3418 953 3461 sicut
969 3418 1018 3462 in*
1031 3421 1279 3478 praemissa
1296 3422 1558 3466 definitione
1576 3420 1851 3465 characteris
1872 3421 2130 3466 continetur

171 3478 277 3538 (art.
292 3480 470 3538 praua),
493 3479 727 3542 character
746 3482 1021 3541 imprimitur
1042 3486 1221 3531 animae
1246 3488 1454 3532 rationali
1478 3488 1730 3531 secundum
1753 3488 2029 3546 imaginem:
2052 3490 2132 3533 sed

170 3544 590 3624 imago-‘Trinitatis
615 3547 661 3591 in
678 3549 841 3625 ‘anima
866 3552 1108 3597 attenditur
1133 3555 1384 3599 secundum
1412 3554 1637 3612 potentias
1650 3569 1666 3608 ;-
1690 3566 1800 3612 ergo
1827 3554 2064 3600 character
2087 3556 2134 3600 in

172 3622 387 3673 potentiis
414 3625 597 3658 ammae·
620 3623 780 3659 existit.
