2352 3926
261 249 372 302 206
809 263 1088 308 QUAESTIO
1130 264 1261 304 XXII.
1303 265 1612 305 ARTICULUS
1651 267 1707 306 11.

352 380 388 424 3.
417 365 714 409 PRAETEREA.
736 365 903 409 Omnis
921 365 1086 421 hostia,
1105 381 1158 410 ex
1174 366 1264 411 hoc
1284 368 1407 427 quod
1432 369 1536 414 Deo
1555 368 1757 425 offertur,
1773 371 1877 416 Deo
1895 371 2226 417 sanctificatur:

259 432 339 476 sed
365 434 461 491 ipsa
489 431 661 476 Christi
700 432 963 476 humanitas
995 447 1021 476 a
1044 433 1268 494 principio
1304 434 1391 479 fuit
1423 436 1718 491 sanctificata,
1751 447 1797 482 et
1819 438 1923 483 Deo
1957 440 2225 505 conjuncta3

258 513 368 557 ergo
402 513 495 542 non
529 499 853 543 convenienter
883 508 1034 558 potest
1063 500 1166 554 dici,
1200 501 1323 560 quod
1356 501 1580 558 Christus,
1619 504 1872 548 secundum
1905 505 2028 565 quod
2064 506 2231 560 honio,

259 564 393 609 fuerit
417 566 581 608 hostia.

349 632 443 676 SED
471 645 667 676 CONTRA
695 642 775 686 est,
803 632 926 691 quod
952 633 1113 692 Apost.
1132 634 1241 678 dicit
1267 635 1322 678 ad
1348 634 1462 695 Eph.
1495 649 1556 694 5.:
1585 635 1777 681 Christus
1801 636 1947 683 dilexit
1965 653 2052 692 nos,
2079 644 2119 684 et
2142 644 2226 684 tra-

257 699 363 744 didit
386 701 642 758 semetipsum
659 707 741 759 pro
768 701 886 744 nobis
912 700 1174 755 oblationem,
1203 707 1242 747 et
1262 701 1436 746 hostiam
1464 704 1553 747 Deo
1581 705 1626 747 in
1657 703 1824 748 odorem
1847 705 2084 759 suavitatis.

347 766 636 810 RESPONDEO
665 765 925 821 dicendum,
952 768 1088 826 quod,
1116 769 1232 812 sicut
1257 769 1541 828 Augustinus
1574 770 1683 814 dicit
1713 771 1759 814 in
1791 784 1856 815 10.
1885 771 1940 815 de
1973 770 2109 816 civit.
2135 770 2224 817 Dei

259 840 368 891 (cap.
390 834 466 891 5.),
497 850 520 874 «
539 846 677 876 omne
713 833 990 877 sacrificium
1025 834 1200 878 visibile
1233 835 1467 880 invisibilis
1493 837 1702 880 sacrificii
1728 847 2082 893 sacramentum,
2107 838 2227 889 idest

256 913 438 943 sacrum
465 899 647 958 signum
665 910 769 943 est»
787 915 798 954 ;
821 899 1044 944 invisibile
1063 912 1214 945 autern
1233 902 1506 947 sacrificium
1525 914 1605 958 est,
1625 917 1715 963 quo
1729 904 1876 949 homo
1894 904 1998 949 Deo
2016 905 2225 964 spiritum

257 980 391 1010 suum
425 964 571 1021 offert,
602 966 854 1010 secundum
885 966 997 1010 illud
1024 967 1097 1013 Ps.
1125 981 1214 1026 5o.:
1242 969 1506 1028 Sacrificium
1530 972 1622 1015 Deo
1639 972 1807 1030 spiritus
1828 972 2154 1018 contribulatus.-
2181 983 2226 1018 et

256 1033 361 1076 ideo
389 1046 527 1076 omne
553 1031 665 1076 illud
698 1033 822 1092 quod
853 1034 957 1077 Deo
990 1034 1240 1090 exhibetur,
1267 1036 1323 1079 ad
1349 1036 1440 1080 hoc
1474 1038 1597 1096 quod
1629 1038 1809 1097 spiritus
1830 1038 2033 1083 hominis
2057 1038 2226 1094 feratur

255 1100 303 1144 in
328 1100 497 1154 Deum,
523 1109 675 1158 potest
699 1100 789 1144 dici
814 1100 1112 1156 sacrificium3
1144 1102 1319 1161 indiget
1333 1103 1471 1161 igitur
1491 1104 1636 1148 homo
1663 1104 1887 1149 sacrificio
1903 1115 2088 1165 propter
2113 1104 2223 1152 tria:

257 1182 340 1211 uno
367 1166 553 1226 quidem
578 1166 700 1211 modo
727 1167 785 1211 ad
808 1168 1128 1212 remissionem
1154 1169 1344 1228 peccati,
1360 1185 1441 1228 per
1462 1171 1584 1229 quod
1609 1186 1634 1214 a
1659 1172 1762 1216 Deo
1790 1171 2027 1227 avertitur3
2050 1182 2095 1217 et
2114 1172 2220 1218 ideo

255 1234 419 1293 Apost.
453 1234 561 1278 dicit
585 1234 632 1277 in
659 1234 797 1279 Hebr.
827 1247 880 1291 5.‚
909 1236 1031 1294 quod
1063 1235 1119 1278 ad
1151 1236 1438 1280 sacerdotem
1469 1239 1675 1296 pertinet,
1702 1245 1748 1283 ut
1779 1238 1925 1297 offerat
1948 1239 2076 1294 dona,
2104 1246 2146 1286 et
2160 1253 2225 1285 sa-

255 1301 416 1360 crificia
442 1309 525 1360 pro
546 1303 754 1360 peccatis;
780 1301 970 1355 seeundo,
999 1311 1048 1345 ut
1080 1302 1226 1346 homo
1262 1303 1309 1346 in
1347 1313 1465 1346 statu
1503 1304 1674 1362 gratiae
1707 1315 2015 1360 conservetur,
2039 1319 2222 1366 semper

253 1367 357 1412 Deo
389 1368 655 1422 inhaerens;
687 1369 735 1411 in
767 1382 859 1427 quo
893 1370 988 1427 ejus
1020 1383 1121 1427 pax,
1155 1379 1199 1413 et
1230 1369 1350 1413 salus
1386 1370 1614 1425 consistit3
1649 1372 1767 1415 unde
1801 1381 1845 1416 et
1876 1372 1924 1416 in
1948 1372 2091 1417 veteri
2116 1372 2220 1433 lege

254 1434 581 1479 immolabatur
611 1436 763 1480 hostia
804 1435 996 1495 pacifica
1029 1449 1111 1495 pro
1145 1435 1434 1480 offerentium
1477 1437 1641 1496 salute,
1669 1448 1719 1482 ut
1749 1438 1942 1484 habetur
1973 1436 2119 1494 Levit.
2153 1453 2216 1499 3.:

255 1504 377 1547 tertio
405 1502 460 1546 ad
486 1503 578 1546 hoc
606 1503 712 1562 quid
741 1503 919 1561 spiritus
947 1502 1149 1546 hominis
1182 1502 1378 1560 perfecte
1405 1504 1507 1547 Deo
1534 1504 1736 1559 uniatur3
1765 1505 1887 1564 quod
1913 1506 2113 1551 maxime
2140 1506 2224 1552 erit

254 1571 300 1614 in
327 1569 497 1628 gloria;
525 1570 644 1614 unde
663 1581 706 1614 et
721 1570 767 1613 in
789 1570 931 1614 veteri
957 1569 1058 1627 lege
1087 1568 1360 1613 offerebatur
1385 1569 1724 1626 holocaustum,
1747 1572 1877 1631 quasi
1899 1581 2050 1617 totum
2074 1573 2225 1619 incen-

254 1651 371 1690 sum,
398 1647 447 1681 ut
474 1637 636 1681 dicitur
662 1637 805 1680 Levit.
839 1651 898 1680 1.:
926 1637 1041 1680 haec
1070 1646 1220 1679 autem
1247 1651 1327 1695 per
1351 1637 1684 1681 humanitatem
1710 1638 1882 1683 Christi
1907 1640 2039 1689 nobis
2065 1642 2224 1700 prove-

254 1713 442 1758 nerunt3
476 1719 583 1747 nam
619 1706 763 1763 primo
808 1703 993 1762 quidem
1034 1713 1191 1746 nostra
1232 1714 1421 1762 peccata
1462 1703 1610 1748 deleta
1657 1714 1775 1759 sunt,
1818 1707 2081 1751 secundum
2109 1703 2221 1752 illud

254 1771 389 1814 Rom.
422 1783 488 1826 4:
530 1771 726 1815 Traditus
757 1777 813 1815 est
839 1778 1013 1829 propter
1043 1770 1190 1814 delicta
1221 1777 1391 1823 nostra;
1419 1771 1590 1816 seeundo
1624 1772 1817 1830 gratiam
1848 1785 1936 1817 nos
1961 1771 2215 1819 salvantem

254 1852 334 1896 per
358 1838 509 1897 ipsum
536 1840 810 1897 accepimus,
853 1837 1106 1881 secundum
1132 1836 1243 1881 illud
1270 1838 1406 1881 Hebr.
1446 1852 1507 1896 5.:
1534 1839 1688 1883 Faetus
1720 1845 1774 1883 est
1804 1841 1996 1885 omnibus
2020 1841 2220 1902 obtempe-

252 1907 443 1950 rantibus
456 1907 537 1949 sibi
558 1919 682 1950 causa
701 1905 846 1950 salutis
866 1912 1082 1949 aeternae:
1107 1905 1227 1950 tertio
1254 1919 1333 1963 per
1350 1906 1499 1963 ipsum
1525 1905 1851 1964 perfectionem
1869 1905 2044 1965 gloriae
2070 1906 2221 1967 adepti

254 1987 435 2027 sumus;
461 1972 597 2016 Hebr.
632 1986 695 2018 10.
712 1989 721 2017 :
740 1973 955 2016 Habemus
977 1972 1175 2027 fiduciam
1191 1980 1273 2050 per.
1290 1974 1532 2030 sanguinem
1558 1976 1644 2031 ejus
1665 1975 1710 2016 in
1736 1975 1953 2019 introitum
1965 1981 2217 2029 sanc-torum,

253 2040 462 2085 scilicet'
451 2056 498 2083 in
524 2040 721 2099 gloriam
749 2039 1022 2094 coelestem3
1051 2049 1095 2083 et
1125 2039 1229 2083 ideo
1263 2041 1358 2097 ipse
1386 2039 1610 2094 Christus,
1636 2040 1907 2099 inquantum
1938 2041 2100 2095 homo,
2124 2054 2219 2086 non
2267 2042 2272 2047 '

252 2106 404 2151 solum
421 2107 505 2151 fuit
530 2107 757 2161 sacerdos,
784 2107 863 2151 sed
890 2107 1028 2150 etiam
1047 2106 1200 2149 hostia
1222 2105 1436 2164 perfecta,
1463 2106 1600 2150 simul
1623 2107 1817 2152 existens
1842 2107 1994 2152 hostia
2009 2122 2092 2168 pro
2117 2122 2220 2169 pec—

255 2185 372 2228 cato,
402 2184 445 2218 et
468 2174 620 2218 hostia
645 2173 849 2232 pacifica,
877 2183 920 2216 et
945 2172 1284 2216 holocaustum.

343 2242 419 2285 AD
451 2254 640 2286 PRIMUM
668 2255 777 2299 ergo
805 2239 1064 2294 dicendum,
1091 2240 1212 2298 quod
1243 2240 1451 2284 Christus
1485 2254 1579 2284 non
1606 2255 1653 2284 se
1681 2240 1863 2296 occidit,
1900 2242 1980 2286 sed
2014 2241 2218 2302 seipsum

253 2308 508 2352 voluntarie
536 2308 675 2351 morti
692 2307 912 2365 exposuit,
930 2307 1181 2350 secundum
1201 2305 1310 2350 illud
1330 2306 1415 2350 Isa.
1440 2320 1528 2365 53.:
1555 2308 1727 2352 Oblatas
1745 2314 1813 2362 est,
1833 2309 1934 2368 quia
1953 2310 2039 2369 ipse
2053 2308 2215 2362 voluit,-

253 2386 299 2420 et
318 2376 424 2420 ideo
451 2374 615 2418 dicitur
639 2374 839 2433 seipsum
867 2373 1097 2417 obtulisse.

342 2443 418 2486 AD
446 2455 707 2486 SECUNDUM
742 2440 1000 2493 dicendum,
1019 2441 1140 2498 quod
1166 2441 1368 2485 hominis
1390 2441 1560 2485 Christi
1578 2442 1750 2486 occisio
1772 2452 1923 2501 potest
1938 2443 1994 2487 ad
2011 2442 2216 2504 duplicem

252 2509 537 2553 voluntatem
573 2508 852 2567 comparari:
890 2523 972 2551 uno
1009 2508 1128 2551 modo
1168 2508 1222 2550 ad
1255 2507 1538 2551 voluntatem
1574 2509 1910 2553 occidentium:
1945 2519 1990 2554 et
2025 2509 2090 2554 sic
2120 2523 2217 2555 non

252 2577 391 2620 habet
425 2576 652 2619 rationem
678 2575 878 2628 hostiae3
906 2589 999 2618 non
1027 2574 1150 2617 enirn
1177 2575 1385 2618 dicuntur
1422 2575 1650 2619 occisores
1679 2575 1850 2620 Christi
1881 2577 2081 2621 hostiam
2112 2576 2215 2622 Deo

252 2642 483 2697 obtulisse,
517 2642 595 2686 sed
637 2642 832 2701 graviter
868 2641 1133 2699 deliquisse:
1169 2652 1213 2684 et
1243 2642 1377 2699 hujus
1408 2643 1585 2700 peccati
1617 2643 1961 2688 similitudinem
1999 2643 2217 2703 gerebant

252 2710 394 2770 impia
428 2708 679 2754 Gentilium
722 2707 958 2760 sacrificia,
991 2708 1152 2766 quibus
1184 2708 1397 2753 homines
1429 2708 1563 2753 idolis
1595 2709 1929 2755 immolabant:
1965 2709 2052 2756 ‚alio
2092 2710 2213 2756 modo

252 2786 403 2837 potest
419 2775 697 2820 considerari
715 2775 886 2819 occisio
907 2774 1078 2818 Christi
1095 2789 1173 2834 per
1191 2777 1587 2834 comparationem
1605 2776 1662 2820 ad
1680 2776 1965 2823 voluntatem
1985 2777 2212 2837 patientis,

253 2843 331 2903 qui
354 2842 609 2887 voluntarie
636 2857 686 2886 se
713 2841 875 2886 obtulit
900 2842 1129 2900 passioni3
1158 2852 1201 2885 et
1228 2856 1280 2885 ex
1307 2843 1393 2886 hac
1427 2853 1551 2902 parte
1583 2843 1719 2887 habet
1751 2843 1977 2888 rationem
2007 2843 2209 2889 hostiae:

251 2912 299 2955 in
325 2925 416 2970 quo
442 2925 536 2954 non
564 2909 779 2953 convenit
804 2923 909 2952 cum
936 2907 1166 2952 sacrificiis
1196 2908 1462 2953 Gentilium.

342 2978 418 3022 AD
446 2990 662 3021 TERTIUM
689 2975 947 3030 dicendum,
981 2975 1102 3034 quod
1135 2979 1348 3019 sanctitas
1384 2977 1679 3021 humanitatis
1718 2976 1892 3022 Christi
1927 2992 1953 3022 a
1988 2977 2212 3040 principio

251 3060 345 3090 non
372 3044 575 3103 impedit,
602 3045 709 3102 quin
737 3042 931 3100 ipsamet
956 3041 1158 3085 humana
1184 3053 1358 3096 natura,
1386 3058 1492 3087 cum
1515 3044 1560 3087 in
1587 3043 1800 3102 passione
1828 3042 1981 3089 oblata
2002 3053 2073 3091 est
2091 3042 2212 3100 Deo,

249 3110 531 3156 sanctificata
556 3123 680 3154 novo
708 3109 849 3152 modo
875 3107 1022 3161 fuerit,
1049 3107 1223 3152 scilicet
1250 3119 1297 3152 ut
1322 3109 1471 3153 hostia
1501 3109 1735 3154 actualiter
1756 3120 1865 3155 tunc
1889 3110 2108 3156 exhibita:
2136 3111 2207 3164 ae·

250 3179 431 3238 quisivit
457 3179 580 3223 enirn
606 3175 833 3222 actualem
860 3175 1037 3219 hostiae
1061 3175 1470 3221 sanctificationem
1487 3187 1594 3221 tunc
1622 3191 1676 3222 ex
1703 3177 1888 3238 antiqua
1911 3172 2210 3234 charitates&

251 3246 395 3305 gratia
420 3244 603 3290 unionis
627 3242 938 3288 sanctificante
967 3242 1177 3286 eamdem
1206 3243 1425 3288 absolute.
1971 3269 1973 3272 -

968 3368 1401 3425 ARTICULUS
1438 3371 1538 3424 III.
1972 3328 1974 3331 '
2126 3397 2207 3445 ¹32

251 3486 442 3524 UTRUM
473 3484 751 3523 EFFECTUS
785 3481 1117 3522 SACERDOTII
1151 3482 1368 3520 CHRISTI
1404 3484 1488 3521 SIT
1521 3484 1784 3523 EXPIATIO
1813 3483 2206 3549 PEccssronnrt.

339 3581 414 3625 AD
442 3594 657 3626 TERTmM
685 3580 748 3625 sic
781 3578 1051 3639 proceditur.
1078 3577 1282 3631 Videtur,
1310 3578 1431 3637 quod
1450 3577 1636 3624 effectus
1654 3578 1897 3624 sacerdotii
1918 3565 2091 3624 Christi
2111 3570 2207 3624 noti

249 3649 306 3692 sit
326 3648 522 3707 expiatio
550 3657 869 3707 peccatorum:
897 3645 1036 3691 solius
1066 3645 1187 3689 enim
1215 3644 1303 3688 Dei
1329 3655 1396 3689 est
1421 3656 1609 3704 peccata
1635 3645 1800 3701 delere,
1817 3645 2070 3690 secundum
2094 3642 2206 3690 illud
