2352 3926
617 237 898 285 QUAESTIO
938 237 1126 278 Lxxxl.
1163 237 1474 278 ARTICULUS
1515 238 1550 277 1.
1957 240 2063 295 739

193 342 288 388 sm
314 355 510 388 CONTRA
536 352 619 397 est,
652 341 773 402 quod
800 341 1111 402 Hieronymus
1138 341 1247 387 dicit
1273 341 1329 387 ad
1356 342 1599 387 Hedibiam
1631 343 1770 403 (epist.
1797 357 1883 403 150.
1911 357 1949 402 q.
1979 358 2018 388 2.
2042 357 2069 387 a

100 410 246 470 med.):
275 426 300 452 α
321 411 550 455 Dominus
569 410 699 468 Jesus
728 409 935 455 Christus
960 410 1056 469 ipse
1084 409 1294 464 conviva,
1315 419 1360 454 et
1383 410 1661 465 convivium,
1677 410 1775 471 ipse
1798 410 2070 465 comedens,

103 487 149 523 et
170 477 249 537 qui
276 478 534 522 comeditur
555 494 597 521 ».

189 546 478 591 Responnno
514 545 774 600 dicendum,
806 546 927 606 quod
965 546 1149 605 quidam
1185 545 1406 600 dixerunt,
1439 546 1562 605 quod
1599 546 1809 592 Christus
1841 546 1888 592 in
1923 560 2070 592 coena

34 599 41 605 ”
101 627 281 672 corpus,
308 622 352 658 et
377 613 648 672 sanguinem
679 627 812 657 suum
840 611 1069 671 discipulis
1096 612 1187 656 suis
1213 612 1409 667 tradidit,
1436 627 1530 657 non
1557 623 1713 658 tamen
1739 613 1837 672 ipse
1861 613 2070 673 sumpsit.

102 681 192 726 Sed
220 681 311 726 hoc
332 695 427 726 non
452 681 629 724 videtur
655 680 978 737 convenienter
1003 679 1107 733 dici,
1131 681 1235 739 quia
1259 679 1468 724 Christus
1497 694 1550 725 ea
1567 694 1684 739 quae
1713 681 1766 725 ab
1792 680 1891 726 aliis
1915 681 2071 726 obser-

99 748 249 792 vanda
274 748 477 801 instituit,
504 750 599 807 ipse
622 747 829 807 primitus
857 747 1144 800 observavit;
1170 746 1290 791 unde
1315 757 1359 791 et
1389 747 1486 805 ipse
1513 747 1636 807 prius
1662 747 1880 807 baptizari
1906 747 2070 802 voluit,

101 829 239 876 quam
265 815 365 859 aliis
390 815 667 874 baptismum
690 813 962 873 imponeret,
985 812 1239 857 secundum
1264 812 1375 858 illud
1398 813 1502 858 Act.
1527 828 1589 859 1.:
1611 814 1757 874 Coepit
1772 815 1889 872 Jesus
1903 815 2067 876 facere,

100 889 138 928 et
156 882 300 928 docere
309 897 325 935 ;
354 882 475 927 unde
501 892 546 926 et
570 882 719 940 primo
744 881 842 940 ipse
869 894 1035 940 corpus
1061 893 1211 934 suum,
1234 890 1278 924 et
1299 880 1571 939 sanguinem
1604 882 1813 941 sumpsit,
1839 892 1885 926 et
1910 892 2072 942 postea

100 949 331 1009 discipulis
352 949 627 994 sumendum
666 947 876 992 tradidit:
905 956 951 991 et
974 947 1065 991 hoc
1093 956 1161 991 est
1186 947 1309 1006 quod
1335 947 1459 991 Ruth
1488 961 1526 1005 3.
1555 962 1689 1007 super
1714 948 1851 995 illud:
1881 950 2071 1009 Cumque

102 1017 346 1070 con-edisset,
369 1023 408 1062 et
439 1017 611 1069 bibisset,
646 1025 746 1069 etc.,
779 1014 887 1059 dicit
921 1013 1073 1059 Gloss.
1106 1013 1286 1072 (ordin.)
1321 1014 1444 1074 quod
1481 1014 1739 1060 «Christus
1773 1016 1990 1071 comedit,
2024 1026 2071 1061 et

100 1083 213 1129 bibit
228 1084 275 1128 in
293 1097 452 1138 coena,
475 1097 582 1127 cum
614 1082 833 1142 corporis,
851 1091 895 1126 et
910 1082 1144 1141 sanguinis
1161 1080 1231 1125 sui
1247 1092 1587 1126 sacramentum
1614 1077 1846 1142 discipulis
1863 1082 2071 1138 tradidit3

101 1151 222 1196 unde
253 1151 359 1211 quia
398 1150 527 1210 pueri
567 1149 1025 1194 communicaverunt
1057 1149 1195 1203 carni,
1232 1158 1276 1194 et
1310 1149 1536 1207 sanguini,
1574 1159 1618 1194 et
1649 1150 1746 1209 ipse
1782 1151 2070 1210 participavit

103 1219 276 1264 eisdem
301 1235 343 1262 >›.

191 1286 268 1331 AD
292 1298 481 1331 PRIMUM
503 1298 613 1344 ergo
637 1284 896 1338 dicendum,
919 1285 1042 1344 quod
1063 1284 1110 1327 in
1131 1283 1392 1343 Evangeliis
1413 1283 1591 1344 legitur,
1614 1284 1737 1344 quod
1761 1284 1972 1330 Christus
1994 1299 2068 1330 ac-

103 1354 224 1414 cepit
246 1367 430 1412 panem,
453 1362 498 1397 et
519 1352 736 1405 calicem3
758 1366 853 1396 non
874 1362 942 1396 est
963 1361 1117 1396 autem
1138 1351 1503 1411 intelligendum,
1529 1353 1652 1412 quod
1671 1354 1898 1413 acceperit
1921 1353 2074 1398 solum

102 1421 149 1465 in
174 1421 398 1475 manibus,
424 1430 474 1464 ut
499 1419 684 1479 quidam
711 1419 887 1473 dicunt;
913 1418 994 1464 sed
1021 1433 1076 1463 eo
1104 1419 1246 1463 modo
1273 1420 1463 1479 accepit,
1501 1434 1592 1479 quo
1630 1419 1729 1464 aliis
1755 1420 2074 1480 accipiendum

102 1488 307 1543 tradidit3
333 1488 454 1531 unde
481 1501 586 1531 cum
604 1486 836 1544 discipulis
855 1486 1039 1531 dixerit:
1066 1487 1271 1546 Accipite,
1295 1492 1332 1531 et
1349 1486 1560 1541 comedite,
1589 1497 1633 1533 et
1647 1487 1837 1533 iterum:
1865 1489 2074 1548 Accipite,

102 1561 141 1601 et
165 1557 306 1610 bibite,
333 1554 681 1613 intelligendum
709 1563 789 1607 est,
816 1554 940 1612 quod
971 1553 1068 1613 ipse
1096 1553 1324 1614 accipiens
1357 1554 1622 1610 comederit,
1661 1564 1706 1599 et
1740 1555 1927 1610 biberit;
1954 1555 2074 1600 unde

105 1633 150 1668 et
174 1623 361 1683 quidam
387 1622 575 1667 metrice
602 1622 833 1665 dixerunt:
1816 1628 1818 1632 ’

519 1713 608 1757 Rex
630 1711 734 1756 sedet
759 1713 804 1755 in
831 1725 957 1756 coena
983 1711 1109 1756 turba
1136 1712 1293 1757 cinctus
1318 1710 1536 1756 duodena:

525 1779 574 1824 Se
600 1785 705 1824 tenet
728 1779 774 1823 in
798 1779 1006 1832 manibus,
1033 1793 1073 1824 se
1099 1779 1212 1823 cibat
1235 1780 1318 1838 ipse
1344 1779 1471 1824 cibus.

194 1893 270 1938 An
297 1905 559 1938 SECUNDUM
591 1891 849 1944 dicendum,
876 1890 1014 1950 quod,
1040 1891 1158 1935 sicut
1189 1905 1325 1950 supra
1361 1891 1535 1935 dictum
1572 1900 1640 1936 est
1675 1891 1736 1951 (q.
1773 1891 1844 1951 76.
1875 1897 1957 1936 art.
1991 1887 2073 1952 5.),

107 1961 332 2014 Christus,
357 1959 610 2004 secundum
645 1958 768 2018 quod
807 1968 875 2003 est
909 1959 989 2002 sub
1026 1958 1117 2002 hoc
1149 1970 1454 2014 sacramento,
1488 1969 1778 2018 comparatur
1815 1959 1872 2003 ad
1903 1958 2074 2013 locum,

104 2042 200 2073 non
223 2026 477 2072 secundum
502 2026 708 2086 proprias
734 2025 1058 2079 dimensiones,
1085 2026 1163 2069 sed
1190 2026 1442 2070 secundum
1469 2026 1780 2070 dimensiones
1815 2026 2073 2086 specierum

105 2093 530 2148 sacramentalium;
557 2093 621 2137 ita
646 2093 769 2152 quod
795 2093 842 2136 in
869 2107 1162 2152 quocumque
1183 2091 1306 2147 loco,
1329 2093 1406 2137 ubi
1427 2103 1530 2138 sunt
1550 2093 1656 2138 illae
1677 2093 1868 2153 species,
1891 2103 1960 2139 est
1980 2094 2075 2153 ipse

107 2163 340 2208 Christus:
366 2170 410 2205 et
435 2161 540 2220 quia
567 2161 741 2219 species
767 2159 874 2204 illae
895 2169 1142 2220 potuerunt
1168 2174 1266 2204 esse
1298 2161 1346 2204 in
1379 2161 1590 2205 manibus
1622 2170 1669 2205 et
1700 2161 1747 2204 in
1780 2174 1859 2206 ore
1886 2160 2075 2214 Christi,

104 2231 201 2291 ipse
224 2240 348 2275 totus
374 2229 584 2275 Christus
608 2228 757 2288 potuit
788 2241 886 2272 esse
920 2229 964 2272 in
1002 2227 1094 2272 suis
1128 2227 1353 2282 manibus,
1387 2238 1432 2272 et
1462 2228 1510 2272 in
1543 2242 1626 2273 suo
1661 2242 1763 2274 ore:
1789 2242 1884 2273 non
1917 2238 2073 2273 autem

104 2298 197 2344 hoc
221 2297 443 2357 potuisset
467 2309 582 2350 esse,
607 2294 861 2340 secundum
897 2294 1021 2355 quod
1055 2305 1348 2354 comparatur
1380 2295 1437 2339 ad
1469 2295 1627 2340 locum
1662 2310 1744 2355 per
1777 2296 1984 2356 proprias
2016 2295 2077 2339 di-

105 2365 382 2410 mensiones.

194 2433 271 2477 An
294 2444 512 2478 ’rr-:R'rluu
539 2429 799 2484 dicendum,
826 2429 965 2490 quod,
991 2430 1109 2474 sicut
1128 2443 1263 2490 supra
1286 2430 1458 2474 dictum
1481 2440 1549 2475 est
1570 2431 1631 2489 (q.
1655 2444 1724 2491 70.
1749 2436 1831 2475 art.
1858 2445 1894 2476 r.
1921 2429 1975 2475 ad
1995 2430 2074 2489 2.)‚

105 2498 294 2545 effectus
318 2498 455 2559 hujus
479 2498 754 2543 sacramenti
779 2507 848 2542 est
878 2511 974 2542 non
999 2495 1153 2541 solum
1180 2507 1480 2556 augmentum
1505 2497 1748 2542 habitualis
1776 2497 1962 2557 gratiae,
1995 2498 2075 2542 sed

107 2567 246 2613 etiam
280 2566 506 2626 quaedam
547 2564 736 2610 actualis
773 2564 1016 2609 delectatio
1053 2565 1298 2624 spiritualis
1339 2564 1605 2610 dulcedinis.
1650 2565 1877 2618 Quamvis
1920 2574 2074 2609 autem

108 2634 294 2679 Christo
317 2633 460 2693 gratia
475 2646 571 2677 non
586 2632 721 2677 fuerit
743 2641 1036 2691 augmentata
1060 2646 1114 2675 ex
1136 2632 1426 2691 susceptione
1442 2633 1577 2691 hujus
1606 2632 1893 2686 sacramenti,
1915 2631 2076 2676 habuit

106 2711 263 2746 tamen
288 2700 536 2760 quamdam
561 2699 842 2758 spiritualem
869 2698 1223 2743 delectationem
1249 2699 1296 2743 in
1322 2714 1443 2743 nova
1465 2700 1748 2744 institutione
1770 2700 1904 2758 hujus
1930 2712 2077 2743 sacra-

108 2768 275 2822 menti;
301 2767 421 2811 unde
445 2767 543 2826 ipse
568 2766 747 2811 dicebat
772 2766 884 2810 Luc.
919 2778 1010 2810 22.:
1038 2766 1256 2811 Desiderio
1276 2766 1508 2812 desideravi
1533 2768 1607 2812 hoc
1635 2767 1794 2812 Pascha
1819 2765 2076 2811 manducare

105 2837 345 2881 vobiscum:
373 2833 495 2893 quod
521 2833 740 2878 Eusebius
772 2835 957 2892 exponit
990 2834 1045 2877 de
1081 2847 1204 2877 novo
1233 2835 1452 2893 mysterio
1479 2835 1590 2879 novi
1618 2833 1918 2886 Testamenti,
1951 2832 2075 2892 quod

106 2902 314 2948 tradebat
338 2899 569 2960 discipulis
596 2901 712 2956 (hab.
739 2901 784 2944 in
809 2901 903 2945 Cat.
930 2901 991 2945 D.
1025 2900 1209 2958 Thom.).
1236 2901 1292 2945 Et
1317 2901 1422 2946 ideo
1449 2901 1741 2961 spiritualiter
1767 2900 2076 2953 manducavit,

109 2979 155 3015 et
168 2968 375 3014 similiter
390 2966 793 3020 sacramentaliter,
818 2967 1087 3026 inquantum
1106 2981 1271 3027 corpus
1289 2983 1423 3012 suum
1442 2969 1522 3013 sub
1546 2977 1835 3012 sacramento
1869 2967 2076 3027 sumpsit,

110 3036 233 3096 quod
264 3045 602 3081 sacramentum
634 3034 704 3078 sui
735 3034 940 3093 corporis
975 3033 1211 3089 intellexit,
1248 3047 1293 3079 et
1328 3036 1570 3094 disposuit:
1599 3035 1728 3080 aliter
1753 3045 1909 3079 tamen
1935 3048 2075 3094 quam

111 3103 278 3148 caeteri
302 3100 705 3155 sacramentaliter,
732 3111 777 3145 et
802 3100 1092 3160 spiritualiter
1117 3112 1322 3157 sumant;
1350 3103 1456 3162 quia
1483 3111 1783 3161 augmentum
1810 3102 1982 3160 gratiae
2007 3115 2077 3146 su-

109 3171 318 3231 scipiunt,
346 3180 390 3214 et
414 3167 816 3214 sacramentalibus
839 3168 978 3227 signis
995 3168 1199 3228 indigent
1216 3170 1271 3213 ad
1289 3170 1489 3214 veritatis
1512 3170 1852 3229 perceptionem
1876 3169 1951 3226 [al.
1970 3169 2076 3228 quia

111 3238 188 3298 qui
214 3246 512 3297 augmentum
538 3235 710 3296 gratiae
735 3235 997 3295 suscipiunt,
1025 3235 1164 3280 etiam
1196 3235 1600 3281 sacramentalibus
1627 3236 1782 3295 signis,
1809 3236 1934 3294 etc.].
