<?xml version="1.0" encoding="UTF-8"?>
<!DOCTYPE html PUBLIC "-//W3C//DTD XHTML 1.0 Transitional//EN"
    "http://www.w3.org/TR/xhtml1/DTD/xhtml1-transitional.dtd">
<html xmlns="http://www.w3.org/1999/xhtml" xml:lang="en" lang="en">
 <head>
  <title>
</title>
<meta http-equiv="Content-Type" content="text/html;charset=utf-8" />
  <meta name='ocr-system' content='tesseract 3.04.00' />
  <meta name='ocr-capabilities' content='ocr_page ocr_carea ocr_par ocr_line ocrx_word'/>
</head>
<body>
  <div class='ocr_page' id='page_1' title='image "./divithomaeaquina04thom_0225.png"; bbox 0 0 2352 3926; ppageno 0'>
   <div class='ocr_carea' id='block_1_1' title="bbox 624 185 2056 234">
    <p class='ocr_par' dir='ltr' id='par_1_1' title="bbox 624 185 2056 234">
     <span class='ocr_line' id='line_1_1' title="bbox 624 185 2056 234; baseline -0.003 -7"><span class='ocrx_word' id='word_1_1' title='bbox 624 187 900 234; x_wconf 79' lang='lat' dir='ltr'>QUAESTIO</span> <span class='ocrx_word' id='word_1_2' title='bbox 938 188 1087 227; x_wconf 83' lang='lat' dir='ltr'><strong>XXIV.</strong></span> <span class='ocrx_word' id='word_1_3' title='bbox 1129 187 1436 227; x_wconf 72' lang='lat' dir='ltr'>ARTICULOS</span> <span class='ocrx_word' id='word_1_4' title='bbox 1475 186 1549 225; x_wconf 88' lang='lat' dir='ltr'>IV.</span> <span class='ocrx_word' id='word_1_5' title='bbox 1955 185 2056 224; x_wconf 87' lang='lat'>221</span> 
     </span>
    </p>
   </div>
   <div class='ocr_carea' id='block_1_2' title="bbox 11 287 2078 1950">
    <p class='ocr_par' dir='ltr' id='par_1_2' title="bbox 6 287 2078 1815">
     <span class='ocr_line' id='line_1_2' title="bbox 36 287 2066 348; baseline -0.002 -13"><span class='ocrx_word' id='word_1_6' title='bbox 36 336 40 340; x_wconf 62' lang='grc'>,,</span> <span class='ocrx_word' id='word_1_7' title='bbox 192 303 233 335; x_wconf 86' lang='lat'>2.</span> <span class='ocrx_word' id='word_1_8' title='bbox 265 290 562 335; x_wconf 72' lang='lat' dir='ltr'>PRAETEREA.</span> <span class='ocrx_word' id='word_1_9' title='bbox 581 287 697 333; x_wconf 91' lang='lat' dir='ltr'>Illud</span> <span class='ocrx_word' id='word_1_10' title='bbox 723 288 847 348; x_wconf 91' lang='lat' dir='ltr'>quod</span> <span class='ocrx_word' id='word_1_11' title='bbox 874 288 1097 347; x_wconf 85' lang='lat' dir='ltr'>dependet</span> <span class='ocrx_word' id='word_1_12' title='bbox 1118 303 1171 334; x_wconf 87' lang='lat' dir='ltr'>ex</span> <span class='ocrx_word' id='word_1_13' title='bbox 1197 288 1394 348; x_wconf 85' lang='lat' dir='ltr'><strong>simplici</strong></span> <span class='ocrx_word' id='word_1_14' title='bbox 1419 289 1511 333; x_wconf 91' lang='lat' dir='ltr'>Dei</span> <span class='ocrx_word' id='word_1_15' title='bbox 1535 288 1786 342; x_wconf 89' lang='lat' dir='ltr'>voluntate,</span> <span class='ocrx_word' id='word_1_16' title='bbox 1807 301 1903 332; x_wconf 91' lang='lat' dir='ltr'>non</span> <span class='ocrx_word' id='word_1_17' title='bbox 1928 288 2066 332; x_wconf 90' lang='lat' dir='ltr'>habet</span> 
     </span>
     <span class='ocr_line' id='line_1_3' title="bbox 11 353 2066 418; baseline -0.003 -14.015"><span class='ocrx_word' id='word_1_18' title='bbox 11 366 74 418; x_wconf 45' lang='lat' dir='ltr'>ij„</span> <span class='ocrx_word' id='word_1_19' title='bbox 103 356 242 405; x_wconf 76' lang='lat' dir='ltr'>aliam</span> <span class='ocrx_word' id='word_1_20' title='bbox 267 370 468 410; x_wconf 88' lang='lat' dir='ltr'>causam,</span> <span class='ocrx_word' id='word_1_21' title='bbox 503 355 590 400; x_wconf 88' lang='lat' dir='ltr'>nisi</span> <span class='ocrx_word' id='word_1_22' title='bbox 620 354 711 399; x_wconf 88' lang='lat' dir='ltr'>Dei</span> <span class='ocrx_word' id='word_1_23' title='bbox 743 353 1049 399; x_wconf 87' lang='lat' dir='ltr'>voluntatem:</span> <span class='ocrx_word' id='word_1_24' title='bbox 1088 356 1166 400; x_wconf 93' lang='lat' dir='ltr'>sed</span> <span class='ocrx_word' id='word_1_25' title='bbox 1203 356 1555 415; x_wconf 84' lang='lat' dir='ltr'>praedestinatio</span> <span class='ocrx_word' id='word_1_26' title='bbox 1593 366 1750 400; x_wconf 85' lang='lat' dir='ltr'>nostra</span> <span class='ocrx_word' id='word_1_27' title='bbox 1781 369 1836 400; x_wconf 85' lang='lat' dir='ltr'>ex</span> <span class='ocrx_word' id='word_1_28' title='bbox 1867 354 2066 414; x_wconf 89' lang='lat' dir='ltr'><strong>simplici</strong></span> 
     </span>
     <span class='ocr_line' id='line_1_4' title="bbox 22 420 2068 482; baseline 0 -16"><span class='ocrx_word' id='word_1_29' title='bbox 22 423 82 480; x_wconf 61' lang='grc' dir='ltr'>ἓξῑῑ</span> <span class='ocrx_word' id='word_1_30' title='bbox 100 422 337 469; x_wconf 63' lang='lat' dir='ltr'>³voluntate</span> <span class='ocrx_word' id='word_1_31' title='bbox 362 422 451 466; x_wconf 90' lang='lat' dir='ltr'>Dei</span> <span class='ocrx_word' id='word_1_32' title='bbox 473 420 718 481; x_wconf 87' lang='lat' dir='ltr'>dependet:</span> <span class='ocrx_word' id='word_1_33' title='bbox 753 421 916 465; x_wconf 89' lang='lat' dir='ltr'>dicitur</span> <span class='ocrx_word' id='word_1_34' title='bbox 947 421 1070 465; x_wconf 90' lang='lat' dir='ltr'>enim</span> <span class='ocrx_word' id='word_1_35' title='bbox 1103 421 1270 481; x_wconf 89' lang='lat' dir='ltr'>Ephes.</span> <span class='ocrx_word' id='word_1_36' title='bbox 1303 436 1359 466; x_wconf 88' lang='lat'>1.:</span> <span class='ocrx_word' id='word_1_37' title='bbox 1393 422 1692 467; x_wconf 75' lang='lat' dir='ltr'>Praedestinati</span> <span class='ocrx_word' id='word_1_38' title='bbox 1721 421 1941 468; x_wconf 82' lang='lat' dir='ltr'>secundum</span> <span class='ocrx_word' id='word_1_39' title='bbox 1967 430 2068 482; x_wconf 85' lang='lat' dir='ltr'>pro-</span> 
     </span>
     <span class='ocr_line' id='line_1_5' title="bbox 20 485 2068 552; baseline -0.001 -17"><span class='ocrx_word' id='word_1_40' title='bbox 20 485 51 536; x_wconf 62' lang='grc' dir='ltr'>’ζῖῗ</span> <span class='ocrx_word' id='word_1_41' title='bbox 96 491 281 552; x_wconf 74' lang='lat' dir='ltr'>positum</span> <span class='ocrx_word' id='word_1_42' title='bbox 314 491 416 548; x_wconf 84' lang='lat' dir='ltr'>ejus,</span> <span class='ocrx_word' id='word_1_43' title='bbox 438 490 511 547; x_wconf 85' lang='lat' dir='ltr'>qui</span> <span class='ocrx_word' id='word_1_44' title='bbox 536 490 678 533; x_wconf 85' lang='lat' dir='ltr'>omnia</span> <span class='ocrx_word' id='word_1_45' title='bbox 700 494 899 548; x_wconf 77' lang='lat' dir='ltr'>operatu-r</span> <span class='ocrx_word' id='word_1_46' title='bbox 920 488 1142 532; x_wconf 80' lang='lat' dir='ltr'>secundum</span> <span class='ocrx_word' id='word_1_47' title='bbox 1167 490 1383 533; x_wconf 84' lang='lat' dir='ltr'>consilium</span> <span class='ocrx_word' id='word_1_48' title='bbox 1408 490 1638 535; x_wconf 83' lang='lat' dir='ltr'>voluntatis</span> <span class='ocrx_word' id='word_1_49' title='bbox 1662 503 1787 548; x_wconf 80' lang='lat' dir='ltr'>suae,·</span> <span class='ocrx_word' id='word_1_50' title='bbox 1814 503 1926 549; x_wconf 89' lang='lat' dir='ltr'>ergo</span> <span class='ocrx_word' id='word_1_51' title='bbox 1943 503 2068 549; x_wconf 88' lang='lat' dir='ltr'>prae·</span> 
     </span>
     <span class='ocr_line' id='line_1_6' title="bbox 102 554 1595 613; baseline -0.002 -11.156"><span class='ocrx_word' id='word_1_52' title='bbox 102 554 344 602; x_wconf 81' lang='lat' dir='ltr'>destinatio</span> <span class='ocrx_word' id='word_1_53' title='bbox 367 554 540 599; x_wconf 84' lang='lat' dir='ltr'>Christi</span> <span class='ocrx_word' id='word_1_54' title='bbox 569 568 663 599; x_wconf 92' lang='lat' dir='ltr'>non</span> <span class='ocrx_word' id='word_1_55' title='bbox 690 564 758 599; x_wconf 92' lang='lat' dir='ltr'>est</span> <span class='ocrx_word' id='word_1_56' title='bbox 783 568 920 598; x_wconf 89' lang='lat' dir='ltr'>causa</span> <span class='ocrx_word' id='word_1_57' title='bbox 942 563 1124 598; x_wconf 88' lang='lat' dir='ltr'>nostrae</span> <span class='ocrx_word' id='word_1_58' title='bbox 1157 555 1595 613; x_wconf 88' lang='lat' dir='ltr'>praedestinationis.</span> 
     </span>
     <span class='ocr_line' id='line_1_7' title="bbox 21 620 2069 682; baseline 0 -15"><span class='ocrx_word' id='word_1_59' title='bbox 21 664 36 674; x_wconf 69' lang='lat'><em>„</em></span> <span class='ocrx_word' id='word_1_60' title='bbox 197 637 235 682; x_wconf 86' lang='lat'>3.</span> <span class='ocrx_word' id='word_1_61' title='bbox 261 621 559 667; x_wconf 77' lang='lat' dir='ltr'>PRAETEREA.</span> <span class='ocrx_word' id='word_1_62' title='bbox 582 621 779 665; x_wconf 90' lang='lat' dir='ltr'>Remota</span> <span class='ocrx_word' id='word_1_63' title='bbox 806 635 958 674; x_wconf 87' lang='lat' dir='ltr'>causa,</span> <span class='ocrx_word' id='word_1_64' title='bbox 980 631 1241 665; x_wconf 91' lang='lat' dir='ltr'>removetur</span> <span class='ocrx_word' id='word_1_65' title='bbox 1267 620 1478 667; x_wconf 87' lang='lat' dir='ltr'>effectus:</span> <span class='ocrx_word' id='word_1_66' title='bbox 1516 622 1594 666; x_wconf 90' lang='lat' dir='ltr'>sed</span> <span class='ocrx_word' id='word_1_67' title='bbox 1622 632 1799 667; x_wconf 89' lang='lat' dir='ltr'>remota</span> <span class='ocrx_word' id='word_1_68' title='bbox 1826 622 2069 682; x_wconf 87' lang='lat' dir='ltr'>praedesti-</span> 
     </span>
     <span class='ocr_line' id='line_1_8' title="bbox 17 687 2067 747; baseline -0.001 -12"><span class='ocrx_word' id='word_1_69' title='bbox 17 688 38 726; x_wconf 75' lang='grc' dir='ltr'>’ἶ</span> <span class='ocrx_word' id='word_1_70' title='bbox 101 689 289 735; x_wconf 85' lang='lat' dir='ltr'>natione</span> <span class='ocrx_word' id='word_1_71' title='bbox 306 688 493 743; x_wconf 88' lang='lat' dir='ltr'>Christi,</span> <span class='ocrx_word' id='word_1_72' title='bbox 518 703 612 732; x_wconf 92' lang='lat' dir='ltr'>non</span> <span class='ocrx_word' id='word_1_73' title='bbox 637 698 898 733; x_wconf 88' lang='lat' dir='ltr'>removetur</span> <span class='ocrx_word' id='word_1_74' title='bbox 923 698 1078 732; x_wconf 88' lang='lat' dir='ltr'>nostra</span> <span class='ocrx_word' id='word_1_75' title='bbox 1104 687 1479 746; x_wconf 85' lang='lat' dir='ltr'>praedestinatio:</span> <span class='ocrx_word' id='word_1_76' title='bbox 1504 690 1607 747; x_wconf 89' lang='lat' dir='ltr'>quia</span> <span class='ocrx_word' id='word_1_77' title='bbox 1627 690 1805 735; x_wconf 88' lang='lat' dir='ltr'>etiamsi</span> <span class='ocrx_word' id='word_1_78' title='bbox 1822 689 1962 734; x_wconf 85' lang='lat' dir='ltr'>Filius</span> <span class='ocrx_word' id='word_1_79' title='bbox 1978 689 2067 734; x_wconf 89' lang='lat' dir='ltr'>Dei</span> 
     </span>
     <span class='ocr_line' id='line_1_9' title="bbox 100 753 2070 815; baseline -0.001 -12.124"><span class='ocrx_word' id='word_1_80' title='bbox 100 769 198 803; x_wconf 86' lang='lat' dir='ltr'>non</span> <span class='ocrx_word' id='word_1_81' title='bbox 229 756 555 809; x_wconf 88' lang='lat' dir='ltr'>incarnaretur,</span> <span class='ocrx_word' id='word_1_82' title='bbox 582 765 677 799; x_wconf 85' lang='lat' dir='ltr'>erat</span> <span class='ocrx_word' id='word_1_83' title='bbox 709 754 823 799; x_wconf 90' lang='lat' dir='ltr'>alius</span> <span class='ocrx_word' id='word_1_84' title='bbox 849 754 1015 799; x_wconf 91' lang='lat' dir='ltr'>modus</span> <span class='ocrx_word' id='word_1_85' title='bbox 1041 753 1267 813; x_wconf 88' lang='lat' dir='ltr'>possibilis</span> <span class='ocrx_word' id='word_1_86' title='bbox 1293 765 1474 798; x_wconf 90' lang='lat' dir='ltr'>nostrae</span> <span class='ocrx_word' id='word_1_87' title='bbox 1494 754 1663 810; x_wconf 89' lang='lat' dir='ltr'>salutis,</span> <span class='ocrx_word' id='word_1_88' title='bbox 1683 766 1731 799; x_wconf 92' lang='lat' dir='ltr'>ut</span> <span class='ocrx_word' id='word_1_89' title='bbox 1747 756 1942 815; x_wconf 89' lang='lat' dir='ltr'>August.</span> <span class='ocrx_word' id='word_1_90' title='bbox 1961 756 2070 800; x_wconf 86' lang='lat' dir='ltr'>dicit</span> 
     </span>
     <span class='ocr_line' id='line_1_10' title="bbox 24 820 2071 882; baseline 0 -15"><span class='ocrx_word' id='word_1_91' title='bbox 24 823 29 834; x_wconf 70' lang='lat'><em>²</em></span> <span class='ocrx_word' id='word_1_92' title='bbox 102 822 151 867; x_wconf 87' lang='lat' dir='ltr'>in</span> <span class='ocrx_word' id='word_1_93' title='bbox 176 821 253 866; x_wconf 88' lang='lat' dir='ltr'>lib.</span> <span class='ocrx_word' id='word_1_94' title='bbox 284 835 349 880; x_wconf 85' lang='lat'>13.</span> <span class='ocrx_word' id='word_1_95' title='bbox 378 822 432 866; x_wconf 91' lang='lat' dir='ltr'>de</span> <span class='ocrx_word' id='word_1_96' title='bbox 460 820 623 865; x_wconf 87' lang='lat' dir='ltr'>Trinit.</span> <span class='ocrx_word' id='word_1_97' title='bbox 649 821 760 882; x_wconf 83' lang='lat' dir='ltr'>(cap.</span> <span class='ocrx_word' id='word_1_98' title='bbox 792 837 856 867; x_wconf 91' lang='lat'>10.</span> <span class='ocrx_word' id='word_1_99' title='bbox 885 836 911 865; x_wconf 86' lang='lat' dir='ltr'>a</span> <span class='ocrx_word' id='word_1_100' title='bbox 934 821 1126 881; x_wconf 77' lang='lat' dir='ltr'>princ.);</span> <span class='ocrx_word' id='word_1_101' title='bbox 1159 821 1512 879; x_wconf 86' lang='lat' dir='ltr'>praedestinatio</span> <span class='ocrx_word' id='word_1_102' title='bbox 1541 836 1650 880; x_wconf 86' lang='lat' dir='ltr'>ergo</span> <span class='ocrx_word' id='word_1_103' title='bbox 1679 821 1850 867; x_wconf 89' lang='lat' dir='ltr'>Christi</span> <span class='ocrx_word' id='word_1_104' title='bbox 1877 837 1971 867; x_wconf 93' lang='lat' dir='ltr'>non</span> <span class='ocrx_word' id='word_1_105' title='bbox 2003 832 2071 867; x_wconf 87' lang='lat' dir='ltr'>est</span> 
     </span>
     <span class='ocr_line' id='line_1_11' title="bbox 24 887 910 946; baseline -0.002 -12"><span class='ocrx_word' id='word_1_106' title='bbox 24 894 31 946; x_wconf 54' lang='grc' dir='ltr'><em>ᾗ</em></span> <span class='ocrx_word' id='word_1_107' title='bbox 105 902 243 935; x_wconf 84' lang='lat' dir='ltr'>causa</span> <span class='ocrx_word' id='word_1_108' title='bbox 264 897 446 933; x_wconf 87' lang='lat' dir='ltr'>nostrae</span> <span class='ocrx_word' id='word_1_109' title='bbox 471 887 910 946; x_wconf 88' lang='lat' dir='ltr'>praedestinationis.</span> 
     </span>
     <span class='ocr_line' id='line_1_12' title="bbox 18 954 2065 1016; baseline 0.002 -19"><span class='ocrx_word' id='word_1_110' title='bbox 18 994 28 998; x_wconf 74' lang='grc'>,</span> <span class='ocrx_word' id='word_1_111' title='bbox 194 954 290 1000; x_wconf 71' lang='lat' dir='ltr'>sm)</span> <span class='ocrx_word' id='word_1_112' title='bbox 321 967 518 1000; x_wconf 77' lang='lat' dir='ltr'>CONTRA</span> <span class='ocrx_word' id='word_1_113' title='bbox 544 964 625 1008; x_wconf 91' lang='lat' dir='ltr'>est,</span> <span class='ocrx_word' id='word_1_114' title='bbox 658 955 781 1014; x_wconf 90' lang='lat' dir='ltr'>quod</span> <span class='ocrx_word' id='word_1_115' title='bbox 803 955 965 999; x_wconf 88' lang='lat' dir='ltr'>dicitur</span> <span class='ocrx_word' id='word_1_116' title='bbox 990 954 1154 1014; x_wconf 90' lang='lat' dir='ltr'>Ephes.</span> <span class='ocrx_word' id='word_1_117' title='bbox 1187 968 1244 1000; x_wconf 89' lang='lat'>1.:</span> <span class='ocrx_word' id='word_1_118' title='bbox 1270 954 1601 999; x_wconf 76' lang='lat' dir='ltr'>Praedestinavit</span> <span class='ocrx_word' id='word_1_119' title='bbox 1626 970 1699 999; x_wconf 88' lang='lat' dir='ltr'>nos</span> <span class='ocrx_word' id='word_1_120' title='bbox 1724 957 1770 999; x_wconf 90' lang='lat' dir='ltr'>in</span> <span class='ocrx_word' id='word_1_121' title='bbox 1801 956 2065 1016; x_wconf 79' lang='lat' dir='ltr'>adoptionem</span> 
     </span>
     <span class='ocr_line' id='line_1_13' title="bbox 12 1021 816 1083; baseline -0.001 -17"><span class='ocrx_word' id='word_1_122' title='bbox 12 1024 28 1082; x_wconf 46' lang='grc' dir='ltr'>ζ</span> <span class='ocrx_word' id='word_1_123' title='bbox 93 1021 289 1083; x_wconf 72' lang='lat' dir='ltr'>filiorum</span> <span class='ocrx_word' id='word_1_124' title='bbox 314 1029 394 1081; x_wconf 77' lang='lat' dir='ltr'>per</span> <span class='ocrx_word' id='word_1_125' title='bbox 418 1022 559 1078; x_wconf 86' lang='lat' dir='ltr'>Iesum</span> <span class='ocrx_word' id='word_1_126' title='bbox 588 1022 816 1066; x_wconf 81' lang='lat' dir='ltr'>Christum.</span> 
     </span>
     <span class='ocr_line' id='line_1_14' title="bbox 14 1081 2067 1147; baseline 0 -14"><span class='ocrx_word' id='word_1_127' title='bbox 14 1139 16 1141; x_wconf 13' lang='lat' dir='ltr'>v</span> <span class='ocrx_word' id='word_1_128' title='bbox 194 1087 484 1133; x_wconf 67' lang='lat' dir='ltr'>Rsssponono</span> <span class='ocrx_word' id='word_1_129' title='bbox 526 1088 783 1142; x_wconf 89' lang='lat' dir='ltr'>dicendum,</span> <span class='ocrx_word' id='word_1_130' title='bbox 825 1088 947 1147; x_wconf 90' lang='lat' dir='ltr'>quod</span> <span class='ocrx_word' id='word_1_131' title='bbox 988 1088 1027 1132; x_wconf 89' lang='lat' dir='ltr'>si</span> <span class='ocrx_word' id='word_1_132' title='bbox 1068 1088 1379 1132; x_wconf 87' lang='lat' dir='ltr'>consideretur</span> <span class='ocrx_word' id='word_1_133' title='bbox 1418 1081 1771 1147; x_wconf 87' lang='lat' dir='ltr'>praedestinatio</span> <span class='ocrx_word' id='word_1_134' title='bbox 1815 1089 2067 1133; x_wconf 90' lang='lat' dir='ltr'>secundum</span> 
     </span>
     <span class='ocr_line' id='line_1_15' title="bbox 18 1150 2071 1215; baseline -0.001 -14"><span class='ocrx_word' id='word_1_135' title='bbox 18 1150 38 1162; x_wconf 71' lang='grc'><strong>”</strong></span> <span class='ocrx_word' id='word_1_136' title='bbox 103 1154 256 1215; x_wconf 81' lang='lat' dir='ltr'>ipsum</span> <span class='ocrx_word' id='word_1_137' title='bbox 286 1154 708 1214; x_wconf 88' lang='lat' dir='ltr'>praedestinationis</span> <span class='ocrx_word' id='word_1_138' title='bbox 732 1165 900 1208; x_wconf 90' lang='lat' dir='ltr'>actum,</span> <span class='ocrx_word' id='word_1_139' title='bbox 927 1155 1278 1214; x_wconf 87' lang='lat' dir='ltr'>praedestinatio</span> <span class='ocrx_word' id='word_1_140' title='bbox 1306 1154 1479 1199; x_wconf 91' lang='lat' dir='ltr'>Christi</span> <span class='ocrx_word' id='word_1_141' title='bbox 1503 1169 1599 1199; x_wconf 92' lang='lat' dir='ltr'>non</span> <span class='ocrx_word' id='word_1_142' title='bbox 1627 1165 1695 1199; x_wconf 91' lang='lat' dir='ltr'>est</span> <span class='ocrx_word' id='word_1_143' title='bbox 1724 1169 1861 1199; x_wconf 89' lang='lat' dir='ltr'>causa</span> <span class='ocrx_word' id='word_1_144' title='bbox 1887 1165 2071 1199; x_wconf 90' lang='lat' dir='ltr'>nostrae</span> 
     </span>
     <span class='ocr_line' id='line_1_16' title="bbox 23 1221 2074 1282; baseline -0 -16"><span class='ocrx_word' id='word_1_145' title='bbox 23 1251 31 1258; x_wconf 90' lang='lat'>·</span> <span class='ocrx_word' id='word_1_146' title='bbox 106 1221 555 1282; x_wconf 88' lang='lat' dir='ltr'>praedestinationis;</span> <span class='ocrx_word' id='word_1_147' title='bbox 589 1235 695 1265; x_wconf 90' lang='lat' dir='ltr'>curn</span> <span class='ocrx_word' id='word_1_148' title='bbox 727 1236 819 1266; x_wconf 89' lang='lat' dir='ltr'>uno</span> <span class='ocrx_word' id='word_1_149' title='bbox 847 1231 892 1266; x_wconf 92' lang='lat' dir='ltr'>et</span> <span class='ocrx_word' id='word_1_150' title='bbox 917 1222 1082 1266; x_wconf 91' lang='lat' dir='ltr'>eodem</span> <span class='ocrx_word' id='word_1_151' title='bbox 1115 1232 1218 1266; x_wconf 91' lang='lat' dir='ltr'>actu</span> <span class='ocrx_word' id='word_1_152' title='bbox 1251 1222 1377 1266; x_wconf 90' lang='lat' dir='ltr'>Deus</span> <span class='ocrx_word' id='word_1_153' title='bbox 1403 1222 1844 1281; x_wconf 89' lang='lat' dir='ltr'>praedestinaverit</span> <span class='ocrx_word' id='word_1_154' title='bbox 1833 1237 1997 1282; x_wconf 77' lang='lat' dir='ltr'>ipsum,</span> <span class='ocrx_word' id='word_1_155' title='bbox 2029 1237 2074 1266; x_wconf 89' lang='lat' dir='ltr'>et</span> 
     </span>
     <span class='ocr_line' id='line_1_17' title="bbox 31 1288 2075 1348; baseline -0.001 -14.008"><span class='ocrx_word' id='word_1_156' title='bbox 31 1346 34 1347; x_wconf 11' lang='lat'><em>7</em></span> <span class='ocrx_word' id='word_1_157' title='bbox 83 1301 215 1335; x_wconf 74' lang='lat' dir='ltr'>-nosz</span> <span class='ocrx_word' id='word_1_158' title='bbox 247 1289 284 1332; x_wconf 88' lang='lat' dir='ltr'>si</span> <span class='ocrx_word' id='word_1_159' title='bbox 316 1298 471 1333; x_wconf 87' lang='lat' dir='ltr'>autem</span> <span class='ocrx_word' id='word_1_160' title='bbox 498 1288 809 1333; x_wconf 88' lang='lat' dir='ltr'>consideretur</span> <span class='ocrx_word' id='word_1_161' title='bbox 834 1289 1183 1348; x_wconf 86' lang='lat' dir='ltr'>praedestinatio</span> <span class='ocrx_word' id='word_1_162' title='bbox 1216 1289 1468 1334; x_wconf 89' lang='lat' dir='ltr'>secundum</span> <span class='ocrx_word' id='word_1_163' title='bbox 1493 1289 1742 1332; x_wconf 89' lang='lat' dir='ltr'>terminum</span> <span class='ocrx_word' id='word_1_164' title='bbox 1773 1289 2075 1347; x_wconf 90' lang='lat' dir='ltr'>praedestina-</span> 
     </span>
     <span class='ocr_line' id='line_1_18' title="bbox 106 1355 2072 1415; baseline -0 -15.044"><span class='ocrx_word' id='word_1_165' title='bbox 106 1355 260 1409; x_wconf 82' lang='lat' dir='ltr'>tionis,</span> <span class='ocrx_word' id='word_1_166' title='bbox 276 1355 342 1400; x_wconf 91' lang='lat' dir='ltr'>sic</span> <span class='ocrx_word' id='word_1_167' title='bbox 363 1355 716 1415; x_wconf 86' lang='lat' dir='ltr'>praedestinatio</span> <span class='ocrx_word' id='word_1_168' title='bbox 736 1355 909 1400; x_wconf 89' lang='lat' dir='ltr'>Christi</span> <span class='ocrx_word' id='word_1_169' title='bbox 932 1365 998 1400; x_wconf 90' lang='lat' dir='ltr'>est</span> <span class='ocrx_word' id='word_1_170' title='bbox 1024 1370 1160 1400; x_wconf 88' lang='lat' dir='ltr'>causa</span> <span class='ocrx_word' id='word_1_171' title='bbox 1185 1366 1369 1400; x_wconf 88' lang='lat' dir='ltr'>nostrae</span> <span class='ocrx_word' id='word_1_172' title='bbox 1395 1356 1839 1415; x_wconf 88' lang='lat' dir='ltr'>praedestinationis:</span> <span class='ocrx_word' id='word_1_173' title='bbox 1867 1356 1931 1400; x_wconf 90' lang='lat' dir='ltr'>sic</span> <span class='ocrx_word' id='word_1_174' title='bbox 1950 1355 2072 1400; x_wconf 90' lang='lat' dir='ltr'>enirn</span> 
     </span>
     <span class='ocr_line' id='line_1_19' title="bbox 106 1422 2074 1483; baseline -0.001 -15.088"><span class='ocrx_word' id='word_1_175' title='bbox 106 1422 236 1468; x_wconf 90' lang='lat' dir='ltr'>Deus</span> <span class='ocrx_word' id='word_1_176' title='bbox 250 1423 585 1483; x_wconf 87' lang='lat' dir='ltr'>praeordinavit</span> <span class='ocrx_word' id='word_1_177' title='bbox 608 1432 815 1467; x_wconf 89' lang='lat' dir='ltr'>nostram</span> <span class='ocrx_word' id='word_1_178' title='bbox 836 1422 1045 1476; x_wconf 90' lang='lat' dir='ltr'>salutem,</span> <span class='ocrx_word' id='word_1_179' title='bbox 1063 1423 1117 1466; x_wconf 91' lang='lat' dir='ltr'>ab</span> <span class='ocrx_word' id='word_1_180' title='bbox 1137 1433 1322 1467; x_wconf 90' lang='lat' dir='ltr'>aeterno</span> <span class='ocrx_word' id='word_1_181' title='bbox 1348 1422 1744 1482; x_wconf 89' lang='lat' dir='ltr'>praedestinando,</span> <span class='ocrx_word' id='word_1_182' title='bbox 1761 1432 1811 1467; x_wconf 93' lang='lat' dir='ltr'>ut</span> <span class='ocrx_word' id='word_1_183' title='bbox 1827 1437 1906 1482; x_wconf 93' lang='lat' dir='ltr'>per</span> <span class='ocrx_word' id='word_1_184' title='bbox 1917 1423 2074 1481; x_wconf 88' lang='lat' dir='ltr'>Jesum</span> 
     </span>
     <span class='ocr_line' id='line_1_20' title="bbox 111 1488 2075 1549; baseline -0.001 -15.085"><span class='ocrx_word' id='word_1_185' title='bbox 111 1488 348 1534; x_wconf 87' lang='lat' dir='ltr'>Christum</span> <span class='ocrx_word' id='word_1_186' title='bbox 381 1490 705 1549; x_wconf 80' lang='lat' dir='ltr'>compleretur:</span> <span class='ocrx_word' id='word_1_187' title='bbox 734 1490 814 1534; x_wconf 90' lang='lat' dir='ltr'>sub</span> <span class='ocrx_word' id='word_1_188' title='bbox 840 1490 1251 1549; x_wconf 88' lang='lat' dir='ltr'>praedestinatione</span> <span class='ocrx_word' id='word_1_189' title='bbox 1278 1490 1402 1534; x_wconf 90' lang='lat' dir='ltr'>enim</span> <span class='ocrx_word' id='word_1_190' title='bbox 1429 1499 1612 1534; x_wconf 88' lang='lat' dir='ltr'>aeterna</span> <span class='ocrx_word' id='word_1_191' title='bbox 1642 1505 1738 1535; x_wconf 91' lang='lat' dir='ltr'>non</span> <span class='ocrx_word' id='word_1_192' title='bbox 1769 1489 1923 1534; x_wconf 90' lang='lat' dir='ltr'>solum</span> <span class='ocrx_word' id='word_1_193' title='bbox 1956 1490 2075 1534; x_wconf 92' lang='lat' dir='ltr'>cadit</span> 
     </span>
     <span class='ocr_line' id='line_1_21' title="bbox 32 1553 2074 1616; baseline -0 -16"><span class='ocrx_word' id='word_1_194' title='bbox 32 1553 36 1555; x_wconf 56' lang='grc'>’</span> <span class='ocrx_word' id='word_1_195' title='bbox 110 1555 172 1610; x_wconf 91' lang='lat' dir='ltr'>id,</span> <span class='ocrx_word' id='word_1_196' title='bbox 199 1556 321 1615; x_wconf 91' lang='lat' dir='ltr'>quod</span> <span class='ocrx_word' id='word_1_197' title='bbox 349 1566 415 1601; x_wconf 90' lang='lat' dir='ltr'>est</span> <span class='ocrx_word' id='word_1_198' title='bbox 431 1556 632 1601; x_wconf 89' lang='lat' dir='ltr'>fiendum</span> <span class='ocrx_word' id='word_1_199' title='bbox 657 1558 701 1600; x_wconf 86' lang='lat' dir='ltr'>in</span> <span class='ocrx_word' id='word_1_200' title='bbox 718 1566 940 1616; x_wconf 87' lang='lat' dir='ltr'>tempore,</span> <span class='ocrx_word' id='word_1_201' title='bbox 957 1556 1036 1600; x_wconf 89' lang='lat' dir='ltr'>sed</span> <span class='ocrx_word' id='word_1_202' title='bbox 1063 1557 1202 1601; x_wconf 90' lang='lat' dir='ltr'>etiam</span> <span class='ocrx_word' id='word_1_203' title='bbox 1229 1557 1408 1611; x_wconf 89' lang='lat' dir='ltr'>modus,</span> <span class='ocrx_word' id='word_1_204' title='bbox 1430 1566 1474 1601; x_wconf 92' lang='lat' dir='ltr'>et</span> <span class='ocrx_word' id='word_1_205' title='bbox 1500 1557 1629 1610; x_wconf 82' lang='lat' dir='ltr'>ordo,</span> <span class='ocrx_word' id='word_1_206' title='bbox 1657 1557 1910 1601; x_wconf 90' lang='lat' dir='ltr'>secundum</span> <span class='ocrx_word' id='word_1_207' title='bbox 1937 1570 2074 1616; x_wconf 89' lang='lat' dir='ltr'>quem</span> 
     </span>
     <span class='ocr_line' id='line_1_22' title="bbox 112 1622 858 1682; baseline 0 -15"><span class='ocrx_word' id='word_1_208' title='bbox 112 1632 184 1667; x_wconf 90' lang='lat' dir='ltr'>est</span> <span class='ocrx_word' id='word_1_209' title='bbox 208 1622 537 1682; x_wconf 88' lang='lat' dir='ltr'>complendum</span> <span class='ocrx_word' id='word_1_210' title='bbox 563 1624 608 1667; x_wconf 92' lang='lat' dir='ltr'>in</span> <span class='ocrx_word' id='word_1_211' title='bbox 635 1633 858 1681; x_wconf 87' lang='lat' dir='ltr'>tempore.</span> 
     </span>
     <span class='ocr_line' id='line_1_23' title="bbox 25 1689 2078 1750; baseline 0 -16"><span class='ocrx_word' id='word_1_212' title='bbox 25 1749 28 1750; x_wconf 14' lang='lat' dir='ltr'><em>V</em></span> <span class='ocrx_word' id='word_1_213' title='bbox 200 1689 277 1734; x_wconf 88' lang='lat' dir='ltr'>AD</span> <span class='ocrx_word' id='word_1_214' title='bbox 302 1702 491 1735; x_wconf 79' lang='lat' dir='ltr'>PRIMUM</span> <span class='ocrx_word' id='word_1_215' title='bbox 518 1704 644 1749; x_wconf 87' lang='lat' dir='ltr'>ergo,</span> <span class='ocrx_word' id='word_1_216' title='bbox 677 1699 721 1733; x_wconf 91' lang='lat' dir='ltr'>et</span> <span class='ocrx_word' id='word_1_217' title='bbox 746 1703 1006 1735; x_wconf 79' lang='lat' dir='ltr'>SECUNDUM</span> <span class='ocrx_word' id='word_1_218' title='bbox 1033 1690 1291 1744; x_wconf 88' lang='lat' dir='ltr'>dicendum,</span> <span class='ocrx_word' id='word_1_219' title='bbox 1318 1691 1440 1750; x_wconf 92' lang='lat' dir='ltr'>quod</span> <span class='ocrx_word' id='word_1_220' title='bbox 1467 1691 1666 1735; x_wconf 88' lang='lat' dir='ltr'>rationes</span> <span class='ocrx_word' id='word_1_221' title='bbox 1691 1690 1798 1735; x_wconf 90' lang='lat' dir='ltr'>illae</span> <span class='ocrx_word' id='word_1_222' title='bbox 1824 1690 2078 1750; x_wconf 89' lang='lat' dir='ltr'>procedunt</span> 
     </span>
     <span class='ocr_line' id='line_1_24' title="bbox 33 1755 1478 1815; baseline 0.001 -16"><span class='ocrx_word' id='word_1_223' title='bbox 33 1807 36 1810; x_wconf 12' lang='lat' dir='ltr'>y</span> <span class='ocrx_word' id='word_1_224' title='bbox 111 1755 168 1799; x_wconf 90' lang='lat' dir='ltr'>de</span> <span class='ocrx_word' id='word_1_225' title='bbox 193 1756 606 1815; x_wconf 90' lang='lat' dir='ltr'>praedestinatione</span> <span class='ocrx_word' id='word_1_226' title='bbox 632 1757 882 1800; x_wconf 87' lang='lat' dir='ltr'>secundum</span> <span class='ocrx_word' id='word_1_227' title='bbox 909 1756 1284 1815; x_wconf 86' lang='lat' dir='ltr'>praedestinantis</span> <span class='ocrx_word' id='word_1_228' title='bbox 1312 1767 1478 1801; x_wconf 87' lang='lat' dir='ltr'>actum.</span> 
     </span>
    </p>

    <p class='ocr_par' dir='ltr' id='par_1_3' title="bbox 113 1822 2078 1950">
     <span class='ocr_line' id='line_1_25' title="bbox 201 1822 2076 1881; baseline 0.001 -15"><span class='ocrx_word' id='word_1_229' title='bbox 201 1822 279 1867; x_wconf 86' lang='lat' dir='ltr'>AD</span> <span class='ocrx_word' id='word_1_230' title='bbox 306 1834 522 1868; x_wconf 73' lang='lat' dir='ltr'>TERTIUM</span> <span class='ocrx_word' id='word_1_231' title='bbox 549 1822 808 1876; x_wconf 88' lang='lat' dir='ltr'>dicendum,</span> <span class='ocrx_word' id='word_1_232' title='bbox 835 1823 958 1881; x_wconf 92' lang='lat' dir='ltr'>quod</span> <span class='ocrx_word' id='word_1_233' title='bbox 984 1823 1023 1866; x_wconf 88' lang='lat' dir='ltr'>si</span> <span class='ocrx_word' id='word_1_234' title='bbox 1048 1822 1258 1868; x_wconf 87' lang='lat' dir='ltr'>Christus</span> <span class='ocrx_word' id='word_1_235' title='bbox 1282 1838 1377 1867; x_wconf 92' lang='lat' dir='ltr'>non</span> <span class='ocrx_word' id='word_1_236' title='bbox 1408 1823 1566 1868; x_wconf 88' lang='lat' dir='ltr'>fuisset</span> <span class='ocrx_word' id='word_1_237' title='bbox 1595 1824 1917 1878; x_wconf 89' lang='lat' dir='ltr'>incarnandus,</span> <span class='ocrx_word' id='word_1_238' title='bbox 1948 1825 2076 1868; x_wconf 91' lang='lat' dir='ltr'>Deus</span> 
     </span>
     <span class='ocr_line' id='line_1_26' title="bbox 113 1888 2078 1950; baseline 0.001 -17"><span class='ocrx_word' id='word_1_239' title='bbox 113 1889 477 1949; x_wconf 89' lang='lat' dir='ltr'>praeordinasset</span> <span class='ocrx_word' id='word_1_240' title='bbox 505 1888 718 1933; x_wconf 89' lang='lat' dir='ltr'>homines</span> <span class='ocrx_word' id='word_1_241' title='bbox 755 1888 918 1933; x_wconf 89' lang='lat' dir='ltr'>salvari</span> <span class='ocrx_word' id='word_1_242' title='bbox 954 1903 1034 1948; x_wconf 91' lang='lat' dir='ltr'>per</span> <span class='ocrx_word' id='word_1_243' title='bbox 1061 1889 1197 1933; x_wconf 90' lang='lat' dir='ltr'>aliam</span> <span class='ocrx_word' id='word_1_244' title='bbox 1231 1904 1441 1934; x_wconf 86' lang='lat' dir='ltr'>causam:</span> <span class='ocrx_word' id='word_1_245' title='bbox 1480 1890 1559 1934; x_wconf 91' lang='lat' dir='ltr'>sed</span> <span class='ocrx_word' id='word_1_246' title='bbox 1596 1892 1703 1949; x_wconf 92' lang='lat' dir='ltr'>quia</span> <span class='ocrx_word' id='word_1_247' title='bbox 1740 1891 2078 1950; x_wconf 90' lang='lat' dir='ltr'>praeordinavit</span> 
     </span>
    </p>
   </div>
   <div class='ocr_carea' id='block_1_3' title="bbox 19 1955 2078 2067">
    <p class='ocr_par' dir='ltr' id='par_1_4' title="bbox 19 1955 2078 2068">
     <span class='ocr_line' id='line_1_27' title="bbox 113 1955 2078 2016; baseline 0.001 -16.864"><span class='ocrx_word' id='word_1_248' title='bbox 113 1955 481 2000; x_wconf 88' lang='lat' dir='ltr'>Incarnationem</span> <span class='ocrx_word' id='word_1_249' title='bbox 504 1955 691 2011; x_wconf 90' lang='lat' dir='ltr'>Christi,</span> <span class='ocrx_word' id='word_1_250' title='bbox 717 1956 854 2001; x_wconf 90' lang='lat' dir='ltr'>simul</span> <span class='ocrx_word' id='word_1_251' title='bbox 880 1970 986 2000; x_wconf 87' lang='lat' dir='ltr'>cum</span> <span class='ocrx_word' id='word_1_252' title='bbox 1013 1956 1103 2001; x_wconf 93' lang='lat' dir='ltr'>hoc</span> <span class='ocrx_word' id='word_1_253' title='bbox 1120 1958 1469 2016; x_wconf 88' lang='lat' dir='ltr'>praeordinavit,</span> <span class='ocrx_word' id='word_1_254' title='bbox 1492 1968 1541 2002; x_wconf 93' lang='lat' dir='ltr'>ut</span> <span class='ocrx_word' id='word_1_255' title='bbox 1566 1969 1686 2003; x_wconf 91' lang='lat' dir='ltr'>esset</span> <span class='ocrx_word' id='word_1_256' title='bbox 1710 1969 1894 2004; x_wconf 90' lang='lat' dir='ltr'>nostrae</span> <span class='ocrx_word' id='word_1_257' title='bbox 1919 1959 2078 2004; x_wconf 89' lang='lat' dir='ltr'>salutis</span> 
     </span>
     <span class='ocr_line' id='line_1_28' title="bbox 19 2036 270 2067; baseline -0.004 1"><span class='ocrx_word' id='word_1_258' title='bbox 19 2040 43 2067; x_wconf 89' lang='grc'>;-</span> <span class='ocrx_word' id='word_1_259' title='bbox 117 2036 270 2067; x_wconf 83' lang='lat' dir='ltr'>causa.</span> 
     </span>
    </p>
   </div>
   <div class='ocr_carea' id='block_1_4' title="bbox 0 0 95 3736">
    <p class='ocr_par' dir='ltr' id='par_1_5' title="bbox 0 0 95 3736">
     <span class='ocr_line' id='line_1_29' title="bbox 0 0 95 3736; baseline 0 0"><span class='ocrx_word' id='word_1_260' title='bbox 0 0 95 3736; x_wconf 95' lang='lat' dir='ltr'> </span> 
     </span>
    </p>
   </div>
   <div class='ocr_carea' id='block_1_5' title="bbox 745 2362 1453 2439">
    <p class='ocr_par' dir='ltr' id='par_1_6' title="bbox 745 2362 1453 2439">
     <span class='ocr_line' id='line_1_30' title="bbox 745 2362 1453 2439; baseline 0.001 -17"><span class='ocrx_word' id='word_1_261' title='bbox 745 2362 1193 2439; x_wconf 77' lang='lat' dir='ltr'>QUAESTIO</span> <span class='ocrx_word' id='word_1_262' title='bbox 1242 2363 1453 2423; x_wconf 92' lang='lat' dir='ltr'>XXV.</span> 
     </span>
    </p>
   </div>
   <div class='ocr_carea' id='block_1_6' title="bbox 225 2514 1971 2568">
    <p class='ocr_par' dir='ltr' id='par_1_7' title="bbox 225 2514 1971 2568">
     <span class='ocr_line' id='line_1_31' title="bbox 225 2514 1971 2568; baseline 0.002 -14"><span class='ocrx_word' id='word_1_263' title='bbox 225 2514 307 2555; x_wconf 87' lang='lat' dir='ltr'>DE</span> <span class='ocrx_word' id='word_1_264' title='bbox 353 2515 746 2556; x_wconf 82' lang='lat' dir='ltr'>ADORATIONE</span> <span class='ocrx_word' id='word_1_265' title='bbox 794 2516 1048 2568; x_wconf 89' lang='lat' dir='ltr'>CHRISTI,</span> <span class='ocrx_word' id='word_1_266' title='bbox 1100 2517 1166 2556; x_wconf 94' lang='lat' dir='ltr'>IN</span> <span class='ocrx_word' id='word_1_267' title='bbox 1212 2517 1321 2557; x_wconf 90' lang='lat' dir='ltr'>SEX</span> <span class='ocrx_word' id='word_1_268' title='bbox 1368 2517 1699 2559; x_wconf 89' lang='lat' dir='ltr'>ARTICULOS</span> <span class='ocrx_word' id='word_1_269' title='bbox 1749 2517 1971 2559; x_wconf 89' lang='lat' dir='ltr'><strong>DIVISA.</strong></span> 
     </span>
    </p>
   </div>
   <div class='ocr_carea' id='block_1_7' title="bbox 39 2573 109 2614">
    <p class='ocr_par' dir='ltr' id='par_1_8' title="bbox 39 2573 109 2614">
     <span class='ocr_line' id='line_1_32' title="bbox 39 2573 109 2614; baseline -0.014 0"><span class='ocrx_word' id='word_1_270' title='bbox 39 2573 66 2614; x_wconf 65' lang='grc' dir='ltr'>’ᾖ</span> <span class='ocrx_word' id='word_1_271' title='bbox 87 2576 109 2613; x_wconf 51' lang='grc' dir='ltr'>’ἐξ</span> 
     </span>
    </p>
   </div>
   <div class='ocr_carea' id='block_1_8' title="bbox 0 2690 2082 2885">
    <p class='ocr_par' dir='ltr' id='par_1_9' title="bbox 0 2690 2082 2885">
     <span class='ocr_line' id='line_1_33' title="bbox 50 2690 2081 2751; baseline 0 -16"><span class='ocrx_word' id='word_1_272' title='bbox 50 2704 111 2745; x_wconf 41' lang='lat' dir='ltr'>*rr—J</span> <span class='ocrx_word' id='word_1_273' title='bbox 138 2720 140 2723; x_wconf 87' lang='lat'><em>·</em></span> <span class='ocrx_word' id='word_1_274' title='bbox 209 2690 390 2736; x_wconf 88' lang='lat' dir='ltr'>Deinde</span> <span class='ocrx_word' id='word_1_275' title='bbox 414 2691 796 2736; x_wconf 88' lang='lat' dir='ltr'>considerandum</span> <span class='ocrx_word' id='word_1_276' title='bbox 817 2702 886 2738; x_wconf 88' lang='lat' dir='ltr'>est</span> <span class='ocrx_word' id='word_1_277' title='bbox 905 2693 960 2737; x_wconf 91' lang='lat' dir='ltr'>de</span> <span class='ocrx_word' id='word_1_278' title='bbox 986 2692 1058 2736; x_wconf 92' lang='lat' dir='ltr'>his</span> <span class='ocrx_word' id='word_1_279' title='bbox 1084 2706 1199 2751; x_wconf 91' lang='lat' dir='ltr'>quae</span> <span class='ocrx_word' id='word_1_280' title='bbox 1226 2692 1449 2751; x_wconf 89' lang='lat' dir='ltr'>pertinent</span> <span class='ocrx_word' id='word_1_281' title='bbox 1475 2692 1530 2736; x_wconf 89' lang='lat' dir='ltr'>ad</span> <span class='ocrx_word' id='word_1_282' title='bbox 1559 2691 1796 2738; x_wconf 88' lang='lat' dir='ltr'>Christum</span> <span class='ocrx_word' id='word_1_283' title='bbox 1822 2693 1870 2737; x_wconf 92' lang='lat' dir='ltr'>in</span> <span class='ocrx_word' id='word_1_284' title='bbox 1897 2705 2081 2751; x_wconf 90' lang='lat' dir='ltr'>compa-</span> 
     </span>
     <span class='ocr_line' id='line_1_34' title="bbox 59 2756 2082 2819; baseline -0.002 -12"><span class='ocrx_word' id='word_1_285' title='bbox 59 2756 298 2809; x_wconf 25' lang='lat' dir='ltr'>statione</span> <span class='ocrx_word' id='word_1_286' title='bbox 324 2758 381 2803; x_wconf 90' lang='lat' dir='ltr'>ad</span> <span class='ocrx_word' id='word_1_287' title='bbox 405 2773 514 2805; x_wconf 89' lang='lat' dir='ltr'>nos:</span> <span class='ocrx_word' id='word_1_288' title='bbox 547 2769 592 2803; x_wconf 94' lang='lat' dir='ltr'>et</span> <span class='ocrx_word' id='word_1_289' title='bbox 610 2761 751 2819; x_wconf 85' lang='lat' dir='ltr'>primo</span> <span class='ocrx_word' id='word_1_290' title='bbox 784 2759 840 2804; x_wconf 90' lang='lat' dir='ltr'>de</span> <span class='ocrx_word' id='word_1_291' title='bbox 873 2759 1140 2803; x_wconf 87' lang='lat' dir='ltr'>adoratione</span> <span class='ocrx_word' id='word_1_292' title='bbox 1173 2759 1359 2813; x_wconf 89' lang='lat' dir='ltr'>Christi,</span> <span class='ocrx_word' id='word_1_293' title='bbox 1391 2774 1481 2818; x_wconf 88' lang='lat' dir='ltr'>qua</span> <span class='ocrx_word' id='word_1_294' title='bbox 1513 2759 1688 2804; x_wconf 90' lang='lat' dir='ltr'>scilicet</span> <span class='ocrx_word' id='word_1_295' title='bbox 1718 2773 1804 2804; x_wconf 90' lang='lat' dir='ltr'>nos</span> <span class='ocrx_word' id='word_1_296' title='bbox 1837 2774 1944 2805; x_wconf 92' lang='lat' dir='ltr'>eum</span> <span class='ocrx_word' id='word_1_297' title='bbox 1978 2761 2082 2803; x_wconf 91' lang='lat' dir='ltr'>ado-</span> 
     </span>
     <span class='ocr_line' id='line_1_35' title="bbox 0 2825 1646 2885; baseline -0.001 -14"><span class='ocrx_word' id='word_1_298' title='bbox 0 2863 3 2871; x_wconf 84' lang='lat'><em>.</em></span> <span class='ocrx_word' id='word_1_299' title='bbox 53 2846 68 2853; x_wconf 59' lang='lat'>·&gt;</span> <span class='ocrx_word' id='word_1_300' title='bbox 98 2842 102 2846; x_wconf 93' lang='lat'>·</span> <span class='ocrx_word' id='word_1_301' title='bbox 123 2837 301 2869; x_wconf 80' lang='lat' dir='ltr'>ramus:</span> <span class='ocrx_word' id='word_1_302' title='bbox 321 2826 495 2871; x_wconf 73' lang='lat' dir='ltr'>secundo</span> <span class='ocrx_word' id='word_1_303' title='bbox 522 2825 578 2870; x_wconf 86' lang='lat' dir='ltr'>de</span> <span class='ocrx_word' id='word_1_304' title='bbox 603 2825 695 2870; x_wconf 91' lang='lat' dir='ltr'>hoc</span> <span class='ocrx_word' id='word_1_305' title='bbox 722 2826 846 2885; x_wconf 91' lang='lat' dir='ltr'>quod</span> <span class='ocrx_word' id='word_1_306' title='bbox 872 2835 939 2870; x_wconf 91' lang='lat' dir='ltr'>est</span> <span class='ocrx_word' id='word_1_307' title='bbox 963 2825 1190 2870; x_wconf 90' lang='lat' dir='ltr'>Mediator</span> <span class='ocrx_word' id='word_1_308' title='bbox 1214 2836 1370 2870; x_wconf 90' lang='lat' dir='ltr'>noster</span> <span class='ocrx_word' id='word_1_309' title='bbox 1396 2826 1452 2870; x_wconf 88' lang='lat' dir='ltr'>ad</span> <span class='ocrx_word' id='word_1_310' title='bbox 1477 2826 1646 2870; x_wconf 90' lang='lat' dir='ltr'>Deum.</span> 
     </span>
    </p>
   </div>
   <div class='ocr_carea' id='block_1_9' title="bbox 732 2936 1463 2997">
    <p class='ocr_par' dir='ltr' id='par_1_10' title="bbox 732 2936 1463 2997">
     <span class='ocr_line' id='line_1_36' title="bbox 732 2936 1463 2997; baseline 0 -16"><span class='ocrx_word' id='word_1_311' title='bbox 732 2936 863 2982; x_wconf 82' lang='lat' dir='ltr'>Circa</span> <span class='ocrx_word' id='word_1_312' title='bbox 878 2939 1072 2997; x_wconf 85' lang='lat' dir='ltr'>primum</span> <span class='ocrx_word' id='word_1_313' title='bbox 1097 2944 1358 2997; x_wconf 84' lang='lat' dir='ltr'>quaeruntur</span> <span class='ocrx_word' id='word_1_314' title='bbox 1381 2952 1463 2983; x_wconf 84' lang='lat' dir='ltr'>sex.</span> 
     </span>
    </p>
   </div>
   <div class='ocr_carea' id='block_1_10' title="bbox 0 3025 2085 3484">
    <p class='ocr_par' dir='ltr' id='par_1_11' title="bbox 0 3025 2085 3484">
     <span class='ocr_line' id='line_1_37' title="bbox 0 3025 2085 3089; baseline -0 -19"><span class='ocrx_word' id='word_1_315' title='bbox 0 3074 4 3089; x_wconf 15' lang='lat'>¹,</span> <span class='ocrx_word' id='word_1_316' title='bbox 212 3025 383 3070; x_wconf 91' lang='lat' dir='ltr'>Primo.</span> <span class='ocrx_word' id='word_1_317' title='bbox 410 3025 574 3071; x_wconf 86' lang='lat' dir='ltr'>Utrum</span> <span class='ocrx_word' id='word_1_318' title='bbox 601 3040 693 3070; x_wconf 91' lang='lat' dir='ltr'>una</span> <span class='ocrx_word' id='word_1_319' title='bbox 710 3035 755 3071; x_wconf 92' lang='lat' dir='ltr'>et</span> <span class='ocrx_word' id='word_1_320' title='bbox 780 3026 942 3071; x_wconf 90' lang='lat' dir='ltr'>eadem</span> <span class='ocrx_word' id='word_1_321' title='bbox 968 3026 1235 3071; x_wconf 87' lang='lat' dir='ltr'>adoratione</span> <span class='ocrx_word' id='word_1_322' title='bbox 1262 3027 1318 3071; x_wconf 94' lang='lat' dir='ltr'>sit</span> <span class='ocrx_word' id='word_1_323' title='bbox 1334 3026 1566 3071; x_wconf 89' lang='lat' dir='ltr'>adoranda</span> <span class='ocrx_word' id='word_1_324' title='bbox 1594 3026 1804 3071; x_wconf 89' lang='lat' dir='ltr'>divinitas</span> <span class='ocrx_word' id='word_1_325' title='bbox 1834 3025 2020 3079; x_wconf 88' lang='lat' dir='ltr'>Christi,</span> <span class='ocrx_word' id='word_1_326' title='bbox 2039 3035 2085 3070; x_wconf 90' lang='lat' dir='ltr'>et</span> 
     </span>
     <span class='ocr_line' id='line_1_38' title="bbox 51 3091 519 3150; baseline 0 -12"><span class='ocrx_word' id='word_1_327' title='bbox 51 3096 82 3134; x_wconf 73' lang='grc' dir='ltr'>--ΐ</span> <span class='ocrx_word' id='word_1_328' title='bbox 98 3091 222 3150; x_wconf 47' lang='lat' dir='ltr'>,feius</span> <span class='ocrx_word' id='word_1_329' title='bbox 244 3092 519 3138; x_wconf 89' lang='lat' dir='ltr'>humanitas.</span> 
     </span>
     <span class='ocr_line' id='line_1_39' title="bbox 214 3158 1799 3208; baseline 0 -5"><span class='ocrx_word' id='word_1_330' title='bbox 214 3158 442 3208; x_wconf 85' lang='lat' dir='ltr'>Secundo.</span> <span class='ocrx_word' id='word_1_331' title='bbox 469 3160 637 3204; x_wconf 88' lang='lat' dir='ltr'>Utrum</span> <span class='ocrx_word' id='word_1_332' title='bbox 660 3173 768 3204; x_wconf 92' lang='lat' dir='ltr'>caro</span> <span class='ocrx_word' id='word_1_333' title='bbox 795 3158 968 3208; x_wconf 87' lang='lat' dir='ltr'>Christi</span> <span class='ocrx_word' id='word_1_334' title='bbox 992 3160 1050 3205; x_wconf 91' lang='lat' dir='ltr'>sit</span> <span class='ocrx_word' id='word_1_335' title='bbox 1075 3160 1308 3204; x_wconf 89' lang='lat' dir='ltr'>adoranda</span> <span class='ocrx_word' id='word_1_336' title='bbox 1334 3160 1599 3204; x_wconf 89' lang='lat' dir='ltr'>adoratione</span> <span class='ocrx_word' id='word_1_337' title='bbox 1626 3158 1799 3204; x_wconf 90' lang='lat' dir='ltr'>latriae.</span> 
     </span>
     <span class='ocr_line' id='line_1_40' title="bbox 215 3223 1784 3284; baseline 0.001 -16"><span class='ocrx_word' id='word_1_338' title='bbox 215 3223 390 3270; x_wconf 88' lang='lat' dir='ltr'>Tertio.</span> <span class='ocrx_word' id='word_1_339' title='bbox 417 3225 585 3271; x_wconf 89' lang='lat' dir='ltr'>Utrum</span> <span class='ocrx_word' id='word_1_340' title='bbox 610 3226 815 3270; x_wconf 85' lang='lat' dir='ltr'>adoratio</span> <span class='ocrx_word' id='word_1_341' title='bbox 837 3225 994 3270; x_wconf 88' lang='lat' dir='ltr'>latriae</span> <span class='ocrx_word' id='word_1_342' title='bbox 1020 3227 1078 3270; x_wconf 90' lang='lat' dir='ltr'>sit</span> <span class='ocrx_word' id='word_1_343' title='bbox 1103 3227 1391 3271; x_wconf 83' lang='lat' dir='ltr'>exhibenda</span> <span class='ocrx_word' id='word_1_344' title='bbox 1380 3227 1572 3284; x_wconf 79' lang='lat' dir='ltr'>imagini</span> <span class='ocrx_word' id='word_1_345' title='bbox 1599 3226 1784 3273; x_wconf 89' lang='lat' dir='ltr'>Christi.</span> 
     </span>
     <span class='ocr_line' id='line_1_41' title="bbox 217 3290 1326 3344; baseline 0.002 -8"><span class='ocrx_word' id='word_1_346' title='bbox 217 3290 409 3344; x_wconf 89' lang='lat' dir='ltr'>Quarto.</span> <span class='ocrx_word' id='word_1_347' title='bbox 436 3293 604 3338; x_wconf 87' lang='lat' dir='ltr'>Utrum</span> <span class='ocrx_word' id='word_1_348' title='bbox 629 3293 687 3338; x_wconf 91' lang='lat' dir='ltr'>sit</span> <span class='ocrx_word' id='word_1_349' title='bbox 711 3292 965 3338; x_wconf 84' lang='lat' dir='ltr'>exhibenda</span> <span class='ocrx_word' id='word_1_350' title='bbox 991 3294 1115 3337; x_wconf 90' lang='lat' dir='ltr'>cruci</span> <span class='ocrx_word' id='word_1_351' title='bbox 1139 3293 1326 3339; x_wconf 82' lang='lat' dir='ltr'>Christi.</span> 
     </span>
     <span class='ocr_line' id='line_1_42' title="bbox 163 3357 1260 3417; baseline 0.002 -15"><span class='ocrx_word' id='word_1_352' title='bbox 163 3408 169 3415; x_wconf 85' lang='lat'><em>.</em></span> <span class='ocrx_word' id='word_1_353' title='bbox 218 3357 411 3411; x_wconf 86' lang='lat' dir='ltr'>Quinto.</span> <span class='ocrx_word' id='word_1_354' title='bbox 437 3359 604 3404; x_wconf 86' lang='lat' dir='ltr'>Utrum</span> <span class='ocrx_word' id='word_1_355' title='bbox 629 3360 688 3404; x_wconf 89' lang='lat' dir='ltr'>sit</span> <span class='ocrx_word' id='word_1_356' title='bbox 712 3359 964 3404; x_wconf 83' lang='lat' dir='ltr'>exhibenda</span> <span class='ocrx_word' id='word_1_357' title='bbox 989 3360 1125 3404; x_wconf 90' lang='lat' dir='ltr'>Matri</span> <span class='ocrx_word' id='word_1_358' title='bbox 1151 3361 1260 3417; x_wconf 89' lang='lat' dir='ltr'>ejus.</span> 
     </span>
     <span class='ocr_line' id='line_1_43' title="bbox 104 3423 1410 3484; baseline 0.001 -15"><span class='ocrx_word' id='word_1_359' title='bbox 104 3452 108 3455; x_wconf 36' lang='grc' dir='ltr'><em>ν</em></span> <span class='ocrx_word' id='word_1_360' title='bbox 151 3468 153 3471; x_wconf 78' lang='grc'>,</span> <span class='ocrx_word' id='word_1_361' title='bbox 218 3423 371 3470; x_wconf 77' lang='lat' dir='ltr'>Sexto.</span> <span class='ocrx_word' id='word_1_362' title='bbox 396 3424 469 3470; x_wconf 88' lang='lat' dir='ltr'>De</span> <span class='ocrx_word' id='word_1_363' title='bbox 494 3425 760 3470; x_wconf 87' lang='lat' dir='ltr'>adoratione</span> <span class='ocrx_word' id='word_1_364' title='bbox 785 3424 1098 3484; x_wconf 89' lang='lat' dir='ltr'>Reliquiarum</span> <span class='ocrx_word' id='word_1_365' title='bbox 1122 3426 1410 3470; x_wconf 88' lang='lat' dir='ltr'>Sanctorum.</span> 
     </span>
    </p>
   </div>
  </div>
 </body>
</html>
