2352 3926
648 260 928 319 Quffls'n'o
968 265 1158 311 vam.
1200 263 1507 311 Alimentus
1547 269 1623 309 xr.
2015 268 2120 326 595

157 365 356 423 &inulla
377 371 652 420 exteriorum
677 373 874 432 partium
899 373 1135 433 integritas
1159 371 1280 418 vitae
1305 372 1369 417 ita
1396 370 1618 426 consistit,
1644 370 1763 417 sicut
1785 370 1834 416 i'n
1868 371 2030 431 capite,
2062 371 2126 416 vi-

158 441 289 487 detur
304 440 589 502 quibusdam,
607 440 730 501 quod
747 451 931 501 propter
946 440 1148 495 dubium,
1166 453 1455 500 quacumque
1483 438 1570 483 alia
1589 447 1713 498 parte
1733 438 1938 499 corporis
1955 437 2125 492 abluta,

158 515 271 569 puer
296 516 399 569 post
423 506 673 569 perfectam
699 506 983 553 nativitatem
1009 507 1067 552 sit
1090 506 1384 566 baptizandus
1407 507 1487 551 sub
1511 506 1598 551 hac
1625 505 1799 551 forma:
1830 522 1854 548 α
1871 505 1922 552 Si
1951 519 2048 551 non
2073 519 2122 551 es

157 574 424 638 baptizatus,
450 589 538 636 ego
565 585 609 620 te
635 574 874 635 baptizo».

0 600 19 731 ”vv-vv
2 395 25 485 μ’μ’»ω
9 196 26 277 .;·-»
22 174 23 177 „

24 649 33 656 ‘
25 574 29 575 ¹
28 495 30 497 “
38 460 40 462 .
27 174 46 239 ’πῳμξι
24 95 44 149 ἶῇτζ,

0 737 18 793 ''CL‘'

827 771 1264 831 ARTICULUS
1311 772 1439 828 XII.
1981 860 1983 862 q
2043 799 2123 848 395

383 926 575 966 UTRUM
618 925 853 977 FURIOSI,
892 925 964 964 ET
1004 923 1258 964 AMENTES
1298 924 1554 963 DEBEANT
1595 922 1896 964 BAPTIZARI.

11 914 14 924 ·

0 989 35 1045 ξ,

0 1071 8 1093 ἢ

0 1108 9 1123 f,

0 1134 6 1150 t

440 1050 504 1109 (4.
521 1050 635 1095 Dist.
646 1062 688 1107 4.
706 1064 745 1108 q.
758 1064 794 1109 3.
815 1055 896 1094 art.
913 1065 948 1094 1.
969 1065 1006 1108 q.
1023 1064 1056 1108 3.
1075 1055 1114 1094 et
1129 1049 1241 1093 Dist.
1258 1050 1323 1094 18.
1341 1063 1379 1107 q.
1399 1065 1432 1094 ι.
1452 1054 1533 1093 art.
1546 1063 1582 1108 3.
1604 1063 1644 1107 q.
1667 1060 1703 1092 ι.
1722 1056 1839 1109 corp.

826 1122 864 1162 et
887 1116 997 1162 Veri.
1015 1132 1054 1176 q.
1071 1118 1140 1163 28.
1159 1122 1241 1161 art.
1254 1131 1291 1176 3.
1309 1115 1363 1161 ad
1379 1115 1453 1174 1.).

183 1242 185 1244 ’
248 1242 325 1288 AD
342 1254 671 1287 DUODECIMUM
687 1242 751 1286 sic
774 1242 1047 1301 proceditur.
1069 1242 1278 1296 Videtur,
1295 1241 1417 1301 quod
1444 1240 1618 1296 furiosi,
1636 1250 1680 1286 et
1706 1250 1911 1286 amentes
1933 1256 2028 1286 non
2055 1241 2130 1287 de-

160 1311 296 1356 beant
319 1309 560 1370 baptizari:
585 1309 639 1354 ad
666 1310 1006 1369 susceptionem
1025 1310 1148 1355 enim
1167 1309 1382 1370 baptismi
1406 1308 1648 1368 requiritur
1674 1308 1865 1352 intentio
1892 1309 1939 1352 in
1968 1323 2022 1353 eo
2050 1309 2130 1369 qui

159 1374 428 1437 Baptizatur,
453 1385 503 1421 ut
528 1390 663 1436 supra
691 1377 863 1421 dictum
893 1385 958 1421 est
981 1378 1083 1435 (art.
1108 1391 1145 1436 7.
1173 1377 1260 1436 huj.
1284 1378 1372 1436 q.).·
1400 1377 1478 1420 sed
1504 1375 1678 1431 furiosi,
1706 1384 1749 1420 et
1777 1385 1996 1431 amentes,
2026 1390 2131 1420 cum

161 1453 346 1488 careant
370 1458 454 1488 usu
480 1444 682 1498 rationis,
708 1458 803 1488 non
828 1455 1019 1502 possunt
1039 1444 1205 1488 habere
1231 1444 1320 1488 nisi
1333 1442 1642 1488 inordinatam
1658 1443 1987 1498 intentionem3
2016 1458 2127 1503 ergo

159 1525 254 1556 non
280 1510 446 1556 debent
469 1510 698 1569 baptizari.

250 1590 291 1621 2.
317 1577 616 1622 PRAETEREA.
645 1572 800 1622 Homo
826 1577 958 1622 bruta
980 1577 1195 1622 animalia
1211 1577 1524 1637 superexcedit
1549 1577 1595 1621 in
1620 1577 1728 1631 hoc,
1756 1577 1878 1637 quod
1901 1577 2040 1622 habet
2062 1592 2131 1621 ra-

159 1645 359 1690 tionem:
393 1643 472 1689 sed
507 1643 681 1698 furiosi,
714 1654 759 1688 et
791 1654 995 1689 amentes
1027 1659 1121 1688 non
1152 1644 1322 1689 habent
1362 1658 1497 1689 usum
1533 1644 1737 1698 rationis,
1772 1654 1818 1689 et
1853 1645 2129 1704 quandoque

161 1712 301 1757 etiam
326 1711 373 1756 in
400 1711 465 1767 eis
490 1725 584 1755 non
611 1721 882 1771 espectatur‚
908 1712 1026 1756 sicut
1062 1721 1322 1772 expectatur
1352 1712 1400 1755 in
1430 1712 1607 1772 pueris;
1635 1727 1745 1771 ergo
1777 1711 1970 1766 videtur,
2004 1711 2129 1771 quod

161 1780 278 1824 sicut
293 1778 424 1823 bruta
449 1777 667 1823 animalia
692 1793 787 1823 non
811 1778 1110 1838 baptizantur,
1127 1781 1189 1824 ita
1205 1793 1290 1823 nec
1315 1777 1430 1823 tales
1445 1777 1618 1833 furiosi,
1637 1788 1682 1823 et
1707 1788 1911 1823 amentes
1931 1778 2128 1823 debeant

160 1845 394 1906 baptizari.

257 1928 296 1973 3.
321 1913 621 1958 PRAETEREA.
648 1913 797 1972 Magis
823 1923 891 1958 est
915 1911 1082 1972 ligatus
1108 1927 1215 1958 usus
1247 1912 1436 1957 rationis
1461 1912 1507 1956 in
1533 1912 1730 1967 furiosis,
1755 1912 1829 1958 vel
1855 1912 2129 1966 amentibus,

161 1993 303 2041 quam
327 1980 375 2024 in
402 1980 752 2024 dormientibus:
781 1981 859 2025 sed
875 1981 1126 2040 baptismus
1142 1994 1238 2025 non
1264 1982 1503 2025 consuevit
1519 1980 1617 2024 dari
1634 1981 1989 2035 dormientibus;
2017 1994 2127 2040 ergo

162 2061 259 2094 non
279 2047 414 2092 debet
438 2047 535 2091 dari
560 2047 830 2102 amentibus,
857 2057 901 2092 et
925 2046 1120 2092 furiosis.

253 2114 349 2160 SED
376 2127 572 2160 CONTRA
589 2125 672 2169 est,
698 2115 821 2174 quod
846 2114 1039 2174 August.
1068 2115 1176 2160 dicit
1200 2127 1241 2171 4.
1261 2114 1397 2160 Conf.
1422 2115 1534 2174 (cap.
1552 2129 1595 2173 4.
1623 2117 1722 2160 circ.
1741 2115 1869 2173 med.)
1896 2114 1951 2159 de
1975 2115 2127 2160 amico

164 2196 265 2237 suo,
297 2183 375 2241 qui
404 2198 427 2223 t<
446 2196 551 2226 cum
584 2182 911 2241 desperaretur,
936 2182 1187 2242 baptizatus
1215 2192 1283 2227 est
1307 2183 1516 2227 nesciens
1535 2199 1576 2236 »,
1621 2193 1665 2227 et
1696 2193 1852 2227 tamen
1879 2182 2131 2242 baptismus

160 2249 210 2294 in
241 2263 298 2294 eo
335 2248 586 2294 efficaciam
618 2249 797 2303 habuit3
824 2263 935 2310 ergo
969 2250 1224 2294 carentibus
1257 2264 1342 2294 usu
1374 2249 1562 2293 rationis
1596 2248 1841 2309 aliquando
1874 2249 2125 2309 baptismus

162 2316 260 2361 dari
291 2315 437 2361 debet.

251 2382 542 2428 RESPONDEO
569 2382 827 2439 dicendum,
854 2383 977 2443 quod
995 2383 1115 2428 circa
1135 2393 1354 2438 amentes,
1373 2394 1416 2428 et
1433 2383 1629 2428 furiosos
1647 2393 1714 2428 est
1731 2383 2100 2442 distinguendum
2122 2399 2130 2426 :

163 2449 350 2513 quidam
366 2451 489 2494 enim
504 2459 610 2494 sunt
626 2464 651 2493 a
672 2450 906 2495 nativitate
923 2450 1052 2505 tales,
1070 2450 1195 2495 nulla
1221 2451 1441 2495 habentes
1459 2451 1610 2494 lucida
1628 2449 1880 2505 intervalla,
1898 2451 1943 2494 in
1966 2451 2130 2510 quibus

164 2516 304 2562 etiam
328 2515 479 2562 nullus
505 2530 612 2578 usus
637 2517 825 2562 rationis
853 2528 1057 2578 apparet3
1086 2527 1130 2563 et
1146 2518 1201 2562 de
1219 2518 1398 2572 talibus,
1422 2528 1642 2577 quantum
1663 2518 1720 2562 ad
1742 2518 1956 2577 baptismi
1982 2532 2133 2563 susce-

164 2583 386 2642 ptionem,
409 2583 586 2628 videtur
612 2598 710 2629 esse
737 2584 859 2629 idem
883 2584 1120 2644 judicium,
1143 2585 1265 2645 quod
1289 2585 1344 2629 de
1367 2586 1532 2645 pueris,
1559 2585 1635 2644 qui
1661 2585 1945 2644 baptizantur
1969 2586 2016 2629 in
2037 2585 2126 2629 fide

166 2648 415 2704 Ecclesiae,
440 2659 489 2694 ut
517 2663 651 2711 supra
678 2651 850 2696 dictum
883 2661 951 2696 est
977 2651 1078 2708 (art.
1113 2667 1153 2712 9.
1182 2652 1268 2710 huj.
1302 2652 1388 2711 q.):
1415 2651 1491 2696 alii
1522 2666 1634 2697 vero
1661 2662 1766 2697 sunt
1798 2662 2018 2706 amentes,
2051 2653 2129 2711 qui

167 2728 222 2761 ex
247 2729 358 2760 sana
374 2712 543 2771 mente,
569 2731 706 2779 quam
732 2717 988 2762 habuerunt
1003 2718 1140 2778 prius,
1165 2719 1212 2762 in
1240 2720 1490 2763 amentiam
1511 2719 1790 2774 inciderunt3
1818 2729 1862 2764 et
1886 2719 2001 2764 tales
2028 2730 2134 2764 sunt

166 2781 398 2842 judicandi
423 2782 675 2828 secundum
699 2782 1001 2840 voluntatem,
1025 2800 1163 2844 quam
1189 2785 1458 2840 habuerunt,
1485 2786 1592 2830 dum
1621 2800 1759 2830 sanae
1786 2788 1950 2830 mentis
1977 2786 2133 2830 existe-

168 2859 292 2894 rent:
320 2860 364 2894 et
387 2849 508 2903 ideo,
525 2849 565 2894 si
587 2859 694 2894 tunc
722 2851 926 2911 apparuit
952 2853 1000 2896 in
1026 2852 1089 2896 eis
1122 2852 1333 2898 voluntas
1366 2852 1643 2913 suscipiendi
1674 2853 1967 2912 baptismum,
1999 2852 2134 2896 debet

168 2916 234 2961 eis
259 2915 460 2960 exhiberi
486 2915 533 2959 in
556 2914 688 2970 furia,
714 2926 759 2961 et
789 2919 989 2963 amentia
1022 2919 1291 2972 constitutis,
1325 2919 1504 2964 etiamsi
1529 2929 1635 2963 tunc
1665 2929 1767 2963 actu
1794 2918 2133 2964 contradicant:

167 2982 370 3042 alioquin
411 2983 449 3026 si
473 2981 600 3026 nulla
620 2982 831 3028 voluntas
859 2985 1132 3045 suscipiendi
1148 2987 1426 3045 baptismum
1448 2987 1494 3029 in
1523 2987 1586 3030 eis
1610 2986 1829 3045 apparuit,
1858 2986 1966 3029 dum
1991 2999 2130 3029 sanae

166 3051 333 3094 mentis
356 3059 520 3102 essent,
544 3062 639 3092 non
666 3059 769 3094 sunt
797 3050 1067 3109 baptizandi.
1103 3051 1307 3105 Quidam
1333 3067 1444 3097 vero
1477 3063 1595 3107 sunt,
1628 3053 1705 3111 qui
1738 3052 1820 3096 etsi
1847 3066 1873 3095 a
1899 3052 2133 3096 nativitate

165 3113 334 3161 fuerint
354 3115 528 3169 furiosi,
554 3114 627 3160 vel
654 3125 872 3170 amentes,
898 3115 1068 3163 habent
1086 3128 1242 3164 tamen
1269 3119 1419 3178 aliqua
1445 3119 1596 3163 lucida
1623 3117 1874 3171 intervalla,
1896 3119 1941 3161 in
1970 3118 2131 3178 quibus

169 3193 294 3228 recta
325 3183 502 3228 ratione
540 3183 605 3227 uti
640 3192 855 3242 possunt3
887 3184 1006 3229 unde
1038 3185 1077 3230 si
1110 3195 1216 3231 tunc
1249 3186 1466 3245 baptizari
1496 3185 1740 3238 voluerint,
1779 3185 1995 3244 baptizari
2034 3200 2135 3245 pos-

169 3260 275 3296 sunt
300 3251 440 3295 etiam
467 3249 512 3293 in
541 3251 739 3293 amentia
767 3250 1017 3294 constituti:
1046 3261 1091 3296 et
1111 3252 1243 3296 debet
1268 3253 1332 3296 eis
1357 3262 1465 3296 tunc
1492 3262 1830 3296 sacramentum
1859 3251 2070 3306 conferri,
2094 3252 2134 3297 si

169 3316 424 3377 periculum
456 3317 691 3361 timeatur:
725 3315 929 3375 alioquin
960 3316 1124 3362 melius
1148 3328 1230 3372 est,
1257 3330 1306 3363 ut
1330 3329 1510 3378 tempus
1543 3327 1813 3377 expectetur,
1841 3319 1885 3361 in
1921 3333 2012 3378 quo
2045 3319 2134 3364 sint

169 3397 308 3428 sanae
334 3384 515 3437 mentis,
543 3382 597 3426 ad
625 3383 715 3426 hoc
743 3383 865 3441 quod
888 3383 1094 3428 devotius
1116 3386 1365 3445 suscipiant
1389 3394 1753 3429 sacramentum:
1781 3385 1818 3429 si
1846 3395 1998 3430 autem
2025 3396 2136 3431 tem-

169 3464 281 3510 pore
313 3450 453 3495 lucidi
483 3449 710 3493 intervalli
741 3462 836 3493 non
869 3459 1083 3509 appareat
1113 3450 1159 3495 in
1192 3452 1257 3496 eis
1287 3452 1500 3496 voluntas
1537 3451 1813 3510 suscipiendi
1839 3452 2132 3511 baptismum,

169 3517 388 3578 baptizari
413 3530 507 3562 non
534 3516 700 3576 debent
724 3517 770 3559 in
799 3515 998 3560 amentia
1030 3517 1275 3565 constituti.
1302 3519 1505 3571 Quidam
1537 3532 1647 3562 vero
1680 3528 1797 3572 sunt,
1825 3519 1902 3578 qui
1929 3521 2011 3564 etsi
2037 3534 2133 3565 non

171 3581 364 3638 omnino
390 3593 528 3630 sanae
554 3580 731 3629 mentis'
749 3584 954 3637 existant,
976 3582 1202 3632 intantum
1218 3594 1371 3629 tamen
1391 3585 1565 3629 ratione
1583 3594 1782 3639 utuntur,
1806 3586 1927 3645 quod
1945 3598 2137 3646 possunt

172 3650 237 3698 de·
252 3650 335 3698 su'a
360 3650 505 3698 'salute
522 3652 740 3712 cogitare,
763 3660 808 3696 et
831 3648 1085 3711 intelligere
1109 3653 1383 3698 sacramenti
1407 3653 1644 3698 virtutem:
1672 3661 1717 3698 et
1742 3663 1798 3699 ue
1823 3652 1987 3700 talibus
2013 3651 2134 3701 idem
