2352 3926
612 245 894 293 QUAESTIO
937 246 1098 286 Lxxv.
1139 233 1446 287 ARTICULUS
1486 243 1564 285 111.
1962 234 2068 303 659

106 355 180 395 est
204 347 308 406 (art.
329 349 524 409 praem:
549 361 634 394 nec
661 349 799 394 etiam
834 357 901 395 est
932 349 1038 395 dare
1072 348 1270 409 aliquem
1302 348 1475 404 locum,
1508 348 1584 394 ubi
1614 349 1694 405 sit;
1727 344 1838 411 ergo
1871 363 1966 394 non
2000 360 2068 394 est

104 414 278 476 unqaid
305 427 407 476 post
434 417 853 471 consecrationem3
878 417 1015 476 igitur
1046 427 1123 461 aut
1154 426 1221 462 est
1246 416 1510 471 annihilata,
1545 426 1621 461 aut
1650 416 1698 461 in
1727 418 2067 477 praejacentem

107 483 349 545 materiam
376 483 589 528 resoluta.

120 562 139 578 ’-
197 551 238 594 2.
264 549 561 595 PRAETEREA.
589 550 705 595 Illud
732 551 854 610 quod
882 561 949 596 est
974 550 1193 595 terminus
1219 565 1246 595 a
1280 566 1359 610 quo
1385 551 1431 595 in
1458 550 1657 610 qualibet
1688 549 1942 595 mutatione
1967 564 2062 595 non

109 627 328 670 remanet,
354 619 442 661 nisi
467 617 583 663 forte
610 619 655 662 in
682 619 884 678 potentia
911 619 1151 671 materiae;
1179 618 1295 662 sicut
1322 633 1427 662 cum
1455 634 1510 663 ex
1537 623 1639 663 aere
1671 619 1721 663 fit
1752 619 1884 679 ignis,
1915 621 2066 664 forma

110 683 225 728 aeris
250 697 346 728 non
373 695 528 729 manet
553 685 639 729 nisi
666 685 710 728 in
738 685 942 744 potentia
967 686 1205 729 materiae:
1225 695 1267 729 et
1285 685 1490 729 similiter
1517 685 1698 744 quando
1724 700 1776 731 ex
1799 684 1903 730 albo
1930 685 1980 731 fit
2004 687 2068 731 ni-

105 759 272 810 grum:
300 752 417 796 sed
405 767 451 795 in
479 753 568 796 hoc
602 761 889 796 sacramento
916 751 1165 795 substantia
1196 752 1340 810 panis,
1368 761 1444 796 aut
1468 752 1562 796 vini
1594 765 1640 796 se
1673 753 1810 797 habet
1841 753 1959 797 sicut
1983 761 2067 798 ter-

49 814 258 866 '4‘tn1nus
276 833 301 862 a
319 833 412 877 quo,
437 833 602 878 corpus
630 829 796 871 autem,
823 817 897 862 vel
923 818 1106 876 sanguis
1126 817 1297 862 Christi
1323 818 1439 862 sicut
1459 819 1679 863 terminus
1706 819 1759 863 ad
1784 835 1931 879 quem:
1960 818 2070 864 dicit

106 884 229 930 enim
246 886 461 930 Ambros.
488 887 534 929 in
559 885 634 930 lib.
653 886 708 930 de
728 884 905 930 Officiis
935 885 1049 940 (hab.
1068 885 1138 929 lib.
1161 885 1207 929 de
1238 885 1440 930 Inititznd.
1469 895 1558 946 cap.
1587 901 1627 945 9.
1662 902 1687 931 a
1709 887 1864 945 med)
1896 886 2062 932 «Ante

106 952 474 997 benedictionem
499 953 578 996 illa
604 953 777 1012 species
804 951 1080 1006 nominatur,
1107 963 1210 1010 post
1234 952 1603 997 benedictionem
1630 968 1794 1013 corpus
1818 953 1990 999 Christi
2016 954 2070 999 si-

106 1019 349 1079 gnificatur
372 1036 424 1074 »3
450 1034 579 1078 ergo,
602 1019 721 1063 facta
750 1019 1110 1073 consecratione,
1130 1019 1378 1063 substantia
1403 1020 1547 1078 panis,
1565 1020 1638 1064 vel
1665 1020 1758 1063 vini
1780 1035 1874 1065 non
1896 1031 2066 1075 manet,

104 1087 192 1132 nisi
216 1085 334 1131 forte
359 1086 560 1131 resoluta
586 1088 631 1130 in
658 1100 789 1130 suam
816 1086 1070 1147 materiam.

199 1168 237 1214 3.
263 1154 561 1200 PRAETEREA.
582 1154 779 1214 Oportet
806 1153 999 1198 alterum
1026 1153 1433 1198 contradictorium
1457 1167 1556 1198 esse
1572 1168 1751 1199 verum:
1774 1154 1852 1198 sed
1871 1154 1984 1200 haec
2004 1166 2072 1200 est

105 1220 243 1266 falsa:
273 1237 296 1263 α
321 1221 458 1266 Facta
501 1221 863 1275 consecratione,
890 1221 1140 1265 substantia
1172 1221 1316 1280 panis,
1342 1220 1416 1265 vel
1440 1221 1535 1265 vini
1577 1233 1644 1265 est
1684 1221 1852 1281 aliquid
1879 1238 1929 1277 >›;
1957 1236 2068 1282 ergo

106 1289 221 1333 haec
249 1297 316 1333 est
340 1302 470 1333 vera:
503 1304 526 1330 «
554 1288 814 1332 Substantia
841 1290 984 1347 panis,
1010 1287 1084 1332 vel
1110 1288 1202 1332 vini
1229 1298 1295 1333 est
1320 1287 1435 1332 nihil
1461 1305 1502 1331 >›.

195 1355 290 1401 sm>
318 1368 513 1401 CONTRA
540 1365 621 1409 est,
648 1355 769 1414 quod
796 1355 1079 1412 Augustinus
1106 1355 1214 1399 dicit
1240 1357 1286 1400 in
1311 1355 1388 1399 lib.
1417 1355 1486 1414 83.
1516 1354 1629 1408 QQ.
1657 1357 1714 1414 (q.
1741 1356 1825 1414 21.)
1842 1370 1856 1398 :
1887 1373 1911 1398 α
1937 1356 2065 1400 Deus

104 1435 199 1467 non
232 1432 301 1467 est
331 1437 470 1467 causa
500 1422 715 1467 tendendi
745 1422 791 1466 in
823 1436 918 1466 non
951 1436 1049 1466 esse
1090 1436 1139 1465 n:
1181 1422 1259 1467 sed
1301 1423 1391 1479 hoc
1423 1431 1762 1467 sacramentum
1803 1423 1956 1467 divina
1988 1424 2073 1467 vir-

101 1499 198 1534 tute
228 1488 458 1548 perficitur
470 1505 482 1544 ;
515 1489 703 1548 ergoin
744 1488 836 1534 hoc
878 1499 1166 1533 sacramento
1207 1503 1303 1533 non
1336 1488 1614 1533 annihilatur
1650 1490 1897 1535 substantia
1928 1491 2072 1550 panis,

102 1566 181 1602 aut
199 1556 307 1605 vini.
1079 1614 1081 1617 Ι

191 1623 482 1671 RESPONDEO
503 1622 762 1678 dicendum,
785 1623 906 1682 quod
930 1623 1035 1681 quia
1061 1623 1310 1667 substantia
1336 1624 1479 1682 panis,
1505 1622 1579 1667 vel
1603 1623 1698 1666 vini
1722 1637 1818 1668 non
1844 1634 2001 1668 manet
2020 1624 2068 1667 in

99 1690 192 1736 hoc
224 1699 528 1746 sacramento,
561 1691 748 1750 quidam
779 1689 1061 1749 impossibile
1093 1700 1367 1749 reputantes,
1395 1690 1517 1749 quod
1544 1691 1793 1734 substantia
1819 1692 1963 1750 panis,
1996 1690 2072 1735 vel

100 1758 197 1802 vini
220 1758 268 1802 in
296 1772 476 1818 corpus,
498 1757 573 1802 vel
599 1758 871 1817 sanguinem
898 1757 1071 1801 Christi
1098 1767 1402 1810 convertatur,
1429 1768 1677 1815 posuerunt
1703 1758 1826 1817 quod
1857 1773 1938 1818 per
1964 1772 2070 1802 con-

100 1826 407 1870 secrationem
433 1825 682 1870 substantia
709 1825 852 1884 panis,
878 1824 954 1868 vel
979 1824 1072 1868 vini
1092 1823 1167 1868 vel
1199 1823 1452 1868 resolvatur
1483 1825 1529 1867 in
1562 1827 1899 1884 praejacentem
1932 1836 2071 1870 mate-

98 1892 231 1947 riam,
246 1891 321 1937 vel
337 1892 459 1951 quod
478 1892 779 1947 annihiletur;
802 1892 1066 1951 praejacens
1085 1901 1239 1935 autem
1256 1891 1461 1946 materia,
1479 1891 1525 1934 in
1549 1906 1687 1950 quarn
1711 1906 1905 1952 corpora
1926 1893 2067 1937 mixta

99 1958 268 2006 resolvi
292 1969 498 2018 possunt,
529 1969 635 2003 sunt
665 1968 860 2018 quatuor
892 1957 1142 2012 elementa;
1168 1972 1264 2002 non
1292 1958 1414 2002 enim
1446 1969 1597 2018 potest
1632 1959 1852 2004 resolutio
1891 1959 1989 2004 fieri
2020 1960 2068 2004 in

59 2083 65 2087 ¹
101 2026 342 2085 materiam
363 2027 574 2086 primam,
591 2026 653 2070 ita
680 2026 802 2084 quod
829 2026 925 2070 sine
951 2024 1099 2068 forma
1121 2025 1294 2079 existat,
1329 2026 1433 2084 quia
1459 2026 1650 2070 materia
1676 2026 1773 2070 sine
1800 2025 1949 2070 forma
1971 2040 2070 2071 esse

98 2104 195 2138 non
219 2097 381 2153 potest.
411 2093 531 2138 Cum
560 2102 712 2136 autem
737 2102 841 2151 post
867 2092 1264 2135 consecrationem
1290 2091 1405 2135 nihil
1430 2093 1511 2135 sub
1535 2093 1772 2151 speciebus
1794 2094 2072 2139 sacramenti

99 2160 349 2214 remaneat,
375 2159 462 2203 nisi
489 2172 668 2218 corpus,
683 2167 727 2203 et
751 2158 935 2217 sanguis
954 2157 1140 2211 Christi,
1168 2158 1395 2216 oportebit
1420 2158 1585 2212 dicere,
1612 2159 1735 2218 quod
1762 2159 2006 2215 elementa,
2022 2161 2069 2205 in

101 2229 219 2287 quae
243 2226 444 2283 resoluta
471 2234 537 2270 est
563 2226 812 2270 substantia
837 2225 981 2284 panis,
1007 2223 1081 2268 vel
1105 2224 1213 2278 vini,
1240 2224 1345 2268 inde
1372 2224 1608 2269 discedant
1632 2240 1713 2284 per
1739 2235 1919 2270 motum
1946 2226 2069 2272 loca-

98 2294 209 2348 lem,
245 2293 367 2353 quod
385 2307 520 2338 sensu
542 2292 873 2352 perciperetur:
898 2291 1105 2335 similiter
1127 2291 1265 2335 etiam
1283 2291 1533 2336 substantia
1554 2291 1784 2351 panis,vel
1800 2293 1895 2338 vini
1911 2304 2070 2339 manet

98 2363 242 2421 nsque
268 2360 323 2404 ad
349 2358 562 2404 ultimum
588 2359 760 2404 instans
789 2358 1168 2403 consecrationis:
1192 2360 1238 2402 in
1264 2358 1426 2402 ultimo
1451 2369 1602 2402 autem
1630 2360 1815 2404 instanti
1835 2372 2071 2406 consecra-

97 2427 236 2473 tionis
260 2428 353 2486 jam
379 2436 447 2472 est
471 2425 532 2470 ibi
558 2424 806 2471 substantia
840 2424 1060 2484 corporis,
1085 2423 1160 2469 vel
1186 2425 1419 2483 sanguinis
1448 2425 1635 2481 Christi,
1677 2426 1794 2471 sicut
1825 2429 1871 2472 in
1904 2428 2067 2473 ultimo

97 2493 283 2540 insumi
308 2493 616 2552 generationis
642 2494 734 2551 jam
761 2492 879 2536 inest
903 2491 1074 2546 forma3
1102 2492 1222 2536 unde
1248 2506 1342 2536 non
1371 2493 1453 2536 erit
1475 2492 1581 2537 dare
1604 2493 1788 2553 aliquod
1810 2494 1998 2550 instans,
2020 2495 2067 2539 in

98 2571 191 2622 qno
209 2560 267 2605 sit
280 2559 342 2604 ibi
358 2561 620 2619 praejacens
644 2558 857 2605 materia:
880 2573 974 2603 non
998 2559 1120 2603 enirn
1143 2568 1292 2617 potest
1308 2559 1412 2613 dici,
1431 2559 1552 2618 quod
1571 2559 1791 2619 paulatim
1817 2561 2067 2606 substantia

15 2673 19 2675 ,
99 2626 244 2689 panis,
255 2626 330 2672 vel
344 2627 439 2670 vini
451 2626 706 2671 resolvatur
728 2627 774 2670 in
796 2628 1133 2686 praejacentem
1160 2627 1415 2682 materiam,
1436 2626 1510 2670 vel
1527 2629 1783 2672 successive
1810 2629 2067 2688 egrediatur

100 2696 158 2741 de
183 2695 291 2740 loco
326 2695 598 2754 specierum,
625 2693 730 2753 quia
757 2693 794 2738 si
820 2694 910 2737 hoc
937 2694 1158 2752 inciperet
1183 2692 1278 2737 fieri
1299 2693 1346 2737 in
1372 2693 1535 2738 ultimo
1563 2694 1748 2739 instanti
1773 2709 1882 2740 suae
1910 2709 2067 2740 conse—

20 2767 34 2814 ζ
101 2761 331 2815 erationis,
358 2759 495 2805 simul
519 2761 600 2804 sub
628 2759 778 2820 aliqua
804 2770 931 2819 parte
956 2760 1134 2804 hostiae
1162 2770 1282 2804 esset
1303 2775 1468 2820 corpus
1486 2761 1660 2805 Christi
1683 2776 1788 2805 cum
1815 2762 2064 2806 substantia

100 2829 253 2890 panis;
280 2828 401 2887 quod
431 2836 498 2871 est
524 2837 682 2871 contra
707 2827 938 2885 praedicta
964 2827 1051 2884 (hic
1067 2836 1156 2887 sup.
1183 2834 1219 2871 et
1244 2834 1325 2872 art.
1346 2829 1530 2887 praec.).·
1561 2829 1597 2872 si
1623 2842 1734 2872 vero
1760 2829 1851 2873 hoc
1878 2827 2066 2887 incipiat

100 2895 198 2941 fieri
225 2905 328 2940 ante
354 2893 764 2947 consecrationem,
787 2894 871 2937 erit
895 2893 1001 2941 dare
1027 2892 1211 2953 aliquod
1238 2903 1433 2954 tempus,
1459 2895 1506 2938 in
1533 2909 1623 2953 quo
1652 2895 1732 2939 sub
1761 2894 1910 2954 aliqua
1937 2905 2063 2955 parte

101 2962 281 3009 hostiae
306 2975 456 3022 neque
483 2961 566 3005 erit
597 2960 844 3005 substantia
870 2960 1014 3019 panis,
1042 2975 1188 3020 neque
1222 2962 1305 3006 erit
1337 2976 1501 3021 corpus
1530 2962 1724 3017 Christi;
1751 2963 1873 3022 quod
1901 2973 1967 3007 est
1997 2962 2066 3007 in·

104 3028 405 3077 conveniens:
433 3038 478 3073 et
507 3027 598 3072 hoc
625 3026 808 3087 ipsimet
838 3027 1126 3087 perpendisse
1150 3028 1379 3084 videntur;
1407 3029 1526 3073 unde
1560 3039 1806 3088 posuerunt
1837 3028 1947 3075 illud
1980 3030 2061 3074 sub

32 3117 63 3150 215
102 3087 422 3156 disjunctione,
447 3094 626 3140 scilicet
650 3090 723 3138 vel
749 3093 871 3152 quod
899 3093 1186 3149 annihiletur,
1202 3095 1278 3140 vel
1304 3097 1348 3139 in
1375 3097 1714 3155 praeJacentem
1741 3096 1980 3142 materiam
2001 3110 2067 3143 re-

19 3162 35 3198 ἶ
101 3161 315 3211 solvatur.
344 3162 433 3208 Sed
459 3175 543 3206 nec
577 3159 667 3205 hoc
699 3169 849 3220 potest
880 3173 1001 3204 esse:
1028 3162 1132 3220 quia
1157 3175 1252 3206 non
1276 3171 1343 3206 est
1368 3162 1474 3206 dare
1502 3161 1699 3238 aliquem
1731 3163 1937 3217 modum,
1970 3177 2061 3223 quo

103 3243 273 3291 corpus
284 3229 455 3275 Christi
476 3242 636 3273 verum
655 3240 753 3271 esse
779 3226 965 3294 incipiat
989 3226 1035 3271 in
1060 3228 1151 3272 hoc
1179 3238 1482 3283 sacramento,
1495 3228 1580 3272 nisi
1607 3243 1686 3287 per
1712 3230 2063 3275 conversionem

104 3292 382 3343 substantiae
407 3295 537 3356 panis
569 3295 615 3338 in
648 3293 822 3353 ipsum3
855 3307 970 3352 quae
1002 3294 1185 3353 quidem
1225 3296 1463 3340 conversio
1501 3294 1687 3349 tollitur,
1720 3296 1880 3373 posita·
1893 3296 1967 3341 vel
1993 3311 2067 3341 an-

103 3361 374 3409 nihilatione
401 3361 676 3407 substantiae
703 3361 847 3419 panis,
871 3359 945 3404 vel
971 3360 1286 3405 resolutione
1275 3377 1320 3405 in
1354 3363 1688 3420 praejacentem
1722 3363 1984 3419 materiam;
2012 3364 2066 3408 si-

103 3430 271 3486 militer
296 3430 434 3475 etiam
460 3443 555 3474 non
582 3438 649 3473 est
674 3428 794 3481 dare,
822 3427 941 3471 unde
967 3427 1068 3472 talis
1094 3428 1312 3472 resolutio
1339 3428 1412 3472 vel
1438 3428 1743 3473 annihilatio
1732 3444 1778 3472 1n
1803 3430 1893 3474 hoc
1920 3444 2064 3475 sacra-

38 3496 66 3537 :4
105 3494 263 3543 mento
290 3502 512 3550 causetur,
540 3509 643 3540 cum
673 3494 859 3539 effectus
885 3495 1157 3539 sacramenti
1189 3494 1467 3553 significetur
1498 3509 1578 3552 per
1608 3494 1825 3540 formam:
1852 3507 2063 3542 neutrum

32 3566 67 3606 ,³
107 3564 261 3609 antem
285 3560 453 3608 lr'ornm
479 3562 758 3622 significatur
783 3573 862 3619 per
883 3559 998 3605 haec
1018 3560 1156 3605 verba
1181 3561 1379 3606 formae:
1406 3579 1428 3603 «
1448 3560 1549 3606 Hoc
1568 3571 1636 3607 est
1653 3576 1819 3623 corpus
1837 3577 1992 3609 meum
2010 3581 2033 3607 n
2052 3580 2064 3619 ;

106 3631 228 3676 unde
247 3628 385 3692 pate&
409 3629 690 3691 'praedictam
715 3627 991 3688 positionem
1018 3639 1116 3673 oese
1136 3626 1312 3673 falsam.
