<?xml version="1.0" encoding="UTF-8"?>
<!DOCTYPE html PUBLIC "-//W3C//DTD XHTML 1.0 Transitional//EN"
    "http://www.w3.org/TR/xhtml1/DTD/xhtml1-transitional.dtd">
<html xmlns="http://www.w3.org/1999/xhtml" xml:lang="en" lang="en">
 <head>
  <title>
</title>
<meta http-equiv="Content-Type" content="text/html;charset=utf-8" />
  <meta name='ocr-system' content='tesseract 3.04.00' />
  <meta name='ocr-capabilities' content='ocr_page ocr_carea ocr_par ocr_line ocrx_word'/>
</head>
<body>
  <div class='ocr_page' id='page_1' title='image "./divithomaeaquina04thom_0457.png"; bbox 0 0 2352 3926; ppageno 0'>
   <div class='ocr_carea' id='block_1_1' title="bbox 696 219 2120 276">
    <p class='ocr_par' dir='ltr' id='par_1_1' title="bbox 696 219 2120 276">
     <span class='ocr_line' id='line_1_1' title="bbox 696 219 2120 276; baseline 0 -16"><span class='ocrx_word' id='word_1_1' title='bbox 696 220 975 267; x_wconf 87' lang='lat' dir='ltr'>QUAESTIO</span> <span class='ocrx_word' id='word_1_2' title='bbox 1016 221 1127 260; x_wconf 87' lang='lat' dir='ltr'>L111.</span> <span class='ocrx_word' id='word_1_3' title='bbox 1167 219 1475 262; x_wconf 80' lang='lat' dir='ltr'>ARTICULUS</span> <span class='ocrx_word' id='word_1_4' title='bbox 1515 220 1592 260; x_wconf 89' lang='lat'>111.</span> <span class='ocrx_word' id='word_1_5' title='bbox 2016 221 2120 276; x_wconf 76' lang='grc'>453</span> 
     </span>
    </p>
   </div>
   <div class='ocr_carea' id='block_1_2' title="bbox 54 310 2130 384">
    <p class='ocr_par' dir='ltr' id='par_1_2' title="bbox 54 310 2130 384">
     <span class='ocr_line' id='line_1_2' title="bbox 54 310 2130 384; baseline 0.012 -31"><span class='ocrx_word' id='word_1_6' title='bbox 54 310 87 354; x_wconf 76' lang='grc' dir='ltr'>’ζ</span> <span class='ocrx_word' id='word_1_7' title='bbox 158 330 235 384; x_wconf 62' lang='lat'>99,</span> <span class='ocrx_word' id='word_1_8' title='bbox 262 330 359 371; x_wconf 78' lang='lat' dir='ltr'>ante</span> <span class='ocrx_word' id='word_1_9' title='bbox 381 323 508 383; x_wconf 82' lang='lat' dir='ltr'>med.)</span> <span class='ocrx_word' id='word_1_10' title='bbox 530 323 651 368; x_wconf 90' lang='lat' dir='ltr'>hanc</span> <span class='ocrx_word' id='word_1_11' title='bbox 673 323 940 382; x_wconf 88' lang='lat' dir='ltr'><strong>opinionem</strong></span> <span class='ocrx_word' id='word_1_12' title='bbox 967 338 1340 369; x_wconf 89' lang='lat' dir='ltr'>commemorans</span> <span class='ocrx_word' id='word_1_13' title='bbox 1361 323 1493 368; x_wconf 88' lang='lat' dir='ltr'>dicit:</span> <span class='ocrx_word' id='word_1_14' title='bbox 1519 338 1543 364; x_wconf 74' lang='lat' dir='ltr'>&lt;t</span> <span class='ocrx_word' id='word_1_15' title='bbox 1562 321 1671 366; x_wconf 91' lang='lat' dir='ltr'>Scio</span> <span class='ocrx_word' id='word_1_16' title='bbox 1694 319 1963 381; x_wconf 78' lang='lat' dir='ltr'>quibusdam</span> <span class='ocrx_word' id='word_1_17' title='bbox 1985 321 2130 366; x_wconf 65' lang='lat' dir='ltr'>videri</span> 
     </span>
    </p>
   </div>
   <div class='ocr_carea' id='block_1_3' title="bbox 57 388 2128 1119">
    <p class='ocr_par' dir='ltr' id='par_1_3' title="bbox 47 388 2127 518">
     <span class='ocr_line' id='line_1_3' title="bbox 162 388 2126 450; baseline -0.002 -14"><span class='ocrx_word' id='word_1_18' title='bbox 162 400 312 436; x_wconf 89' lang='lat' dir='ltr'>morte</span> <span class='ocrx_word' id='word_1_19' title='bbox 343 391 536 436; x_wconf 89' lang='lat' dir='ltr'>Domini</span> <span class='ocrx_word' id='word_1_20' title='bbox 573 390 746 437; x_wconf 85' lang='lat' dir='ltr'>Christi</span> <span class='ocrx_word' id='word_1_21' title='bbox 776 392 871 449; x_wconf 87' lang='lat' dir='ltr'>jam</span> <span class='ocrx_word' id='word_1_22' title='bbox 910 390 1051 436; x_wconf 90' lang='lat' dir='ltr'>talem</span> <span class='ocrx_word' id='word_1_23' title='bbox 1083 391 1465 437; x_wconf 84' lang='lat' dir='ltr'>resurrectionem</span> <span class='ocrx_word' id='word_1_24' title='bbox 1500 390 1763 450; x_wconf 86' lang='lat' dir='ltr'>praestitam</span> <span class='ocrx_word' id='word_1_25' title='bbox 1801 388 1946 449; x_wconf 84' lang='lat' dir='ltr'>justis,</span> <span class='ocrx_word' id='word_1_26' title='bbox 1979 388 2126 448; x_wconf 88' lang='lat' dir='ltr'>qualis</span> 
     </span>
     <span class='ocr_line' id='line_1_4' title="bbox 152 455 2127 518; baseline -0.001 -16.151"><span class='ocrx_word' id='word_1_27' title='bbox 152 458 295 515; x_wconf 37' lang='lat' dir='ltr'>‘nobis</span> <span class='ocrx_word' id='word_1_28' title='bbox 319 457 367 503; x_wconf 92' lang='lat' dir='ltr'>in</span> <span class='ocrx_word' id='word_1_29' title='bbox 392 457 482 503; x_wconf 88' lang='lat' dir='ltr'>fine</span> <span class='ocrx_word' id='word_1_30' title='bbox 507 458 806 518; x_wconf 87' lang='lat' dir='ltr'>promittitur:</span> <span class='ocrx_word' id='word_1_31' title='bbox 835 458 911 517; x_wconf 93' lang='lat' dir='ltr'>qui</span> <span class='ocrx_word' id='word_1_32' title='bbox 937 459 974 503; x_wconf 92' lang='lat' dir='ltr'>si</span> <span class='ocrx_word' id='word_1_33' title='bbox 995 472 1089 502; x_wconf 92' lang='lat' dir='ltr'>non</span> <span class='ocrx_word' id='word_1_34' title='bbox 1107 458 1272 503; x_wconf 89' lang='lat' dir='ltr'>iterum</span> <span class='ocrx_word' id='word_1_35' title='bbox 1297 457 1507 517; x_wconf 86' lang='lat' dir='ltr'>repositis</span> <span class='ocrx_word' id='word_1_36' title='bbox 1534 455 1801 516; x_wconf 84' lang='lat' dir='ltr'>corporibus</span> <span class='ocrx_word' id='word_1_37' title='bbox 1827 455 2127 511; x_wconf 90' lang='lat' dir='ltr'>dormierunt,</span> 
     </span>
    </p>

    <p class='ocr_par' dir='ltr' id='par_1_4' title="bbox 57 523 2128 1119">
     <span class='ocr_line' id='line_1_5' title="bbox 82 523 2127 584; baseline -0.001 -15"><span class='ocrx_word' id='word_1_38' title='bbox 82 532 83 535; x_wconf 76' lang='grc'>’</span> <span class='ocrx_word' id='word_1_39' title='bbox 159 523 407 570; x_wconf 79' lang='lat' dir='ltr'>videndum</span> <span class='ocrx_word' id='word_1_40' title='bbox 433 535 514 579; x_wconf 83' lang='lat' dir='ltr'>est,</span> <span class='ocrx_word' id='word_1_41' title='bbox 541 525 777 584; x_wconf 90' lang='lat' dir='ltr'>quomodo</span> <span class='ocrx_word' id='word_1_42' title='bbox 802 525 1082 583; x_wconf 88' lang='lat' dir='ltr'>intelligatur</span> <span class='ocrx_word' id='word_1_43' title='bbox 1109 524 1319 570; x_wconf 88' lang='lat' dir='ltr'>Christus</span> <span class='ocrx_word' id='word_1_44' title='bbox 1342 524 1673 583; x_wconf 88' lang='lat' dir='ltr'>primogenitus</span> <span class='ocrx_word' id='word_1_45' title='bbox 1691 538 1717 568; x_wconf 92' lang='lat' dir='ltr'>a</span> <span class='ocrx_word' id='word_1_46' title='bbox 1734 523 1941 577; x_wconf 86' lang='lat' dir='ltr'>mortuis,</span> <span class='ocrx_word' id='word_1_47' title='bbox 1963 523 2002 567; x_wconf 90' lang='lat' dir='ltr'>si</span> <span class='ocrx_word' id='word_1_48' title='bbox 2020 537 2127 568; x_wconf 90' lang='lat' dir='ltr'>eum</span> 
     </span>
     <span class='ocr_line' id='line_1_6' title="bbox 57 588 2126 651; baseline -0.001 -14"><span class='ocrx_word' id='word_1_49' title='bbox 57 588 67 601; x_wconf 30' lang='grc' dir='ltr'>ζ</span> <span class='ocrx_word' id='word_1_50' title='bbox 158 591 207 638; x_wconf 88' lang='lat' dir='ltr'>in</span> <span class='ocrx_word' id='word_1_51' title='bbox 227 591 306 636; x_wconf 85' lang='lat' dir='ltr'>illa</span> <span class='ocrx_word' id='word_1_52' title='bbox 333 593 664 637; x_wconf 88' lang='lat' dir='ltr'>resurrectione</span> <span class='ocrx_word' id='word_1_53' title='bbox 690 602 758 636; x_wconf 91' lang='lat' dir='ltr'>tot</span> <span class='ocrx_word' id='word_1_54' title='bbox 784 600 1140 651; x_wconf 87' lang='lat' dir='ltr'>praecesserunt.</span> <span class='ocrx_word' id='word_1_55' title='bbox 1170 591 1309 644; x_wconf 86' lang='lat' dir='ltr'>Quod</span> <span class='ocrx_word' id='word_1_56' title='bbox 1338 592 1375 635; x_wconf 91' lang='lat' dir='ltr'>si</span> <span class='ocrx_word' id='word_1_57' title='bbox 1400 591 1710 649; x_wconf 89' lang='lat' dir='ltr'>respondetur,</span> <span class='ocrx_word' id='word_1_58' title='bbox 1728 591 1819 635; x_wconf 91' lang='lat' dir='ltr'>hoc</span> <span class='ocrx_word' id='word_1_59' title='bbox 1838 603 1936 636; x_wconf 90' lang='lat' dir='ltr'>esse</span> <span class='ocrx_word' id='word_1_60' title='bbox 1954 590 2126 635; x_wconf 90' lang='lat' dir='ltr'>dictum</span> 
     </span>
     <span class='ocr_line' id='line_1_7' title="bbox 160 657 2124 719; baseline -0.002 -15"><span class='ocrx_word' id='word_1_61' title='bbox 160 673 239 718; x_wconf 90' lang='lat' dir='ltr'>per</span> <span class='ocrx_word' id='word_1_62' title='bbox 265 659 650 719; x_wconf 87' lang='lat' dir='ltr'>anticipationem,</span> <span class='ocrx_word' id='word_1_63' title='bbox 678 668 726 703; x_wconf 90' lang='lat' dir='ltr'>ut</span> <span class='ocrx_word' id='word_1_64' title='bbox 751 669 1052 703; x_wconf 88' lang='lat' dir='ltr'>monumenta</span> <span class='ocrx_word' id='word_1_65' title='bbox 1078 658 1159 702; x_wconf 93' lang='lat' dir='ltr'>illo</span> <span class='ocrx_word' id='word_1_66' title='bbox 1178 669 1323 702; x_wconf 83' lang='lat' dir='ltr'>terrae</span> <span class='ocrx_word' id='word_1_67' title='bbox 1343 668 1470 702; x_wconf 88' lang='lat' dir='ltr'>motu</span> <span class='ocrx_word' id='word_1_68' title='bbox 1499 668 1652 716; x_wconf 82' lang='lat' dir='ltr'>aperta</span> <span class='ocrx_word' id='word_1_69' title='bbox 1670 657 1994 716; x_wconf 81' lang='lat' dir='ltr'>intelligantur,</span> <span class='ocrx_word' id='word_1_70' title='bbox 2017 671 2124 701; x_wconf 91' lang='lat' dir='ltr'>cum</span> 
     </span>
     <span class='ocr_line' id='line_1_8' title="bbox 160 725 2126 785; baseline -0.002 -14"><span class='ocrx_word' id='word_1_71' title='bbox 160 725 371 773; x_wconf 87' lang='lat' dir='ltr'>Christus</span> <span class='ocrx_word' id='word_1_72' title='bbox 398 728 443 771; x_wconf 92' lang='lat' dir='ltr'>in</span> <span class='ocrx_word' id='word_1_73' title='bbox 471 740 605 770; x_wconf 89' lang='lat' dir='ltr'>cruce</span> <span class='ocrx_word' id='word_1_74' title='bbox 632 725 861 785; x_wconf 87' lang='lat' dir='ltr'>penderet,</span> <span class='ocrx_word' id='word_1_75' title='bbox 894 725 1191 770; x_wconf 85' lang='lat' dir='ltr'>resurrexisse</span> <span class='ocrx_word' id='word_1_76' title='bbox 1225 735 1378 770; x_wconf 90' lang='lat' dir='ltr'>autem</span> <span class='ocrx_word' id='word_1_77' title='bbox 1404 727 1628 783; x_wconf 88' lang='lat' dir='ltr'>justorum</span> <span class='ocrx_word' id='word_1_78' title='bbox 1655 739 1849 784; x_wconf 88' lang='lat' dir='ltr'>corpora</span> <span class='ocrx_word' id='word_1_79' title='bbox 1874 738 1969 769; x_wconf 90' lang='lat' dir='ltr'>non</span> <span class='ocrx_word' id='word_1_80' title='bbox 2000 734 2126 778; x_wconf 89' lang='lat' dir='ltr'>tunc,</span> 
     </span>
     <span class='ocr_line' id='line_1_9' title="bbox 158 791 2124 851; baseline -0.002 -13"><span class='ocrx_word' id='word_1_81' title='bbox 158 793 238 838; x_wconf 86' lang='lat' dir='ltr'>sed</span> <span class='ocrx_word' id='word_1_82' title='bbox 266 807 373 838; x_wconf 90' lang='lat' dir='ltr'>cum</span> <span class='ocrx_word' id='word_1_83' title='bbox 399 792 475 838; x_wconf 89' lang='lat' dir='ltr'>ille</span> <span class='ocrx_word' id='word_1_84' title='bbox 501 793 624 851; x_wconf 88' lang='lat' dir='ltr'>prior</span> <span class='ocrx_word' id='word_1_85' title='bbox 649 792 984 837; x_wconf 85' lang='lat' dir='ltr'>resurrexisset:</span> <span class='ocrx_word' id='word_1_86' title='bbox 1013 791 1124 836; x_wconf 91' lang='lat' dir='ltr'>illud</span> <span class='ocrx_word' id='word_1_87' title='bbox 1152 792 1301 836; x_wconf 91' lang='lat' dir='ltr'>adhuc</span> <span class='ocrx_word' id='word_1_88' title='bbox 1328 802 1480 845; x_wconf 91' lang='lat' dir='ltr'>restat,</span> <span class='ocrx_word' id='word_1_89' title='bbox 1504 792 1626 850; x_wconf 90' lang='lat' dir='ltr'>quod</span> <span class='ocrx_word' id='word_1_90' title='bbox 1654 803 1853 846; x_wconf 90' lang='lat' dir='ltr'>moveat,</span> <span class='ocrx_word' id='word_1_91' title='bbox 1887 792 2124 851; x_wconf 91' lang='lat' dir='ltr'>quomodo</span> 
     </span>
     <span class='ocr_line' id='line_1_10' title="bbox 146 858 2126 918; baseline -0.002 -13"><span class='ocrx_word' id='word_1_92' title='bbox 146 858 318 905; x_wconf 11' lang='lat' dir='ltr'>,Petrus</span> <span class='ocrx_word' id='word_1_93' title='bbox 342 873 437 905; x_wconf 89' lang='lat' dir='ltr'>non</span> <span class='ocrx_word' id='word_1_94' title='bbox 464 860 519 904; x_wconf 92' lang='lat' dir='ltr'>de</span> <span class='ocrx_word' id='word_1_95' title='bbox 544 859 713 913; x_wconf 87' lang='lat' dir='ltr'>David,</span> <span class='ocrx_word' id='word_1_96' title='bbox 739 859 818 904; x_wconf 88' lang='lat' dir='ltr'>sed</span> <span class='ocrx_word' id='word_1_97' title='bbox 841 859 897 903; x_wconf 93' lang='lat' dir='ltr'>de</span> <span class='ocrx_word' id='word_1_98' title='bbox 927 859 1111 903; x_wconf 90' lang='lat' dir='ltr'>Christo</span> <span class='ocrx_word' id='word_1_99' title='bbox 1141 859 1331 903; x_wconf 85' lang='lat' dir='ltr'>asseruit</span> <span class='ocrx_word' id='word_1_100' title='bbox 1356 858 1493 902; x_wconf 89' lang='lat' dir='ltr'>fuisse</span> <span class='ocrx_word' id='word_1_101' title='bbox 1511 859 1808 918; x_wconf 87' lang='lat' dir='ltr'>praedictum,</span> <span class='ocrx_word' id='word_1_102' title='bbox 1827 873 2012 903; x_wconf 90' lang='lat' dir='ltr'>carnem</span> <span class='ocrx_word' id='word_1_103' title='bbox 2030 859 2126 918; x_wconf 87' lang='lat' dir='ltr'>ejus</span> 
     </span>
     <span class='ocr_line' id='line_1_11' title="bbox 157 926 2125 986; baseline -0.001 -15"><span class='ocrx_word' id='word_1_104' title='bbox 157 940 253 972; x_wconf 89' lang='lat' dir='ltr'>non</span> <span class='ocrx_word' id='word_1_105' title='bbox 280 926 446 971; x_wconf 87' lang='lat' dir='ltr'>vidisse</span> <span class='ocrx_word' id='word_1_106' title='bbox 469 926 825 986; x_wconf 89' lang='lat' dir='ltr'>corruptionem,</span> <span class='ocrx_word' id='word_1_107' title='bbox 852 940 932 984; x_wconf 87' lang='lat' dir='ltr'>per</span> <span class='ocrx_word' id='word_1_108' title='bbox 957 926 1047 970; x_wconf 91' lang='lat' dir='ltr'>hoc</span> <span class='ocrx_word' id='word_1_109' title='bbox 1071 926 1193 985; x_wconf 94' lang='lat' dir='ltr'>quod</span> <span class='ocrx_word' id='word_1_110' title='bbox 1222 926 1339 985; x_wconf 91' lang='lat' dir='ltr'>apud</span> <span class='ocrx_word' id='word_1_111' title='bbox 1367 940 1447 970; x_wconf 89' lang='lat' dir='ltr'>eos</span> <span class='ocrx_word' id='word_1_112' title='bbox 1465 935 1560 970; x_wconf 88' lang='lat' dir='ltr'>erat</span> <span class='ocrx_word' id='word_1_113' title='bbox 1577 936 1930 970; x_wconf 85' lang='lat' dir='ltr'>monumentum</span> <span class='ocrx_word' id='word_1_114' title='bbox 1948 926 2125 970; x_wconf 91' lang='lat' dir='ltr'>David:</span> 
     </span>
     <span class='ocr_line' id='line_1_12' title="bbox 158 993 2125 1052; baseline -0.001 -13"><span class='ocrx_word' id='word_1_115' title='bbox 158 1003 204 1039; x_wconf 90' lang='lat' dir='ltr'>et</span> <span class='ocrx_word' id='word_1_116' title='bbox 227 993 293 1038; x_wconf 86' lang='lat' dir='ltr'>sic</span> <span class='ocrx_word' id='word_1_117' title='bbox 317 993 423 1039; x_wconf 91' lang='lat' dir='ltr'>illos</span> <span class='ocrx_word' id='word_1_118' title='bbox 446 1008 542 1038; x_wconf 92' lang='lat' dir='ltr'>non</span> <span class='ocrx_word' id='word_1_119' title='bbox 568 993 882 1047; x_wconf 88' lang='lat' dir='ltr'>convincebat,</span> <span class='ocrx_word' id='word_1_120' title='bbox 909 993 947 1037; x_wconf 89' lang='lat' dir='ltr'>si</span> <span class='ocrx_word' id='word_1_121' title='bbox 974 1007 1138 1052; x_wconf 89' lang='lat' dir='ltr'>corpus</span> <span class='ocrx_word' id='word_1_122' title='bbox 1165 993 1315 1037; x_wconf 88' lang='lat' dir='ltr'>David</span> <span class='ocrx_word' id='word_1_123' title='bbox 1341 993 1403 1036; x_wconf 92' lang='lat' dir='ltr'>ibi</span> <span class='ocrx_word' id='word_1_124' title='bbox 1429 995 1524 1052; x_wconf 86' lang='lat' dir='ltr'>jam</span> <span class='ocrx_word' id='word_1_125' title='bbox 1545 1007 1638 1037; x_wconf 92' lang='lat' dir='ltr'>non</span> <span class='ocrx_word' id='word_1_126' title='bbox 1659 1003 1776 1036; x_wconf 88' lang='lat' dir='ltr'>erat:</span> <span class='ocrx_word' id='word_1_127' title='bbox 1798 993 1902 1052; x_wconf 90' lang='lat' dir='ltr'>quia</span> <span class='ocrx_word' id='word_1_128' title='bbox 1920 994 2004 1038; x_wconf 91' lang='lat' dir='ltr'>etsi</span> <span class='ocrx_word' id='word_1_129' title='bbox 2021 1003 2125 1037; x_wconf 87' lang='lat' dir='ltr'>ante</span> 
     </span>
     <span class='ocr_line' id='line_1_13' title="bbox 147 1060 2128 1119; baseline -0.001 -13"><span class='ocrx_word' id='word_1_130' title='bbox 147 1060 204 1107; x_wconf 47' lang='lat' dir='ltr'>&gt;in</span> <span class='ocrx_word' id='word_1_131' title='bbox 229 1060 403 1105; x_wconf 86' lang='lat' dir='ltr'>recenti</span> <span class='ocrx_word' id='word_1_132' title='bbox 425 1075 506 1105; x_wconf 87' lang='lat' dir='ltr'>sua</span> <span class='ocrx_word' id='word_1_133' title='bbox 533 1070 680 1105; x_wconf 93' lang='lat' dir='ltr'>morte</span> <span class='ocrx_word' id='word_1_134' title='bbox 699 1061 1027 1114; x_wconf 85' lang='lat' dir='ltr'>resurrexisset,</span> <span class='ocrx_word' id='word_1_135' title='bbox 1044 1074 1128 1104; x_wconf 90' lang='lat' dir='ltr'>nec</span> <span class='ocrx_word' id='word_1_136' title='bbox 1149 1074 1256 1104; x_wconf 90' lang='lat' dir='ltr'>caro</span> <span class='ocrx_word' id='word_1_137' title='bbox 1274 1061 1371 1119; x_wconf 91' lang='lat' dir='ltr'>ejus</span> <span class='ocrx_word' id='word_1_138' title='bbox 1394 1060 1581 1104; x_wconf 83' lang='lat' dir='ltr'>vidisset</span> <span class='ocrx_word' id='word_1_139' title='bbox 1598 1060 1954 1119; x_wconf 88' lang='lat' dir='ltr'>corruptionem,</span> <span class='ocrx_word' id='word_1_140' title='bbox 1972 1070 2128 1119; x_wconf 90' lang='lat' dir='ltr'>posset</span> 
     </span>
    </p>
   </div>
   <div class='ocr_carea' id='block_1_4' title="bbox 50 1126 2125 1181">
    <p class='ocr_par' dir='ltr' id='par_1_5' title="bbox 50 1126 2125 1181">
     <span class='ocr_line' id='line_1_14' title="bbox 50 1126 2125 1181; baseline -0 -8"><span class='ocrx_word' id='word_1_141' title='bbox 50 1126 63 1134; x_wconf 75' lang='grc'><strong>“</strong></span> <span class='ocrx_word' id='word_1_142' title='bbox 92 1148 97 1151; x_wconf 84' lang='grc'>-</span> <span class='ocrx_word' id='word_1_143' title='bbox 155 1126 453 1173; x_wconf 79' lang='lat' dir='ltr'>nihilominus</span> <span class='ocrx_word' id='word_1_144' title='bbox 478 1126 589 1172; x_wconf 91' lang='lat' dir='ltr'>illud</span> <span class='ocrx_word' id='word_1_145' title='bbox 616 1137 969 1171; x_wconf 88' lang='lat' dir='ltr'>monumentum</span> <span class='ocrx_word' id='word_1_146' title='bbox 996 1141 1183 1172; x_wconf 90' lang='lat' dir='ltr'>manere</span> <span class='ocrx_word' id='word_1_147' title='bbox 1203 1142 1213 1171; x_wconf 88' lang='lat'>:</span> <span class='ocrx_word' id='word_1_148' title='bbox 1238 1127 1400 1171; x_wconf 91' lang='lat' dir='ltr'>durum</span> <span class='ocrx_word' id='word_1_149' title='bbox 1420 1137 1573 1171; x_wconf 89' lang='lat' dir='ltr'>autem</span> <span class='ocrx_word' id='word_1_150' title='bbox 1589 1127 1780 1181; x_wconf 90' lang='lat' dir='ltr'>videtur,</span> <span class='ocrx_word' id='word_1_151' title='bbox 1798 1137 1847 1171; x_wconf 90' lang='lat' dir='ltr'>ut</span> <span class='ocrx_word' id='word_1_152' title='bbox 1862 1127 2012 1171; x_wconf 84' lang='lat' dir='ltr'>David</span> <span class='ocrx_word' id='word_1_153' title='bbox 2029 1141 2125 1172; x_wconf 88' lang='lat' dir='ltr'>non</span> 
     </span>
    </p>
   </div>
   <div class='ocr_carea' id='block_1_5' title="bbox 52 1193 2127 1456">
    <p class='ocr_par' dir='ltr' id='par_1_6' title="bbox 52 1189 2127 1456">
     <span class='ocr_line' id='line_1_15' title="bbox 153 1193 2127 1253; baseline 0 -15"><span class='ocrx_word' id='word_1_154' title='bbox 153 1193 289 1245; x_wconf 71' lang='lat' dir='ltr'>fuerit</span> <span class='ocrx_word' id='word_1_155' title='bbox 311 1194 359 1239; x_wconf 90' lang='lat' dir='ltr'>in</span> <span class='ocrx_word' id='word_1_156' title='bbox 384 1194 463 1239; x_wconf 86' lang='lat' dir='ltr'>illa</span> <span class='ocrx_word' id='word_1_157' title='bbox 489 1195 821 1240; x_wconf 90' lang='lat' dir='ltr'>resurrectione</span> <span class='ocrx_word' id='word_1_158' title='bbox 846 1195 1086 1253; x_wconf 86' lang='lat' dir='ltr'>justorum,</span> <span class='ocrx_word' id='word_1_159' title='bbox 1105 1195 1143 1239; x_wconf 93' lang='lat' dir='ltr'>si</span> <span class='ocrx_word' id='word_1_160' title='bbox 1162 1195 1225 1239; x_wconf 91' lang='lat' dir='ltr'>eis</span> <span class='ocrx_word' id='word_1_161' title='bbox 1242 1196 1336 1253; x_wconf 88' lang='lat' dir='ltr'>jam</span> <span class='ocrx_word' id='word_1_162' title='bbox 1354 1205 1537 1239; x_wconf 91' lang='lat' dir='ltr'>aeterna</span> <span class='ocrx_word' id='word_1_163' title='bbox 1560 1194 1728 1238; x_wconf 89' lang='lat' dir='ltr'>donata</span> <span class='ocrx_word' id='word_1_164' title='bbox 1747 1204 1827 1248; x_wconf 89' lang='lat' dir='ltr'>est,</span> <span class='ocrx_word' id='word_1_165' title='bbox 1851 1195 1978 1253; x_wconf 84' lang='lat' dir='ltr'>cujus</span> <span class='ocrx_word' id='word_1_166' title='bbox 1996 1193 2127 1238; x_wconf 90' lang='lat' dir='ltr'>Chri-</span> 
     </span>
     <span class='ocr_line' id='line_1_16' title="bbox 52 1260 2123 1320; baseline -0.001 -11"><span class='ocrx_word' id='word_1_167' title='bbox 52 1260 75 1318; x_wconf 61' lang='lat' dir='ltr'>&#39;J</span> <span class='ocrx_word' id='word_1_168' title='bbox 154 1271 329 1310; x_wconf 32' lang='lat' dir='ltr'>stusvex</span> <span class='ocrx_word' id='word_1_169' title='bbox 353 1262 529 1307; x_wconf 87' lang='lat' dir='ltr'>semine</span> <span class='ocrx_word' id='word_1_170' title='bbox 566 1262 939 1308; x_wconf 89' lang='lat' dir='ltr'>commendatur:</span> <span class='ocrx_word' id='word_1_171' title='bbox 968 1261 1294 1320; x_wconf 86' lang='lat' dir='ltr'>periclitabitur</span> <span class='ocrx_word' id='word_1_172' title='bbox 1326 1262 1464 1306; x_wconf 91' lang='lat' dir='ltr'>etiam</span> <span class='ocrx_word' id='word_1_173' title='bbox 1497 1261 1608 1305; x_wconf 88' lang='lat' dir='ltr'>illud</span> <span class='ocrx_word' id='word_1_174' title='bbox 1642 1261 1765 1320; x_wconf 90' lang='lat' dir='ltr'>quod</span> <span class='ocrx_word' id='word_1_175' title='bbox 1798 1261 1854 1305; x_wconf 93' lang='lat' dir='ltr'>ad</span> <span class='ocrx_word' id='word_1_176' title='bbox 1886 1261 2123 1306; x_wconf 89' lang='lat' dir='ltr'>Hebraeos</span> 
     </span>
     <span class='ocr_line' id='line_1_17' title="bbox 59 1325 2127 1389; baseline -0.001 -15"><span class='ocrx_word' id='word_1_177' title='bbox 59 1325 77 1359; x_wconf 47' lang='grc' dir='ltr'>ἕ</span> <span class='ocrx_word' id='word_1_178' title='bbox 153 1328 211 1374; x_wconf 83' lang='lat' dir='ltr'>de</span> <span class='ocrx_word' id='word_1_179' title='bbox 234 1329 363 1389; x_wconf 79' lang='lat' dir='ltr'>iustis</span> <span class='ocrx_word' id='word_1_180' title='bbox 389 1329 584 1389; x_wconf 85' lang='lat' dir='ltr'>antiquis</span> <span class='ocrx_word' id='word_1_181' title='bbox 616 1329 802 1374; x_wconf 90' lang='lat' dir='ltr'>dicitur:</span> <span class='ocrx_word' id='word_1_182' title='bbox 829 1330 894 1374; x_wconf 89' lang='lat' dir='ltr'>Ne</span> <span class='ocrx_word' id='word_1_183' title='bbox 924 1331 1009 1373; x_wconf 88' lang='lat' dir='ltr'>sine</span> <span class='ocrx_word' id='word_1_184' title='bbox 1039 1331 1155 1374; x_wconf 85' lang='lat' dir='ltr'>nobis</span> <span class='ocrx_word' id='word_1_185' title='bbox 1187 1334 1590 1383; x_wconf 79' lang='lat' dir='ltr'>consummarentur,</span> <span class='ocrx_word' id='word_1_186' title='bbox 1614 1328 1653 1373; x_wconf 90' lang='lat' dir='ltr'>si</span> <span class='ocrx_word' id='word_1_187' title='bbox 1677 1330 1771 1387; x_wconf 90' lang='lat' dir='ltr'>jam</span> <span class='ocrx_word' id='word_1_188' title='bbox 1803 1328 1850 1371; x_wconf 88' lang='lat' dir='ltr'>in</span> <span class='ocrx_word' id='word_1_189' title='bbox 1876 1327 1955 1372; x_wconf 91' lang='lat' dir='ltr'>illa</span> <span class='ocrx_word' id='word_1_190' title='bbox 1981 1342 2127 1372; x_wconf 87' lang='lat' dir='ltr'>resur-</span> 
     </span>
     <span class='ocr_line' id='line_1_18' title="bbox 153 1395 2122 1456; baseline -0.001 -15"><span class='ocrx_word' id='word_1_191' title='bbox 153 1396 368 1441; x_wconf 88' lang='lat' dir='ltr'>rectionis</span> <span class='ocrx_word' id='word_1_192' title='bbox 394 1396 736 1455; x_wconf 90' lang='lat' dir='ltr'>incorruptione</span> <span class='ocrx_word' id='word_1_193' title='bbox 762 1396 996 1440; x_wconf 90' lang='lat' dir='ltr'>constituti</span> <span class='ocrx_word' id='word_1_194' title='bbox 1022 1406 1141 1451; x_wconf 92' lang='lat' dir='ltr'>sunt,</span> <span class='ocrx_word' id='word_1_195' title='bbox 1178 1410 1295 1456; x_wconf 90' lang='lat' dir='ltr'>quae</span> <span class='ocrx_word' id='word_1_196' title='bbox 1335 1397 1467 1440; x_wconf 89' lang='lat' dir='ltr'>nobis</span> <span class='ocrx_word' id='word_1_197' title='bbox 1493 1395 1782 1455; x_wconf 89' lang='lat' dir='ltr'>perficiendis</span> <span class='ocrx_word' id='word_1_198' title='bbox 1813 1395 1861 1439; x_wconf 92' lang='lat' dir='ltr'>in</span> <span class='ocrx_word' id='word_1_199' title='bbox 1893 1395 1983 1440; x_wconf 90' lang='lat' dir='ltr'>fine</span> <span class='ocrx_word' id='word_1_200' title='bbox 2020 1410 2122 1455; x_wconf 89' lang='lat' dir='ltr'>pro-</span> 
     </span>
    </p>
   </div>
   <div class='ocr_carea' id='block_1_6' title="bbox 154 1463 2123 1523">
    <p class='ocr_par' dir='ltr' id='par_1_7' title="bbox 43 1451 2123 1523">
     <span class='ocr_line' id='line_1_19' title="bbox 154 1463 2123 1523; baseline -0 -15.053"><span class='ocrx_word' id='word_1_201' title='bbox 154 1464 406 1509; x_wconf 79' lang='lat' dir='ltr'>mittitur».</span> <span class='ocrx_word' id='word_1_202' title='bbox 435 1463 511 1508; x_wconf 89' lang='lat' dir='ltr'>Sic</span> <span class='ocrx_word' id='word_1_203' title='bbox 538 1477 650 1522; x_wconf 91' lang='lat' dir='ltr'>ergo</span> <span class='ocrx_word' id='word_1_204' title='bbox 682 1463 965 1522; x_wconf 89' lang='lat' dir='ltr'>Augustinus</span> <span class='ocrx_word' id='word_1_205' title='bbox 1007 1463 1174 1508; x_wconf 89' lang='lat' dir='ltr'>sentire</span> <span class='ocrx_word' id='word_1_206' title='bbox 1213 1463 1405 1517; x_wconf 91' lang='lat' dir='ltr'>videtur,</span> <span class='ocrx_word' id='word_1_207' title='bbox 1448 1463 1570 1523; x_wconf 92' lang='lat' dir='ltr'>quod</span> <span class='ocrx_word' id='word_1_208' title='bbox 1607 1463 1932 1507; x_wconf 83' lang='lat' dir='ltr'>resurrexerint</span> <span class='ocrx_word' id='word_1_209' title='bbox 1956 1463 2123 1508; x_wconf 91' lang='lat' dir='ltr'>iterum</span> 
     </span>
    </p>
   </div>
   <div class='ocr_carea' id='block_1_7' title="bbox 41 1524 2123 1792">
    <p class='ocr_par' dir='ltr' id='par_1_8' title="bbox 41 1524 2123 1792">
     <span class='ocr_line' id='line_1_20' title="bbox 41 1524 2123 1590; baseline 0.001 -17"><span class='ocrx_word' id='word_1_210' title='bbox 41 1524 79 1573; x_wconf 62' lang='grc' dir='ltr'>ζ</span> <span class='ocrx_word' id='word_1_211' title='bbox 154 1530 387 1576; x_wconf 88' lang='lat' dir='ltr'>morituri:</span> <span class='ocrx_word' id='word_1_212' title='bbox 416 1530 473 1575; x_wconf 88' lang='lat' dir='ltr'>ad</span> <span class='ocrx_word' id='word_1_213' title='bbox 498 1530 623 1590; x_wconf 91' lang='lat' dir='ltr'>quod</span> <span class='ocrx_word' id='word_1_214' title='bbox 650 1530 789 1575; x_wconf 87' lang='lat' dir='ltr'>etiam</span> <span class='ocrx_word' id='word_1_215' title='bbox 820 1529 999 1575; x_wconf 89' lang='lat' dir='ltr'>videtur</span> <span class='ocrx_word' id='word_1_216' title='bbox 1023 1530 1263 1589; x_wconf 89' lang='lat' dir='ltr'>pertinere,</span> <span class='ocrx_word' id='word_1_217' title='bbox 1291 1530 1414 1589; x_wconf 92' lang='lat' dir='ltr'>quod</span> <span class='ocrx_word' id='word_1_218' title='bbox 1440 1530 1629 1574; x_wconf 88' lang='lat' dir='ltr'>Hieron.</span> <span class='ocrx_word' id='word_1_219' title='bbox 1663 1529 1773 1574; x_wconf 92' lang='lat' dir='ltr'>dicit</span> <span class='ocrx_word' id='word_1_220' title='bbox 1802 1544 1936 1589; x_wconf 90' lang='lat' dir='ltr'>super</span> <span class='ocrx_word' id='word_1_221' title='bbox 1960 1530 2123 1575; x_wconf 89' lang='lat' dir='ltr'>Matth.</span> 
     </span>
     <span class='ocr_line' id='line_1_21' title="bbox 60 1596 2120 1658; baseline 0 -16"><span class='ocrx_word' id='word_1_222' title='bbox 60 1607 68 1616; x_wconf 66' lang='lat'><em>‘</em></span> <span class='ocrx_word' id='word_1_223' title='bbox 154 1596 254 1655; x_wconf 83' lang='lat' dir='ltr'>(loc.</span> <span class='ocrx_word' id='word_1_224' title='bbox 278 1606 369 1658; x_wconf 86' lang='lat' dir='ltr'>sup.</span> <span class='ocrx_word' id='word_1_225' title='bbox 396 1597 490 1655; x_wconf 83' lang='lat' dir='ltr'>cit.)</span> <span class='ocrx_word' id='word_1_226' title='bbox 517 1597 639 1656; x_wconf 92' lang='lat' dir='ltr'>quod</span> <span class='ocrx_word' id='word_1_227' title='bbox 664 1600 771 1643; x_wconf 83' lang='lat' dir='ltr'>sicut</span> <span class='ocrx_word' id='word_1_228' title='bbox 806 1598 995 1655; x_wconf 62' lang='lat' dir='ltr'>Lazarus</span> <span class='ocrx_word' id='word_1_229' title='bbox 1020 1599 1262 1651; x_wconf 80' lang='lat' dir='ltr'>resurrexit,</span> <span class='ocrx_word' id='word_1_230' title='bbox 1288 1599 1346 1642; x_wconf 80' lang='lat' dir='ltr'>sic</span> <span class='ocrx_word' id='word_1_231' title='bbox 1372 1603 1411 1642; x_wconf 88' lang='lat' dir='ltr'>et</span> <span class='ocrx_word' id='word_1_232' title='bbox 1435 1598 1568 1642; x_wconf 88' lang='lat' dir='ltr'>multa</span> <span class='ocrx_word' id='word_1_233' title='bbox 1593 1604 1770 1656; x_wconf 86' lang='lat' dir='ltr'>corpora</span> <span class='ocrx_word' id='word_1_234' title='bbox 1794 1603 2035 1642; x_wconf 87' lang='lat' dir='ltr'>sanctor-um</span> <span class='ocrx_word' id='word_1_235' title='bbox 2056 1614 2120 1642; x_wconf 88' lang='lat' dir='ltr'>re-</span> 
     </span>
     <span class='ocr_line' id='line_1_22' title="bbox 150 1663 2114 1724; baseline -0.002 -13"><span class='ocrx_word' id='word_1_236' title='bbox 150 1671 434 1719; x_wconf 74' lang='lat' dir='ltr'>surrexerunt,</span> <span class='ocrx_word' id='word_1_237' title='bbox 460 1670 508 1710; x_wconf 86' lang='lat' dir='ltr'>ut</span> <span class='ocrx_word' id='word_1_238' title='bbox 531 1666 767 1710; x_wconf 87' lang='lat' dir='ltr'>Dominum</span> <span class='ocrx_word' id='word_1_239' title='bbox 792 1664 1041 1710; x_wconf 79' lang='lat' dir='ltr'>ostenderent</span> <span class='ocrx_word' id='word_1_240' title='bbox 1061 1671 1362 1724; x_wconf 75' lang='lat' dir='ltr'>resurgentem.-</span> <span class='ocrx_word' id='word_1_241' title='bbox 1386 1663 1594 1723; x_wconf 88' lang='lat' dir='ltr'>quamvis</span> <span class='ocrx_word' id='word_1_242' title='bbox 1626 1663 1717 1708; x_wconf 92' lang='lat' dir='ltr'>hoc</span> <span class='ocrx_word' id='word_1_243' title='bbox 1745 1666 1791 1708; x_wconf 92' lang='lat' dir='ltr'>in</span> <span class='ocrx_word' id='word_1_244' title='bbox 1818 1678 2032 1708; x_wconf 91' lang='lat' dir='ltr'>sermone</span> <span class='ocrx_word' id='word_1_245' title='bbox 2059 1665 2114 1708; x_wconf 90' lang='lat' dir='ltr'>de</span> 
     </span>
     <span class='ocr_line' id='line_1_23' title="bbox 153 1730 2119 1792; baseline 0 -16"><span class='ocrx_word' id='word_1_246' title='bbox 153 1732 482 1792; x_wconf 86' lang='lat' dir='ltr'>Assumptione</span> <span class='ocrx_word' id='word_1_247' title='bbox 505 1732 587 1777; x_wconf 87' lang='lat' dir='ltr'>sub</span> <span class='ocrx_word' id='word_1_248' title='bbox 615 1732 753 1777; x_wconf 91' lang='lat' dir='ltr'>dubio</span> <span class='ocrx_word' id='word_1_249' title='bbox 779 1731 1029 1792; x_wconf 89' lang='lat' dir='ltr'>relinquat;</span> <span class='ocrx_word' id='word_1_250' title='bbox 1054 1733 1255 1777; x_wconf 90' lang='lat' dir='ltr'>rationes</span> <span class='ocrx_word' id='word_1_251' title='bbox 1280 1741 1436 1776; x_wconf 91' lang='lat' dir='ltr'>tamen</span> <span class='ocrx_word' id='word_1_252' title='bbox 1462 1731 1707 1790; x_wconf 88' lang='lat' dir='ltr'>Augustini</span> <span class='ocrx_word' id='word_1_253' title='bbox 1729 1730 1875 1776; x_wconf 92' lang='lat' dir='ltr'>multo</span> <span class='ocrx_word' id='word_1_254' title='bbox 1894 1730 2119 1776; x_wconf 90' lang='lat' dir='ltr'>efficacio-</span> 
     </span>
    </p>
   </div>
   <div class='ocr_carea' id='block_1_8' title="bbox 157 1799 2122 1925">
    <p class='ocr_par' dir='ltr' id='par_1_9' title="bbox 157 1799 2122 1925">
     <span class='ocr_line' id='line_1_24' title="bbox 157 1799 476 1845; baseline 0 -1"><span class='ocrx_word' id='word_1_255' title='bbox 157 1813 231 1845; x_wconf 88' lang='lat' dir='ltr'>res</span> <span class='ocrx_word' id='word_1_256' title='bbox 254 1799 476 1844; x_wconf 86' lang='lat' dir='ltr'>videntur.</span> 
     </span>
     <span class='ocr_line' id='line_1_25' title="bbox 241 1865 2122 1925; baseline -0.002 -13"><span class='ocrx_word' id='word_1_257' title='bbox 241 1866 318 1912; x_wconf 89' lang='lat' dir='ltr'>AD</span> <span class='ocrx_word' id='word_1_258' title='bbox 344 1878 560 1912; x_wconf 77' lang='lat' dir='ltr'>TERTIUM</span> <span class='ocrx_word' id='word_1_259' title='bbox 592 1866 851 1921; x_wconf 89' lang='lat' dir='ltr'>dicendum,</span> <span class='ocrx_word' id='word_1_260' title='bbox 877 1866 1000 1925; x_wconf 92' lang='lat' dir='ltr'>quod</span> <span class='ocrx_word' id='word_1_261' title='bbox 1027 1866 1144 1911; x_wconf 91' lang='lat' dir='ltr'>sicut</span> <span class='ocrx_word' id='word_1_262' title='bbox 1168 1880 1222 1910; x_wconf 89' lang='lat' dir='ltr'>ea</span> <span class='ocrx_word' id='word_1_263' title='bbox 1248 1879 1364 1925; x_wconf 84' lang='lat' dir='ltr'>quae</span> <span class='ocrx_word' id='word_1_264' title='bbox 1391 1875 1736 1925; x_wconf 89' lang='lat' dir='ltr'>praecesserunt</span> <span class='ocrx_word' id='word_1_265' title='bbox 1759 1865 1932 1910; x_wconf 89' lang='lat' dir='ltr'>Christi</span> <span class='ocrx_word' id='word_1_266' title='bbox 1954 1865 2122 1910; x_wconf 91' lang='lat' dir='ltr'>adven-</span> 
     </span>
    </p>
   </div>
   <div class='ocr_carea' id='block_1_9' title="bbox 150 1932 2120 1993">
    <p class='ocr_par' dir='ltr' id='par_1_10' title="bbox 150 1932 2120 1993">
     <span class='ocr_line' id='line_1_26' title="bbox 150 1932 2120 1993; baseline -0.002 -13"><span class='ocrx_word' id='word_1_267' title='bbox 150 1942 251 1980; x_wconf 84' lang='lat' dir='ltr'>tum</span> <span class='ocrx_word' id='word_1_268' title='bbox 274 1932 456 1979; x_wconf 85' lang='lat' dir='ltr'>fuerunt</span> <span class='ocrx_word' id='word_1_269' title='bbox 476 1933 814 1993; x_wconf 87' lang='lat' dir='ltr'>praeparatoria</span> <span class='ocrx_word' id='word_1_270' title='bbox 840 1933 897 1977; x_wconf 93' lang='lat' dir='ltr'>ad</span> <span class='ocrx_word' id='word_1_271' title='bbox 925 1933 1184 1987; x_wconf 83' lang='lat' dir='ltr'>Christum3</span> <span class='ocrx_word' id='word_1_272' title='bbox 1211 1934 1272 1977; x_wconf 89' lang='lat' dir='ltr'>ita</span> <span class='ocrx_word' id='word_1_273' title='bbox 1298 1933 1442 1992; x_wconf 90' lang='lat' dir='ltr'>gratia</span> <span class='ocrx_word' id='word_1_274' title='bbox 1469 1943 1535 1977; x_wconf 92' lang='lat' dir='ltr'>est</span> <span class='ocrx_word' id='word_1_275' title='bbox 1561 1932 1798 1991; x_wconf 89' lang='lat' dir='ltr'>dispositio</span> <span class='ocrx_word' id='word_1_276' title='bbox 1818 1933 1874 1977; x_wconf 90' lang='lat' dir='ltr'>ad</span> <span class='ocrx_word' id='word_1_277' title='bbox 1897 1932 2120 1992; x_wconf 85' lang='lat' dir='ltr'>gloriam:</span> 
     </span>
    </p>
   </div>
   <div class='ocr_carea' id='block_1_10' title="bbox 149 1999 2120 2195">
    <p class='ocr_par' dir='ltr' id='par_1_11' title="bbox 39 1987 2120 2195">
     <span class='ocr_line' id='line_1_27' title="bbox 150 1999 2115 2061; baseline -0.002 -14.205"><span class='ocrx_word' id='word_1_278' title='bbox 150 2010 198 2047; x_wconf 82' lang='lat' dir='ltr'>et</span> <span class='ocrx_word' id='word_1_279' title='bbox 220 2000 327 2049; x_wconf 85' lang='lat' dir='ltr'>ideo</span> <span class='ocrx_word' id='word_1_280' title='bbox 358 2014 412 2046; x_wconf 90' lang='lat' dir='ltr'>ea</span> <span class='ocrx_word' id='word_1_281' title='bbox 437 2015 554 2061; x_wconf 90' lang='lat' dir='ltr'>quae</span> <span class='ocrx_word' id='word_1_282' title='bbox 578 2011 683 2045; x_wconf 88' lang='lat' dir='ltr'>sunt</span> <span class='ocrx_word' id='word_1_283' title='bbox 710 2000 899 2060; x_wconf 91' lang='lat' dir='ltr'>gloriae,</span> <span class='ocrx_word' id='word_1_284' title='bbox 926 2002 1020 2045; x_wconf 90' lang='lat' dir='ltr'>sive</span> <span class='ocrx_word' id='word_1_285' title='bbox 1047 2010 1268 2059; x_wconf 91' lang='lat' dir='ltr'>quantum</span> <span class='ocrx_word' id='word_1_286' title='bbox 1303 2000 1359 2044; x_wconf 89' lang='lat' dir='ltr'>ad</span> <span class='ocrx_word' id='word_1_287' title='bbox 1399 2000 1602 2044; x_wconf 87' lang='lat' dir='ltr'>animam</span> <span class='ocrx_word' id='word_1_288' title='bbox 1630 2000 1768 2057; x_wconf 91' lang='lat' dir='ltr'>(sicut</span> <span class='ocrx_word' id='word_1_289' title='bbox 1793 1999 1994 2059; x_wconf 87' lang='lat' dir='ltr'>perfecta</span> <span class='ocrx_word' id='word_1_290' title='bbox 2024 2001 2115 2043; x_wconf 91' lang='lat' dir='ltr'>Dei</span> 
     </span>
     <span class='ocr_line' id='line_1_28' title="bbox 149 2066 2118 2128; baseline -0.002 -13.203"><span class='ocrx_word' id='word_1_291' title='bbox 149 2066 326 2128; x_wconf 78' lang='lat' dir='ltr'>fruitio)</span> <span class='ocrx_word' id='word_1_292' title='bbox 351 2069 447 2114; x_wconf 84' lang='lat' dir='ltr'>sive</span> <span class='ocrx_word' id='word_1_293' title='bbox 473 2079 695 2128; x_wconf 88' lang='lat' dir='ltr'>quantum</span> <span class='ocrx_word' id='word_1_294' title='bbox 722 2069 777 2112; x_wconf 92' lang='lat' dir='ltr'>ad</span> <span class='ocrx_word' id='word_1_295' title='bbox 811 2083 975 2128; x_wconf 90' lang='lat' dir='ltr'>corpus</span> <span class='ocrx_word' id='word_1_296' title='bbox 1012 2069 1151 2126; x_wconf 89' lang='lat' dir='ltr'>(sicut</span> <span class='ocrx_word' id='word_1_297' title='bbox 1182 2069 1451 2113; x_wconf 89' lang='lat' dir='ltr'>resurrectio</span> <span class='ocrx_word' id='word_1_298' title='bbox 1486 2067 1723 2127; x_wconf 89' lang='lat' dir='ltr'>gloriosa),</span> <span class='ocrx_word' id='word_1_299' title='bbox 1763 2068 1886 2127; x_wconf 90' lang='lat' dir='ltr'>prius</span> <span class='ocrx_word' id='word_1_300' title='bbox 1912 2078 2118 2127; x_wconf 92' lang='lat' dir='ltr'>tempore</span> 
     </span>
     <span class='ocr_line' id='line_1_29' title="bbox 151 2134 2120 2195; baseline -0 -15.054"><span class='ocrx_word' id='word_1_301' title='bbox 151 2135 401 2182; x_wconf 83' lang='lat' dir='ltr'>debuerunt</span> <span class='ocrx_word' id='word_1_302' title='bbox 425 2149 523 2181; x_wconf 88' lang='lat' dir='ltr'>esse</span> <span class='ocrx_word' id='word_1_303' title='bbox 547 2135 593 2180; x_wconf 93' lang='lat' dir='ltr'>in</span> <span class='ocrx_word' id='word_1_304' title='bbox 634 2135 837 2191; x_wconf 91' lang='lat' dir='ltr'>Christo,</span> <span class='ocrx_word' id='word_1_305' title='bbox 875 2136 992 2180; x_wconf 90' lang='lat' dir='ltr'>sicut</span> <span class='ocrx_word' id='word_1_306' title='bbox 1031 2136 1078 2179; x_wconf 93' lang='lat' dir='ltr'>in</span> <span class='ocrx_word' id='word_1_307' title='bbox 1113 2145 1298 2180; x_wconf 88' lang='lat' dir='ltr'>auctore</span> <span class='ocrx_word' id='word_1_308' title='bbox 1342 2134 1540 2194; x_wconf 89' lang='lat' dir='ltr'>gloriae:</span> <span class='ocrx_word' id='word_1_309' title='bbox 1569 2137 1763 2195; x_wconf 86' lang='lat' dir='ltr'>gratiam</span> <span class='ocrx_word' id='word_1_310' title='bbox 1802 2149 1912 2180; x_wconf 88' lang='lat' dir='ltr'>vero</span> <span class='ocrx_word' id='word_1_311' title='bbox 1955 2149 2120 2180; x_wconf 89' lang='lat' dir='ltr'>conve-</span> 
     </span>
    </p>
   </div>
   <div class='ocr_carea' id='block_1_11' title="bbox 59 2195 1614 2263">
    <p class='ocr_par' dir='ltr' id='par_1_12' title="bbox 59 2195 1614 2263">
     <span class='ocr_line' id='line_1_30' title="bbox 59 2195 1614 2263; baseline 0.003 -20"><span class='ocrx_word' id='word_1_312' title='bbox 59 2195 86 2251; x_wconf 52' lang='grc' dir='ltr'>’.ᾖ</span> <span class='ocrx_word' id='word_1_313' title='bbox 148 2202 303 2249; x_wconf 88' lang='lat' dir='ltr'>niebat</span> <span class='ocrx_word' id='word_1_314' title='bbox 325 2202 448 2263; x_wconf 88' lang='lat' dir='ltr'>prius</span> <span class='ocrx_word' id='word_1_315' title='bbox 476 2217 576 2248; x_wconf 83' lang='lat' dir='ltr'>esse</span> <span class='ocrx_word' id='word_1_316' title='bbox 600 2203 647 2247; x_wconf 93' lang='lat' dir='ltr'>in</span> <span class='ocrx_word' id='word_1_317' title='bbox 673 2203 758 2258; x_wconf 91' lang='lat' dir='ltr'>his,</span> <span class='ocrx_word' id='word_1_318' title='bbox 785 2217 901 2263; x_wconf 91' lang='lat' dir='ltr'>quae</span> <span class='ocrx_word' id='word_1_319' title='bbox 929 2202 1253 2247; x_wconf 86' lang='lat' dir='ltr'>ordinabantur</span> <span class='ocrx_word' id='word_1_320' title='bbox 1280 2202 1335 2246; x_wconf 88' lang='lat' dir='ltr'>ad</span> <span class='ocrx_word' id='word_1_321' title='bbox 1364 2202 1614 2248; x_wconf 89' lang='lat' dir='ltr'>Christum.</span> 
     </span>
    </p>
   </div>
   <div class='ocr_carea' id='block_1_12' title="bbox 299 2381 2111 2557">
    <p class='ocr_par' dir='ltr' id='par_1_13' title="bbox 299 2381 2111 2557">
     <span class='ocr_line' id='line_1_31' title="bbox 845 2381 2111 2458; baseline 0.003 -22"><span class='ocrx_word' id='word_1_322' title='bbox 845 2381 1281 2438; x_wconf 87' lang='lat' dir='ltr'>ARTICULUS</span> <span class='ocrx_word' id='word_1_323' title='bbox 1318 2382 1415 2437; x_wconf 84' lang='lat' dir='ltr'>Iv.</span> <span class='ocrx_word' id='word_1_324' title='bbox 2026 2408 2111 2458; x_wconf 80' lang='lat'>297</span> 
     </span>
     <span class='ocr_line' id='line_1_32' title="bbox 299 2510 1963 2557; baseline -0.001 -1"><span class='ocrx_word' id='word_1_325' title='bbox 299 2516 494 2556; x_wconf 72' lang='lat' dir='ltr'>UTRUM</span> <span class='ocrx_word' id='word_1_326' title='bbox 533 2510 800 2556; x_wconf 83' lang='lat' dir='ltr'>CHRISTUS</span> <span class='ocrx_word' id='word_1_327' title='bbox 841 2517 1038 2556; x_wconf 89' lang='lat' dir='ltr'><strong>FUERIT</strong></span> <span class='ocrx_word' id='word_1_328' title='bbox 1085 2516 1263 2557; x_wconf 81' lang='lat' dir='ltr'>CAUSA</span> <span class='ocrx_word' id='word_1_329' title='bbox 1303 2517 1442 2556; x_wconf 88' lang='lat' dir='ltr'>SUAE</span> <span class='ocrx_word' id='word_1_330' title='bbox 1474 2517 1963 2557; x_wconf 89' lang='lat' dir='ltr'>RESURRECTIONIS.</span> 
     </span>
    </p>
   </div>
   <div class='ocr_carea' id='block_1_13' title="bbox 521 2627 1735 2688">
    <p class='ocr_par' dir='ltr' id='par_1_14' title="bbox 521 2627 1735 2688">
     <span class='ocr_line' id='line_1_33' title="bbox 521 2627 1735 2688; baseline 0.002 -15"><span class='ocrx_word' id='word_1_331' title='bbox 521 2627 651 2684; x_wconf 87' lang='lat' dir='ltr'>(Psal.</span> <span class='ocrx_word' id='word_1_332' title='bbox 668 2642 741 2686; x_wconf 89' lang='lat'>40.</span> <span class='ocrx_word' id='word_1_333' title='bbox 759 2636 872 2688; x_wconf 83' lang='lat' dir='ltr'>corp.</span> <span class='ocrx_word' id='word_1_334' title='bbox 890 2644 931 2674; x_wconf 88' lang='lat'>2.</span> <span class='ocrx_word' id='word_1_335' title='bbox 950 2635 988 2674; x_wconf 88' lang='lat' dir='ltr'>et</span> <span class='ocrx_word' id='word_1_336' title='bbox 996 2630 1122 2687; x_wconf 88' lang='lat' dir='ltr'>Joan.</span> <span class='ocrx_word' id='word_1_337' title='bbox 1140 2644 1179 2675; x_wconf 90' lang='lat'>2.</span> <span class='ocrx_word' id='word_1_338' title='bbox 1199 2635 1235 2674; x_wconf 90' lang='lat' dir='ltr'>et</span> <span class='ocrx_word' id='word_1_339' title='bbox 1245 2644 1282 2688; x_wconf 85' lang='lat'>3.</span> <span class='ocrx_word' id='word_1_340' title='bbox 1301 2634 1338 2673; x_wconf 90' lang='lat' dir='ltr'>et</span> <span class='ocrx_word' id='word_1_341' title='bbox 1353 2628 1408 2673; x_wconf 85' lang='lat' dir='ltr'>ad</span> <span class='ocrx_word' id='word_1_342' title='bbox 1423 2630 1544 2676; x_wconf 87' lang='lat' dir='ltr'>Rom.</span> <span class='ocrx_word' id='word_1_343' title='bbox 1563 2642 1606 2686; x_wconf 89' lang='lat'>4.</span> <span class='ocrx_word' id='word_1_344' title='bbox 1614 2628 1735 2688; x_wconf 88' lang='lat' dir='ltr'>fin.).</span> 
     </span>
    </p>
   </div>
   <div class='ocr_carea' id='block_1_14' title="bbox 147 2732 2115 3000">
    <p class='ocr_par' dir='ltr' id='par_1_15' title="bbox 147 2732 2115 3000">
     <span class='ocr_line' id='line_1_34' title="bbox 239 2732 2114 2800; baseline 0.001 -18"><span class='ocrx_word' id='word_1_345' title='bbox 239 2735 315 2781; x_wconf 86' lang='lat' dir='ltr'>AD</span> <span class='ocrx_word' id='word_1_346' title='bbox 340 2749 577 2787; x_wconf 73' lang='lat' dir='ltr'>QUARTUM</span> <span class='ocrx_word' id='word_1_347' title='bbox 602 2739 665 2783; x_wconf 89' lang='lat' dir='ltr'>sic</span> <span class='ocrx_word' id='word_1_348' title='bbox 691 2739 965 2798; x_wconf 90' lang='lat' dir='ltr'>proceditur.</span> <span class='ocrx_word' id='word_1_349' title='bbox 991 2739 1197 2794; x_wconf 90' lang='lat' dir='ltr'>Videtur,</span> <span class='ocrx_word' id='word_1_350' title='bbox 1221 2739 1342 2800; x_wconf 90' lang='lat' dir='ltr'>quod</span> <span class='ocrx_word' id='word_1_351' title='bbox 1365 2739 1575 2785; x_wconf 89' lang='lat' dir='ltr'>Christus</span> <span class='ocrx_word' id='word_1_352' title='bbox 1593 2754 1686 2784; x_wconf 92' lang='lat' dir='ltr'>non</span> <span class='ocrx_word' id='word_1_353' title='bbox 1698 2739 1832 2784; x_wconf 92' lang='lat' dir='ltr'>fuerit</span> <span class='ocrx_word' id='word_1_354' title='bbox 1849 2732 1986 2785; x_wconf 86' lang='lat' dir='ltr'>causa</span> <span class='ocrx_word' id='word_1_355' title='bbox 2004 2754 2114 2784; x_wconf 86' lang='lat' dir='ltr'>suae</span> 
     </span>
     <span class='ocr_line' id='line_1_35' title="bbox 148 2803 2113 2865; baseline 0.002 -19"><span class='ocrx_word' id='word_1_356' title='bbox 148 2803 512 2849; x_wconf 85' lang='lat' dir='ltr'>resurrectionis:</span> <span class='ocrx_word' id='word_1_357' title='bbox 539 2804 815 2865; x_wconf 88' lang='lat' dir='ltr'>quicumque</span> <span class='ocrx_word' id='word_1_358' title='bbox 838 2807 961 2851; x_wconf 93' lang='lat' dir='ltr'>enim</span> <span class='ocrx_word' id='word_1_359' title='bbox 979 2808 1220 2852; x_wconf 89' lang='lat' dir='ltr'>suscitatur</span> <span class='ocrx_word' id='word_1_360' title='bbox 1241 2808 1294 2852; x_wconf 91' lang='lat' dir='ltr'>ab</span> <span class='ocrx_word' id='word_1_361' title='bbox 1313 2806 1421 2862; x_wconf 85' lang='lat' dir='ltr'>alio,</span> <span class='ocrx_word' id='word_1_362' title='bbox 1440 2821 1534 2852; x_wconf 90' lang='lat' dir='ltr'>non</span> <span class='ocrx_word' id='word_1_363' title='bbox 1559 2817 1627 2852; x_wconf 93' lang='lat' dir='ltr'>est</span> <span class='ocrx_word' id='word_1_364' title='bbox 1642 2821 1751 2852; x_wconf 91' lang='lat' dir='ltr'>suae</span> <span class='ocrx_word' id='word_1_365' title='bbox 1769 2807 2113 2852; x_wconf 90' lang='lat' dir='ltr'>resurrectionis</span> 
     </span>
     <span class='ocr_line' id='line_1_36' title="bbox 150 2869 2115 2932; baseline 0.003 -18"><span class='ocrx_word' id='word_1_366' title='bbox 150 2883 312 2914; x_wconf 84' lang='lat' dir='ltr'>causa:</span> <span class='ocrx_word' id='word_1_367' title='bbox 338 2869 417 2915; x_wconf 87' lang='lat' dir='ltr'>sed</span> <span class='ocrx_word' id='word_1_368' title='bbox 443 2870 652 2919; x_wconf 84' lang='lat' dir='ltr'>Christus</span> <span class='ocrx_word' id='word_1_369' title='bbox 677 2874 918 2919; x_wconf 89' lang='lat' dir='ltr'>suscitatus</span> <span class='ocrx_word' id='word_1_370' title='bbox 945 2885 1011 2919; x_wconf 91' lang='lat' dir='ltr'>est</span> <span class='ocrx_word' id='word_1_371' title='bbox 1029 2875 1083 2919; x_wconf 93' lang='lat' dir='ltr'>ab</span> <span class='ocrx_word' id='word_1_372' title='bbox 1104 2874 1210 2929; x_wconf 89' lang='lat' dir='ltr'>alio,</span> <span class='ocrx_word' id='word_1_373' title='bbox 1233 2875 1486 2919; x_wconf 92' lang='lat' dir='ltr'>secundum</span> <span class='ocrx_word' id='word_1_374' title='bbox 1509 2874 1619 2919; x_wconf 90' lang='lat' dir='ltr'>illud</span> <span class='ocrx_word' id='word_1_375' title='bbox 1637 2875 1740 2920; x_wconf 91' lang='lat' dir='ltr'>Act.</span> <span class='ocrx_word' id='word_1_376' title='bbox 1759 2887 1824 2920; x_wconf 89' lang='lat'>2.:</span> <span class='ocrx_word' id='word_1_377' title='bbox 1845 2876 1981 2932; x_wconf 83' lang='lat' dir='ltr'>Quem</span> <span class='ocrx_word' id='word_1_378' title='bbox 1998 2876 2115 2919; x_wconf 79' lang='lat' dir='ltr'>Deus</span> 
     </span>
     <span class='ocr_line' id='line_1_37' title="bbox 147 2937 2106 3000; baseline 0.001 -17"><span class='ocrx_word' id='word_1_379' title='bbox 147 2938 376 2992; x_wconf 81' lang='lat' dir='ltr'>suscitavit,</span> <span class='ocrx_word' id='word_1_380' title='bbox 402 2938 541 2983; x_wconf 87' lang='lat' dir='ltr'>solutis</span> <span class='ocrx_word' id='word_1_381' title='bbox 570 2937 778 2986; x_wconf 84' lang='lat' dir='ltr'>doloribus</span> <span class='ocrx_word' id='word_1_382' title='bbox 799 2942 970 3000; x_wconf 87' lang='lat' dir='ltr'>inferni,</span> <span class='ocrx_word' id='word_1_383' title='bbox 1003 2952 1047 2987; x_wconf 92' lang='lat' dir='ltr'>et</span> <span class='ocrx_word' id='word_1_384' title='bbox 1072 2942 1206 2986; x_wconf 79' lang='lat' dir='ltr'>Rom.</span> <span class='ocrx_word' id='word_1_385' title='bbox 1232 2943 1297 2986; x_wconf 87' lang='lat'>8.:</span> <span class='ocrx_word' id='word_1_386' title='bbox 1328 2943 1417 2999; x_wconf 86' lang='lat' dir='ltr'>Qui</span> <span class='ocrx_word' id='word_1_387' title='bbox 1447 2944 1662 2987; x_wconf 83' lang='lat' dir='ltr'>suscitavit</span> <span class='ocrx_word' id='word_1_388' title='bbox 1681 2943 1820 2999; x_wconf 82' lang='lat' dir='ltr'>Jesum</span> <span class='ocrx_word' id='word_1_389' title='bbox 1845 2941 2056 2986; x_wconf 83' lang='lat' dir='ltr'>Christum</span> <span class='ocrx_word' id='word_1_390' title='bbox 2081 2956 2106 2985; x_wconf 86' lang='lat' dir='ltr'>a</span> 
     </span>
    </p>
   </div>
   <div class='ocr_carea' id='block_1_15' title="bbox 25 2997 2111 3117">
    <p class='ocr_par' dir='ltr' id='par_1_16' title="bbox 25 2997 2111 3121">
     <span class='ocr_line' id='line_1_38' title="bbox 25 2997 2111 3077; baseline 0.002 -29"><span class='ocrx_word' id='word_1_391' title='bbox 25 2997 70 3077; x_wconf 43' lang='lat' dir='ltr'>*J</span> <span class='ocrx_word' id='word_1_392' title='bbox 146 3005 337 3059; x_wconf 86' lang='lat' dir='ltr'>mortuis,</span> <span class='ocrx_word' id='word_1_393' title='bbox 362 3005 598 3064; x_wconf 74' lang='lat' dir='ltr'>vivificabit</span> <span class='ocrx_word' id='word_1_394' title='bbox 617 3012 655 3051; x_wconf 89' lang='lat' dir='ltr'>et</span> <span class='ocrx_word' id='word_1_395' title='bbox 670 3008 868 3052; x_wconf 88' lang='lat' dir='ltr'>mortalia</span> <span class='ocrx_word' id='word_1_396' title='bbox 894 3016 1072 3068; x_wconf 85' lang='lat' dir='ltr'>corpora</span> <span class='ocrx_word' id='word_1_397' title='bbox 1096 3015 1254 3063; x_wconf 85' lang='lat' dir='ltr'>nostra,</span> <span class='ocrx_word' id='word_1_398' title='bbox 1280 3019 1389 3064; x_wconf 89' lang='lat' dir='ltr'>etc.;</span> <span class='ocrx_word' id='word_1_399' title='bbox 1409 3023 1520 3068; x_wconf 89' lang='lat' dir='ltr'>ergo</span> <span class='ocrx_word' id='word_1_400' title='bbox 1549 3009 1758 3054; x_wconf 90' lang='lat' dir='ltr'>Christus</span> <span class='ocrx_word' id='word_1_401' title='bbox 1776 3023 1870 3053; x_wconf 90' lang='lat' dir='ltr'>non</span> <span class='ocrx_word' id='word_1_402' title='bbox 1888 3019 1956 3053; x_wconf 91' lang='lat' dir='ltr'>est</span> <span class='ocrx_word' id='word_1_403' title='bbox 1974 3022 2111 3053; x_wconf 85' lang='lat' dir='ltr'>causa</span> 
     </span>
     <span class='ocr_line' id='line_1_39' title="bbox 52 3071 642 3117; baseline 0.002 -1"><span class='ocrx_word' id='word_1_404' title='bbox 52 3076 66 3082; x_wconf 84' lang='grc'>’“</span> <span class='ocrx_word' id='word_1_405' title='bbox 148 3085 258 3116; x_wconf 87' lang='lat' dir='ltr'>suae</span> <span class='ocrx_word' id='word_1_406' title='bbox 284 3071 642 3117; x_wconf 89' lang='lat' dir='ltr'>resurrectionis.</span> 
     </span>
    </p>
   </div>
   <div class='ocr_carea' id='block_1_16' title="bbox 148 3137 2111 3269">
    <p class='ocr_par' dir='ltr' id='par_1_17' title="bbox 148 3137 2111 3269">
     <span class='ocr_line' id='line_1_40' title="bbox 237 3137 2111 3203; baseline 0.003 -21"><span class='ocrx_word' id='word_1_407' title='bbox 237 3150 278 3182; x_wconf 88' lang='lat'>2.</span> <span class='ocrx_word' id='word_1_408' title='bbox 304 3137 587 3183; x_wconf 58' lang='lat' dir='ltr'>Puni-Enna</span> <span class='ocrx_word' id='word_1_409' title='bbox 612 3138 776 3185; x_wconf 89' lang='lat' dir='ltr'>Nullus</span> <span class='ocrx_word' id='word_1_410' title='bbox 803 3140 965 3186; x_wconf 84' lang='lat' dir='ltr'>dicitur</span> <span class='ocrx_word' id='word_1_411' title='bbox 989 3144 1168 3198; x_wconf 90' lang='lat' dir='ltr'>mereri,</span> <span class='ocrx_word' id='word_1_412' title='bbox 1197 3144 1273 3203; x_wconf 92' lang='lat' dir='ltr'>qui</span> <span class='ocrx_word' id='word_1_413' title='bbox 1301 3144 1353 3187; x_wconf 90' lang='lat' dir='ltr'>ab</span> <span class='ocrx_word' id='word_1_414' title='bbox 1383 3143 1472 3188; x_wconf 85' lang='lat' dir='ltr'>alio</span> <span class='ocrx_word' id='word_1_415' title='bbox 1506 3144 1616 3202; x_wconf 89' lang='lat' dir='ltr'>petit</span> <span class='ocrx_word' id='word_1_416' title='bbox 1644 3143 1825 3202; x_wconf 90' lang='lat' dir='ltr'>aliquid,</span> <span class='ocrx_word' id='word_1_417' title='bbox 1856 3143 1982 3201; x_wconf 89' lang='lat' dir='ltr'>cujus</span> <span class='ocrx_word' id='word_1_418' title='bbox 2014 3142 2111 3200; x_wconf 90' lang='lat' dir='ltr'>ipse</span> 
     </span>
     <span class='ocr_line' id='line_1_41' title="bbox 148 3204 2110 3269; baseline 0.002 -19"><span class='ocrx_word' id='word_1_419' title='bbox 148 3214 217 3250; x_wconf 88' lang='lat' dir='ltr'>est</span> <span class='ocrx_word' id='word_1_420' title='bbox 242 3218 402 3249; x_wconf 86' lang='lat' dir='ltr'>causa:</span> <span class='ocrx_word' id='word_1_421' title='bbox 426 3205 504 3249; x_wconf 90' lang='lat' dir='ltr'>sed</span> <span class='ocrx_word' id='word_1_422' title='bbox 538 3204 747 3250; x_wconf 88' lang='lat' dir='ltr'>Christus</span> <span class='ocrx_word' id='word_1_423' title='bbox 779 3221 860 3252; x_wconf 93' lang='lat' dir='ltr'>sua</span> <span class='ocrx_word' id='word_1_424' title='bbox 890 3210 1101 3269; x_wconf 86' lang='lat' dir='ltr'>passione</span> <span class='ocrx_word' id='word_1_425' title='bbox 1144 3211 1311 3255; x_wconf 83' lang='lat' dir='ltr'>meruit</span> <span class='ocrx_word' id='word_1_426' title='bbox 1341 3211 1736 3263; x_wconf 87' lang='lat' dir='ltr'>resurrectionem,</span> <span class='ocrx_word' id='word_1_427' title='bbox 1771 3210 1885 3253; x_wconf 89' lang='lat' dir='ltr'>sicut</span> <span class='ocrx_word' id='word_1_428' title='bbox 1916 3209 2110 3268; x_wconf 90' lang='lat' dir='ltr'>August.</span> 
     </span>
    </p>
   </div>
   <div class='ocr_carea' id='block_1_17' title="bbox 68 3271 2112 3402">
    <p class='ocr_par' dir='ltr' id='par_1_18' title="bbox 68 3271 2112 3402">
     <span class='ocr_line' id='line_1_42' title="bbox 68 3271 2112 3336; baseline 0.002 -20"><span class='ocrx_word' id='word_1_429' title='bbox 68 3279 75 3286; x_wconf 73' lang='grc'><strong>“</strong></span> <span class='ocrx_word' id='word_1_430' title='bbox 148 3272 258 3317; x_wconf 90' lang='lat' dir='ltr'>dicit</span> <span class='ocrx_word' id='word_1_431' title='bbox 281 3285 415 3331; x_wconf 88' lang='lat' dir='ltr'>super</span> <span class='ocrx_word' id='word_1_432' title='bbox 434 3271 564 3330; x_wconf 90' lang='lat' dir='ltr'>Joan.</span> <span class='ocrx_word' id='word_1_433' title='bbox 587 3273 729 3332; x_wconf 59' lang='lat' dir='ltr'>(tract.</span> <span class='ocrx_word' id='word_1_434' title='bbox 756 3288 848 3331; x_wconf 85' lang='lat'><em>104.</em></span> <span class='ocrx_word' id='word_1_435' title='bbox 875 3277 948 3320; x_wconf 89' lang='lat' dir='ltr'>sub</span> <span class='ocrx_word' id='word_1_436' title='bbox 971 3277 1088 3335; x_wconf 91' lang='lat' dir='ltr'>fin.),</span> <span class='ocrx_word' id='word_1_437' title='bbox 1108 3278 1229 3336; x_wconf 92' lang='lat' dir='ltr'>quod</span> <span class='ocrx_word' id='word_1_438' title='bbox 1262 3277 1537 3321; x_wconf 65' lang='lat' dir='ltr'>‹chumilitas</span> <span class='ocrx_word' id='word_1_439' title='bbox 1561 3276 1783 3336; x_wconf 87' lang='lat' dir='ltr'>passionis</span> <span class='ocrx_word' id='word_1_440' title='bbox 1807 3275 2020 3319; x_wconf 89' lang='lat' dir='ltr'>meritum</span> <span class='ocrx_word' id='word_1_441' title='bbox 2043 3286 2112 3320; x_wconf 91' lang='lat' dir='ltr'>est</span> 
     </span>
     <span class='ocr_line' id='line_1_43' title="bbox 69 3337 2110 3402; baseline 0.002 -19"><span class='ocrx_word' id='word_1_442' title='bbox 69 3363 74 3372; x_wconf 81' lang='lat'><strong><em>‹</em></strong></span> <span class='ocrx_word' id='word_1_443' title='bbox 144 3337 321 3396; x_wconf 81' lang='lat' dir='ltr'>gloriae</span> <span class='ocrx_word' id='word_1_444' title='bbox 357 3339 737 3384; x_wconf 81' lang='lat' dir='ltr'>resurrectionis»</span> <span class='ocrx_word' id='word_1_445' title='bbox 759 3356 770 3386; x_wconf 79' lang='lat' dir='ltr'>t</span> <span class='ocrx_word' id='word_1_446' title='bbox 796 3341 891 3400; x_wconf 91' lang='lat' dir='ltr'>ipse</span> <span class='ocrx_word' id='word_1_447' title='bbox 916 3343 1054 3387; x_wconf 91' lang='lat' dir='ltr'>etiam</span> <span class='ocrx_word' id='word_1_448' title='bbox 1087 3344 1215 3402; x_wconf 90' lang='lat' dir='ltr'>petiit</span> <span class='ocrx_word' id='word_1_449' title='bbox 1247 3358 1272 3388; x_wconf 88' lang='lat' dir='ltr'>a</span> <span class='ocrx_word' id='word_1_450' title='bbox 1314 3345 1446 3389; x_wconf 90' lang='lat' dir='ltr'>Patre</span> <span class='ocrx_word' id='word_1_451' title='bbox 1483 3358 1530 3388; x_wconf 92' lang='lat' dir='ltr'>se</span> <span class='ocrx_word' id='word_1_452' title='bbox 1557 3343 1828 3397; x_wconf 89' lang='lat' dir='ltr'>resuscitari,</span> <span class='ocrx_word' id='word_1_453' title='bbox 1856 3343 2110 3388; x_wconf 88' lang='lat' dir='ltr'>secundum</span> 
     </span>
    </p>
   </div>
   <div class='ocr_carea' id='block_1_18' title="bbox 146 3404 2112 3468">
    <p class='ocr_par' dir='ltr' id='par_1_19' title="bbox 146 3404 2112 3468">
     <span class='ocr_line' id='line_1_44' title="bbox 146 3404 2112 3468; baseline 0.003 -19"><span class='ocrx_word' id='word_1_454' title='bbox 146 3404 259 3449; x_wconf 90' lang='lat' dir='ltr'>illud</span> <span class='ocrx_word' id='word_1_455' title='bbox 284 3404 402 3450; x_wconf 88' lang='lat' dir='ltr'>Psal.</span> <span class='ocrx_word' id='word_1_456' title='bbox 429 3416 525 3460; x_wconf 91' lang='lat'>40.:</span> <span class='ocrx_word' id='word_1_457' title='bbox 560 3405 625 3450; x_wconf 90' lang='lat' dir='ltr'>Tu</span> <span class='ocrx_word' id='word_1_458' title='bbox 641 3412 791 3461; x_wconf 85' lang='lat' dir='ltr'>autem,</span> <span class='ocrx_word' id='word_1_459' title='bbox 815 3408 1010 3463; x_wconf 85' lang='lat' dir='ltr'>Domine,</span> <span class='ocrx_word' id='word_1_460' title='bbox 1039 3412 1227 3456; x_wconf 85' lang='lat' dir='ltr'>miserere</span> <span class='ocrx_word' id='word_1_461' title='bbox 1254 3412 1346 3464; x_wconf 89' lang='lat' dir='ltr'>mei,</span> <span class='ocrx_word' id='word_1_462' title='bbox 1375 3418 1414 3457; x_wconf 90' lang='lat' dir='ltr'>et</span> <span class='ocrx_word' id='word_1_463' title='bbox 1438 3412 1630 3455; x_wconf 79' lang='lat' dir='ltr'>resuscita</span> <span class='ocrx_word' id='word_1_464' title='bbox 1658 3425 1747 3462; x_wconf 88' lang='lat' dir='ltr'>me,·</span> <span class='ocrx_word' id='word_1_465' title='bbox 1777 3423 1888 3468; x_wconf 90' lang='lat' dir='ltr'>ergo</span> <span class='ocrx_word' id='word_1_466' title='bbox 1907 3423 2002 3453; x_wconf 92' lang='lat' dir='ltr'>non</span> <span class='ocrx_word' id='word_1_467' title='bbox 2027 3409 2112 3454; x_wconf 89' lang='lat' dir='ltr'>fuit</span> 
     </span>
    </p>
   </div>
   <div class='ocr_carea' id='block_1_19' title="bbox 148 3472 794 3518">
    <p class='ocr_par' dir='ltr' id='par_1_20' title="bbox 46 3462 794 3530">
     <span class='ocr_line' id='line_1_45' title="bbox 148 3472 794 3518; baseline 0.003 -1.727"><span class='ocrx_word' id='word_1_468' title='bbox 148 3484 286 3516; x_wconf 90' lang='lat' dir='ltr'>causa</span> <span class='ocrx_word' id='word_1_469' title='bbox 310 3485 418 3516; x_wconf 87' lang='lat' dir='ltr'>suae</span> <span class='ocrx_word' id='word_1_470' title='bbox 439 3472 794 3518; x_wconf 88' lang='lat' dir='ltr'>resurrectionis.</span> 
     </span>
    </p>
   </div>
   <div class='ocr_carea' id='block_1_20' title="bbox 241 3535 2113 3603">
    <p class='ocr_par' dir='ltr' id='par_1_21' title="bbox 241 3535 2113 3603">
     <span class='ocr_line' id='line_1_46' title="bbox 241 3535 2113 3603; baseline 0.003 -20"><span class='ocrx_word' id='word_1_471' title='bbox 241 3535 604 3598; x_wconf 65' lang='lat' dir='ltr'>3.&#39;PRAE’ranA.</span> <span class='ocrx_word' id='word_1_472' title='bbox 639 3539 768 3584; x_wconf 90' lang='lat' dir='ltr'>Sicut</span> <span class='ocrx_word' id='word_1_473' title='bbox 798 3540 1015 3588; x_wconf 78' lang='lat' dir='ltr'>Damaso.</span> <span class='ocrx_word' id='word_1_474' title='bbox 1047 3542 1208 3602; x_wconf 90' lang='lat' dir='ltr'>probat</span> <span class='ocrx_word' id='word_1_475' title='bbox 1232 3544 1278 3588; x_wconf 88' lang='lat' dir='ltr'>in</span> <span class='ocrx_word' id='word_1_476' title='bbox 1304 3556 1347 3599; x_wconf 87' lang='lat'>4.</span> <span class='ocrx_word' id='word_1_477' title='bbox 1374 3544 1449 3588; x_wconf 90' lang='lat' dir='ltr'>lib.</span> <span class='ocrx_word' id='word_1_478' title='bbox 1477 3543 1624 3601; x_wconf 87' lang='lat' dir='ltr'>(Orth.</span> <span class='ocrx_word' id='word_1_479' title='bbox 1660 3542 1755 3588; x_wconf 76' lang='lat' dir='ltr'>Fid.</span> <span class='ocrx_word' id='word_1_480' title='bbox 1779 3551 1871 3603; x_wconf 85' lang='lat' dir='ltr'>cap.</span> <span class='ocrx_word' id='word_1_481' title='bbox 1908 3544 2019 3602; x_wconf 64' lang='lat' dir='ltr'>ult),</span> <span class='ocrx_word' id='word_1_482' title='bbox 2047 3557 2113 3588; x_wconf 91' lang='lat' dir='ltr'>re-</span> 
     </span>
    </p>
   </div>
   <div class='ocr_carea' id='block_1_21' title="bbox 145 3605 2110 3670">
    <p class='ocr_par' dir='ltr' id='par_1_22' title="bbox 31 3600 2110 3678">
     <span class='ocr_line' id='line_1_47' title="bbox 145 3605 2110 3670; baseline 0.003 -20.616"><span class='ocrx_word' id='word_1_483' title='bbox 145 3605 368 3652; x_wconf 71' lang='lat' dir='ltr'>surrectio</span> <span class='ocrx_word' id='word_1_484' title='bbox 388 3618 484 3651; x_wconf 87' lang='lat' dir='ltr'>non</span> <span class='ocrx_word' id='word_1_485' title='bbox 510 3615 580 3651; x_wconf 89' lang='lat' dir='ltr'>est</span> <span class='ocrx_word' id='word_1_486' title='bbox 604 3606 800 3662; x_wconf 87' lang='lat' dir='ltr'>animae,</span> <span class='ocrx_word' id='word_1_487' title='bbox 815 3607 895 3653; x_wconf 90' lang='lat' dir='ltr'>sed</span> <span class='ocrx_word' id='word_1_488' title='bbox 917 3609 1137 3669; x_wconf 85' lang='lat' dir='ltr'>corporis,</span> <span class='ocrx_word' id='word_1_489' title='bbox 1154 3611 1276 3669; x_wconf 91' lang='lat' dir='ltr'>quod</span> <span class='ocrx_word' id='word_1_490' title='bbox 1294 3625 1372 3670; x_wconf 91' lang='lat' dir='ltr'>per</span> <span class='ocrx_word' id='word_1_491' title='bbox 1390 3620 1588 3655; x_wconf 88' lang='lat' dir='ltr'>mortem</span> <span class='ocrx_word' id='word_1_492' title='bbox 1606 3609 1749 3655; x_wconf 83' lang='lat' dir='ltr'>cadit:</span> <span class='ocrx_word' id='word_1_493' title='bbox 1773 3623 1939 3669; x_wconf 90' lang='lat' dir='ltr'>corpus</span> <span class='ocrx_word' id='word_1_494' title='bbox 1957 3620 2110 3656; x_wconf 85' lang='lat' dir='ltr'>autem</span> 
     </span>
    </p>
   </div>
  </div>
 </body>
</html>
