2352 3926
2 726 5 729 ³
0 417 20 713 '**”‘2?·*aef'÷m÷·f-‘⁵Ww:

53 579 61 584 .

0 3028 17 3329 Ξ

641 217 921 265 QUAEs'rlo
959 217 1122 258 xxxx.
1161 215 1473 259 Antonius
1509 216 1625 256 vm.
1781 182 1782 185 ¹
1988 216 2088 272 731

139 327 253 374 sm&
274 319 354 379 qui
377 329 445 364 est
468 334 540 366 res
565 319 699 378 huius
724 319 1014 374 sacramenti,
1046 329 1091 365 et
1123 319 1319 366 charitas
1352 319 1464 378 ejus,
1495 317 1631 363 debet
1660 316 1812 378 primo
1841 315 2021 363 fundari
2051 316 2099 361 in

141 384 350 439 cordibus
367 386 551 441 nostris,
566 386 819 432 secundum
843 384 957 432 illud
977 386 1137 431 Matth.
1158 383 1225 431 6.:
1254 386 1429 443 Querite
1450 386 1642 445 primum
1657 398 1830 443 regnum
1845 385 1961 430 Dei:
1980 385 2099 429 tertio

138 447 322 512 propter
344 452 597 511 periculum
614 454 829 507 vomitus,
855 463 900 497 et
925 453 1167 507 ebrietatis,
1186 466 1302 512 quae
1328 451 1603 511 quandoque
1622 451 1894 511 contingunt
1911 465 1967 496 ex
1990 451 2099 504 hoc,

139 518 261 578 quod
287 518 500 565 homines
524 520 778 564 inordinate
812 519 924 564 cibis
948 520 1291 573 utuntur,vsicut
1317 529 1361 564 et
1384 517 1633 577 Apostolus
1658 518 1767 562 dicit
1798 531 1834 565 1.
1862 517 1973 563 Cor.
2005 530 2098 562 n.:

140 586 263 632 Alius
292 586 457 645 quidem
483 588 623 640 esurit,
651 587 756 631 alius
773 592 909 631 autem
932 588 1066 631 ebrius
1087 593 1156 631 est.
1183 587 1253 630 Ab
1281 586 1369 630 hac
1395 595 1550 630 tamen
1579 585 1783 644 generali
1804 584 1965 644 regula
1987 585 2102 629 exci-

138 651 321 712 piuntur
346 652 614 711 infirmi‚qui
631 653 783 697 statim
803 653 1175 697 communicandi
1201 663 1319 707 sunt,
1338 652 1477 697 etiam
1493 662 1596 711 post
1622 653 1787 707 cibum,
1806 652 1844 697 si
1861 653 1917 697 de
1939 665 2099 697 eorum

137 719 339 779 periculo
358 719 596 773 dubitatur,
619 733 676 764 ne
694 720 789 764 sine
817 720 1146 764 communione
1172 720 1408 774 decedant,
1434 720 1540 778 quia
1561 720 1807 764 necessitas
1834 718 1987 778 legem
2004 732 2099 763 non

138 786 288 831 habet.
315 786 451 831 Unde
482 786 645 830 dicitur
676 787 747 830 De
784 786 1008 832 Consecr.
1044 787 1174 843 (Dist.
1207 801 1247 831 2.
1275 794 1368 845 cap.
1402 787 1512 845 93.):
1550 802 1573 828 «
1594 787 1836 846 Presbyter
1866 785 2100 830 infirmum

137 853 290 899 statim
317 853 641 907 communicet,
667 867 724 898 ne
750 853 846 897 sine
873 853 1203 897 communione
1230 853 1509 897 moriatur».

227 920 304 966 AD
320 933 509 967 PRIMUM
535 933 646 979 ergo
673 919 932 974 dicendum,
955 919 1091 979 quod,
1119 920 1235 964 sicut
1255 920 1375 978 Aug.
1394 919 1440 963 in
1462 919 1628 964 eodem
1645 920 1721 965 lib.
1742 919 1839 978 (loc.
1863 917 1959 983 cit.)
1976 919 2100 973 dicit,

93 1000 95 1003 ·
141 1001 168 1030 κ
190 1000 339 1046 neque
364 987 470 1046 quia
495 997 600 1046 post
619 986 744 1031 cibos
772 986 1002 1030 Dominus
1030 986 1166 1040 dedit,
1184 997 1423 1045 propterea
1440 987 1607 1045 pransi,
1630 997 1707 1031 aut
1733 989 1914 1032 coenati
1935 986 2096 1032 fratres

139 1053 200 1101 ad·
219 1053 312 1101 hoc
338 1064 678 1099 sacramentum
697 1053 1015 1112 accipiendum
1043 1053 1288 1099 convenire
1304 1053 1484 1108 debent,
1503 1063 1579 1098 aut
1590 1056 1758 1099 mensis
1774 1055 1867 1100 suis
1883 1054 2094 1108 miscere,

136 1121 255 1167 sicut
293 1120 535 1176 faciebant,
561 1135 678 1181 quos
709 1120 959 1180 Apostolus
990 1121 1149 1180 arguit,
1176 1131 1222 1167 et
1261 1121 1499 1166 emendat:
1526 1135 1727 1180 namque
1754 1121 1980 1176 Salvator,
2006 1134 2099 1180 quo

135 1188 453 1235 vehementius
492 1189 838 1234 commendaret
868 1189 1072 1248 mysterii
1103 1187 1223 1233 illius
1255 1187 1556 1242 altitudinem,
1588 1187 1802 1232 ultimum
1833 1189 1925 1234 hoc
1956 1187 2103 1233 voluit

138 1256 304 1300 arctius
329 1255 518 1315 infigere
545 1255 771 1310 cordibus,
798 1265 843 1300 et
868 1256 1122 1301 memoriae
1149 1254 1502 1314 discipulorum;
1529 1265 1574 1299 et
1604 1254 1713 1300 ideo
1731 1269 1827 1300 non
1852 1254 2100 1315 praecepit,

140 1335 232 1382 quo
259 1322 472 1382 deinceps
498 1323 658 1368 ordine
685 1333 952 1377 sumeretur,
975 1332 1025 1367 ut
1049 1322 1284 1382 apostolis,
1309 1336 1390 1381 per
1415 1336 1531 1382 quos
1559 1321 1777 1367 ecclesias
1803 1322 2101 1382 dispositurus

139 1399 251 1444 erat,
277 1399 477 1436 servaret
500 1389 623 1434 hunc
650 1389 807 1434 locum
829 1395 874 1433 '».

228 1456 306 1502 AD
339 1470 600 1502 SECUNDUM
626 1457 886 1511 dicendum,
912 1456 1035 1516 quod
1060 1455 1173 1501 illud
1198 1456 1389 1501 verbum
1414 1456 1461 1500 in
1490 1455 1644 1501 Gloss.
1671 1455 1853 1516 (interl.)
1876 1456 1941 1501 sic
1969 1469 2104 1516 expo·

140 1523 285 1569 nitur:
317 1540 341 1565 <t
368 1523 417 1568 Si
444 1526 543 1583 quis
571 1517 722 1582 esurit,
750 1534 795 1568 et
811 1524 1052 1584 impatiens
1069 1538 1163 1568 non
1180 1524 1277 1568 vult
1296 1535 1532 1583 expectare
1561 1523 1690 1578 alios,
1707 1524 1955 1569 manducet
1971 1523 2100 1568 dorni

142 1590 268 1636 cibos
295 1605 417 1645 suos,
443 1592 560 1635 idest
584 1606 701 1651 pane
733 1601 912 1636 terreno
939 1602 1164 1650 pascatur,
1186 1606 1272 1635 nec
1300 1601 1404 1650 post
1428 1591 1764 1635 Eucharistiam
1791 1600 1940 1636 sumat
1966 1608 2008 1634 ›>.

234 1658 310 1702 AD
329 1670 546 1703 TERTIUM
569 1658 828 1713 dicendum,
853 1658 975 1717 quod
1003 1658 1254 1717 capitulum
1280 1657 1392 1703 illud
1409 1657 1609 1717 loquitur
1635 1658 1887 1703 secundum
1915 1671 2104 1702 consue-

139 1724 345 1770 tudinem
371 1724 615 1784 aliquando
643 1725 760 1784 apud
789 1725 964 1784 aliquos
989 1725 1292 1779 observatam,
1319 1726 1429 1769 utin
1445 1725 1914 1785 repraesentationem
1939 1725 2100 1782 Domi-

139 1791 270 1836 nicae
297 1805 470 1838 coenae
494 1791 575 1837 illo
603 1792 676 1837 die
710 1806 735 1836 a
760 1806 856 1836 non
876 1793 1038 1852 jejunis
1066 1807 1230 1852 corpus
1259 1792 1432 1838 Christi
1457 1803 1730 1837 sumeretur:
1758 1793 1838 1837 sed
1863 1806 1983 1838 nunc
2008 1793 2099 1836 hoc

140 1858 410 1918 abrogatum
434 1869 524 1914 est;
556 1874 679 1914 narn,
706 1860 822 1904 sicut
842 1860 1035 1919 August.
1061 1860 1107 1903 in
1133 1860 1209 1905 lib.
1231 1861 1463 1919 praedicto
1484 1859 1579 1916 (loc.
1603 1862 1671 1905 cit.
1670 1861 1696 1918 )
1714 1860 1835 1914 dicit,
1862 1876 1884 1902 <c
1907 1875 1987 1919 per
2002 1859 2100 1904 uni-

58 1951 66 1959 ·
138 1939 322 1970 versum
341 1926 500 1971 orbem
527 1941 629 1971 mos
648 1927 731 1971 iste
749 1937 1012 1982 servatur»,
1030 1937 1079 1972 ut
1095 1927 1271 1972 scilicet
1289 1942 1452 1987 corpus
1471 1927 1641 1972 Christi
1660 1943 1684 1971 a
1700 1928 1864 1987 jejunis
1882 1938 2099 1972 sumatur.

229 1993 305 2038 An
332 2007 570 2044 QUARTUM
597 1995 858 2049 dicendum,
885 1995 1022 2053 quod,
1050 1996 1166 2039 sicut
1192 1995 1240 2038 in
1266 2008 1306 2039 2.
1333 1995 1542 2039 habitum
1561 2005 1628 2040 est
1651 1996 1756 2054 (2-2.
1775 2010 1813 2054 q.
1836 2009 1929 2054 147.
1953 2001 2033 2039 art.
2057 1994 2099 2040 6.

139 2059 195 2106 ad
218 2060 297 2118 2.),
320 2061 470 2120 duplex
492 2071 561 2106 est
585 2061 819 2120 jejunium.
843 2063 1038 2106 Primum
1061 2072 1128 2106 est
1152 2062 1374 2121 jejunium
1400 2072 1602 2116 naturae,
1626 2062 1748 2121 quod
1775 2062 1995 2121 importat
2019 2061 2103 2121 pri·

139 2127 374 2171 vationem
405 2129 731 2187 cujuscumque
757 2130 1087 2188 praeassumpti
1112 2144 1192 2188 per
1218 2129 1411 2173 modurn
1429 2129 1532 2183 cibi,
1549 2128 1623 2173 vel
1644 2139 1799 2188 potus;
1823 2139 1868 2173 et
1891 2128 1981 2173 tale
1997 2129 2104 2188 jeju-

139 2194 267 2239 nium
299 2195 540 2255 requiritur
571 2196 627 2240 ad
659 2196 750 2241 hoc
783 2207 1122 2241 sacramentum
1153 2205 1338 2256 propter
1370 2196 1602 2256 praedicta
1632 2198 1697 2253 (in
1730 2204 1843 2255 corp.
1876 2196 2009 2254 art.);
2054 2205 2100 2240 et

139 2260 245 2307 ideo
271 2276 420 2321 neque
446 2272 549 2322 post
574 2263 937 2322 assumptionem
965 2278 1123 2323 aquae,
1145 2263 1221 2308 vel
1247 2263 1430 2308 alterius
1457 2263 1559 2317 cibi,
1587 2272 1663 2308 aut
1688 2273 1838 2323 potus,
1861 2262 1937 2307 vel
1963 2262 2099 2307 etiarn

140 2329 411 2383 medicinae,
436 2330 483 2374 in
505 2340 925 2390 quantumcumque
952 2345 1091 2390 parva
1117 2335 1382 2390 quantitate,
1408 2330 1516 2375 licet
1550 2331 1641 2374 hoc
1669 2340 2007 2375 sacramentum
2034 2344 2104 2374 ac-

141 2395 316 2456 cipere:
342 2410 428 2442 nec
453 2396 604 2452 refert,
626 2407 778 2442 utrum
812 2396 980 2456 aliquid
1005 2397 1268 2458 hujusmodi
1291 2398 1474 2452 nutriat,
1496 2397 1570 2442 vel
1594 2412 1689 2442 non
1714 2398 1896 2452 nutriat,
1923 2408 2000 2442 aut
2024 2411 2104 2457 per

141 2476 205 2518 se,
232 2474 310 2510 aut
331 2479 438 2510 cum
465 2464 578 2519 aliis,
606 2465 859 2510 dummodo
882 2475 1088 2510 sumatur
1118 2480 1197 2525 per
1229 2465 1422 2510 modum
1456 2466 1558 2519 cibi,
1590 2465 1665 2509 vel
1694 2475 1850 2525 potus:
1884 2465 2102 2523 reliquiae

141 2540 297 2576 tamen
325 2532 413 2576 cibi
438 2542 726 2577 remanentes
752 2533 798 2576 in
826 2547 918 2588 ore,
946 2533 983 2577 si
1021 2532 1260 2578 casualiter
1297 2532 1686 2592 transglutiantur,
1719 2546 1814 2576 non
1850 2531 2102 2591 impediunt

144 2599 456 2659 sumptionem
479 2600 614 2658 hujus
632 2601 920 2655 sacramenti,
949 2601 1054 2660 quia
1074 2615 1170 2645 non
1186 2601 1469 2658 trajiciuntur
1486 2614 1565 2659 per
1586 2599 1780 2644 modum
1798 2599 1899 2652 cibi,
1926 2599 2004 2643 sed
2022 2612 2102 2658 per

144 2665 337 2710 modum
367 2665 557 2711 salivae:
585 2676 630 2711 et
662 2667 824 2711 eadem
866 2668 981 2712 ratio
1010 2678 1078 2713 est
1109 2667 1165 2711 de
1189 2667 1390 2727 reliquiis
1423 2681 1584 2726 aquae,
1615 2666 1689 2711 vel
1719 2666 1828 2720 vini,
1855 2666 2016 2725 quibus
2048 2679 2100 2709 os

145 2731 355 2787 abluitur,
380 2732 632 2779 dummodo
658 2748 752 2778 non
773 2734 1052 2792 trajiciantur
1077 2735 1125 2778 in
1157 2749 1326 2794 magna
1359 2735 1622 2794 quantitate,
1656 2734 1734 2778 sed
1760 2733 2009 2791 permixtae
2035 2746 2102 2776 sa—

140 2797 284 2854 livae;
311 2799 431 2858 quod
452 2799 583 2844 vitari
602 2814 696 2844 non
714 2811 875 2859 potest.
893 2801 1027 2846 Aliud
1052 2812 1206 2846 autem
1228 2811 1296 2846 est
1319 2802 1542 2861 jejunium
1563 2800 1811 2853 Ecclesiae,
1839 2800 1962 2858 quod
1979 2799 2101 2843 insti-

140 2867 279 2911 tuitur
305 2867 359 2911 ad
377 2866 523 2911 carnis
539 2867 919 2923 macerationem;
946 2878 991 2913 et
1013 2868 1104 2913 tale
1124 2870 1347 2927 Jejunium
1363 2883 1443 2928 per
1458 2868 1701 2928 'praedicta
1725 2881 1820 2911 non
1840 2866 2100 2925 impeditur,

142 2934 248 2994 quia
273 2935 503 2993 praedicta
527 2948 622 2979 non
648 2934 845 2980 multum
870 2936 1086 2991 nutriunt,
1113 2937 1191 2981 sed
1218 2937 1365 2996 magis
1398 2936 1454 2980 ad
1481 2935 1766 2980 alterandum
1788 2944 2043 2979 sumuntur.

231 3001 307 3046 AD
330 3014 559 3053 QUINTUM
586 3001 844 3056 dicendum,
863 3004 984 3061 quod
1012 3017 1116 3047 cum
1144 3004 1321 3058 dicitur,
1345 3003 1468 3062 quod
1485 3004 1575 3047 hoc
1599 3011 1955 3055 sacramentum,
1976 3001 2098 3061 prius

143 3082 282 3128 quarn
307 3068 384 3112 alii
411 3068 514 3123 cibi,
542 3068 674 3113 debet
699 3071 744 3113 in
771 3083 822 3114 os
850 3069 1082 3114 christiani
1102 3071 1283 3126 intrare,
1309 3085 1404 3115 non
1432 3080 1499 3114 est
1524 3068 1871 3127 intelligendum
1896 3068 2101 3114 absolute

143 3145 351 3195 respectu
376 3136 515 3181 totius
540 3137 781 3195 temporis;
809 3135 1011 3195 alioquin
1042 3138 1121 3197 qui
1156 3138 1300 3182 semel
1333 3137 1620 3190 comedisset,
1652 3135 1725 3180 vel
1759 3135 1956 3190 bibisset,
1991 3150 2104 3181 nun·

143 3217 282 3262 quam
306 3213 462 3263 posset
486 3214 647 3262 postea
667 3203 757 3247 hoc
775 3214 1114 3249 sacramentum
1141 3206 1369 3264 accipere:
1397 3203 1476 3248 sed
1504 3213 1572 3247 est
1595 3202 1944 3261 intelligendum
1965 3217 2102 3262 quan-

142 3280 241 3315 tum
255 3270 310 3314 ad
327 3271 541 3315 eumdem
559 3270 678 3314 diem
691 3286 701 3324 ;
716 3279 760 3313 et
776 3269 883 3314 licet
899 3271 1171 3331 principium
1189 3272 1279 3316 diei
1295 3270 1547 3315 secundum
1571 3269 1773 3314 diversos
1796 3269 2101 3315 diversimode

143 3347 348 3383 sumatur
364 3338 494 3396 (nam
521 3337 704 3396 quidam
733 3350 758 3380 a
784 3331 987 3392 meridie,
1012 3338 1199 3397 quidam
1227 3339 1279 3382 ab
1304 3351 1487 3390 occasu,
1509 3336 1694 3396 quidam
1723 3350 1748 3380 a
1774 3337 1928 3381 media
1947 3347 2100 3392 nocte,

144 3404 330 3464 quidam
356 3404 411 3449 ab
438 3414 540 3449 ortu
561 3403 671 3449 solis
698 3403 821 3447 diem
844 3403 1102 3463 incipiunt),
1134 3405 1342 3450 Ecclesia
1365 3413 1522 3448 tamen
1543 3417 1737 3448 romana
1764 3403 1886 3448 diem
1905 3418 1929 3448 a
1946 3405 2099 3449 media

144 3480 282 3517 nocte
305 3471 487 3531 incipit3
514 3480 559 3518 et
581 3470 687 3515 ideo
713 3470 752 3515 si
776 3480 880 3530 post
911 3471 1111 3516 mediam
1142 3481 1327 3516 noctem
1356 3471 1519 3530 aliquis
1550 3470 1794 3529 sumpserit
1820 3470 1988 3531 aliquid
2019 3485 2100 3530 per

145 3537 335 3583 modum
377 3537 480 3591 cibi,
511 3537 586 3582 vel
617 3547 765 3597 potua,
796 3551 890 3582 non
919 3538 1263 3597 potest.eadem
1295 3538 1367 3582 die
1398 3538 1490 3582 hoc
1522 3551 1704 3582 sumere
1735 3548 2096 3583 sacramentum:

144 3612 294 3664 potest
316 3617 442 3660 vero,
467 3604 506 3650 si
531 3613 634 3649 ante
651 3604 850 3649 mediam
867 3613 1068 3651 noctem.
1090 3605 1190 3651 Nec
1207 3604 1342 3651 refert
1356 3614 1508 3650 utrum
1525 3614 1631 3665 post
1650 3605 1818 3661 cibum,
1838 3605 1912 3651 vel
1935 3616 2096 3666 potum
