2352 3926
287 206 354 257 52
829 193 1109 239 QUAESTIO
1151 193 1228 233 111.
1269 192 1576 233 ARTICULUS
1617 191 1694 230 111.

283 306 415 348 batur
428 313 508 357 per
523 296 807 341 intellectum
825 295 994 355 aliquid
1018 310 1044 340 a
1061 296 1179 350 Deo,
1197 306 1242 341 et
1257 295 1380 356 quod
1407 294 1529 340 aliud
1546 302 1803 340 remaneat:
1824 293 1932 354 quia
1954 293 2106 340 totum
2121 296 2246 357 quod

283 375 351 410 est
382 365 429 408 in
460 365 577 418 Deo,
611 374 677 407 est
709 377 865 417 unum,
898 362 1024 407 salva
1067 363 1354 408 distinctione
1386 374 1709 422 personarum:
1743 374 1938 420 quarum
1967 371 2246 408 tamenuna

282 431 468 485 tollitur,
496 430 669 474 sublata
698 430 809 473 alia:
834 430 938 489 quia
955 431 1290 490 distinguuntur
1307 429 1457 474 solum
1480 427 1788 481 relationibus,
1811 442 1923 487 quas
1945 433 2245 488 oportetroese

284 498 442 543 simul:
472 499 554 541 alio
581 497 701 540 modo
728 511 776 541 se
796 497 934 542 habet
955 497 1210 542 intellectus
1229 498 1284 541 ad
1303 497 1467 550 divina,
1486 509 1580 538 non
1599 495 1784 554 quidem
1806 496 1936 554 quasi
1957 509 2246 556 cognonens

282 566 435 610 Deum
462 575 510 608 ut
537 573 617 618 est,
644 563 723 608 sed
749 579 829 623 per
854 565 1046 608 modum
1072 579 1220 618 suum,
1246 563 1421 608 scilicet
1446 560 1758 621 multipliciter
1775 571 1820 606 et
1837 562 2031 619 divisim,
2056 563 2102 608 id
2122 564 2246 624 quod

282 633 329 675 in
354 633 457 675 Deo
485 642 551 675 est
577 645 744 686 unum3
772 642 816 676 et
845 646 927 690 per
958 633 1079 675 hunc
1114 632 1305 675 modum
1339 639 1487 689 potest
1518 627 1775 673 intellectus
1807 639 1963 674 noster
1992 629 2246 690 intelligere

283 700 549 752 bonitatem,
578 708 621 742 et
647 699 917 757 sapientiam
949 699 1165 753 divinam,
1199 708 1243 742 et
1273 697 1362 741 alia
1393 695 1675 755 hujusmodi,
1708 708 1824 756 quae
1857 696 2069 741 dicuntur
2099 711 2248 743 essen-

281 765 404 809 tialia
432 766 657 819 attributa,
683 780 777 809 non
804 766 1034 810 intellecta
1060 767 1342 824 paternitate,
1367 763 1440 808 vel
1464 763 1698 816 filiatione,
1725 777 1841 822 quae
1867 763 2078 809 dicuntur
2097 778 2249 824 perso·

279 833 511 887 nalitates3
539 843 583 876 et
608 833 859 877 secundum
882 833 987 887 hoc,
1006 833 1228 877 abstracta
1250 830 1573 891 personalitate
1591 843 1672 889 per
1687 829 1986 886 intellectum,
2002 844 2246 891 possumus

282 899 430 944 adhuc
457 899 711 958 intelligere
732 909 943 943 naturam
967 910 1291 944 assumentem.

370 967 445 1010 AD
482 980 670 1011 PRIMUM
697 981 806 1026 ergo
840 967 1099 1021 dicendum,
1131 967 1253 1025 quod
1296 966 1402 1025 quia
1441 965 1488 1009 in
1521 964 1684 1009 divinis
1715 964 1840 1010 idem
1871 975 1940 1010 est
1969 980 2061 1026 quo
2088 975 2170 1021 est,
2201 975 2248 1012 et

279 1034 401 1093 quod
430 1044 510 1087 est,
538 1034 754 1092 quidquid
781 1048 942 1078 eorum
969 1048 1084 1093 quae
1118 1034 1420 1078 attribuuntur
1445 1033 1547 1077 Deo
1574 1033 1622 1076 in
1649 1033 1890 1087 abstracto,
1915 1034 2172 1079 secundum
2196 1047 2245 1079 se

279 1101 603 1154 consideretur,
632 1101 729 1145 aliis
756 1101 1122 1160 circumscriptis,
1158 1102 1240 1144 erit
1273 1099 1442 1159 aliquid
1475 1100 1737 1154 subsistens,
1771 1110 1816 1145 et
1846 1114 1927 1159 per
1959 1114 2246 1161 consequens

276 1182 487 1228 persona,
515 1183 621 1212 cum
647 1169 704 1212 sit
728 1168 775 1211 in
801 1179 962 1212 natura
994 1167 1313 1222 intellectuali3
1340 1168 1458 1211 sicut
1489 1168 1625 1226 igitur
1656 1181 1777 1211 nunc
1809 1167 1968 1227 positis
2000 1168 2247 1229 proprieta-

276 1237 394 1279 tibus
421 1234 733 1294 personalibus
760 1235 806 1278 in
833 1236 935 1279 Deo
964 1235 1156 1279 dicimus
1182 1245 1271 1279 tres
1298 1249 1542 1294 personas:
1566 1236 1628 1278 ita
1650 1234 1843 1279 exclusis
1865 1249 1946 1294 per
1960 1234 2246 1281 intellectum

277 1302 627 1362 proprietatibus
658 1301 986 1361 personalibus,
1006 1302 1259 1346 remanebit
1279 1302 1326 1345 in
1344 1302 1710 1346 consideratione
1726 1311 1884 1346 nostra
1898 1311 2063 1347 natura
2079 1302 2247 1359 divina,

277 1380 326 1414 ut
351 1370 611 1423 subsistens,
638 1380 682 1413 et
708 1379 757 1413 ut
781 1383 1000 1428 persona3
1029 1379 1073 1413 et
1098 1383 1177 1427 per
1202 1370 1324 1413 hunc
1353 1369 1545 1413 modum
1570 1379 1721 1428 potest
1744 1367 1954 1428 intelligi,
1975 1369 2248 1429 quodiassu-

279 1447 374 1481 mat
398 1447 608 1480 naturam
635 1437 886 1480 humanam
913 1438 1089 1480 ratione
1115 1451 1224 1481 suae
1251 1436 1581 1490 subsistentiae,
1608 1436 1682 1480 vel
1707 1435 2057 1496 personalitatis.
2094 1459 2099 1465 ⁴

366 1504 443 1548 AD
462 1517 721 1548 SECUNDUM
745 1503 1005 1558 dicendum,
1033 1504 1155 1563 quod
1183 1504 1321 1548 etiam
1349 1503 1702 1562 circumscriptis
1729 1517 1810 1563 per
1835 1502 2122 1549 intellectu-m
2144 1512 2248 1565 per-

280 1570 594 1616 sonalitatibus
620 1571 757 1615 trium
783 1585 1097 1630 personarum,
1116 1571 1367 1615 remanebit
1386 1572 1431 1614 in
1448 1569 1682 1615 intellectu
1709 1585 1800 1614 una
1825 1570 2126 1631 personalitas
2142 1569 2248 1628 Dei,

280 1638 499 1697 utJudaei
514 1637 795 1696 intelligunt3
822 1638 876 1681 ad
896 1653 1033 1697 quam
1052 1639 1218 1696 poterit
1233 1638 1469 1683 terminari
1495 1638 1761 1698 assumptio,
1779 1638 1897 1684 sicut
1911 1651 2035 1684 nunc
2051 1638 2247 1686 dicimus

280 1720 382 1750 eam
409 1705 642 1749 terminari
668 1705 723 1749 ad
750 1719 996 1763 personam
1017 1706 1172 1750 Verbi.
1924 1750 1927 1751 a
2098 1748 2102 1751 .

370 1772 445 1817 AD
473 1785 689 1817 TERTIUM
718 1773 978 1827 dicendum,
1004 1773 1127 1831 quod
1154 1773 1378 1817 abstracta
1404 1772 1726 1831 personalitate
1751 1787 1834 1832 per
1857 1771 2158 1828 intellectum,
2184 1773 2247 1830 di·

280 1839 393 1883 citur
419 1838 533 1883 nihil
558 1853 794 1883 remanere
820 1854 899 1898 per
925 1840 1115 1883 modum
1142 1839 1457 1894 resolutionis,
1479 1840 1608 1899 quasi
1635 1839 1756 1884 aliud
1782 1841 1840 1885 sit
1864 1840 1988 1901 quod
2013 1840 2247 1901 subjicitur

281 1906 505 1960 relationi,
533 1916 577 1950 et
603 1905 723 1950 aliud
750 1907 847 1964 ipsa
878 1905 1062 1950 relatio:
1091 1907 1197 1966 quia
1229 1907 1446 1966 quidquid
1474 1907 1786 1952 consideratur
1816 1909 1863 1952 in
1889 1909 2008 1963 Deo,
2041 1908 2248 1954 conside-

280 1983 403 2016 ratur
420 1983 468 2016 ut
485 1973 770 2032 suppositum
795 1974 1067 2018 subsistens:
1090 1984 1240 2032 potest
1264 1984 1421 2019 tamen
1448 1974 1615 2034 aliquid
1640 1989 1801 2019 eorum
1824 1990 1939 2035 quae
1957 1976 2168 2021 dicuntur
2188 1975 2246 2022 de
2321 2018 2325 2022 .

280 2041 398 2093 Deo,
431 2039 626 2098 intelligi
657 2040 752 2083 sine
786 2039 890 2094 alio,
923 2054 1017 2084 non
1043 2055 1123 2100 per
1156 2041 1346 2085 modurn
1379 2041 1687 2096 resolutionis,
1720 2042 1799 2086 sed
1826 2057 1908 2103 per
1932 2043 2125 2088 modum
2150 2044 2246 2103 jam

282 2107 454 2150 dictum
483 2107 546 2163 (in
572 2114 682 2166 corp.
711 2108 829 2157 art).

973 2269 1407 2327 ARTICULUS
1452 2272 1548 2328 IV.
2190 2302 2245 2335 22

654 2405 844 2443 UTRUM
885 2405 996 2445 UNA
1036 2407 1282 2446 PERSONA
1320 2409 1512 2447 POSSIT
1553 2410 1672 2449 SINE
1711 2411 1839 2448 ALIA

820 2488 1084 2527 NATURAM
1126 2490 1384 2528 CREATAM
1415 2491 1712 2531 ASSUMERE.

969 2600 1020 2660 (3.
1046 2602 1159 2647 Dist.
1187 2618 1221 2647 ι.
1249 2617 1286 2661 q.
1314 2618 1352 2648 2.
1381 2609 1463 2648 art.
1490 2604 1562 2661 1.).

371 2710 447 2755 An
481 2723 717 2761 QUARTUM
749 2711 811 2756 sic
844 2713 1115 2771 proceditur.
1148 2714 1353 2769 Videtur,
1386 2716 1508 2775 quod
1541 2731 1631 2760 una
1664 2731 1860 2776 persona
1885 2720 1982 2763 no'n
2007 2717 2152 2778 possit
2176 2732 2241 2763 as-

280 2791 463 2822 sumere
489 2787 699 2822 naturam
726 2790 939 2835 creatam,
974 2779 1061 2823 alia
1093 2795 1186 2825 non
1215 2793 1494 2828 assumente:
1527 2800 1550 2825 ‹<
1576 2784 1775 2829 Indivisa
1807 2785 1932 2830 enim
1963 2795 2068 2831 sunt
2101 2799 2243 2846 opera

283 2842 517 2888 Trinitatis
544 2862 585 2898 »,
613 2855 660 2888 ut
687 2845 793 2889 dicit
820 2846 1011 2904 August.
1039 2848 1086 2891 in
1119 2848 1348 2895 Enchirid.
1377 2851 1489 2910 (cap.
1514 2852 1620 2910 38.).·
1648 2853 1764 2896 sicut
1797 2863 1950 2898 autem
1975 2853 2114 2898 trium
2146 2867 2243 2912 per·

280 2925 497 2955 sonarum
531 2922 598 2956 est
630 2927 718 2956 una
751 2914 957 2967 essentia,
990 2915 1051 2958 ita
1084 2926 1128 2959 et
1162 2931 1251 2959 una
1289 2918 1518 2976 operatio:
1554 2919 1631 2963 sed
1666 2933 1897 2965 assumere
1930 2929 1999 2966 est
2025 2920 2236 2981 operatio

280 2979 529 3037 quaedam3
562 2993 671 3038 ergo
712 2994 805 3023 non
847 2990 997 3039 potest
1039 2983 1275 3028 conveniri
1325 2986 1403 3029 uni
1443 3000 1665 3045 personae
1698 2987 1894 3044 divinae,
1927 2987 2037 3048 quin
2076 3001 2245 3033 conve-

280 3046 375 3089 niat
402 3045 489 3090 alii.

370 3125 408 3156 2.
437 3113 733 3158 PRAETEREA.
763 3114 891 3159 Sicut
917 3115 1110 3160 dicimus
1138 3131 1382 3175 personam
1408 3119 1509 3163 Filii
1535 3121 1832 3177 incarnatam,
1858 3122 1922 3168 ita
1938 3132 1984 3168 et
1998 3131 2236 3168 naturam:

283 3179 448 3223 «Tota
482 3181 604 3224 enim
638 3181 789 3224 divina
815 3191 975 3225 natura
1007 3183 1052 3225 in
1086 3198 1174 3227 una
1207 3199 1392 3230 suarum
1425 3186 1727 3246 hypostasum
1758 3190 1994 3236 incarnata
2025 3199 2094 3236 est
2117 3206 2162 3246 a,
2191 3199 2243 3235 ut

282 3248 389 3291 dicit
411 3249 626 3293 Damasc.
655 3249 699 3292 in
732 3263 766 3308 3.
795 3248 869 3292 lib.
899 3249 1046 3308 (Orth.
1065 3251 1156 3295 Fid.
1177 3261 1269 3312 cap.
1298 3254 1393 3310 6.):
1422 3254 1500 3298 sed
1527 3264 1688 3299 natura
1715 3257 1977 3303 communis
1997 3253 2072 3303 'est
2095 3256 2238 3305 tribus

280 3316 509 3373 personis;
538 3330 648 3374 ergo
677 3326 720 3359 et
744 3317 1006 3375 assumptio.

372 3397 407 3440 3.
436 3383 730 3428 PRAETEREA.
763 3384 890 3428 Sicut
917 3384 1118 3428 humana
1145 3396 1304 3429 natura
1331 3386 1376 3430 in
1405 3387 1591 3432 Christo
1620 3401 1852 3450 assumpta
1878 3401 1946 3437 est
1971 3391 2150 3447 a'De03
2175 3390 2239 3437 ita

277 3449 414 3493 etiam
441 3449 653 3494 homines
678 3465 755 3510 per
781 3451 975 3509 gratiam
1004 3463 1295 3497 assumuntur
1322 3453 1375 3497 ab
1402 3454 1517 3514 ipso,
1544 3457 1797 3502 secundum
1823 3458 1938 3504 illud
1956 3458 2100 3505 Rom.
2124 3470 2236 3515 ·14.:

276 3517 391 3560 Deus
415 3516 533 3561 illum
561 3519 800 3576 assumpsit.-
828 3519 906 3563 sed
934 3518 1048 3563 haec
1077 3520 1328 3579 assumptio
1352 3524 1658 3567 communiter
1680 3525 1874 3583 pertinet
1888 3525 1945 3572 ad
1961 3538 2125 3572 omnes
2140 3538 2237 3586 per·

275 3596 434 3638 sonas;
462 3597 573 3643 ergo
601 3594 646 3629 et
674 3585 834 3644 prima.
2132 3600 2134 3602 ’

2335 3332 2352 3388 ἓ

2321 3390 2352 3646 i
