2352 3926
241 202 308 272 38
803 204 1080 253 QUAESTIO
1123 202 1180 241 11.
1219 193 1528 241 ARTICULUS
1568 196 1622 235 v.

334 331 371 376 3.
398 315 694 360 PRAETEREA.
722 307 888 353 Anima
915 319 1008 350 non
1036 303 1326 362 conjungitur
1359 296 1556 357 corpori,
1580 294 1669 342 nisi
1693 302 1749 372 ut
1787 293 1987 341 vivificet
2022 293 2197 354 ipnffl:

241 382 321 428 sed
349 396 512 440 corpus
540 377 711 424 Christi
745 382 921 433 poterat
955 369 1174 417 vivificari
1206 368 1259 413 ab
1291 367 1391 425 ipso
1422 364 1578 442 Verbo
1617 363 1722 417 Dei,
1745 361 1873 441 quod:
1902 370 1971 408 ex
1996 360 2199 420 ionga

244 449 514 508 principium
539 446 679 498 vitae3
706 455 816 500 ergo
842 442 889 485 in
916 438 1102 484 Christo
1134 435 1219 483 fuit
1251 434 1360 481 unio
1394 444 1589 485 ammae,
1620 438 1666 474 et
1690 441 1910 488 corporis.
2075 447 2150 474 sm

334 516 427 560 SED
451 524 643 559 CONTRA
670 519 750 562 est,
777 506 900 566 quod
927 518 1091 563 corpus
1116 517 1211 547 non
1238 502 1400 545 dicitur
1426 506 1694 551 animatum,
1723 510 1813 547 msi
1832 509 1890 542 ex
1906 492 2202 546 unionum

246 596 372 626 mae:
405 581 483 624 sed
517 590 678 636 corpus
712 573 884 619 Christi
915 572 1078 616 dicitur
1110 570 1378 621 animatum,
1410 563 1666 611 secundum
1694 562 1809 609 illud
1841 562 1966 623 quod
1995 562 2205 610 Ecclesia

247 659 419 693 cantat:
457 663 479 687 t<
505 645 772 689 Animatum
791 654 954 698 corpus
974 651 1173 690 sumens,
1200 636 1255 680 de
1280 633 1471 692 Virgine
1491 630 1621 677 nasci
1641 630 1852 689 dignatus
1870 640 2004 687 estoeg
2025 630 2208 691 &goth
2264 636 2267 639 '

248 716 431 761 Christo
457 712 538 756 fuit
564 710 671 754 unio
699 709 892 761 animae,
919 715 964 753 et
990 704 1208 763 corporis.
1972 718 1975 719 ν
2055 705 2058 708 ·

336 783 619 825 RESPONDEO
648 774 905 827 dicendum,
942 771 1064 831 quod
1098 769 1306 814 Christus
1348 767 1511 811 dicitur
1551 765 1698 809 homo
1738 764 1936 811 univoce
1967 778 2077 811 cum
2107 763 2208 811 aliis

248 847 522 898 hominibus,
559 853 715 903 utpote
757 841 958 900 eiusdem
990 838 1159 897 speciei
1199 837 1408 888 existens,
1450 832 1703 881 secundum
1742 830 1856 878 iuna
1893 830 2111 892 Apostoli
2151 831 2208 877 ad

248 914 440 972 Philipp.
469 925 529 956 2.:
558 912 608 955 In
633 908 944 954 similitudinem
971 907 1186 950 hominum
1208 904 1379 963 factus:
1406 901 1602 961 pertinet
1627 909 1781 946 autem
1797 898 1854 944 ad
1870 900 2211 960 rationemspo-

251 981 335 1026 ciei
360 981 604 1031 humanae,
632 976 751 1035 quod
780 974 932 1019 anima
956 971 1141 1031 corpori
1166 970 1374 1017 uniatur:
1401 982 1495 1014 non
1522 967 1646 1014 enim
1669 965 1820 1013 forma
1839 965 2082 1013 >constituit
2113 968 2212 1027 'spe-

252 1049 384 1102 ciem‚
409 1046 496 1090 nisi
520 1059 599 1104 per
623 1044 713 1088 hoc
740 1041 861 1102 quod
887 1041 944 1085 sit
969 1049 1094 1084 actus
1121 1038 1363 1091 materiae3
1385 1045 1430 1081 et
1450 1035 1542 1080 hoc
1559 1043 1641 1088 est,
1659 1033 1716 1082 ad
1733 1033 1856 1094 quud
1872 1033 2213 1094 generatione-

254 1115 465 1167 minatur,
498 1126 577 1171 per
609 1125 745 1169 quam
777 1118 936 1153 natura
967 1107 1167 1166 speciem
1193 1104 1408 1158 intendit;
1441 1103 1562 1148 unde
1593 1114 1781 1147 necesse
1813 1100 2067 1158 est'dicssre,
2087 1100 2212 1161 quod

254 1182 300 1226 in
328 1181 512 1225 Christo
537 1178 670 1223 fuerit
695 1176 846 1221 anima
874 1174 1078 1233 corporis
1104 1172 1254 1228 unita·,
1281 1181 1325 1217 et
1351 1169 1632 1216 contrarium
1648 1177 1716 1233 est
1730 1168 2030 1224 haereticum,
2053 1177 2212 1228 utpote

256 1249 480 1306 derogans
505 1245 682 1289 veritati
711 1241 1005 1288 humanitatis
1040 1240 1213 1285 Christi
1240 1239 1380 1299 (juxta
1416 1253 1452 1298 5.
1498 1237 1816 1297 Constantinop.
1854 1235 2040 1282 Consilii
2073 1235 2215 1295 dafini-

260 1316 445 1373 tionem).
2175 1317 2176 1320 ’

346 1382 421 1425 An
446 1392 633 1425 PRIMUM
660 1392 768 1437 ergo
795 1376 1052 1430 dicendum,
1078 1374 1200 1434 quod
1234 1388 1289 1418 ex
1318 1373 1407 1418 hac
1439 1371 1617 1417 ratione
1637 1369 1766 1436 ⁴moti
1795 1367 2116 1426 vidmur‘iffl,
2138 1367 2217 1430 qui

260 1457 542 1507 negaverunt
573 1446 790 1489 unionem
823 1443 1017 1496 animae,
1049 1452 1093 1486 et
1125 1441 1330 1500 corporis
1360 1440 1407 1484 in
1441 1438 1654 1494 Christ03
1685 1452 1744 1484 ne
1784 1452 1867 1498 per
1905 1437 2001 1483 hoo
2039 1434 2216 1489 scilicet

261 1524 530 1574 cogerentur
560 1526 804 1572 personam
835 1524 1021 1563 novam,
1051 1508 1125 1553 vel
1156 1507 1442 1568 hypostasim
1473 1507 1522 1552 in
1548 1505 1737 1551 Christo
1762 1505 2001 1559 inducere-3
2024 1502 2222 1564 quisvi-

261 1582 438 1634 debant,
466 1580 586 1639 quod
611 1580 658 1623 in
684 1579 805 1638 puris
830 1576 1091 1621 hominibus
1119 1591 1171 1620 ex
1198 1575 1367 1619 unione
1410 1574 1591 1620 animae
1630 1572 1686 1618 ad
1727 1586 1893 1632 corpus
1933 1570 2222 1622 constituntur

261 1662 475 1708 persona:
502 1647 581 1691 sed
607 1647 698 1690 hoc
723 1645 826 1689 ideo
852 1645 898 1687 in
925 1645 1045 1703 puris
1071 1642 1334 1687 hominibus
1362 1641 1540 1695 accidit,
1568 1640 1674 1700 quia
1699 1640 1868 1695 anima,
1895 1648 1943 1685 et
1964 1651 2133 1699 corpus
2152 1637 2219 1685 sie

261 1716 308 1759 in
337 1715 398 1759 eis
428 1715 776 1772 conjunguntur,
803 1722 851 1755 ut
876 1726 956 1769 per
981 1726 1029 1754 se
1057 1710 1271 1754 existant:
1299 1709 1378 1754 sed
1404 1709 1452 1753 in
1479 1708 1664 1754 Christo
1691 1706 1984 1753 uniuntur.ad
2003 1705 2221 1762 inv'mn,

264 1793 312 1826 ut
337 1782 547 1839 adjuncta
574 1780 701 1823 alteri
727 1777 1047 1838 principaliori,
1074 1777 1196 1837 quod
1223 1776 1423 1821 subsistit
1447 1776 1494 1819 in
1519 1785 1683 1821 natura
1708 1789 1763 1820 ex
1785 1775 1850 1820 eis
1867 1773 2220 1834 compositss3et

264 1859 444 1908 propter
474 1849 563 1892 hoc
598 1862 651 1891 ex
683 1847 849 1890 unione
883 1845 1075 1899 animae,
1104 1855 1148 1888 et
1169 1844 1372 1904 corporis
1395 1844 1441 1887 in
1465 1843 1651 1890 Christo
1673 1855 1769 1888 non
1790 1841 2079 1888 constituitur
2094 1852 2222 1886 nova

267 1915 534 1974 hypostasis,
566 1929 646 1958 seu
678 1927 895 1972 persona;
930 1913 1006 1956 sed
1041 1912 1222 1957 advenit
1252 1913 1402 1970 ipsum
1434 1911 1732 1969 coniunctum
1762 1922 2003 1968 personae,
2033 1921 2116 1953 seu
2143 1907 2226 1967 hy-

269 1982 439 2041 postasi
470 1981 803 2040 praeexistenti:
831 1994 915 2024 nec
943 1990 1125 2038 propter
1156 1980 1246 2023 hoc
1280 1979 1494 2038 sequitur,
1520 1977 1644 2037 quod
1677 1977 1733 2022 sit
1767 1976 1962 2023 minoris>
1994 1973 2225 2021 efficaciae

271 2050 378 2092 unio
407 2049 599 2101 animae,
627 2058 670 2092 et
697 2047 900 2106 corporis
931 2047 977 2090 in
1011 2047 1210 2100 Christo,
1244 2061 1383 2105 quam
1414 2046 1460 2094 in
1491 2045 1646 2093 nobis:
1675 2044 1782 2103 quia
1820 2043 1920 2104 ipsa
1954 2041 2226 2103 conjunctio

270 2115 324 2159 ad
347 2115 541 2159 nobilius
567 2129 660 2158 non
688 2115 845 2158 adimit
869 2115 1094 2168 virtutem,
1123 2124 1199 2158 aut
1224 2114 1507 2173 dignitatem,
1534 2112 1613 2157 sed
1635 2121 1794 2170 auget:
1817 2112 1936 2159 sicut
1955 2109 2113 2158 anim*
2130 2121 2230 2155 sen-

269 2183 399 2226 sitiva
424 2182 469 2224 in
497 2181 765 2225 animalibus
793 2181 1023 2226 constituit
1048 2181 1263 2240 speciem,
1298 2181 1403 2240 quia
1430 2179 1742 2225 consideratur
1767 2187 1818 2226 ut
1836 2220 1838 2223 ,
1856 2175 2229 2232 υλῐὶωινῶηιιῃ

269 2263 363 2293 non
389 2258 541 2292 autern
565 2249 611 2292 in
637 2248 921 2303 hominibus;
949 2249 1155 2306 quamvis
1180 2249 1227 2292 in
1253 2248 1384 2292 nobis
1411 2248 1468 2292 sit
1492 2247 1754 2302 virtuosior,
1771 2255 1816 2290 et
1830 2242 2229 2301 nobffior3³et<hoc

271 2326 454 2375 propter
480 2315 818 2374 adjunctionem
841 2315 1079 2370 ulteriori3‚
1106 2326 1150 2359 et
1174 2315 1410 2360 nobilio-ris
1437 2313 1744 2373 perfectionis,
1766 2311 2147 2360 scilicetaanimoe
2159 2323 2216 2356 ra

272 2382 468 2437 tionalis,
495 2392 542 2425 ut
569 2382 705 2425 etiarn
730 2396 864 2440 supra
891 2383 1062 2426 dictum
1089 2393 1155 2426 est
1182 2383 1282 2439 (art.
1309 2398 1348 2427 2.
1377 2383 1464 2440 huj.
1492 2397 1530 2440 q.
1558 2381 1612 2426 ad
1636 2382 1714 2439 2.).
2032 2417 2035 2422 r
2104 2397 2114 2400 '⁴
2208 2399 2209 2402 ¹

362 2449 436 2493 An
469 2462 726 2493 SECUNDUM
759 2448 1015 2503 dicendum,
1043 2449 1162 2507 quod
1197 2449 1387 2493 verbum
1423 2449 1702 2493 Damasceni
1734 2456 1886 2508 potest
1922 2444 2119 2507 intelligi
2156 2443 2232 2491 du-

270 2517 450 2577 pliciter.
487 2516 576 2559 Uno
603 2515 739 2569 modo,
766 2525 815 2558 ut
840 2514 1055 2559 referatur
1090 2516 1145 2559 ad
1185 2516 1438 2560 humanam
1478 2526 1710 2560 naturam:
1753 2528 1870 2574 quae
1911 2513 2099 2573 quidem
2134 2525 2232 2558 non

273 2583 410 2627 habet
435 2581 658 2625 rationem
686 2582 941 2625 communis
968 2582 1148 2639 speciei,
1175 2584 1427 2627 secundum
1454 2583 1577 2641 quod
1600 2592 1667 2627 est
1687 2582 1734 2626 in
1751 2595 1844 2626 uno
1861 2580 1964 2627 solo
1978 2578 2232 2641 individuo,

275 2649 353 2693 sed
395 2649 643 2692 secundum
684 2648 805 2706 quod
839 2659 903 2691 est
938 2648 1157 2692 abstracta
1191 2650 1244 2692 ab
1278 2650 1406 2693 omni
1437 2649 1686 2704 individuo,
1719 2658 1856 2708 prout
1884 2647 1932 2693 in
1961 2640 2095 2709 nud&
2118 2641 2235 2692 'con-

275 2714 567 2774 templatione
608 2714 930 2768 consideratur,
963 2714 1035 2760 vel
1067 2716 1315 2760 secundum
1358 2717 1478 2775 quod
1519 2727 1587 2761 est
1627 2717 1674 2761 in
1713 2715 1927 2766 omnibus
1963 2713 2231 2774 ἰῐὶᾶἱνὶῦὓὶὅῖ

276 2781 414 2827 Filius
443 2792 593 2825 autem
619 2781 706 2825 Dei
733 2795 826 2824 non
854 2783 1094 2840 assumpsit
1119 2782 1367 2827 humanam
1410 2794 1634 2838 naturam,
1676 2793 1812 2843 prout
1837 2792 1906 2828 est
1929 2780 1976 2827 in
2004 2773 2105 2827 sola
2129 2794 2237 2827 con-

277 2848 548 2893 sideratione
591 2846 866 2891 intellectus:
911 2848 1012 2907 quia
1040 2849 1102 2892 sic
1130 2864 1222 2892 non
1251 2852 1566 2909 assumpsisset
1591 2851 1735 2910 ipsam
1770 2864 1869 2895 rem
1898 2849 2131 2895 humanae
2159 2860 2239 2892 na·
2267 2895 2277 2910 .

277 2925 428 2960 turae:
455 2915 539 2958 nisi
565 2913 678 2957 sorte
706 2914 941 2969 diceretur,
970 2915 1089 2973 quod
1115 2915 1316 2959 humana
1343 2927 1502 2961 natura
1529 2927 1595 2962 est
1622 2917 1848 2976 quaedam
1871 2915 1975 2963 iden
1995 2923 2236 2975 ‚separaum

277 2982 394 3026 sicut
418 2980 643 3025 Platonici
670 2992 915 3039 posuerunt
941 2982 1175 3025 hominem
1215 2983 1312 3027 sine
1355 2985 1540 3028 materia
1582 2985 1655 3042 (ex
1688 2986 1863 3031 Aristot.
1892 2999 1928 3030 r.
1960 2981 2235 3043 Menphysic.

280 3056 357 3094 tex.
393 3050 434 3094 6.
462 3063 520 3106 25.
543 3054 578 3091 et
602 3049 720 3105 seq.):
749 3048 826 3091 sed
854 3058 959 3091 tunc
987 3048 1122 3091 Filius
1149 3049 1236 3093 Dei
1262 3064 1355 3094 non
1384 3052 1700 3110 assumpsisset
1722 3063 1923 3105 carnem,
1943 3046 2238 3098 contraitum

282 3115 401 3173 quod
430 3114 593 3159 dicitur
621 3114 773 3157 Lucae
801 3114 899 3157 ult.:
926 3115 1107 3173 Spiritus
1130 3130 1311 3170 carnem,
1337 3124 1374 3161 ct
1400 3132 1487 3162 ossa
1513 3133 1595 3162 non
1622 3119 1756 3173 habet,
1782 3119 1888 3164 sicut
1910 3132 1978 3170 σει,
1999 3114 2240 3163 fidelisim-

280 3183 395 3227 bcre:
424 3180 629 3225 similiter
655 3180 793 3224 etiam
819 3195 912 3224 non
940 3191 1087 3239 potest
1112 3182 1214 3236 dici,
1243 3184 1363 3241 quod
1391 3183 1529 3228 Filius
1554 3185 1643 3228 Dei
1669 3184 1965 3244 assumpserit
1984 3183 2240 3240 humanm

279 3258 501 3300 naturam,
529 3257 661 3306 prout
687 3258 754 3291 est
780 3249 823 3291 in
851 3247 1062 3291 omnibus
1089 3248 1328 3293 individuis
1366 3251 1572 3307 ejusdem
1613 3251 1796 3310 speciei,
1829 3251 1937 3311 quia
1970 3250 2043 3299 eia
2075 3261 2240 3306 om

281 3315 491 3359 homines
519 3314 855 3372 assumpsisset3
883 3313 1147 3372 relinquitur
1175 3329 1298 3373 ergo,
1326 3326 1374 3359 ut
1399 3316 1714 3362 Damascenus
1741 3327 1901 3377 postea
1926 3316 2036 3364 dicit
2073 3317 2124 3363 in
2160 3319 2239 3363 eo-

281 3382 384 3425 dem
411 3380 525 3425 libro
546 3380 656 3440 (cap.
675 3382 771 3437 11.),
800 3381 921 3439 quod
950 3383 1212 3441 assumpserit
1238 3388 1434 3427 naturam
1461 3384 1687 3429 humanam
1713 3386 1758 3429 in
1784 3391 1940 3440 atomo,
1965 3383 2083 3431 idest
2106 3382 2154 3429 in
2173 3382 2239 3428 in-

280 3448 487 3491 dividuo:
515 3462 606 3491 non
635 3447 817 3506 quidem
843 3447 889 3491 in
917 3446 1006 3491 alio
1032 3447 1280 3501 individuo,
1308 3448 1428 3507 quod
1455 3449 1512 3494 sit
1536 3451 1835 3509 suppositum,
1867 3451 1943 3497 vel
1980 3449 2240 3512 hypomn&

281 3513 398 3557 illius
426 3524 627 3569 naturae,
652 3528 789 3573 quam
816 3514 861 3558 in
888 3527 1084 3574 persona
1109 3513 1209 3559 Filii
1234 3515 1336 3560 Dei.
1365 3516 1465 3561 Alio
1490 3516 1612 3561 modo
1644 3527 1793 3575 potest
1827 3516 2028 3579 intelligi
2063 3517 2240 3568 dictum

284 3579 572 3635 Damasceni,
600 3593 645 3626 ut
673 3595 765 3625 non
793 3579 1009 3627 referatur
1035 3581 1090 3626 ad
1117 3590 1324 3627 naturam
1350 3581 1616 3638 humanam,
1638 3585 1838 3644 quasiex
1853 3584 2023 3632 unione
2041 3583 2242 3641 adme,
