2352 3926
653 206 931 254 Quansno
973 205 1163 247 Lxxm.
1202 205 1510 247 ARTICULUS
1549 205 1607 246 11.
2004 192 2110 261 639

160 309 492 356 ostendendum
525 309 648 369 quod
681 309 774 354 hoc
806 318 1146 354 sacramentum
1179 306 1528 369 quodammodo
1559 316 1628 352 est
1662 306 1820 362 multa,
1850 305 2117 366 simpliciter

161 386 314 422 autem
341 390 497 421 unum.
984 434 986 436 v

247 445 323 488 An
353 457 613 489 SECUNDUM
645 443 905 497 dicendum,
933 442 1057 502 quod
1075 442 1219 502 panis,
1237 451 1283 488 et
1301 442 1460 487 vinum
1486 440 1780 486 materialiter
1803 441 1989 501 quidem
2011 450 2116 485 sunt

157 510 288 571 plura
312 511 456 570 signa,
481 510 734 555 formaliter
758 524 885 564 vero,
912 520 957 554 et
982 509 1227 568 perfective
1249 522 1407 564 unum,
1433 509 1702 568 inquantum
1722 523 1777 554 ex
1798 511 1863 554 eis
1888 508 2116 569 perficitur

157 591 249 623 una
273 577 475 623 refectio.

246 644 323 688 An
350 656 567 689 ‘reanum
593 643 853 697 dicendum,
885 642 1009 702 quod
1035 655 1090 686 ex
1115 642 1205 686 hoc
1233 642 1356 701 quod
1384 652 1451 686 est
1473 642 1639 701 duplex
1662 643 1948 687 consecratio
1979 651 2119 687 mate·

157 710 251 755 riae
275 711 410 768 hujus
435 710 724 764 sacramenti,
749 724 843 754 non
869 718 1019 768 potest
1060 707 1161 767 plus
1194 708 1366 763 haberi,
1392 709 1479 753 nisi
1505 710 1627 768 quod
1654 709 1745 754 hoc
1778 718 2118 754 sacramentum

158 777 453 822 materialiter
479 786 547 822 est
572 777 729 831 multa,
756 786 805 822 ut
830 776 1004 820 dictum
1021 785 1089 820 est
1108 775 1172 832 (in
1193 776 1345 834 corp).

847 948 1281 1009 ARTICULUS
1324 948 1425 1005 ΠΙ.
2027 965 2116 1022 428

366 1086 558 1127 UTRUM
595 1083 964 1125 EUCHARISTIA
1004 1085 1090 1124 SIT
1130 1086 1204 1124 DE
1241 1085 1614 1125 NECESSITATE
1656 1086 1900 1125 SALUTIS.

575 1196 707 1254 (Infr.
734 1211 771 1255 q.
799 1197 870 1241 8ο.
898 1202 978 1240 art.
1006 1211 1069 1245 rr„
1091 1202 1129 1241 et
1152 1204 1195 1253 4.
1223 1195 1336 1241 Dist.
1360 1209 1401 1255 9.
1429 1202 1511 1240 art.
1538 1211 1573 1241 ι.
1597 1209 1635 1254 q.
1661 1210 1703 1240 2.

499 1268 536 1308 et
565 1263 679 1308 Dist.
712 1277 775 1308 12.
809 1278 847 1322 q.
874 1278 910 1322 3.
945 1269 1025 1308 art.
1057 1277 1098 1308 2.
1131 1278 1170 1322 q.
1202 1277 1238 1308 r.
1271 1269 1310 1308 et
1336 1262 1461 1320 Joan.
1496 1262 1537 1307 6.
1570 1262 1659 1307 lect.
1693 1261 1770 1321 7.).

244 1374 321 1420 Ao
348 1387 564 1420 TERTIUM
595 1375 659 1419 sic
692 1374 965 1434 proceditur.
997 1374 1202 1428 Videtur,
1235 1374 1358 1433 quod
1394 1374 1485 1418 hoc
1512 1382 1851 1418 sacramentum
1876 1373 1936 1417 sit
1960 1372 2017 1418 de
2042 1387 2118 1417 ne-

157 1442 364 1487 cessitate
381 1441 559 1486 salutis:
583 1441 692 1486 dicit
713 1442 837 1486 enim
854 1442 1082 1486 Dominus
1100 1441 1231 1499 Joan.
1253 1439 1316 1485 6.:
1340 1442 1437 1486 Nisi
1456 1440 1812 1485 manducaveritis
1827 1454 1997 1485 carnem
2014 1440 2119 1485 Filii

156 1510 348 1564 hominis,
370 1516 406 1556 et
432 1512 616 1555 biberitis
635 1512 722 1568 ejus
746 1511 1003 1568 sanguinem,
1027 1524 1110 1553 non
1133 1510 1333 1553 habebitis
1357 1510 1494 1554 vitam
1519 1510 1564 1552 in
1585 1509 1729 1552 vobis:
1757 1507 1836 1552 sed
1861 1508 1908 1551 in
1933 1508 2025 1552 hoc
2047 1522 2118 1552 sa-

156 1586 392 1621 cramento
419 1578 718 1621 manducatur
744 1590 851 1620 caro
879 1576 1052 1620 Christi
1078 1586 1122 1620 et
1142 1576 1305 1619 bibitur
1330 1576 1515 1634 sanguis
1532 1576 1652 1634 ejus;
1675 1589 1786 1634 ergo
1808 1575 1906 1619 sine
1930 1574 2022 1620 hoc
2048 1589 2118 1620 sa-

157 1654 391 1689 cramento
415 1658 510 1688 non
536 1653 684 1703 potest
708 1644 853 1687 homo
879 1643 1047 1687 habere
1074 1642 1270 1687 salutem
1295 1642 1538 1702 spiritualis
1558 1642 1692 1685 vitae.

245 1723 286 1755 2.
303 1711 600 1756 PRAETEREA.
620 1711 722 1754 Hoc
750 1719 1087 1754 sacramentum
1115 1719 1182 1754 est
1209 1709 1441 1767 quoddam
1467 1708 1699 1768 spirituale
1721 1708 2014 1752 alimentum:
2037 1708 2116 1753 sed

157 1778 429 1823 alimentum
454 1777 693 1836 corporale
725 1786 793 1822 est
825 1777 880 1821 de
912 1778 1183 1820 necessitate
1216 1776 1466 1835 corporalis
1498 1775 1678 1830 salutis;
1712 1790 1821 1834 ergo
1855 1776 1992 1820 etiam
2024 1776 2115 1820 hoc

157 1854 494 1890 sacramentum
521 1854 590 1888 est
614 1845 670 1888 de
696 1845 965 1887 necessitate
991 1842 1234 1902 spiritualis
1261 1843 1432 1887 salutis.

248 1926 286 1972 3.
318 1912 616 1957 PRAETEREA.
651 1910 780 1954 Sicut
809 1910 1059 1968 baptismus
1102 1920 1169 1954 est
1200 1919 1539 1954 sacramentum
1569 1909 1846 1954 Dominicae
1879 1909 2118 1968 passionis,

158 1978 257 2024 sine
289 1993 379 2038 qua
409 1992 503 2022 non
536 1977 780 2032 est-salus;
811 1978 874 2022 ita
907 1987 952 2022 et
981 1977 1291 2022 Eucharistia:
1323 1977 1433 2021 dicit
1459 1977 1582 2020 enim
1608 1977 1769 2035 Apost.
1807 1991 1842 2020 1.
1876 1977 1986 2021 Cor.
2024 1988 2115 2021 11.t

158 2046 503 2104 Quotiescumque
526 2045 832 2090 manducabitis
850 2053 1004 2104 panem
1030 2045 1156 2100 hunc,
1184 2052 1222 2090 et
1247 2045 1418 2090 calicem
1451 2046 1605 2098 bibetis,
1639 2052 1816 2089 mortem
1840 2046 2022 2089 Domini
2047 2059 2119 2089 an·

155 2114 421 2167 nuntiabitis,
452 2112 579 2157 donec
613 2114 781 2164 venian·
806 2126 916 2171 ergo
949 2112 1065 2156 sicut
1094 2112 1345 2171 baptismus
1381 2122 1449 2157 est
1480 2111 1535 2156 de
1566 2111 1835 2156 necessitate
1861 2111 2032 2167 salutis,
2057 2112 2120 2157 ita

157 2179 297 2224 etiam
323 2179 414 2223 hoc
441 2189 793 2224 sacramentum.

249 2245 344 2291 SED
371 2258 568 2291 CONTRA
589 2255 671 2299 est,
690 2246 813 2304 quod
829 2245 1021 2305 August.
1046 2246 1203 2290 scribit
1228 2245 1467 2290 Bonifacio
1495 2254 1653 2290 contra
1678 2245 1949 2304 Pelagianos
1971 2246 2067 2304 (lib.
2083 2262 2119 2291 1.

162 2319 294 2359 contr.
320 2313 423 2358 duas
446 2314 558 2371 epist.
582 2313 720 2371 Pelag.
738 2321 829 2372 cap.
846 2314 934 2370 22.)
951 2326 965 2355 .·
995 2329 1019 2354 «
1044 2312 1142 2357 Nec
1169 2312 1279 2357 illud
1307 2313 1530 2370 cogitetis,
1552 2312 1766 2371 parvulos
1786 2313 1928 2357 vitam
1951 2313 2119 2358 habere

157 2393 252 2424 non
277 2393 427 2438 posse,
453 2379 530 2438 qui
554 2389 660 2423 sunt
685 2388 889 2439 expertes
916 2381 1135 2439 corporis,
1163 2389 1208 2424 et
1232 2379 1465 2438 sanguinis
1493 2379 1665 2424 Christi
1696 2396 1738 2424 ».

249 2446 539 2492 ΒΕεΡοΝΒΕο
565 2446 825 2500 dicendum,
851 2446 974 2505 quod
999 2447 1047 2490 in
1073 2447 1163 2490 hoc
1190 2456 1479 2491 sacramento
1505 2446 1585 2491 duo
1613 2456 1680 2491 est
1712 2447 2013 2502 considerare,
2039 2447 2120 2492 sci-

161 2512 270 2558 licet
291 2513 440 2572 ipsum
466 2519 790 2568 sacramentum,
817 2522 862 2557 et
886 2529 974 2558 rem
999 2514 1295 2568 sacramenti3
1329 2514 1500 2557 dictum
1533 2524 1601 2558 est
1633 2524 1786 2558 autem
1814 2515 1912 2571 (art.
1933 2515 2115 2574 praec),

161 2578 284 2638 quod
305 2592 375 2623 res
390 2579 525 2637 hujus
542 2581 813 2624 sacramenti
831 2589 899 2624 est
915 2580 1063 2624 unitas
1081 2580 1286 2639 corporis
1303 2580 1498 2639 mystici,
1511 2583 1607 2625 sine
1631 2595 1719 2639 qua
1740 2595 1834 2625 non
1851 2591 2002 2640 potest
2019 2594 2118 2625 esse

162 2644 310 2700 salus;
334 2643 447 2689 nulli
478 2648 600 2690 enim
632 2655 753 2705 patet
774 2647 919 2691 aditus
952 2646 1107 2691 salutis
1140 2657 1264 2691 extra
1290 2646 1560 2701 Ecclesiam,
1597 2648 1712 2692 sicut
1744 2662 1829 2692 nec
1864 2649 1912 2692 in
1945 2647 2115 2692 diluvio

162 2712 332 2771 absque
365 2725 469 2756 arca
492 2711 609 2767 Noe,
642 2726 757 2771 quae
789 2713 1015 2772 significat
1045 2713 1316 2767 Ecclesiam,
1348 2724 1397 2758 ut
1428 2714 1619 2759 habetur
1657 2714 1829 2759 1.Petr.
1855 2728 1916 2772 3.:
1945 2714 2116 2758 dictum

163 2788 231 2823 est
257 2789 408 2823 autem
434 2792 567 2837 supra
593 2779 654 2837 (q.
682 2779 752 2824 68.
779 2786 859 2824 art.
886 2781 965 2835 2.),
994 2781 1116 2840 quod
1149 2795 1220 2825 res
1253 2779 1442 2840 alicujus
1476 2781 1751 2825 sacramenti
1782 2781 1936 2825 haberi
1969 2791 2118 2839 potest

163 2855 267 2889 ante
307 2845 648 2904 perceptionem
679 2847 966 2900 sacramenti,
999 2861 1054 2891 ex
1084 2847 1183 2906 ipso
1215 2857 1328 2892 voto
1361 2848 1636 2892 sacramenti
1667 2847 1967 2906 percipiendi3
2001 2847 2119 2891 unde

164 2922 267 2956 ante
299 2910 639 2970 perceptionem
670 2910 804 2969 hujus
837 2913 1110 2957 sacramenti
1141 2923 1290 2973 potest
1320 2914 1465 2958 homo
1498 2914 1664 2958 habere
1697 2913 1890 2957 salutem
1923 2927 1977 2957 ex
2008 2923 2119 2958 voto

163 2978 441 3038 percipiendi
465 2978 555 3022 hoc
581 2988 936 3033 sacramentum,
967 2979 1084 3024 sicut
1109 2989 1152 3024 et
1180 2990 1282 3024 ante
1303 2981 1581 3039 baptismum
1608 2995 1662 3024 ex
1687 2989 1797 3023 voto
1824 2979 2049 3038 baptismi,
2071 2989 2121 3024 ut

164 3059 299 3104 supra
325 3045 496 3090 dictum
524 3054 593 3089 est
617 3045 678 3103 (q.
706 3045 776 3090 68.
794 3051 874 3090 art.
891 3046 970 3104 2.).
992 3045 1072 3091 Est
1089 3057 1243 3092 tamen
1267 3047 1518 3094 differentia
1543 3057 1763 3106 quantum
1787 3046 1840 3089 ad
1863 3045 1967 3091 duo:
1976 3047 2120 3105 primo

164 3111 364 3171 quidem,
391 3111 496 3170 quia
531 3110 782 3170 baptismus
808 3121 875 3156 est
905 3112 1178 3172 principium
1210 3113 1453 3173 spiritualis
1479 3114 1613 3167 vitae,
1640 3123 1684 3156 et
1708 3115 1844 3171 janua
1871 3126 2124 3157 sacramen·

162 3188 336 3223 torum:
363 3178 649 3222 Eucharistia
673 3190 783 3222 vero
810 3186 877 3222 est
901 3180 1031 3237 quasi
1051 3181 1390 3225 consummatio
1416 3179 1659 3239 spiritualis
1680 3179 1814 3232 vitae,
1842 3189 1886 3223 et
1911 3179 2121 3224 omnium

162 3255 556 3290 sacramentorum
581 3243 698 3298 finis,
724 3254 774 3288 ut
797 3257 933 3302 supra
958 3244 1131 3290 dictum
1157 3256 1225 3291 est
1251 3247 1309 3306 (q.
1342 3247 1405 3306 65.
1423 3254 1505 3291 art.
1519 3247 1578 3305 3.)
1590 3259 1608 3303 ;
1635 3259 1715 3304 per
1739 3245 2122 3291 sanctificationes

165 3312 290 3356 enim
325 3312 534 3356 omnium
571 3320 964 3355 sacramentorum
994 3311 1044 3356 fit
1074 3314 1357 3372 praeparatio
1389 3314 1445 3357 ad
1478 3311 1827 3370 suscipiendam,
1859 3312 1933 3356 vel
1966 3326 2122 3357 conse·

167 3378 383 3422 crandam
408 3377 768 3430 Eucharistia1n3
795 3386 839 3420 et
858 3375 962 3420 ideo
982 3379 1212 3438 perceptio
1239 3379 1448 3437 baptismi
1467 3387 1534 3421 est
1549 3377 1805 3422 necessaria
1828 3378 1883 3421 ad
1905 3378 2123 3423 inchoan-

166 3444 273 3488 dam
299 3443 581 3504 spiritualem
606 3444 772 3487 vitam:
790 3443 1024 3501 perceptio
1051 3454 1204 3490 autem
1221 3445 1533 3489 Eucharistiae
1560 3454 1627 3489 est
1652 3444 1909 3489 necessaria
1935 3445 1991 3489 ad
2016 3459 2124 3489 con-

164 3511 484 3556 summandam
510 3511 671 3571 ipsam,
695 3523 791 3554 non
822 3509 878 3553 ad
903 3509 995 3553 hoc
1021 3511 1144 3569 quod
1168 3511 1433 3570 simpliciter
1458 3511 1691 3564 habeatur,
1717 3511 1796 3555 sed
1827 3510 1992 3556 sufficit
2016 3524 2119 3558 eam

165 3577 335 3626 habere
358 3579 407 3624 in
431 3588 568 3633 voto;
593 3577 712 3623 sicut
737 3586 781 3621 et
804 3575 907 3622 finis
938 3576 1127 3622 habetur
1161 3579 1209 3623 in
1240 3578 1482 3632 desiderio,
1513 3587 1558 3623 et
1588 3578 1862 3623 intentione}
1888 3578 1976 3625 alia
1999 3578 2122 3625 diffe-
