2352 3926
266 196 374 266 648
777 208 1056 255 QUAESTIO
1097 209 1282 248 Lxxiv.
1322 175 1632 248 ARthuLus
1672 210 1750 248 111.

265 322 311 357 et
327 312 384 357 ad
402 312 642 357 veritatem
659 312 753 387 lam
771 310 1125 364 manifestatam,
1143 320 1188 355 et
1205 309 1261 354 ad
1286 309 1510 387 populum
1536 310 1839 370 spiritualem·
1865 312 1984 359 unde
2005 327 2103 359 non
2117 323 2237 360 esset

265 380 457 424 materia
485 378 764 423 conveniens
795 377 929 435 hujus
952 377 1229 422 sacramenti
1252 377 1380 437 panis
1403 378 1702 422 hordeaceus.

357 447 433 491 AD
461 458 722 491 SECUNDUM
745 444 1005 502 dicendum,
1033 444 1156 503 quod
1178 459 1402 503 generans
1428 454 1617 504 generat
1639 445 1727 490 sibi
1743 444 1925 490 simile
1913 460 1965 491 ιιι
1986 446 2162 506 speciest
2186 447 2238 493 fit

265 525 420 558 tamen
450 513 599 571 aliqua
626 511 947 555 dissimilitudo
967 513 1224 570 generantis
1243 511 1298 555 ad
1317 513 1538 571 genitum,
1555 522 1776 588 quantum
1795 511 1852 556 ad
1875 513 2143 569 accidentia,
2162 514 2238 560 vel

264 589 450 639 propter
478 579 734 633 materiam,
751 578 824 622 vel
851 589 1036 637 propter
1054 578 1332 623 debilitatem
1354 579 1531 623 virtutis
1550 579 1863 638 generativae3
1890 590 1939 625 et
1960 579 2066 626 ideo
2093 580 2132 625 si
2147 595 2237 640 qua

265 647 492 691 frumenta
527 655 645 699 sunt,
673 660 789 704 quae
806 660 860 689 ex
886 646 1062 690 semine
1087 646 1224 690 tritici
1250 646 1459 704 generari
1484 656 1675 705 possunt
1693 647 1832 703 (sicut
1858 661 1912 691 ex
1933 661 2078 706 grano
2098 648 2237 692 tritici

266 714 495 758 seminato
522 713 568 756 in
596 712 727 757 malis
753 713 882 757 terris
908 713 1107 757 nascitur
1133 712 1306 772 siligo),
1333 727 1388 757 ex
1407 712 1488 758 tali
1509 712 1740 758 frumento
1763 713 1892 772 panis
1910 713 2143 759 confectus
2160 729 2238 775 po-

264 791 351 825 test
379 795 478 825 esse
505 780 695 824 materia
721 780 856 838 hujus
883 780 1182 826 sacramenti:
1217 780 1339 839 quod
1364 790 1522 825 tamen
1555 794 1650 824 non
1682 781 1859 824 videtur
1883 781 2053 827 habere
2078 781 2236 826 locum

263 863 409 907 neque
435 849 483 892 in
508 848 702 903 hordeo,
727 861 875 907 neque
893 848 941 892 in
958 847 1116 908 spelta,
1143 862 1291 907 neque
1319 848 1456 892 etiam
1483 850 1529 892 in
1550 847 1682 902 farre,
1701 848 1825 907 quod
1850 848 1967 893 inter
1988 849 2147 894 omnia
2168 859 2237 894 est
2261 856 2269 871 ⁹

263 930 406 974 grano
433 915 569 960 tritici
596 915 801 960 similius.
830 915 1094 960 Similitudo
1122 925 1276 959 autem
1294 914 1466 974 figurae
1484 915 1530 959 in
1548 915 1711 959 talibus
1737 915 1886 974 magis
1902 916 2081 960 videtur
2101 916 2236 976 signi-

262 983 398 1027 ficare
425 983 825 1043 propinquitatem,
853 997 991 1042 quam
1008 982 1294 1027 identitatem
1317 982 1511 1041 speciei3
1539 983 1656 1026 sicut
1674 997 1728 1027 ex
1750 982 2047 1028 similitudine
2062 983 2235 1043 figurae

262 1049 577 1094 manifestatur
593 1050 716 1109 quod
735 1050 875 1105 canis,
899 1060 943 1095 et
964 1049 1096 1109 lupus
1115 1060 1219 1094 sunt
1230 1050 1512 1109 propinquae
1530 1050 1713 1108 speciei,
1726 1064 1821 1094 non
1839 1060 1992 1095 autem
2014 1050 2234 1110 ejusdem.

263 1117 397 1162 Unde
419 1131 474 1162 ex
499 1117 663 1162 talibus
689 1116 943 1172 frumentis,
976 1131 1092 1176 quae
1119 1116 1246 1163 nullo
1276 1117 1417 1160 modo
1440 1127 1632 1176 possunt
1663 1131 1717 1162 ex
1743 1118 1918 1162 semine
1938 1115 2077 1163 tritici
2101 1131 2235 1177 gene-

260 1185 364 1239 rari,
389 1199 484 1229 non
506 1194 656 1244 potest
682 1185 848 1229 confici
873 1185 1016 1244 panis,
1044 1184 1122 1243 qui
1147 1184 1204 1228 sit
1225 1183 1375 1228 debita
1401 1184 1592 1228 materia
1618 1184 1752 1243 huJus
1778 1185 2066 1230 sacramenti.

351 1252 427 1296 AD
455 1265 672 1298 TERTIUM
699 1252 958 1305 dicendum,
986 1250 1108 1310 quod
1136 1251 1322 1295 modica
1344 1251 1586 1309 permixtio
1610 1265 1704 1295 non
1722 1251 1860 1297 solvit
1884 1252 2102 1311 speciem,
2128 1253 2234 1312 quia

261 1320 307 1363 id
334 1319 457 1379 quod
485 1329 552 1364 est
578 1319 828 1374 modicum,
857 1318 1204 1378 quodammodo
1233 1318 1484 1362 absumitur
1507 1333 1532 1362 a
1558 1318 1779 1377 plurimo:
1797 1319 1903 1363 ideo
1925 1319 1963 1363 si
1978 1321 2037 1364 sit
2051 1319 2236 1364 modica

262 1386 482 1431 admixtio
503 1386 686 1431 alterius
702 1385 919 1430 frumenti
932 1386 988 1429 ad
1001 1385 1148 1430 multo
1167 1386 1393 1443 majorem
1412 1380 1713 1444 quantitatem
1724 1385 1875 1440 tritici,
1892 1385 2059 1445 poterit
2074 1386 2235 1432 exinde

262 1454 429 1499 confici
453 1455 597 1513 panis,
624 1454 703 1513 qui
728 1463 796 1498 est
817 1453 1010 1497 materia
1035 1453 1168 1511 hujus
1191 1453 1496 1496 sacramenti:
1520 1453 1555 1496 si
1582 1465 1693 1496 vero
1712 1452 1770 1497 sit
1791 1466 1961 1512 magna
1977 1453 2234 1512 permixtio,

263 1531 371 1581 puta
395 1536 448 1565 ex
475 1535 638 1579 aequo,
665 1520 739 1564 vel
764 1521 907 1579 quasi,
933 1520 1038 1564 talis
1064 1519 1304 1578 permixtio
1338 1519 1539 1578 speciem
1571 1529 1731 1575 mutat,
1764 1520 1885 1565 unde
1916 1521 2045 1580 panis
2071 1520 2234 1567 exinde

261 1589 496 1627 contectus
527 1599 622 1626 non
654 1589 736 1627 erit
769 1588 919 1627 debita
950 1587 1141 1628 materia
1173 1588 1309 1643 hujus
1333 1587 1621 1639 sacramenti.

353 1649 429 1693 AD
457 1662 696 1700 QUARTUM
723 1650 983 1706 dicendum,
1011 1650 1134 1709 quod
1163 1650 1408 1709 aliquando
1436 1662 1504 1696 est
1527 1661 1653 1696 tanta
1687 1654 1917 1713 corruptio
1948 1654 2094 1714 panis,
2104 1624 2235 1715 quod

261 1715 451 1760 solvitur
467 1717 641 1776 species
659 1717 814 1775 panis;
832 1718 949 1761 sicut
975 1732 1080 1762 cum
1100 1718 1374 1762 continuitas
1391 1718 1595 1773 solvitur,
1619 1729 1664 1763 et
1686 1734 1837 1778 sapor,
1855 1730 1901 1766 et
1915 1721 2069 1775 color,
2078 1732 2124 1768 et
2143 1722 2235 1769 alia

263 1784 515 1828 accidentia
542 1794 789 1839 mutantur,
817 1785 937 1828 unde
966 1800 1019 1829 ex
1045 1785 1126 1829 tali
1151 1786 1343 1830 materia
1369 1800 1464 1830 non
1491 1796 1641 1844 potest
1662 1787 1829 1832 confici
1855 1802 2021 1849 corpus
2039 1788 2232 1836 Christi:

262 1851 507 1910 aliquando
530 1865 640 1896 vero
666 1865 760 1895 non
788 1862 856 1896 est
880 1862 1006 1896 tanta
1033 1853 1281 1912 corruptiO,
1309 1868 1424 1912 quae
1452 1854 1653 1912 speciem
1680 1855 1844 1909 solvat,
1876 1856 1955 1901 sed
1982 1866 2052 1901 est
2081 1856 2233 1917 aliqua

262 1919 499 1978 dispositio
527 1919 582 1963 ad
601 1920 969 1978 corruptionem3
996 1921 1119 1979 quod
1143 1919 1343 1965 declarat
1370 1920 1578 1980 aliqualis
1604 1921 1865 1968 immutatio
1887 1923 2086 1982 saporis:
2112 1933 2156 1969 et
2178 1938 2233 1970 ex

260 1986 341 2030 tali
365 2001 482 2062 pane
509 1996 660 2046 potest
686 1987 853 2031 confici
878 2001 1044 2046 corpus
1073 1988 1271 2042 Christi;
1298 1988 1378 2041 sed
1403 1998 1565 2046 pecc-at
1587 1989 1835 2034 conficiens
1865 2000 2049 2050 propter
2071 1991 2235 2037 irreve-

260 2053 455 2097 sentiam
477 2054 765 2099 sacramenti.
793 2054 849 2098 Et
875 2055 981 2113 quia
999 2054 1205 2114 amylum
1229 2065 1295 2099 est
1313 2070 1366 2099 ex
1381 2056 1532 2100 tritico
1552 2066 1782 2133 corrupto,
1805 2071 1901 2101 non
1916 2057 2096 2103 videtur
2109 2059 2232 2119 quod

260 2121 389 2180 panis
416 2135 470 2165 ex
497 2135 552 2166 eo
572 2121 806 2166 confectus
831 2123 976 2179 possit
991 2121 1089 2164 fieri
1116 2135 1281 2179 corpus
1301 2122 1488 2178 Christi,
1514 2124 1722 2181 quamvis
1740 2123 1926 2199 quidam
1953 2125 2231 2171 contrarium

262 2187 428 2232 dicant.

963 2338 1399 2395 ARTICULUS
1436 2340 1532 2395 IV.
2143 2358 2226 2416 43,

310 2461 504 2500 UTRUM
545 2460 664 2500 HOC
705 2461 1118 2502 SACRAMENTUM
1157 2461 1373 2499 DEBEAT
1417 2460 1642 2500 CONF1C1
1681 2461 1754 2499 EX
1792 2462 1933 2502 PANB
1963 2434 2178 2505 'AZYMbss

535 2558 600 2614 (4.
627 2540 740 2601 Dist]
768 2572 826 2601 Π.
854 2559 892 2615 ᾳ.
919 2572 959 2602 2.
986 2563 1067 2601 art.
1094 2572 1134 2601 2.
1161 2572 1199 2616 q.
1223 2572 1258 2615 3.
1287 2563 1325 2602 et
1350 2557 1419 2601 lib.
1446 2570 1488 2613 4.
1521 2557 1668 2601 Contr.
1693 2572 1732 2615 g.
1759 2565 1850 2617 cap.
1877 2556 1948 2604 68.

757 2631 793 2668 et
819 2633 955 2684 opusc.
983 2640 1018 2669 1.
1046 2634 1138 2683 cap.
1167 2625 1231 2669 61.
1259 2630 1295 2669 et
1314 2625 1439 2680 Joan.
1468 2624 1509 2669 6.
1538 2624 1626 2668 lect.
1653 2625 1733 2682 2.).
1974 2653 1977 2656 <

346 2728 423 2774 AD
450 2740 689 2779 QUARTUM
712 2729 776 2772 sic
795 2728 1068 2787 proceditur.
1092 2728 1295 2783 Videtur,
1321 2729 1444 2787 quod
1470 2729 1561 2772 hoc
1588 2739 1930 2774 sacramentum
1944 2742 2040 2775 non
2065 2729 2230 2777 debeat
2313 2762 2317 2771 «

260 2795 425 2840 confici
452 2811 505 2840 ex
526 2810 643 2855 pane
671 2810 859 2855 azymo:
888 2796 1106 2840 debemus
1134 2797 1256 2840 enim
1283 2796 1330 2839 in
1355 2796 1446 2841 hoc
1473 2806 1762 2841 sacramento
1793 2796 1968 2843 imita‘ri
1988 2797 2230 2844 institutio·

256 2879 363 2908 nem
383 2864 554 2908 Christi
570 2879 578 2908 :
593 2863 672 2908 sed
691 2863 899 2908 Christus
913 2864 1088 2907 videtur
1105 2863 1194 2907 hoc
1213 2873 1553 2908 sacramentum
1571 2864 1817 2909 instituisse
1832 2864 1879 2909 in
1896 2878 2015 2924 pane
2030 2863 2224 2911 fermen-

256 2942 365 2990 tato,
400 2931 520 2990 quia,
553 2934 669 2976 sicut
700 2931 866 2990 legitur
898 2930 1039 2975 Exod.
1079 2943 1159 2984 12.,
1185 2930 1343 2988 Judaei
1380 2931 1633 2975 secundum
1665 2931 1818 2990 legem
1855 2931 2134 2991 incipiebant
2162 2933 2227 2978 uti

257 3000 430 3059 azymis
455 3000 502 3043 in
529 3000 601 3044 die
627 2999 879 3053 Paschatis,
908 2998 1030 3057 quod
1059 2998 1311 3042 celebratur
1327 2999 1669 3057 quartadecima
1687 2998 1820 3045 luna:
1844 2998 2056 3046 Christus
2072 3009 2225 3045 autem

256 3067 447 3111 instituit
463 3068 554 3111 hoc
578 3076 916 3110 sasramentum
935 3066 979 3109 in
1004 3065 1179 3118 Coena,
1204 3080 1341 3123 quam
1366 3065 1610 3110 celebravit
1627 3072 1719 3110 ante
1737 3066 1846 3111 diem
1853 3066 2008 3126 festum
2022 3066 2224 3124 Paschae,
2278 3063 2306 3116 ,³⁴

257 3145 305 3178 ut
331 3136 522 3179 habetur
543 3135 673 3193 Joan.
699 3148 787 3191 13.;
814 3148 923 3192 ergo
943 3143 987 3176 et
1003 3146 1087 3176 nos
1102 3133 1319 3176 debemus
1332 3134 1422 3176 hoc
1442 3144 1778 3177 sacramentum
1799 3132 2029 3187 celebrare
2043 3133 2091 3179 in
2107 3146 2225 3194 pane
2251 3128 2254 3131 ⁵

256 3201 544 3246 fermentato
2016 3243 2022 3247 ,

347 3283 386 3313 2.
421 3269 718 3314 PRAETEREA.
762 3266 949 3327 Legalia
989 3281 1083 3310 non
1116 3276 1219 3310 sunt
1252 3267 1537 3311 observanda
1579 3278 1788 3327 tempore
1820 3267 2013 3327 gratiae:
2046 3267 2127 3313 sed
2158 3260 2237 3317 uti

258 3337 428 3396 tzymis
455 3336 537 3380 fuit
564 3336 789 3396 quaedam
816 3333 977 3394 legalis
1001 3334 1305 3387 caeremonia,
1334 3345 1381 3378 ut
1407 3345 1529 3394 patet
1556 3335 1696 3380 Exod.
1727 3349 1816 3390 12,
1806 3350 1815 3360 ·
1840 3347 1951 3394 ergo
1977 3334 2025 3381 in
2048 3334 2140 3381 hoc
2157 3347 2224 3380 sa-

257 3415 492 3448 cramento
520 3405 690 3462 gratiae
718 3417 811 3447 non
839 3402 1055 3446 debemus
1083 3402 1253 3459 azymis
1278 3402 1353 3444 uti.

351 3486 386 3529 3.
414 3471 711 3516 PRAErEREA.
741 3470 870 3514 Sicut
886 3482 1022 3527 supra
1048 3468 1220 3512 dictum
1247 3479 1313 3512 est
1342 3469 1398 3527 (q.
1428 3470 1489 3528 65.
1519 3476 1601 3514 art.
1628 3485 1663 3514 ι.
1691 3476 1789 3528 etq
1818 3482 1875 3529 73
1903 3474 1983 3514 art
2004 3483 2043 3529 3
2067 3467 2219 3530 ⁰³3³»

254 3538 541 3582 Eucharistia
568 3548 635 3582 est
660 3546 997 3583 sacramentum
1025 3535 1270 3589 charitatis,
1296 3535 1412 3580 sicut
1428 3536 1678 3612 baptismus
1696 3535 1823 3581 fidei:
1844 3535 1924 3581 sed
1949 3534 2103 3582 fervor
2118 3534 2221 3581 cha·-

255 3604 397 3649 ritatis
437 3605 717 3664 significatur
758 3618 838 3664 per
874 3603 1163 3656 fermentum,
1193 3612 1241 3646 ut
1276 3611 1399 3660 patet
1434 3603 1481 3647 in
1524 3602 1692 3648 Glossa
1724 3603 1905 3661 (interl.)
1939 3615 2076 3663 super
2105 3588 2217 3650 illud
