2352 3926
638 220 919 267 QuAns'mo
945 219 1223 260 'Lxxxvnn
1264 220 1573 260 annotans
1615 221 1650 259 1.
2032 206 2134 277 815

268 319 364 366 SED
391 333 588 367 CONTRA
615 332 698 377 est,
723 322 844 382 quod
872 322 1033 383 Apost.
1060 322 1169 367 dicit
1207 321 1345 367 Rom.
1378 336 1464 368 11.:
1489 323 1587 368 Sine
1614 324 1870 382 poenitentia
1894 329 1988 367 sunt
2013 322 2138 379 dona,

176 392 215 432 et
244 389 409 432 vocatio
441 389 554 434 Dei:
592 389 670 434 sed
702 399 891 448 peccata
922 389 1194 449 poenitentis
1229 399 1334 434 sunt
1358 390 1545 434 dimissa
1571 405 1650 448 per
1675 390 1851 435 donum
1881 390 1996 445 Dei;
2029 404 2139 450 ergo

179 466 259 512 per
284 465 526 513 peccatum
551 469 745 515 sequens
771 470 865 501 non
891 457 1080 502 redeunt
1101 456 1288 501 dimissa
1310 466 1512 516 peccata,
1539 457 1669 516 quasi
1694 457 1821 503 Deus
1842 456 1899 501 de
1925 456 2050 501 dono
2076 471 2141 501 re-

181 521 412 566 missionis
438 523 685 583 poeniteat.

265 588 519 635 Praeterea.
537 591 818 650 Augustinus
845 592 954 636 dicit
973 592 1019 636 in
1036 590 1112 637 lib.
1144 605 1180 636 1.
1207 591 1579 650 Responsionum
1612 591 1826 651 Prosperi
1859 591 2022 652 (object.
2047 591 2140 650 2.).·

181 669 205 696 α
233 654 329 708 Qui
355 657 523 702 recedit
549 672 573 701 a
601 657 804 713 Christo,
832 669 877 703 et
902 658 1123 704 alienatus
1157 674 1182 703 a
1208 659 1352 718 gratia
1378 658 1476 703 finit
1500 659 1620 703 hanc
1651 660 1810 714 vitam,
1842 659 1948 719 quid
1974 659 2063 703 nisi
2094 659 2140 702 in

176 722 478 780 perditionem
505 724 655 769 vadit?
683 725 763 770 sed
788 739 883 770 non
908 726 955 769 in
981 726 1041 780 id,
1068 726 1190 785 quod
1218 726 1460 771 remissum
1492 736 1574 780 est,
1600 726 1786 782 recidit‘;
1822 740 1907 771 nec
1945 741 2028 786 pro
2056 726 2142 771 ori-

176 788 320 847 ginali
343 802 534 854 peccato
560 791 849 836 damnabitur
870 808 911 836 ».

263 855 554 904 RESPONDEO
582 859 841 913 dicendum,
878 860 1015 918 quod,
1041 859 1158 904 sicut
1193 874 1328 919 supra
1354 860 1528 904 dictum
1561 870 1629 905 est
1661 860 1720 919 (q.
1755 860 1827 906 86.
1861 868 1944 906 art.
1979 860 2064 918 4.),
2091 860 2139 905 in

176 934 369 983 peccato
396 926 580 970 mortali
601 937 705 971 sunt
729 926 826 982 duo,
853 926 1028 971 scilicet
1043 928 1205 972 aversio
1234 941 1258 971 a
1284 927 1403 980 De0,
1431 938 1476 971 et
1501 930 1712 973 conversio
1741 929 1797 972 ad
1823 929 1999 972 bonum
2020 942 2141 972 crea-

172 998 288 1036 tum.
317 990 552 1051 Quidquid
579 1003 733 1038 autem
758 1003 827 1038 est
857 1008 912 1038 ex
938 1003 1065 1053 parte
1092 993 1342 1038 aversionis
1367 994 1414 1053 in
1441 1005 1632 1052 peccato
1659 995 1857 1049 mortali,
1884 995 2139 1040 secundum

173 1070 225 1103 se
249 1058 588 1104 consideratum
615 1070 683 1107 est
708 1074 959 1105 commune
986 1061 1197 1106 omnibus
1224 1063 1422 1120 peccatis
1446 1061 1728 1117 mortalibus,
1765 1063 1872 1122 quia
1897 1077 1978 1122 per
1999 1063 2141 1123 quod-

172 1123 283 1169 libet
305 1136 547 1186 peccatum
574 1127 769 1172 mortale
795 1128 940 1172 homo
968 1128 1184 1173 avertitur
1210 1142 1236 1172 a
1262 1128 1391 1183 Deo;
1414 1128 1533 1172 unde
1561 1138 1605 1172 et
1630 1143 1710 1187 per
1736 1143 2022 1189 consequens
2047 1145 2142 1174 ma-

174 1190 292 1246 cula,
317 1206 433 1252 quae
461 1202 527 1238 est
551 1207 632 1252 per
657 1194 962 1254 privationem
990 1195 1177 1254 gratiae,
1195 1205 1239 1240 et
1256 1205 1406 1240 reatus
1427 1209 1604 1255 poenae
1631 1206 1842 1241 aeternae
1870 1197 2138 1242 communia

170 1257 278 1303 §unt
318 1260 531 1305 omnibus
571 1261 772 1320 peccatis
803 1261 1086 1307 mortalibus.
1113 1263 1171 1306 Et
1206 1262 1461 1307 secundum
1500 1262 1592 1307 hoc
1623 1262 1891 1321 intelligitur
1921 1264 1982 1317 id,
2015 1264 2138 1323 quod

174 1325 505 1384 diciturJacob.
532 1340 598 1372 2.:
627 1329 717 1386 Qui
741 1329 906 1387 offendit
921 1331 966 1373 in
987 1344 1086 1383 uno,
1100 1330 1245 1389 factus
1265 1336 1322 1374 est
1347 1331 1535 1374 omnium
1561 1345 1666 1374 reus.
1691 1330 1782 1375 Sed
1809 1344 1862 1374 ex
1888 1340 2015 1390 parte
2034 1345 2140 1376 con-

174 1394 397 1440 versionis
417 1406 606 1453 peccata
631 1395 844 1441 mortalia
869 1407 974 1441 sunt
1000 1397 1191 1450 diversa,
1218 1407 1264 1441 et
1288 1397 1517 1441 interdum
1550 1397 1791 1442 contraria.
1827 1397 1962 1442 Unde
1999 1399 2141 1442 mani·

174 1459 341 1506 festum
368 1472 450 1516 est,
477 1463 600 1521 quod
624 1477 678 1507 ex
703 1473 829 1523 parte
864 1464 1176 1508 conversionis
1203 1474 1444 1523 peccatum
1471 1463 1667 1509 mortale
1693 1478 1888 1524 sequens
1909 1479 2003 1509 non
2029 1465 2139 1510 facit

173 1527 320 1572 redire
350 1540 540 1588 peccata
566 1530 779 1574 mortalia
811 1531 934 1590 prius
967 1531 1158 1575 abolita:
1187 1530 1390 1590 alioquin
1423 1541 1702 1590 sequeretur,
1728 1531 1851 1591 quod
1883 1532 2029 1577 homo
2059 1547 2140 1592 per

173 1605 415 1654 peccatum
440 1597 772 1656 prodigalitatis
798 1598 1089 1642 reduceretur
1113 1599 1160 1642 in
1186 1598 1409 1653 habiturn,
1440 1598 1516 1643 vel
1547 1599 1895 1659 dispositionem
1923 1601 2139 1645 avaritiae

172 1663 295 1721 prius
323 1662 535 1718 abolitae,
569 1675 615 1708 et
638 1665 703 1709 sic
730 1667 1010 1710 contrarium
1033 1674 1153 1710 esset
1175 1680 1313 1709 causa
1334 1665 1405 1710 sui
1431 1666 1667 1710 contrarii:
1691 1667 1814 1725 quod
1840 1676 1908 1711 est
1928 1668 2136 1726 impossi-

170 1728 274 1774 bile.
302 1729 393 1774 Sed
415 1731 747 1776 considerando
773 1732 820 1776 in
846 1733 1044 1792 peccatis
1071 1732 1340 1777 mortalibus
1361 1733 1421 1787 id,
1440 1733 1562 1792 quod
1580 1743 1646 1777 est
1664 1747 1719 1777 ex
1736 1743 1862 1793 parte
1883 1734 2136 1778 aversionis

172 1796 393 1851 absolute,
419 1812 500 1857 per
525 1809 765 1858 peccatum
791 1799 986 1844 mortale
1012 1814 1207 1859 sequens
1233 1800 1350 1845 redit
1373 1799 1501 1854 illud,
1524 1800 1647 1859 quod
1672 1799 1819 1845 fuerat
1840 1801 1886 1844 in
1910 1801 2136 1860 prioribus

170 1866 369 1923 peccatis
396 1875 501 1910 ante
527 1866 858 1923 dimissionem,
882 1867 1157 1926 inquantum
1182 1881 1263 1927 per
1287 1877 1530 1927 peccatum
1551 1867 1746 1911 mortale
1772 1882 1966 1926 sequens
1990 1869 2137 1913 homo

171 1930 372 1990 privatur
396 1932 556 1991 gratia,
583 1943 626 1977 et
650 1932 701 1977 fit
731 1947 835 1978 reus
861 1947 1039 1993 poenae
1065 1944 1291 1988 aeternae,
1318 1933 1436 1978 sicut
1461 1944 1506 1978 et
1531 1935 1654 1994 prius
1681 1944 1789 1979 erat.
1822 1934 1994 1979 Verum
2031 1936 2138 1994 quia

172 1998 351 2044 aversio
375 1998 422 2043 in
448 2010 639 2060 peccato
666 2000 851 2045 mortali
876 2015 932 2046 ex
957 2002 1259 2046 conversione
1285 2002 1632 2061 quodammodo
1656 2012 1881 2057 causatur,
1914 2003 2138 2062 recipiunt

157 2079 229 2111 -ea
254 2079 370 2125 quae
394 2076 501 2110 sunt
525 2080 578 2111 ex
610 2077 736 2126 parte
769 2068 1034 2123 aversionis,
1067 2069 1416 2128 quodammodo
1449 2069 1760 2113 diversitatem
1791 2084 1872 2129 per
1903 2085 2138 2130 compara-

170 2131 347 2177 tionem
374 2134 430 2176 ad
457 2133 656 2179 diversas
679 2135 1017 2190 conversiones,
1042 2137 1165 2180 sicut
1186 2136 1241 2179 ad
1269 2136 1469 2180 diversas
1493 2150 1677 2191 causas;
1709 2137 1772 2180 ita
1804 2137 1926 2196 quod
1959 2137 2017 2181 sit
2047 2137 2138 2182 alia

172 2200 367 2255 aversi0,
394 2211 439 2246 et
464 2201 553 2246 alia
579 2201 776 2256 macula,
803 2213 847 2247 et
873 2202 987 2247 alius
1012 2213 1178 2258 reatus,
1205 2214 1339 2262 prout
1366 2204 1602 2262 consurgit
1627 2218 1681 2248 ex
1707 2203 1813 2258 alio,
1841 2214 1886 2249 et
1907 2203 1998 2248 alio
2032 2215 2137 2250 actu

171 2268 348 2326 peccati
383 2268 605 2313 mortalis.
641 2269 697 2313 Et
731 2269 821 2314 hoc
858 2270 1000 2314 modo
1025 2270 1074 2314 in
1105 2270 1421 2329 quaestionem
1456 2271 1657 2325 vertitur,
1684 2280 1837 2314 utrum
1869 2270 2066 2326 macula,
2093 2281 2138 2316 et

170 2344 321 2379 reatus
348 2349 527 2394 poenae
553 2345 779 2390 aeternae,
805 2337 1056 2381 secundum
1082 2337 1205 2396 quod
1233 2338 1535 2382 causabantur
1557 2351 1612 2381 ex
1635 2338 1807 2382 actibus
1839 2349 2136 2397 peccatorum

170 2401 322 2460 prium
349 2401 659 2456 dimissorum,
677 2403 865 2447 redeant
889 2418 970 2462 per
985 2413 1226 2463 peccatum
1243 2403 1439 2448 mortale
1465 2418 1673 2463 sequens.
1694 2404 1983 2458 Quibusdam
2000 2406 2138 2464 igitur

170 2467 319 2512 visum
347 2478 428 2522 est,
455 2469 578 2528 quod
614 2469 882 2528 simpliciter
921 2471 1061 2515 etiam
1095 2471 1187 2515 hoc
1224 2471 1366 2515 modo
1393 2471 1592 2516 redeant.
1632 2471 1723 2516 Sed
1749 2472 1840 2516 hoc
1867 2486 1960 2516 non
1987 2483 2138 2532 potest

172 2548 286 2588 esse,
326 2535 432 2594 quia
469 2549 583 2595 opus
609 2536 699 2580 Dei
737 2551 817 2596 per
842 2551 957 2596 opus
984 2537 1186 2581 hominis
1211 2537 1377 2582 irritari
1401 2552 1496 2582 non
1529 2548 1691 2597 potest.
1718 2538 1948 2583 Remissio
1982 2550 2137 2584 autem

171 2611 469 2662 peccatorum
494 2604 699 2662 priorum
724 2604 809 2649 fuit
834 2618 949 2664 opus
976 2605 1156 2649 divinae
1182 2605 1539 2660 misericordiae,
1557 2606 1677 2650 unde
1693 2620 1788 2650 non
1805 2616 1953 2665 potest
1974 2607 2138 2650 irritari

171 2681 253 2726 per
277 2682 471 2728 sequens
496 2680 738 2729 peccatum
764 2671 983 2726 hominis,
1020 2672 1274 2717 secundum
1315 2671 1427 2716 illud
1452 2672 1589 2716 Rom.
1618 2687 1682 2730 3.:
1708 2673 1927 2731 Numquid
1951 2673 2138 2718 incredu-

172 2734 269 2780 litas
298 2736 471 2780 illorum
490 2736 619 2795 fidem
644 2738 730 2782 Dei
761 2741 1022 2784 evacuabit?
1046 2739 1103 2782 Et
1126 2739 1232 2783 ideo
1259 2739 1336 2783 alii
1367 2749 1590 2799 ponentes
1617 2749 1804 2798 peccata
1830 2739 1990 2793 redire,
2017 2739 2138 2784 dixe-

172 2812 277 2846 runt
299 2803 421 2861 quod
446 2803 573 2848 Deus
589 2817 684 2848 non
709 2805 900 2850 remittit
917 2816 1105 2865 peccata
1127 2807 1376 2866 poenitenti
1394 2808 1690 2866 postmodum
1712 2815 1957 2865 peccaturo
1979 2820 2136 2850 secun-

171 2868 282 2913 dum
308 2870 671 2928 praescientiam,
697 2872 776 2916 sed
797 2870 951 2916 solum
969 2873 1221 2918 secundum
1238 2883 1523 2931 praesentem
1540 2873 1781 2931 justitiam3
1799 2873 1994 2932 praescit
2010 2874 2134 2918 enim

171 2950 221 2980 se
246 2951 328 2996 pro
354 2937 426 2981 his
451 2938 651 2996 peccatis
679 2953 785 2982 eum
827 2938 1116 2984 aeternaliter
1141 2941 1419 2999 puniturum,
1447 2952 1491 2984 et
1512 2951 1668 2985 tamen
1695 2954 1774 2998 per
1800 2941 1994 2999 gratIam
2026 2941 2135 2987 facit

172 3017 279 3048 eum
305 3004 664 3063 praesentialiter
688 3006 871 3064 justum.
901 3005 992 3051 Sed
1017 3021 1102 3051 nec
1128 3007 1220 3052 hoc
1242 3018 1361 3052 stare
1380 3017 1543 3066 potest,
1579 3007 1685 3066 quia
1707 3007 1745 3052 si
1774 3021 1909 3051 causa
1927 3008 2134 3054 absolute

171 3081 381 3129 ponatur,
409 3081 454 3115 et
479 3070 666 3116 effectus
694 3073 877 3130 ponitur
903 3073 1123 3119 absolute.
1157 3075 1207 3118 Si
1239 3075 1374 3133 igitur
1404 3088 1498 3118 non
1531 3074 1738 3118 absolute
1769 3074 1897 3118 fieret
1928 3088 2006 3134 per
2038 3090 2136 3134 gra-

170 3138 298 3191 tiam,
316 3148 360 3181 et
377 3138 549 3196 gratiae
575 3149 861 3183 sacramenta
877 3150 1173 3199 peccatorum
1193 3141 1415 3194 remissio,
1433 3140 1509 3185 sed
1529 3155 1635 3184 curn
1653 3141 1850 3200 quadam
1870 3142 2133 3187 conditione

172 3204 219 3247 in
243 3203 445 3248 futurum
481 3206 780 3265 dependente,
814 3217 1074 3267 sequeretur
1102 3208 1223 3267 quod
1251 3208 1409 3266 gratia,
1445 3218 1489 3251 et
1515 3208 1686 3267 gratiae
1718 3219 2006 3253 sacramenta
2038 3224 2132 3255 non

172 3281 323 3315 essent
349 3270 577 3317 sufficiens
605 3286 743 3318 causa
768 3273 1049 3319 remissionis
1080 3284 1399 3333 peccatorum:
1428 3275 1550 3334 quod
1585 3285 1652 3319 est
1683 3288 1942 3330 erroneum,
1975 3286 2133 3336 utpote

174 3337 401 3397 derogans
428 3339 599 3397 gratiae
624 3339 727 3384 Dei.
751 3339 806 3384 Et
830 3339 936 3385 ideo
953 3340 1081 3386 nullo
1100 3343 1240 3386 modo
1258 3351 1408 3400 potest
1425 3356 1539 3396 esse,
1558 3341 1680 3401 quod
1698 3341 1895 3398 macula,
1917 3353 1960 3387 et
1981 3354 2131 3389 reatus

171 3405 545 3462 praecedentium
571 3417 866 3466 peccatorum
891 3407 1092 3463 redeant,
1119 3409 1373 3453 secundum
1400 3408 1522 3468 quod
1550 3424 1604 3453 ex
1629 3408 1792 3453 talibus
1826 3409 1999 3455 actibus
2033 3425 2135 3455 cau-

172 3470 401 3518 sabantur.
440 3472 682 3532 Contingit
707 3483 876 3527 autem,
911 3475 1034 3534 quod
1060 3489 1254 3534 sequens
1287 3485 1414 3520 actus
1445 3475 1622 3534 peccati
1646 3475 1898 3520 virtualiter
1929 3478 2134 3523 continet

172 3547 350 3582 reatum
375 3536 538 3598 prioris
563 3540 754 3599 peccati,
780 3541 1049 3600 inquantum
1075 3542 1251 3586 scilicet
1277 3541 1439 3600 aliquis
1464 3542 1610 3587 homo
1628 3543 1830 3587 secundo
1849 3557 2060 3603 peccans,
2078 3559 2132 3589 ex

170 3603 264 3648 hoc
288 3604 389 3664 ipso
424 3606 601 3650 videtur
636 3607 817 3666 gravius
848 3621 1056 3666 peccare,
1091 3622 1229 3668 quam
1263 3608 1385 3668 prius
1417 3619 1702 3667 peccaverat,
1734 3611 1987 3654 secundum
2018 3611 2131 3656 illud
