2352 3926
75 115 127 135 ³5..ss

738 243 1016 291 QUAESTIO
1057 243 1145 283 LX.
1186 242 1496 283 ARTICULUS
1537 242 1609 281 1v.
2054 241 2154 296 503

197 347 246 394 in
271 360 312 392 2.
339 347 394 392 de
425 347 562 392 Doct.
590 346 759 392 Christ.
800 346 895 404 (cir.
919 347 1061 407 princ.
1087 346 1159 391 lib.
1162 346 1200 401 ),
1228 345 1304 390 ubi
1343 345 1466 399 dicit,
1493 344 1614 403 quod
1660 359 1683 385 «
1709 342 1892 403 signum
1932 351 1999 387 est
2039 341 2162 400 quod

53 402 85 442 ’Ῠ
152 462 155 463 ⁷
198 424 375 475 praeter
398 415 616 474 speciem,
643 429 781 473 quam
823 414 988 473 ingerit
1027 413 1247 466 sensibus,
1274 412 1382 456 facit
1409 411 1577 470 aliquid
1605 410 1725 455 aliud
1759 411 1804 454 in
1846 408 2160 468 cognitionem

197 482 351 526 venire
377 496 425 525 »2
458 481 643 526 effectus
666 492 816 525 autem
844 480 1152 538 intelligibiles
1178 494 1273 524 non
1300 480 1470 524 habent
1495 478 1721 522 rationem
1738 477 1873 536 signi,
1893 476 1981 521 nisi
2006 489 2163 520 secun-

197 549 307 593 dum
323 549 444 608 quod
458 559 562 594 sunt
587 547 860 593 manifestati
878 562 957 607 per
975 547 1124 606 aliqua
1151 548 1305 605 signa;
1333 559 1374 590 et
1398 560 1476 604 per
1502 546 1624 589 hunc
1653 545 1790 590 etiam
1818 543 2011 588 modum
2028 555 2163 601 quae-

196 617 318 671 dam,
340 630 455 675 quae
472 629 566 661 non
583 626 687 660 sunt
712 615 958 669 sensibilia,
977 615 1186 658 dicuntur
1213 613 1559 672 quodammodo
1573 622 1872 666 sacramenta,
1890 611 2161 670 inquantum

195 694 299 728 sunt
323 683 576 742 significata
598 698 677 742 per
704 683 853 741 aliqua
879 681 1124 735 sensibilia,
1152 681 1207 725 de
1229 681 1390 740 quibus
1418 679 1533 723 infra
1560 690 1717 739 agetur
1744 680 1804 738 (q.
1829 679 1890 738 63.
1917 684 1998 724 art.
2026 679 2096 736 1.).

283 751 359 795 AD
391 763 652 796 SECUNDUM
685 749 944 803 dicendum,
971 748 1093 807 quod
1119 762 1192 792 res
1223 747 1473 800 sensibiles,
1503 757 1552 791 ut
1581 748 1627 790 in
1654 761 1735 791 sua
1766 757 1927 791 natura
1954 744 2164 790 conside-

194 827 362 871 rantur,
387 831 481 862 non
507 817 732 876 pertinent
764 816 819 859 ad
847 815 1037 869 cultum,
1069 814 1144 859 vel
1177 814 1232 858 ad
1259 829 1452 873 regnum
1484 814 1586 867 Dei,
1614 814 1692 858 sed
1725 813 1877 858 solum
1903 812 2157 858 secundum

194 885 316 945 quod
343 894 447 929 sunt
470 885 600 943 signa
622 883 926 943 spiritualium
953 895 1121 936 rerum,
1147 882 1194 925 in
1220 881 1383 940 quibus
1405 895 1598 938 regnum
1625 880 1714 924 Dei
1741 880 1961 925 consistit.

246 953 361 996 ·AD
395 964 611 997 ‘rx-:R’rmM
644 950 903 1004 dicendum,
936 949 1058 1008 quod
1074 950 1270 1007 August.
1297 948 1360 992 ibi
1392 947 1592 1006 loquitur
1619 948 1673 992 de
1700 948 1834 992 rebus
1859 946 2160 1001 sensibilibus,

193 1019 446 1064 secundum
471 1018 594 1077 quod
619 1028 724 1061 sunt
749 1019 795 1061 in
821 1031 903 1061 sua
928 1027 1104 1070 natura,
1135 1031 1232 1061 non
1254 1027 1407 1060 autern
1434 1015 1685 1059 secundum
1714 1015 1838 1075 quod
1866 1024 2162 1061 assumuntur

193 1085 249 1130 ad
274 1084 626 1144 significandum
652 1083 916 1144 spiritualia,
943 1098 1059 1143 quae
1087 1093 1192 1128 sunt
1216 1084 1417 1128 maxima
1440 1083 1575 1128 bona.

883 1261 1319 1319 ARTICULUS
1361 1261 1431 1317 v,
2075 1288 2160 1335 330

293 1397 485 1436 UTRUM
524 1398 913 1444 REQUIRANTUR
954 1398 1386 1438 DETERMINATAE
1427 1397 1522 1436 RES
1563 1397 1637 1435 AD
1680 1396 2063 1436 SACRAMENTA.

905 1508 1032 1567 (Infr.
1058 1514 1142 1554 art.
1175 1522 1213 1568 7.
1247 1510 1399 1568 corp).

279 1621 356 1665 An
388 1632 612 1671 QUINTUM
637 1620 702 1664 sic
728 1621 1002 1679 proceditur.
1025 1620 1229 1677 Videtur,
1252 1621 1375 1681 quod
1391 1635 1487 1665 non
1513 1621 1798 1681 requirantur
1823 1621 2154 1666 determinatae

190 1700 262 1731 res
287 1687 343 1731 ad
369 1697 678 1733 sacramenta:
711 1701 783 1732 res
810 1688 934 1732 enim
959 1688 1193 1733 sensibiles
1219 1702 1512 1733 assumuntur
1536 1689 1583 1732 in
1609 1689 1908 1733 sacramentis
1935 1689 1991 1732 ad
2017 1689 2153 1748 signi-

188 1753 435 1808 ficandum,
461 1763 510 1798 ut
534 1754 706 1798 dictum
733 1765 801 1799 est
826 1755 933 1813 (art.
959 1756 1126 1815 praec.)
1146 1769 1161 1798 :
1188 1756 1266 1801 sed
1293 1756 1408 1800 nihil
1440 1755 1667 1815 prohibet,
1694 1756 1881 1800 diversis
1907 1756 2040 1800 rebus
2057 1770 2155 1800 sen-

188 1820 390 1865 sibilibus
415 1820 538 1865 idem
554 1821 799 1880 significari
811 1821 958 1876 {sicut
986 1823 1033 1866 in
1059 1837 1188 1867 sacra
1216 1823 1449 1882 Scriptura
1474 1823 1599 1867 Deus
1633 1822 1879 1882 aliquando
1911 1823 2152 1882 metapho-

187 1888 280 1932 rice
305 1888 586 1947 significatur
610 1903 689 1947 per
715 1889 929 1948 lapidem,
957 1890 1230 1949 quandoque
1253 1904 1334 1950 per
1354 1890 1555 1943 leonem,
1582 1891 1855 1949 quandoque
1882 1904 1962 1949 per
1989 1889 2152 1944 solem,

188 1965 266 2000 aut
290 1954 459 2014 aliquid
486 1955 607 1999 aliud
639 1956 927 2014 hujusmodi3
965 1971 1076 2016 ergo
1107 1957 1298 2011 videtur,
1337 1958 1460 2016 quod
1501 1958 1706 2002 diversae
1744 1972 1815 2001 res
1847 1957 2025 2016 possint
2051 1971 2156 2001 con-

187 2035 347 2081 gruere
372 2022 523 2067 eidem
548 2034 859 2079 sacrament03
895 2038 990 2068 non
1013 2039 1123 2084 ergo
1151 2025 1478 2070 determinatae
1503 2039 1575 2069 res
1606 2026 1652 2069 in
1684 2024 1980 2069 sacramentis
2006 2024 2156 2083 requi-

186 2099 357 2135 runtur.

274 2167 315 2201 2.
342 2157 640 2202 PRAETEREA.
668 2157 815 2217 Magis
842 2167 911 2202 est
934 2159 1193 2204 necessaria
1219 2158 1343 2204 salus
1371 2159 1568 2213 animae,
1601 2173 1740 2218 quarn
1773 2157 1894 2203 salus
1922 2159 2150 2217 corporis:

183 2223 264 2268 sed
297 2224 345 2268 in
375 2225 614 2269 medicinis
642 2225 969 2285 corporalibus,
1011 2241 1127 2285 quae
1156 2226 1211 2270 ad
1238 2226 1433 2271 salutem
1461 2226 1664 2285 corporis
1694 2226 1973 2279 ordinantur,
2001 2235 2151 2284 potest

184 2304 274 2335 una
299 2305 369 2335 res
409 2305 492 2351 pro
520 2291 606 2336 alia
629 2292 739 2350 poni
764 2292 811 2336 in
839 2293 947 2351 ejus·
962 2292 1165 2348 defectu;
1183 2308 1294 2352 ergo
1310 2293 1456 2338 multo
1476 2293 1623 2352 magis
1640 2294 1686 2337 in
1704 2293 2016 2346 sacramentis,
2034 2306 2151 2351 quae

182 2367 287 2402 sunt
310 2358 564 2403 medicinae
590 2358 845 2418 spirituales
872 2360 928 2404 ad
954 2359 1150 2405 salutem
1182 2361 1363 2405 animae
1396 2360 1646 2415 ordinatae,
1678 2361 1846 2420 poterit
1871 2373 1961 2404 una
1987 2373 2058 2404 res
2086 2373 2151 2404 as-

181 2425 301 2469 sumi
325 2439 407 2484 pro
435 2425 537 2480 alia,
570 2426 753 2485 quando
779 2426 857 2470 illa
884 2425 1087 2472 defuerit.

273 2505 311 2551 3.
336 2492 634 2538 PRAETEREA.
657 2492 765 2552 Non
792 2503 860 2538 est
885 2495 1178 2549 conveniens,
1217 2505 1265 2539 ut
1291 2494 1494 2539 hominis
1527 2494 1648 2539 salus
1673 2504 1868 2539 arctetur
1894 2509 1975 2554 per
1997 2493 2150 2554 legem

181 2556 396 2613 divinam,
422 2569 467 2604 et
490 2561 732 2619 praecipue
774 2575 853 2620 per
887 2560 1041 2620 legem
1074 2562 1261 2617 Christi,
1289 2563 1367 2622 qui
1411 2563 1537 2614 venit
1570 2576 1731 2606 omnes
1758 2562 1957 2606 salvare:
1991 2561 2070 2606 sed
2102 2562 2149 2605 in

183 2633 300 2669 statu
317 2625 430 2685 legis
453 2638 639 2672 naturae
655 2642 750 2672 non
766 2629 1108 2687 requirebantur
1125 2631 1169 2673 in
1187 2630 1485 2674 sacramentis
1509 2628 1687 2688 aliquae
1710 2644 1781 2673 res
1805 2629 2148 2682 determinatae,

184 2691 263 2736 sed
288 2706 343 2737 ex
372 2702 482 2738 voto
516 2695 873 2750 assumebantur,
912 2706 962 2740 ut
992 2707 1116 2755 patet
1143 2697 1258 2741 Gen.
1293 2697 1378 2751 28.,
1412 2697 1487 2741 ubi
1507 2696 1650 2755 Jacob
1677 2698 1805 2741 vovit
1829 2711 1877 2740 se
1904 2697 2007 2740 Deo
2031 2696 2148 2740 deci-

183 2772 297 2813 mas,
322 2769 367 2804 et
390 2759 563 2806 hostias
588 2762 800 2821 pacificas
827 2762 1110 2819 oblaturum3
1138 2778 1248 2822 ergo
1275 2764 1466 2818 videtur,
1480 2764 1602 2823 quod
1629 2778 1724 2808 non
1751 2764 1957 2808 debuerit
1982 2763 2147 2806 arctari

181 2826 342 2878 homo,
373 2835 419 2871 et
442 2829 681 2888 praecipue
711 2830 759 2874 in
783 2844 906 2875 nova
931 2831 1047 2891 lege,
1081 2832 1137 2876 ad
1170 2832 1360 2890 alicujus
1393 2833 1458 2877 rei
1484 2832 1815 2877 determinatae
1849 2846 1984 2876 usum
2010 2831 2057 2874 in
2082 2845 2150 2876 sa·

183 2904 439 2938 cramenus.

272 2960 366 3005 SED
392 2973 588 3007 CONTRA
613 2973 693 3018 est,
718 2965 841 3023 quod
866 2966 1095 3010 Dominus
1121 2967 1230 3011 dicit
1261 2966 1391 3024 Joan.
1425 2980 1482 3023 3.:
1512 2967 1608 3012 Nisi
1633 2968 1723 3026 quis
1739 2973 1909 3011 renatus
1932 2966 2071 3024 fucrit
2097 2978 2147 3009 ex

179 3043 305 3087 aqua,
322 3035 360 3073 et
383 3029 548 3088 Spiritu
567 3030 733 3084 Sancto,
759 3047 842 3076 non
854 3039 988 3092 potest
1004 3035 1178 3078 introire
1213 3036 1257 3077 in
1284 3048 1457 3092 regnum
1481 3036 1578 3078 Dei.

268 3094 556 3140 Rsssponnno
582 3097 839 3152 dicendum,
871 3100 993 3158 quod
1019 3100 1065 3144 in
1092 3115 1175 3144 usu
1202 3110 1598 3145 sacramentorum
1621 3100 1701 3144 duo
1728 3109 1918 3158 possunt
1940 3098 2170 3161 conside-l

178 3162 281 3217 rari,
323 3162 498 3207 scilicet
522 3163 651 3208 cultus
676 3164 859 3218 divinus,
885 3175 931 3210 et
954 3169 1229 3226 sanctificatio
1263 3169 1466 3212 hominis:
1502 3181 1697 3226 quorum
1725 3168 1917 3226 primum
1950 3163 2167 3224 pertinet&

179 3229 233 3272 ad
260 3228 499 3272 hominem
525 3242 604 3287 per
629 3232 1022 3290 comparationem
1051 3234 1105 3277 ad
1129 3234 1304 3279 Deum:
1332 3234 1553 3279 secundum
1577 3243 1729 3277 autem
1755 3247 1778 3276 e
1803 3246 2026 3276 converso
2049 3226 2168 3291 per-j

174 3295 287 3340 tinet
314 3296 368 3340 ad
395 3295 548 3339 Deum
574 3310 654 3355 per
680 3298 1073 3355 comparationem
1100 3301 1156 3344 ad
1182 3301 1449 3345 hominem:
1478 3314 1571 3343 non
1599 3299 1793 3358 pertinet
1815 3309 1967 3342 autem
1992 3298 2047 3342 ad
2070 3297 2148 3342 ali-

175 3376 313 3422 quem
339 3362 641 3407 determinare
666 3363 793 3418 illud,
819 3365 942 3423 quod
974 3376 1042 3411 est
1066 3367 1112 3410 in
1139 3378 1362 3425 potestate
1397 3367 1598 3419 alterius,
1631 3366 1709 3409 sed
1742 3365 1893 3409 solum
1926 3365 1986 3418 id,
2019 3365 2143 3424 quod

176 3439 245 3474 est
268 3429 314 3473 in
337 3443 418 3473 sua
444 3439 687 3488 potestate:
710 3431 816 3489 quia
843 3444 954 3491 ergo
980 3433 1280 3478 sanctificatio
1303 3434 1505 3478 hominis
1530 3443 1596 3476 est
1617 3433 1662 3475 in
1686 3442 1909 3490 potestate
1936 3432 2025 3475 Dei
2046 3446 2144 3476 san-

177 3494 429 3549 ctificantis,
454 3497 549 3539 non
574 3496 769 3555 pertinet
794 3496 850 3541 ad
876 3497 1116 3544 hominem
1138 3515 1221 3545 suo
1247 3501 1417 3559 judicio
1441 3513 1673 3544 assumere
1696 3513 1780 3552 res,
1799 3499 1959 3557 quibus
1982 3499 2143 3544 sancti·

176 3561 354 3616 ficetur3
381 3561 459 3606 sed
486 3562 575 3606 hoc
596 3562 734 3607 'debet
759 3577 858 3608 esse
890 3578 944 3608 ex
975 3565 1127 3611 divina
1159 3567 1440 3611 institutione
1476 3566 1851 3610 determinatum:
1886 3575 1931 3610 et
1963 3565 2067 3610 ideo
2094 3566 2141 3609 in

177 3628 472 3673 sacramentis
497 3642 646 3674 novae
670 3629 799 3689 legis,
817 3631 979 3690 quibus
1004 3632 1217 3678 homines
1243 3633 1599 3687 sanctificantur,
1621 3633 1873 3677 secundum
1894 3632 2006 3677 illud
2029 3647 2065 3678 1.
2085 3634 2140 3678 ad
