2352 3926
682 231 961 278 QUAEs'rlo
1002 230 1520 272 Lxx11.ART1em.us
1559 231 1614 270 x.
2013 218 2115 287 633

157 330 239 377 sed
265 330 403 376 etiam
430 330 594 376 adultis
619 331 881 379 exhibetur.
908 331 1049 377 adulti
1075 342 1229 378 autem
1254 346 1334 393 per
1359 332 1532 392 seipsos
1549 341 1668 377 stare
1693 340 1910 391 possunt3
1937 344 2048 389 ergo
2067 330 2122 374 ri-

159 397 360 443 diculum
388 408 468 452 est,
496 399 616 457 quod
644 398 698 442 ab
726 399 817 444 alio
843 409 1094 444 teneantur.

248 477 289 508 2.
316 465 612 510 PRAETEREA.
639 465 721 509 Ille
748 466 823 524 qui
849 468 942 525 jam
975 476 1043 510 est
1074 467 1129 510 de
1156 465 1375 518 Ecclesia,
1402 465 1596 509 liberum
1628 464 1766 509 habet
1791 478 2029 509 accessum
2061 463 2117 507 ad

158 530 390 577 Ecclesiae
416 532 682 591 principem,
709 533 786 591 qui
817 543 885 577 est
917 534 1176 591 episcopus:
1204 533 1282 576 sed
1308 532 1399 576 hoc
1426 542 1779 586 sacramentum,
1805 531 1923 575 sicut
1947 531 2121 574 dictum

160 608 229 643 est
245 598 347 656 (art.
382 599 423 644 6.
450 599 538 657 huj.
557 601 634 658 q.),
668 613 761 643 non
788 599 1021 643 exhibetur
1052 599 1140 643 nisi
1170 599 1413 658 baptizato,
1440 599 1517 658 qui
1538 600 1630 657 jam
1664 608 1731 643 est
1762 598 2019 643 membrum
2043 596 2127 640 Ec-

159 665 350 721 clesiae;
376 666 550 710 videtur
577 680 703 725 ergo,
729 666 852 725 quod
877 680 971 710 non
998 665 1159 710 debeat
1184 679 1264 724 per
1290 664 1431 708 alium
1466 665 1668 709 exhiberi
1700 665 1918 724 episcopo
1946 664 2003 708 ad
2028 663 2127 721 hoc·

157 735 495 777 sacramentum
520 732 845 791 recipiendum.
1099 728 1102 731 ’

251 812 289 857 3.
316 799 613 844 PRAETEREA.
641 799 742 842 Hoc
768 808 1106 843 sacramentum
1133 798 1262 842 datur
1289 798 1345 841 ad
1371 798 1509 842 robur
1539 796 1795 857 spirituale;
1822 797 1946 857 quod
1972 796 2122 856 magis

158 865 283 924 viget
306 866 352 910 in
378 866 499 921 viris,
526 880 665 925 quam
689 866 736 909 in
763 865 1040 919 mulieribus,
1068 865 1320 909 secundum
1353 864 1465 908 illud
1491 865 1624 909 Prov.
1653 864 1757 910 ult.:
1785 865 2008 910 Mulierem
2023 864 2123 923 for-

158 938 238 978 tem
262 934 352 991 quis
374 934 589 978 inveniet?
614 946 725 991 ergo
757 932 814 977 ad
841 932 991 977 minus
1024 930 1187 975 mulier
1217 945 1312 975 non
1339 930 1471 975 debet
1503 941 1657 976 tenere
1690 932 1840 976 virum
1872 932 1929 976 ad
1961 929 2121 975 confir·

159 999 427 1044 mationem.

248 1065 342 1110 SED
370 1077 566 1110 CONTRA
592 1074 672 1120 est,
699 1064 822 1123 quod
846 1064 1139 1109 Innocentius
1171 1078 1288 1124 papa
1320 1064 1443 1117 dicit,
1476 1074 1521 1108 et
1550 1064 1740 1108 habetur
1766 1065 1813 1108 in
1838 1065 2021 1108 Decret.
2052 1076 2119 1123 30.

158 1146 200 1191 q.
225 1144 268 1188 4.
293 1131 403 1191 (cap.
421 1133 479 1191 3.)
495 1148 509 1177 .·
540 1148 563 1173 «
590 1131 640 1176 Si
666 1132 765 1190 quis
792 1146 847 1176 ex
874 1133 1090 1191 conjugio
1116 1132 1278 1186 filium,
1297 1143 1373 1176 aut
1394 1131 1536 1175 filiam
1559 1132 1742 1176 alterius
1765 1133 1819 1176 de
1841 1146 1973 1176 sacro
1995 1131 2121 1176 fonte

156 1199 418 1257 susceperit,
445 1209 522 1243 aut
548 1199 603 1242 ad
631 1198 829 1245 chrisma
854 1199 1062 1252 tenuerit,
1085 1209 1168 1243 etc.
1187 1216 1210 1241 2>
1227 1215 1238 1253 ;
1255 1212 1366 1257 ergo
1393 1199 1510 1242 sicut
1535 1199 1789 1258 requiritur,
1808 1199 1930 1258 quod
1958 1198 2121 1256 aliquis

159 1265 437 1324 baptizatum
463 1266 518 1310 de
545 1279 676 1310 sacro
698 1265 824 1310 fonte
849 1265 990 1321 levet3
1013 1268 1075 1310 ita
1101 1266 1234 1310 debet
1256 1266 1417 1325 aliquis
1434 1266 1486 1309 ab
1507 1265 1597 1310 alio
1615 1266 1761 1310 teneri
1787 1267 1842 1309 ad
1869 1279 2122 1310 sacramen-

155 1342 255 1378 tum
285 1332 644 1377 confirmationis
672 1333 1001 1392 accipiendum.

245 1398 534 1445 RESPONDEO
567 1399 824 1454 dicendum,
867 1400 1003 1459 quod,
1036 1400 1152 1444 sicut
1192 1400 1364 1444 dictum
1405 1410 1471 1444 est
1504 1400 1606 1458 (ant.
1635 1401 1817 1459 praec),
1849 1399 1941 1444 hoc
1975 1413 2119 1444 sacra-

157 1476 362 1511 mentum
381 1466 616 1511 exhibetur
637 1465 817 1510 homini
835 1467 889 1509 ad
907 1467 1044 1511 robur
1069 1481 1249 1526 pugnae
1272 1467 1539 1526 spiritualis;
1566 1467 1682 1511 sicut
1704 1476 1860 1511 autem
1882 1465 2044 1525 aliquis
2065 1465 2122 1509 de

157 1546 283 1577 novo
307 1542 440 1577 natus
465 1533 640 1590 indiget
663 1533 936 1578 instructore
962 1533 1008 1577 in
1034 1533 1119 1587 his,
1146 1548 1262 1593 quae
1288 1534 1514 1593 pertinent
1547 1533 1603 1577 ad
1637 1533 2036 1578 conservationem
2060 1532 2123 1576 vi-

159 1608 248 1654 tae,
275 1599 528 1644 secundum
558 1599 669 1644 illud
703 1600 840 1644 Hebr.
879 1613 969 1645 12.:
997 1601 1140 1645 Patres
1171 1601 1335 1660 quidem
1367 1603 1508 1646 carnis
1538 1607 1703 1646 nostrae
1734 1601 1959 1645 habuimus
1990 1599 2124 1645 erudi·

157 1673 273 1720 tores,
312 1673 349 1711 et
377 1668 672 1712 reverebamur
697 1682 789 1719 eos,·
816 1667 878 1711 ita
904 1667 971 1712 illi
997 1668 1074 1727 qui
1100 1678 1391 1712 assumuntur
1424 1668 1479 1712 ad
1506 1682 1723 1727 pugnam,
1745 1668 1952 1726 indigent
1977 1666 2123 1711 erudi-

156 1733 345 1788 toribus,
371 1747 397 1778 a
423 1734 583 1792 quibus
609 1734 888 1778 instruantur
919 1734 975 1778 de
1007 1735 1093 1789 his,
1120 1749 1236 1794 quae
1263 1735 1489 1794 pertinent
1521 1735 1576 1778 ad
1609 1735 1802 1779 modum
1829 1734 2116 1778 certaminis:

159 1810 204 1844 et
228 1800 332 1845 ideo
358 1800 406 1845 in
432 1799 561 1845 bellis
588 1800 895 1846 materialibus
930 1803 1265 1846 constituuntur
1296 1802 1449 1856 duces,
1482 1811 1527 1846 et
1559 1802 1863 1855 centuriones,
1895 1816 1974 1861 per
2005 1814 2121 1860 quos

158 1866 235 1911 alii
261 1867 589 1926 gubernentur;
617 1876 661 1912 et
686 1878 871 1927 propter
896 1868 987 1913 hoc
1015 1868 1152 1912 etiam
1178 1867 1255 1912 ille
1282 1869 1358 1927 qui
1385 1869 1550 1927 accipit
1570 1868 1661 1912 hoc
1689 1877 2042 1921 sacramentum,
2064 1868 2119 1911 ab

156 1933 248 1978 alio
272 1944 464 1988 tenetur,
490 1934 619 1993 quasi
644 1949 724 1994 per
750 1935 892 1978 alium
917 1935 963 1978 in
990 1949 1143 1994 pugna
1170 1935 1390 1994 spirituali
1418 1935 1713 1980 erudiendus:
1741 1934 1948 1979 similiter
1981 1935 2119 1979 etiam

155 2000 262 2060 quia
286 2015 366 2060 per
390 2000 482 2045 hoc
508 2011 848 2046 sacramentum
866 2001 1096 2046 confertur
1114 2002 1293 2046 homini
1310 2001 1529 2061 perfectio
1549 2001 1791 2062 spiritualis
1810 2002 1983 2055 aetatis,
2005 2001 2122 2045 sicut

155 2067 329 2112 dictum
355 2077 425 2112 est
451 2067 553 2125 (art.
579 2082 620 2113 2.
641 2074 679 2112 et
698 2082 734 2127 5.
767 2069 855 2127 huj.
888 2070 963 2127 q.),
995 2069 1100 2112 ideo
1132 2068 1210 2113 ille
1244 2069 1321 2128 qui
1353 2069 1409 2113 ad
1435 2069 1525 2113 hoc
1553 2079 1894 2114 sacramentum
1927 2068 2120 2122 accedit,

155 2143 446 2188 sustentatur,
468 2135 597 2193 quasi
623 2135 771 2179 adhuc
798 2135 1088 2193 spiritualiter
1112 2135 1368 2189 imbecillis,
1392 2146 1436 2180 et
1461 2151 1584 2195 puer.

244 2200 322 2246 AD
347 2214 536 2247 PR1MUM
577 2215 687 2260 ergo
721 2202 980 2256 dicendum,
1014 2203 1136 2261 quod
1169 2202 1276 2247 licet
1305 2202 1384 2247 ille
1417 2203 1494 2262 qui
1526 2203 1822 2248 confirmatur
1854 2203 1911 2248 sit
1943 2201 2122 2248 adultus

156 2267 469 2327 corporaliter,
495 2268 704 2313 nondum
730 2279 885 2314 tamen
911 2279 980 2314 est
1005 2269 1183 2314 adultus
1209 2270 1513 2329 spiritualiter.

245 2335 324 2380 AD
356 2349 619 2381 SECUNDUM
651 2336 910 2390 dicendum,
938 2337 1060 2396 quod
1082 2336 1189 2382 licet
1214 2338 1463 2397 baptizatus
1483 2339 1540 2383 sit
1555 2337 1743 2384 effectus
1761 2338 2021 2383 membrum
2043 2337 2124 2382 Ec-

156 2401 337 2457 clesiae,
359 2403 566 2448 nondum
592 2413 747 2448 tamen
774 2414 842 2448 est
867 2404 1118 2463 adscriptus
1146 2404 1334 2450 militiae
1362 2406 1658 2461 christianae3
1691 2416 1736 2451 et
1756 2406 1862 2450 ideo
1887 2405 2122 2465 episcopo,

153 2478 377 2529 tanquam
402 2470 508 2514 duci
534 2471 772 2526 exercitus,
799 2486 879 2530 per
905 2470 1046 2515 alium
1074 2472 1309 2516 exhibetur
1340 2474 1433 2531 jam
1451 2473 1640 2518 militiae
1662 2473 1936 2517 christianae
1960 2472 2122 2517 adscri-

156 2545 312 2594 ptum;
335 2550 430 2582 non
457 2537 580 2582 enim
605 2538 738 2583 debet
758 2537 900 2582 alium
918 2538 974 2583 ad
1001 2538 1401 2584 confirmationem
1427 2550 1598 2595 tenere,
1616 2541 1692 2600 qui
1707 2541 1914 2585 nondum
1933 2550 2001 2585 est
2017 2554 2123 2584 con-

157 2601 377 2648 firmatus.

247 2668 326 2714 AD
349 2682 567 2716 TERTIUM
593 2671 853 2727 dicendum,
878 2673 1016 2732 quod,
1041 2673 1158 2717 sicut
1183 2673 1346 2719 dicitur
1371 2673 1554 2719 Coloss.
1586 2689 1648 2734 3.:
1675 2675 1726 2720 In
1747 2675 1912 2720 Christo
1924 2675 2019 2732 Jesu
2035 2689 2120 2719 non

156 2741 211 2781 es!
234 2736 458 2791 masculus,
481 2744 519 2782 et
534 2737 738 2796 foemina,
766 2748 811 2783 et
834 2739 939 2784 ideo
960 2754 1056 2784 non
1082 2738 1244 2795 differt,
1265 2751 1419 2786 utrum
1444 2741 1692 2796 masculus,
1717 2741 1792 2787 vel
1824 2740 2028 2787 foemina
2053 2752 2118 2787 te-

157 2812 265 2847 neat
287 2801 486 2863 aliquem
510 2803 557 2848 in
584 2804 946 2852 confirmatione.

857 2980 1291 3054 ARTICULUS
1332 2983 1432 3038 XI.
2031 3008 2120 3051 424

194 3111 389 3152 UTRUM
427 3111 600 3151 SOLUS
632 3113 929 3154 EPISCOPUS
964 3115 1083 3156 HOC
1115 3117 1525 3158 SACRAMENTUM
1553 3117 1837 3157 CONFERRE
1871 3115 2080 3155 POSSIT.

411 3222 475 3279 (4.
499 3222 612 3266 Dist.
639 3234 678 3281 7.
710 3236 749 3281 q.
781 3238 817 3268 ι.
849 3229 931 3268 art.
957 3240 993 3270 r.
1027 3239 1065 3284 q.
1093 3241 1129 3285 3.
1156 3233 1193 3271 et
1224 3227 1335 3271 Dist.
1372 3239 1430 3286 13.
1464 3242 1502 3285 q.
1525 3241 1560 3271 1.
1587 3232 1667 3270 art.
1696 3241 1731 3270 1.
1759 3239 1797 3284 q.
1825 3241 1860 3270 r.

492 3294 528 3334 et
553 3290 665 3334 Dist.
688 3303 749 3348 25.
771 3304 809 3348 q.
832 3305 862 3335 τ.
880 3296 961 3336 art.
983 3304 1019 3336 ι.
1039 3301 1154 3352 corp.
1174 3300 1209 3338 et
1226 3294 1296 3338 lib.
1314 3307 1356 3351 4.
1379 3294 1525 3339 Contr.
1541 3308 1581 3351 g.
1598 3300 1688 3353 cap.
1709 3296 1781 3338 60.

869 3364 909 3403 et
934 3359 1087 3415 Quodl.
1115 3375 1179 3406 10.
1208 3367 1287 3405 art.
1316 3360 1393 3419 7.).

247 3464 325 3511 AD
350 3479 644 3512 UNDECIMUM
676 3467 739 3511 sic
767 3467 1039 3527 proceditur.
1066 3469 1271 3526 Videtur,
1306 3471 1429 3530 quod
1455 3484 1549 3514 non
1586 3469 1711 3515 solus
1745 3470 1988 3530 episcopus
2024 3470 2117 3516 hoc

160 3543 500 3578 sacramentum
529 3533 746 3579 'conferre
772 3535 937 3594 possit:
974 3535 1225 3596 Gregorius
1262 3539 1382 3582 enim
1419 3537 1618 3581 scribens
1649 3537 1864 3595 Januario
1900 3539 2118 3597 episcopo

160 3597 225 3656 (in
250 3600 399 3658 Regist.
427 3601 499 3646 lib.
521 3616 558 3660 3.
585 3603 700 3662 epist.
726 3601 798 3647 26.
824 3603 870 3647 in
890 3602 989 3661 fin.)
1015 3603 1146 3649 dicit:
1177 3622 1201 3647 «
1230 3604 1440 3649 Pervenit
1467 3604 1524 3648 ad
1548 3618 1650 3659 nos,
1677 3604 1901 3663 quosdam
1932 3606 2119 3650 scanda-
