2352 3926
0 208 9 300 qen—w
0 133 7 166 ,s
0 70 4 106 v...

12 3551 32 3623 ts

655 194 934 248 QUAESTIO
975 192 1141 240 Lxxx.
1180 194 1488 239 ARTICULUS
1528 196 1564 239 ι.
1975 199 2082 254 7¹7

122 308 247 353 umus
267 303 406 364 suerit
435 317 485 348 ex
516 314 643 363 aqua,
664 308 703 348 et
733 303 896 363 Spiritu
926 302 1089 355 Sancto,
1128 309 1229 362 etc.,
1259 301 1323 346 ita
1356 301 1495 346 etiam
1525 300 1616 346 hoc
1643 307 1984 346 sacramentum
2017 309 2086 345 est

123 370 366 432 spititualis
399 371 547 425 cibus;
575 370 694 415 unde
720 371 950 415 Dominus
978 370 1033 414 de
1065 370 1155 414 hoc
1178 379 1469 414 sacramento
1495 368 1687 428 loquens
1716 368 1838 423 dicit,
1859 368 1990 427 Joan.
2017 366 2085 412 6.:

131 438 277 491 Verba,
315 453 419 498 quae
451 452 520 497 ego
547 431 705 483 'locutus
734 453 825 482 sum
850 439 983 491 vobis,
1017 440 1204 497 spiritns,
1230 443 1269 482 et
1288 439 1380 482 vita
1403 442 1526 480 sunt:
1550 436 1628 480 sed
1657 436 1776 480 circa
1809 435 2088 494 baptismum

122 512 218 551 nun
244 505 533 565 distinguitur
564 505 716 565 duplex
746 505 911 549 modus
944 505 1170 559 sumendi,
1197 504 1371 548 scilicet
1394 503 1725 557 sacramentalis,
1752 512 1798 547 et
1828 502 2061 562 spiritualis
2071 515 2088 554 ,⁴

44 591 51 596 ·
123 584 236 632 ergo
268 585 417 633 neque
444 572 563 616 circa
590 572 681 616 hoc
709 581 1047 616 sacramentum
1075 571 1209 615 debet
1233 570 1347 614 haec
1376 569 1606 615 distinctio
1634 569 1853 615 adhiberi.

213 647 254 684 2.
281 639 579 685 PRAETEREA.
607 638 687 693 Ea,
714 652 909 698 quorum
938 651 1080 681 unum
1109 647 1176 682 est
1200 647 1386 696 propter
1412 637 1621 690 alterum,
1639 648 1733 681 non
1758 637 1925 681 debent
1952 636 2006 680 ab
2028 635 2093 680 in·

122 707 273 751 vicem
306 707 461 760 dividi,
497 706 603 765 quia
629 716 771 749 unum
800 705 853 749 ab
880 705 972 749 alio
999 705 1200 763 speciem
1226 704 1389 749 trahit.
1421 704 1500 748 sed
1533 702 1876 749 sacramentalis
1903 704 2093 748 mandu-

123 773 244 818 catio
271 773 503 817 ordinatur
530 772 586 816 ad
604 772 900 831 spiritualem,
918 771 1035 815 sicut
1062 771 1117 814 ad
1142 770 1307 824 finem3
1334 785 1429 815 non
1452 784 1562 829 ergo
1590 772 1723 815 debet
1748 770 2092 851 sacramentalis

123 839 418 885 manducatio
446 849 604 883 contra
631 838 911 898 spiritualem
939 837 1093 881 dividi.

217 921 255 964 3.
287 907 587 952 PRAETEREA.
622 906 702 959 Ea,
741 918 936 964 quorum
974 918 1117 948 unum
1151 913 1301 963 potest
1337 918 1435 947 esse
1471 905 1569 948 sine
1604 904 1798 958 altero,
1800 919 1894 950 non
1927 905 2094 950 debent

124 983 285 1019 contra
310 988 358 1018 se
385 973 548 1017 dividi:
577 973 656 1017 sed
682 972 874 1025 videtur,
893 971 1016 1030 quod
1038 970 1189 1015 nullus
1212 971 1355 1030 possit
1378 971 1656 1015 manducare
1678 971 1982 1031 spiritualiter,
2004 972 2093 1017 nisi

123 1041 262 1086 etiarn
287 1039 677 1085 sacramentaliter
703 1038 974 1093 manducet;
1012 1036 1215 1097 alioquin
1244 1037 1414 1096 antiqui
1442 1039 1598 1082 Patres
1631 1038 1722 1082 hoc
1750 1049 2090 1083 sacramentum

123 1106 411 1167 spiritualiter
435 1106 812 1151 manducassent:
840 1105 1004 1150 frustra
1031 1106 1155 1149 enim
1188 1115 1308 1150 esset
1341 1104 1684 1149 sacramentalis
1717 1106 2027 1160 manducatio,
2055 1105 2094 1150 si

122 1173 220 1219 sine
247 1188 301 1219 ea
326 1173 568 1233 spiritualis
596 1187 694 1218 esse
722 1183 902 1232 posset3
925 1187 1020 1217 non
1036 1173 1173 1231 igitur
1191 1172 1519 1216 convenienter
1542 1172 1832 1230 distinguitur
1856 1173 1978 1217 circa
1998 1173 2090 1217 hoc

123 1251 463 1286 sacramentum
488 1241 638 1301 duplex
664 1241 977 1294 manducatio,
1003 1239 1179 1284 scilicet
1202 1239 1530 1293 sacramentalis,
1557 1249 1602 1283 et
1624 1240 1869 1298 spiritualis.

213 1309 308 1354 SED
335 1321 532 1354 CONTRA
560 1318 640 1362 est,
669 1307 792 1366 quod
814 1322 950 1366 super
975 1306 1086 1351 illud
1115 1322 1149 1351 1.
1174 1306 1385 1351 Corinth·
1419 1319 1508 1351 11.:
1538 1307 1627 1363 Qui
1659 1306 1900 1361 manducat,
1928 1314 1966 1352 et
1993 1308 2096 1352 bibit

123 1376 305 1435 indigne,
335 1386 419 1420 etc.
448 1375 558 1419 dicit
585 1374 739 1419 Gloss.
768 1374 976 1432 (ordin.):
1014 1390 1037 1415 (ι
1061 1368 1192 1418 Duos
1225 1372 1419 1417 dicimus
1452 1387 1550 1418 esse
1577 1374 1743 1418 modos
1770 1374 2095 1428 manducandi,

124 1456 269 1488 unum
295 1442 691 1495 sacramentalem,
719 1451 764 1486 et
789 1440 931 1485 alium
957 1440 1240 1500 spiritualem
1267 1457 1312 1486 »-

214 1509 505 1554 Responneo
524 1508 783 1563 dicendum,
806 1508 929 1567 quod
952 1509 997 1551 in
1020 1508 1283 1568 sumptione
1304 1508 1439 1566 hujus
1457 1508 1733 1552 sacramenti
1750 1509 1841 1552 duo
1864 1512 1967 1553 sunt
1992 1519 2099 1553 con—

126 1575 380 1630 sideranda,
403 1576 579 1620 scilicet
600 1577 746 1635 ipsum
766 1584 1120 1629 sacramentum,
1145 1585 1189 1619 et
1210 1574 1397 1632 effectus
1418 1575 1582 1633 ipsius3
1606 1575 1662 1618 de
1685 1587 1879 1634 quorum
1903 1586 2098 1635 utroque

123 1646 218 1704 jam
244 1652 382 1703 supra
407 1643 579 1688 dictum
607 1653 676 1687 est
701 1643 762 1702 (q.
788 1644 964 1703 praec).
992 1641 1225 1686 Perfectus
1253 1643 1391 1700 igitur
1416 1642 1582 1686 modus
1605 1643 1818 1686 sumendi
1838 1643 1930 1687 hoc
1953 1651 2099 1687 ‘sacra-

125 1718 335 1756 mentum
361 1719 444 1765 est,
467 1710 650 1769 quando
674 1710 835 1770 aliquis
858 1710 920 1754 ita
940 1710 1032 1754 hoc
1056 1719 1398 1754 sacramentum
1421 1709 1621 1768 suscipit,
1644 1710 1766 1768 quod
1790 1710 1980 1769 percipit
2001 1712 2098 1769 ejus

126 1777 355 1823 effectum.
384 1777 625 1835 Contingit
652 1787 804 1821 autem
831 1777 1121 1836 quandoque,
1143 1777 1259 1820 sicut
1280 1791 1414 1835 supra
1434 1777 1607 1820 dictum
1631 1787 1699 1820 est
1720 1778 1781 1835 (q.
1798 1785 1941 1837 praec.
1960 1781 2041 1822 art.
2060 1792 2096 1836 3.

125 1852 164 1891 et
183 1845 265 1903 8.),
292 1844 415 1904 quod
442 1843 604 1903 aliquis
630 1844 876 1903 impeditur
899 1859 924 1888 a
947 1843 1240 1903 percipiendo
1265 1843 1429 1887 effectu
1451 1843 1585 1901 hujus
1610 1844 1906 1889 sacramenti:
1931 1854 1975 1888 et
1994 1844 2098 1888 talis

127 1912 329 1972 sumptio
355 1912 492 1971 hujus
517 1911 794 1955 sacramenti
827 1921 895 1955 est
926 1910 1223 1970 imperfecta3
1250 1912 1367 1954 sicut
1390 1910 1528 1969 igitur
1553 1910 1805 1969 perfectum
1833 1921 1993 1956 contra
2017 1911 2100 1955 im-

40 1998 48 2003 ·
125 1978 381 2041 perfectum
407 1978 635 2032 dividitur,
674 1978 736 2022 ita
759 1977 1105 2022 sacramentalis
1128 1977 1437 2030 manducatio,
1460 1992 1540 2036 per
1560 1978 1921 2036 quamsumitur
1946 1978 2098 2023 solum

118 2052 466 2092 ‘sacramentum
483 2046 580 2090 sine
602 2044 766 2089 effectu
789 2046 943 2105 ipsius,
966 2045 1178 2089 dividitur
1200 2054 1360 2089 contra
1377 2044 1658 2104 spiritualem
1677 2045 2098 2100 manducationem,

126 2127 207 2174 per
231 2126 370 2173 quam
397 2113 497 2172 quis
523 2112 715 2172 percipit
748 2111 962 2157 effectum
1000 2112 1134 2170 hujus
1170 2113 1461 2168 sacramenti,
1498 2126 1591 2172 quo
1628 2113 1922 2172 spiritualiter
1951 2114 2098 2158 homo

121 2174 316 2226 *Christo
342 2180 637 2239 conjungitur
661 2188 743 2238 per
767 2174 922 2234 fidem,
950 2185 995 2223 et
1020 2179 1305 2223 charitatem.

217 2248 293 2292 AD
319 2255 511 2292 PRmuM
538 2260 649 2305 ergo
678 2246 938 2300 dicendum,
965 2246 1087 2305 quod
1115 2247 1254 2290 etiam
1282 2246 1403 2290 circa
1430 2246 1723 2304 baptismum,
1750 2255 1794 2291 et
1821 2244 1911 2291 alia
1944 2248 2101 2306 huius-

127 2315 256 2360 modi
275 2324 563 2360 sacramenta
586 2313 747 2358 similis
770 2314 1000 2357 distinctio
1025 2314 1286 2368 adhibetur3
1307 2327 1417 2358 narn
1441 2314 1627 2373 quidam
1649 2315 1902 2373 suscipiunt
1922 2322 2100 2360 tantum

126 2389 481 2436 sacramentum,
509 2381 697 2441 quidam
722 2388 834 2425 vero
861 2389 1214 2434 sacramentum,
1237 2389 1282 2425 et
1302 2394 1399 2425 rem
1429 2382 1716 2427 sacramenti.
1744 2382 1795 2426 In
1820 2382 1914 2428 hoc
1945 2393 2101 2428 tamen

127 2442 356 2508 differunt,
382 2451 488 2509 quia
514 2462 622 2493 cum
650 2449 738 2492 alia
764 2456 1052 2492 sacramenta
1078 2448 1369 2507 perficiantur
1398 2447 1448 2493 in
1480 2459 1565 2493 usu
1597 2450 1831 2504 materiae,
1862 2451 2099 2510 percipere

129 2527 470 2561 sacramentum
497 2524 564 2560 est
589 2517 687 2575 ipsa
713 2515 932 2575 perfectio
960 2516 1256 2560 sacramenti.
1283 2515 1374 2559 hoc
1413 2526 1566 2560 autem
1603 2524 1942 2561 sacramentum
1975 2517 2102 2577 perfi-

133 2578 251 2628 citur
274 2584 321 2627 in
347 2584 695 2628 consecratione
720 2583 964 2637 materiae3
1003 2590 1046 2627 et
1081 2582 1186 2626 ideo
1223 2593 1413 2642 uterque
1449 2596 1555 2627 usus
1593 2594 1660 2628 est
1690 2594 1977 2644 consequens
2008 2585 2100 2629 hoc

131 2656 484 2696 sacramentum.
521 2650 573 2693 In
608 2643 837 2709 baptismo
870 2650 1023 2703 etiarn,
1061 2658 1106 2694 et
1143 2642 1241 2693 aliis
1273 2652 1571 2695 sacramentis
1608 2651 1919 2695 characterem
1951 2652 2103 2711 impri-

132 2718 362 2763 mentibus
394 2716 461 2760 illi
486 2718 563 2775 qui
589 2717 819 2775 accipiunt
843 2726 1198 2772 sacramentum,
1224 2717 1450 2776 recipiunt
1473 2716 1670 2777 aliquem
1693 2718 1975 2777 spiritualem
1998 2717 2101 2763 effe-

133 2795 272 2838 ctum,
300 2783 477 2828 scilicet
513 2783 849 2838 characterem3
889 2784 1013 2842 quod
1047 2796 1141 2828 non
1175 2784 1340 2828 accidit
1371 2784 1419 2828 in
1454 2785 1546 2829 hoc
1582 2793 1890 2829 sacramento:
1919 2790 1964 2830 et
1994 2785 2098 2830 ideo

130 2852 279 2911 magis
306 2846 351 2895 in
377 2851 470 2895 hoc
497 2857 788 2895 sacramento
812 2850 1106 2910 distinguitur
1136 2858 1243 2896 usus
1269 2852 1614 2896 sacramentalis
1642 2865 1667 2896 a
1693 2851 1927 2911 spirituali,
1960 2865 2099 2912 quam

130 2920 179 2965 in
204 2918 449 2978 baptismo.

219 2986 296 3031 AD
324 2989 586 3031 secut-mum
604 2983 863 3037 dicendum,
886 2984 1012 3043 quod
1033 2985 1378 3030 sacramentalis
1405 2985 1715 3039 manducatio,
1741 2993 1859 3045 quae
1884 2986 2102 3046 pertingit

136 3054 192 3098 ad
218 3046 520 3113 spiritualem,
546 3059 641 3095 non
668 3050 881 3095 dividitur
906 3057 1066 3095 contra
1098 3052 1393 3111 spiritualem,
1427 3052 1505 3097 sed
1540 3051 1786 3097 includitur
1822 3054 1874 3097 ab
1914 3066 1988 3098 ea·
2021 3054 2101 3099 sed

131 3119 211 3165 illa
231 3118 580 3165 ‘sacramentalis
608 3117 901 3162 manducatio
918 3124 1080 3163 contra
1097 3119 1379 3177 spiritualem
1396 3119 1623 3172 dividitur,
1641 3129 1758 3178 quae
1775 3119 1989 3165 effectum
2005 3133 2102 3166 non

131 3187 449 3247 consequitur3
475 3186 592 3230 sicut
617 3183 951 3243 imperfectum,
972 3185 1096 3245 quod
1118 3196 1212 3230 non
1234 3186 1450 3245 pertingit
1475 3186 1530 3230 ad
1554 3185 1885 3245 perfectionem
1917 3188 2102 3248 speciei,

133 3255 347 3300 dividitur
373 3262 533 3298 contra
558 3251 825 3312 perfectum.
1046 3312 1050 3314 .

224 3322 303 3367 Ab
329 3328 546 3366 TERTIUM
568 3317 828 3373 dicendum,
855 3318 994 3378 quod,
1020 3316 1137 3364 sicut
1161 3334 1296 3380 supra
1323 3319 1495 3364 dictum
1522 3329 1590 3364 est
1618 3319 1674 3379 (q.
1704 3332 1761 3380 73.
1789 3326 1874 3367 art.
1895 3322 1971 3380 3.),
1999 3320 2103 3366 effe-

136 3394 235 3434 ctus
265 3387 541 3433 sacramenti
573 3391 723 3446 potest
753 3385 807 3429 ab
842 3384 995 3444 aliquo
1026 3387 1212 3446 percipi,
1245 3387 1283 3431 si
1315 3396 1655 3431 sacramentum
1691 3388 1858 3432 habeat
1892 3389 1939 3432 in
1974 3397 2102 3443 voto,

136 3455 344 3515 quamvis
359 3467 464 3518 *non
492 3453 684 3512 accipiat
709 3452 754 3496 in
782 3460 855 3496 re:
872 3460 919 3496 et
936 3451 1042 3497 ideo
1061 3453 1176 3498 sicut
1195 3453 1334 3513 aliqui
1354 3453 1638 3512 baptizantur
1653 3454 1881 3514 baptismo
1904 3455 2102 3501 flaminis

137 3527 321 3582 propter
341 3520 615 3567 desiderium
631 3518 859 3579 baptismi,
876 3526 1119 3579 antequam
1134 3521 1418 3580 baptizentur
1433 3520 1661 3580 baptismo
1679 3533 1847 3582 aquae3
1873 3522 1936 3567 ita
1962 3523 2101 3568 etiam

140 3588 279 3650 aliqui
303 3589 583 3635 manducant
607 3586 899 3648 spiritualiter
923 3586 1015 3632 hoc
1041 3596 1395 3643 sacramentum,
1431 3597 1677 3648 antequam
1714 3589 2104 3636 sacramentaliter
