2352 3926
309 222 418 291 776
813 232 1091 299 QqAEsTm
1132 231 1359 271 Lxxxnt.
1399 220 1708 272 Ani-mutus
1748 232 1822 271 v1.

306 335 414 379 bula
438 334 641 379 radetur:
668 332 706 377 si
726 346 835 377 vero
857 346 952 377 non
976 332 1111 377 fuerit
1141 331 1308 387 tabula,
1334 342 1453 376 terra
1477 331 1674 387 radetur,
1701 342 1746 377 et
1769 331 1867 390 igni
1892 342 2202 389 consumetur,
2223 343 2269 379 et

308 402 420 446 cinis
446 403 561 445 intra
595 400 733 443 altare
767 399 1010 454 condetur3
1034 409 1078 444 et
1105 399 1318 444 sacerdos
1344 399 1645 458 quadraginta
1670 398 1828 444 diebus
1853 400 2107 458 poeniteat:
2129 401 2169 446 si
2194 415 2270 445 au·

265 479 269 482 ⁴
306 479 398 513 tem
427 483 559 526 super
586 467 724 511 altare
761 466 1000 510 stillaverit
1037 466 1168 520 calix,
1191 467 1374 510 sorbeat
1398 467 1602 510 minister
1639 465 1824 520 stillam,
1861 476 1906 511 et
1933 467 2075 512 tribus
2108 466 2268 513 diebus

306 536 555 594 poeniteat:
590 534 628 577 si
668 547 801 591 super
839 533 1030 577 linteum
1073 533 1241 588 altaris,
1284 543 1328 577 et
1369 533 1425 577 ad
1468 533 1590 577 aliud
1626 533 1745 578 stilla
1775 535 2043 593 pervenerit,
2075 543 2270 594 quatuor

306 602 463 645 diebus
498 601 751 660 poeniteat:
792 600 830 643 si
869 614 1013 659 usque
1047 601 1103 644 ad
1119 601 1318 655 tertium,
1344 614 1514 644 novem
1537 600 1694 645 diebus
1711 602 1966 659 poeniteat:
1993 601 2032 646 si
2049 614 2192 661 usque
2212 601 2268 645 ad

306 678 531 726 quartum,
567 667 729 726 viginti
760 666 916 711 diebus
957 667 1213 726 poeniteat;
1246 677 1291 712 et
1321 666 1601 722 linteamina,
1639 682 1755 727 quae
1790 667 1910 712 stilla
1948 668 2160 728 tetigerit,
2198 669 2271 713 tri-

303 736 385 779 bus
425 735 598 778 vicibus
639 733 760 778 lavet
802 733 1021 788 minister,
1063 734 1205 779 calice
1247 735 1403 779 subtus
1443 735 1622 794 posit03
1666 744 1711 779 et
1750 749 1868 794 aqua
1908 734 2151 780 ablutionis
2196 749 2270 780 su-

305 812 468 856 matur,
503 811 546 846 et
581 803 707 860 juxta
744 800 884 846 altare
910 802 1185 846 recondatur
1209 819 1251 846 ».
1284 802 1448 847 Posset
1473 802 1621 855 etiarn⁴
1638 802 1758 846 sumi
1793 802 1840 846 in
1871 811 2031 861 potum
2074 815 2102 846 a
2141 803 2272 847 mini-

303 880 410 924 stro,
433 870 517 913 nisi
536 879 720 928 propter
737 869 1131 914 abominationem
1157 870 1472 916 dimitteretur.
1497 869 1702 922 Quidam
1720 879 1873 915 autem
1889 869 2077 915 ulterius
2093 880 2270 930 partem

300 937 429 980 illam
455 936 771 980 linteaminum
797 936 1018 991 incidunt,
1045 947 1089 981 et
1115 938 1404 992 comburunt,
1431 947 1477 982 et
1502 937 1704 982 cinerem
1729 937 1776 981 in
1803 936 1934 981 altari
1962 936 2038 982 vel
2067 938 2267 982 sacrario

302 1013 540 1062 reponunt.
569 1003 783 1048 Subditur
811 1014 966 1048 autem
995 1004 1167 1049 ibidem
1201 1004 1310 1064 (cap.
1338 1006 1428 1063 28.)
1463 1019 1516 1049 ex
1548 1003 1870 1049 Poenitentiali
1901 1004 2052 1049 Bedae
2084 1005 2270 1064 presby-

301 1071 386 1115 teri
413 1070 530 1127 (libr.
565 1070 611 1115 de
636 1070 840 1116 Remediis
856 1077 1066 1130 peccator.
1094 1079 1210 1131 cap.:
1237 1073 1306 1117 De
1330 1073 1592 1131 Ebrietate).·
1627 1088 1651 1114 «
1681 1071 1730 1116 Si
1756 1071 1856 1131 quis
1882 1085 1963 1132 per
1988 1071 2271 1126 ebrietatem,
2344 1088 2352 1136 ζ

302 1138 375 1182 vel
407 1139 709 1182 voracitatem
735 1138 1072 1183 Eucharistiam
1114 1140 1382 1194 evomuerit,
1424 1140 1723 1199 quadraginta
1756 1140 1912 1185 diebus
1951 1140 2197 1200 poeniteat,
2229 1140 2269 1184 si

301 1204 445 1249 laicus
472 1215 559 1250 est:
587 1205 756 1260 clerici,
782 1206 857 1250 vel
883 1206 1116 1261 monachi,
1143 1221 1223 1251 seu
1250 1207 1447 1261 diaconi,
1467 1217 1511 1251 et
1532 1207 1783 1267 presbyteri
1802 1207 2089 1267 septuaginta
2110 1207 2269 1252 diebus

302 1273 587 1331 poeniteant3
617 1273 858 1332 episcopus
890 1275 1164 1332 nonaginta:
1207 1274 1245 1318 si
1287 1284 1438 1318 autem
1482 1274 1755 1319 infirmitatis
1796 1288 1934 1320 causa
1969 1274 2270 1329 evomuerint,
2346 1293 2352 1336 ;

302 1349 477 1399 septem
504 1341 659 1385 diebus
686 1342 951 1400 poeniteant
975 1358 1024 1396 »3
1053 1351 1097 1386 et
1121 1342 1168 1385 in
1195 1342 1356 1386 eadem
1383 1342 1500 1387 Dist.
1527 1343 1640 1402 (cap.
1669 1342 1764 1402 94.)
1786 1341 1953 1401 legitur
1965 1356 2029 1387 -ex
2050 1335 2267 1388 Concilio
2346 1377 2352 1395 2

302 1407 563 1452 Arelatensi
587 1409 759 1465 (scilicet
783 1410 845 1466 4.)
864 1425 877 1453 .·
908 1424 931 1450 «
961 1408 1056 1461 Qui
1082 1423 1175 1452 non
1208 1409 1323 1454 bene
1357 1409 1623 1454 custodierit
1648 1409 1938 1464 sacrificium,
1970 1419 2016 1455 et
2045 1424 2164 1465 mus,
2193 1409 2269 1455 vel
2341 1405 2352 1455 ,ἶ

303 1474 488 1534 aliquod
531 1475 699 1519 animal
740 1476 852 1519 illud
887 1476 1151 1530 comederit,
1186 1476 1485 1535 quadraginta
1518 1476 1674 1521 diebus
1706 1478 1962 1536 poeniteat:
1997 1478 2073 1537 qui
2115 1486 2270 1522 autem

302 1543 546 1601 perdiderit
584 1542 695 1586 illud
727 1543 773 1586 in
806 1542 1014 1597 ecclesia,
1059 1553 1134 1586 aut
1166 1558 1267 1602 pars
1302 1544 1397 1602 ejus
1431 1543 1659 1598 ceciderit,
1693 1554 1738 1588 et
1768 1557 1862 1589 non
1903 1546 2087 1589 inventa
2123 1542 2271 1599 fuerit,
2331 1538 2352 1558 '²

302 1610 487 1667 triginta
513 1610 670 1654 diebus
697 1610 928 1669 poeniteat
954 1627 995 1653 ».
1022 1610 1079 1654 Et
1112 1611 1275 1654 eadem
1316 1611 1596 1670 poenitentia
1635 1611 1813 1656 videtur
1843 1611 2007 1671 dignus
2039 1611 2272 1668 sacerdos,
2339 1614 2352 1674 ’1

304 1691 384 1735 per
401 1678 527 1736 cujus
545 1677 874 1736 negligentiam
891 1678 1069 1722 hostiae
1089 1689 1383 1722 consecratae
1401 1678 1659 1738 putrefiunt.
1679 1679 1928 1724 Praedictis
1945 1689 2098 1727 autem
2112 1675 2269 1725 diebus
2346 1678 2352 1734 ζ

303 1744 438 1788 debet
462 1747 699 1803 poenitens
730 1746 947 1803 jejunare,
981 1754 1025 1790 et
1058 1760 1083 1789 a
1115 1745 1446 1790 communione
1479 1760 1681 1790 cessare:
1708 1747 1911 1806 pensatis
1935 1756 2092 1792 tamen
2119 1746 2273 1791 condi·
2344 1738 2352 1798 Ῐζ

302 1811 501 1855 tionibus
526 1812 715 1871 negotii,
741 1821 786 1856 et
811 1826 1049 1870 personae,
1076 1822 1229 1872 potest
1253 1813 1413 1867 minui,
1435 1813 1509 1858 vel
1533 1813 1637 1858 addi
1663 1813 1720 1858 ad
1745 1814 2077 1873 poenitentiam
2101 1814 2274 1875 praedi·
2341 1803 2352 1862 Ῑ]Ξ

305 1888 450 1934 ctam;
476 1879 567 1924 hoc
593 1890 748 1924 tamen
775 1880 1112 1924 observandum
1144 1890 1224 1935 est,
1252 1881 1375 1940 quod
1402 1881 1677 1940 ubicumque
1711 1882 1886 1940 species
1913 1881 2121 1941 integrae
2150 1881 2272 1926 inve·
2340 1883 2345 1889 ‘⁴

303 1946 500 2002 niuntur‚
523 1957 627 1991 sunt
651 1957 910 1992 reverenter
936 1948 1292 2003 conservandae,
1307 1947 1381 1992 vel
1401 1948 1540 1992 etiarn
1558 1949 1834 2004 sumendae3
1857 1948 1963 2009 quia
1985 1947 2272 1994 manentibus

304 2013 553 2073 speciebus,
586 2024 742 2059 manet
771 2015 832 2058 ibi
865 2028 1029 2074 corpus
1059 2014 1246 2069 Christi,
1273 2024 1321 2059 ut
1346 2029 1483 2074 supra
1516 2016 1691 2060 dictum
1716 2025 1785 2060 est
1811 2017 1870 2075 (q.
1899 2029 1965 2076 77.
1992 2022 2074 2062 art.
2096 2014 2190 2076 5.)‘,·
2217 2029 2272 2060 ea
2324 2023 2334 2076 j

303 2095 428 2135 vero,
446 2081 492 2125 in
516 2081 675 2140 quibus
696 2082 1000 2136 inveniuntur,
1018 2082 1057 2126 si
1074 2082 1322 2127 commode
1348 2082 1446 2126 fieri
1467 2092 1630 2142 potest,
1648 2093 1753 2127 sunt
1771 2083 2099 2139 comburenda,
2120 2082 2272 2128 cinere
2324 2077 2349 2144 ζ

302 2149 349 2192 in
375 2149 574 2193 sacrario
596 2149 849 2203 recondito,
873 2149 990 2194 sicut
1016 2150 1071 2194 de
1097 2164 1252 2194 rasura
1275 2149 1456 2195 tabulae
1481 2149 1654 2195 dictum
1678 2160 1746 2195 est
1769 2150 1857 2210 (hic
1880 2146 2015 2212 sup.)
2335 2144 2350 2151 ”

862 2488 1310 2565 QUAESTIO
1362 2488 1721 2550 LXXXIV.

314 2643 394 2683 DE
421 2641 822 2683 SACRAMENTO
855 2641 1317 2696 POENITENTIAE‚
1355 2645 1421 2684 IN
1453 2645 1659 2685 DECEM
1692 2642 2022 2698 ARTICULOS
2047 2642 2268 2686 DIVISA.
2322 2634 2329 2686 ³.

352 2874 354 2876 v
399 2820 745 2880 Consequenter
767 2821 1147 2866 considerandum
1167 2833 1233 2867 est
1251 2821 1305 2867 de
1324 2832 1611 2867 sacramento
1635 2822 1968 2881 poenitentiae3
1995 2821 2117 2866 circa
2147 2819 2271 2881 quod
2316 2861 2321 2864 ,

298 2888 442 2947 primo
466 2888 848 2933 considerandum
872 2899 938 2933 est
961 2890 1016 2934 de
1034 2889 1131 2949 ipsa
1154 2891 1455 2948 poenitentia:
1481 2890 1654 2935 secundo
1683 2889 1738 2934 de
1761 2888 1950 2934 effectus
1966 2889 2127 2949 ipsius:
2150 2889 2271 2934 tertio
2317 2887 2318 2890 ’
2346 2889 2349 2893 ’

306 2955 362 2999 de
389 2956 586 3014 partibus
619 2956 737 3014 ejus:
772 2963 922 3015 quarto
956 2955 1011 3001 de
1044 2957 1391 3015 suscipientibus
1418 2957 1508 3001 hoc
1537 2967 1902 3003 sacramentum:
1928 2957 2073 3016 quinto
2106 2955 2163 3000 de
2192 2968 2272 3016 po·

305 3032 464 3067 testate
496 3024 823 3079 ministrorum,
849 3037 965 3083 quae
993 3023 1049 3068 ad
1077 3023 1228 3069 claves
1255 3025 1477 3083 pertinet:
1502 3032 1611 3070 sexto
1639 3026 1695 3069 de
1720 3023 2011 3070 solemnitate
2042 3023 2183 3083 hujus
2202 3035 2271 3069 sa-
2310 3023 2326 3081 ’ᾖ

309 3100 544 3134 cramenn.

398 3157 534 3202 Circa
552 3159 760 3217 primum,
787 3158 866 3203 duo
904 3158 1233 3203 consideranda
1271 3169 1398 3204 sunt:
1428 3160 1572 3219 primo
1606 3159 1661 3204 de
1698 3158 1991 3219 poenitentia,
2016 3156 2270 3204 secundum
2301 3162 2332 3175 κ’

308 3224 429 3283 quod
457 3235 524 3270 est
548 3236 912 3281 sacramentum3
936 3226 1109 3271 secundo
1137 3227 1191 3270 de
1217 3226 1509 3285 poenitentia,
1537 3227 1790 3271 secundum
1815 3227 1939 3287 quod
1962 3234 2031 3272 est
2053 3225 2211 3271 virtus.
2254 3235 2272 3268 -ῑ,

894 3338 1024 3383 Circa
1042 3340 1234 3398 primum
1260 3345 1519 3397 quaeruntur
1544 3339 1691 3384 decem.

396 3428 566 3474 Primo.
594 3429 759 3474 Utrum
789 3429 1068 3489 poenitentia
1095 3429 1152 3474 sit
1178 3440 1529 3474 sacramentum.

396 3496 625 3541 Secundo.
658 3497 729 3541 De
757 3497 938 3556 propria
964 3497 1152 3542 materia
1180 3497 1289 3556 ejus.

397 3562 571 3608 Tertio.
599 3565 670 3608 De
698 3564 846 3608 forma
873 3564 1026 3623 ipsius.

399 3631 592 3684 Quarto.
620 3632 787 3677 Utrum
813 3632 1048 3692 impositio
1074 3645 1237 3676 manus
1263 3631 1517 3690 requiratur
1542 3631 1599 3676 ad
1625 3631 1716 3676 hoc
1738 3639 2091 3676 sacramentum.
