2352 3926
0 2330 6 2350 “¹
0 1987 22 2235 -w‘ft'zwffwff-t'tiss'

678 166 958 215 Qufflsrro
998 167 1124 207 va.
1164 165 1475 208 ARTICULUS
1516 167 1552 206 1.
1994 167 2097 223 545

141 270 402 324 firmationi,
440 279 485 315 et
510 280 740 315 extremae
787 269 1018 326 unctioni;
1050 284 1162 330 ergo
1201 284 1350 331 neque
1379 270 1496 316 haec
1532 269 1699 316 debent
1734 270 1966 315 numerari
1989 270 2105 315 inter

139 348 425 383 sacramenta
456 351 605 382 novae
637 337 765 396 legis.

234 418 271 464 5.
297 405 594 450 PRAETEREA.
623 404 819 449 Luxuria
844 418 938 449 non
956 414 1024 449 est
1049 404 1230 464 gravius
1255 405 1373 449 inter
1399 414 1578 449 caetera
1601 413 1806 463 peccata,
1832 414 1882 449 ut
1904 414 2028 465 patet
2050 418 2104 449 ex

140 470 211 516 his
237 486 353 532 quae
370 472 416 515 in
444 484 484 516 2.
504 472 625 516 dicta
643 482 747 516 sunt
762 471 867 530 (2-2.
895 487 932 530 q.
960 485 1046 530 154.
1065 478 1147 517 art.
1166 487 1202 532 3.
1203 472 1245 529 ):
1265 471 1344 516 sed
1364 482 1522 516 contra
1550 472 1637 515 alia
1661 482 1852 531 peccata
1871 486 1966 516 non
1983 472 2105 516 insti-

137 539 277 584 tuitur
293 539 478 598 aliquod
496 548 855 592 sacramentum3
874 552 984 597 ergo
1003 553 1151 597 neque
1175 548 1336 582 contra
1353 537 1578 582 luxuriam
1598 538 1752 583 debuit
1771 539 1944 584 institui
1960 553 2105 584 sacra-

140 617 347 652 mentum
374 606 668 651 matrimonii.

231 674 325 718 SED
358 686 553 719 CONTRA
580 673 769 726 videtur,
792 672 915 731 quod
941 672 1031 716 sint
1056 671 1186 731 plura
1212 682 1523 716 sacramenta:
1567 682 1854 717 sacramenta
1886 673 2009 718 enim
2040 673 2105 718 di-

142 750 316 794 cuntur,
339 740 466 800 quasi
492 740 716 799 quaedam
748 753 877 783 sacra
898 739 1049 797 signa:
1077 739 1155 783 sed
1175 739 1347 784 multae
1366 738 1894 786 aliae‘sanctificationes
1920 741 2034 786 fiunt
2057 741 2105 786 in

140 807 346 853 Ecclesia
367 807 618 852 secundum
644 806 873 850 sensibilia
895 806 1040 864 signa,
1077 806 1194 849 sicut
1220 820 1337 865 aqua
1361 806 1616 860 benedicta,
1631 808 1916 852 consecratio
1935 807 2104 862 altaris,

141 885 186 921 et
211 874 299 919 alia
330 874 618 934 hujusmodi3
646 887 755 933 ergo
778 883 882 917 sunt
907 873 1035 932 plura
1061 883 1361 926 sacramenta,
1389 887 1529 932 quam
1555 883 1744 932 septem.

229 941 482 986 Praeterea.
522 941 659 1000 Hugo
696 941 751 985 de
791 941 962 984 Sancto
1011 940 1199 984 Victore
1242 941 1352 984 dicit
1386 942 1482 998 (lib.
1521 957 1556 986 r.
1589 941 1634 985 dc
1667 942 1859 986 Sacram.
1895 948 2009 1001 part.
2041 957 2105 988 12.

141 1016 231 1069 cap.
263 1008 354 1066 ιο.)
379 1008 501 1067 quod
523 1017 808 1052 sacramenta
847 1010 1012 1051 veteris
1039 1007 1153 1066 legis
1187 1007 1369 1051 fuerunt
1402 1007 1674 1062 oblationes,
1708 1009 1932 1063 decimae,
1965 1019 2011 1054 et
2041 1024 2107 1054 sa-

141 1075 333 1120 crificia:
365 1075 443 1119 sed
470 1074 743 1119 sacrificium
770 1074 1004 1119 Ecclesiae
1031 1085 1100 1119 est
1124 1089 1267 1118 unum
1301 1087 1655 1129 sacramentum,
1690 1076 1811 1134 quod
1838 1077 2002 1120 dicitur
2023 1076 2107 1121 Eu-

140 1143 373 1196 charistia;
396 1156 506 1201 ergo
535 1142 674 1186 etiam
702 1141 958 1186 oblationes
986 1151 1030 1186 et
1051 1142 1258 1186 decimae
1286 1142 1453 1187 debent
1478 1143 1569 1186 dici
1592 1154 1895 1188 sacramenta.

227 1209 482 1254 Praeterea.
533 1209 637 1253 Tria
664 1219 769 1252 sunt
805 1223 971 1267 genera
997 1219 1323 1268 peccatorum:
1359 1210 1577 1269 originale,
1615 1211 1806 1265 mortale,
1844 1221 1888 1255 et
1916 1211 2079 1256 veniale
2087 1226 2106 1265 ,·

142 1277 221 1323 sed
247 1286 406 1322 contra
431 1275 653 1334 originale
686 1286 928 1335 peccatum
965 1276 1199 1320 ordinatur
1233 1276 1498 1335 baptismus,
1533 1287 1693 1321 contra
1726 1277 1921 1323 mortale
1954 1288 2106 1322 autem

142 1344 444 1404 poenitentia;
471 1357 581 1402 ergo
609 1342 794 1387 deberet
829 1357 927 1387 esse
955 1343 1076 1387 aliud
1103 1352 1280 1403 praeter
1305 1354 1496 1403 septem,
1530 1344 1652 1404 quod
1685 1344 1919 1390 ordinetur
1950 1355 2109 1390 contra

140 1412 336 1459 veniale.

229 1479 519 1525 stpounno
546 1478 805 1532 dicendum,
834 1478 971 1538 quod,
991 1479 1107 1523 sicut
1123 1494 1258 1539 supra
1283 1479 1454 1524 dictum
1483 1490 1552 1525 est
1579 1480 1638 1539 (q.
1661 1481 1732 1526 62.
1759 1486 1841 1526 art.
1855 1495 1891 1540 3.
1918 1486 1954 1525 et
1978 1495 2016 1539 q.
2045 1479 2108 1540 63.

142 1554 223 1594 art.
232 1547 309 1608 3.),
333 1556 618 1592 sacramenta
637 1545 868 1591 Ecclesiae
897 1546 1161 1591 ordinantur
1187 1547 1242 1590 ad
1265 1547 1382 1602 duo;
1409 1547 1584 1592 scilicet
1601 1547 1656 1591 ad
1683 1547 2011 1607 perficiendum
2028 1547 2108 1592 ho-

143 1615 317 1660 minem
342 1614 390 1658 in
410 1614 481 1658 his
508 1628 623 1673 quae
644 1614 870 1673 pertinent
896 1614 951 1657 ad
970 1613 1143 1658 cultum
1162 1614 1250 1658 Dei
1267 1614 1519 1659 secundum
1538 1614 1810 1674 religionem
1834 1615 2107 1659 christianae

144 1685 279 1736 vitae,
303 1692 347 1726 et
373 1681 511 1726 etiam
538 1681 584 1724 in
610 1680 865 1724 remedium
894 1690 1052 1724 contra
1089 1679 1316 1725 defectum
1342 1682 1532 1741 peccati.
1558 1681 1767 1741 Utroque
1795 1691 1948 1725 autem
1966 1682 2108 1725 modo

146 1749 472 1794 convenienter
497 1758 728 1807 ponuntur
748 1758 923 1806 septem
950 1758 1237 1791 sacramenta
1255 1764 1266 1802 ;
1287 1747 1379 1792 vita
1406 1749 1527 1792 enim
1556 1745 2111 1806 spiritualis‘conformita-

142 1827 236 1862 tem
261 1816 460 1876 aliquam
486 1816 624 1860 habet
641 1815 696 1858 ad
723 1815 864 1858 vitam
892 1815 1203 1872 corporalem;
1227 1816 1342 1859 sicut
1370 1825 1414 1859 et
1441 1826 1619 1859 caetera
1646 1816 1902 1874 corporalia
1927 1815 2110 1860 confor-

143 1884 349 1928 mitatem
376 1883 606 1943 quandam
633 1880 935 1941 spiritualium
952 1882 1142 1925 habent:
1174 1882 1221 1925 in
1247 1883 1339 1926 vita
1366 1892 1518 1926 autern
1538 1882 1765 1941 corporali
1791 1883 2015 1942 dupliciter
2033 1882 2109 1926 ali-

143 1951 242 2011 quis
261 1950 508 2010 perficitur:
528 1950 745 1994 uno¹m0d0
768 1960 986 2008 quantum
1012 1949 1066 1992 ad
1085 1963 1327 2008 personam
1350 1950 1606 2008 propriam:
1630 1950 1713 1994 alio
1727 1950 1847 1994 modo
1865 1964 1944 2009 per
1960 1964 2111 2008 respe-

143 2028 267 2063 ctum
286 2019 343 2062 ad
367 2028 513 2062 totam
537 2017 917 2061 communitatem
936 2017 1181 2070 societatis,
1208 2017 1255 2059 in
1277 2031 1365 2075 qua
1381 2017 1518 2062 vivit:
1537 2017 1641 2075 quia
1672 2017 1817 2061 homo
1845 2017 2109 2061 naturaliter

142 2095 209 2130 est
225 2084 395 2128 animal
420 2083 606 2128 sociale.
626 2084 854 2143 Respectu
872 2094 1027 2127 autern
1043 2084 1112 2127 sui
1130 2084 1268 2143 ipsius
1296 2084 1523 2143 perficitur
1541 2085 1685 2128 homo
1704 2085 1750 2128 in
1773 2086 1864 2128 vita
1884 2084 2110 2143 corporali

142 2152 390 2212 dupliciter:
416 2167 498 2196 uno
520 2151 641 2195 modo
668 2165 748 2210 per
773 2165 836 2204 se,
870 2151 1147 2210 acquirendo
1174 2151 1350 2196 scilicet
1375 2151 1577 2210 aliquam
1602 2152 1722 2196 vitae
1749 2151 2106 2210 perfectionem:

141 2219 225 2264 alio
251 2219 372 2263 modo
398 2233 478 2278 per
503 2218 729 2271 accidens,
757 2217 931 2262 scilicet
956 2219 1238 2263 removendo
1266 2219 1596 2278 impedimenta
1621 2220 1764 2274 vitae;
1793 2229 1902 2278 puta
1920 2220 2110 2278 aegritu-

142 2286 311 2342 dinem,
337 2286 411 2330 vel
438 2285 607 2345 aliquid
632 2285 911 2343 huiusmodi.
939 2285 1027 2329 Per
1052 2299 1100 2329 se
1129 2295 1281 2329 autem
1308 2285 1537 2345 perficitur
1571 2286 1821 2345 corporalis
1860 2287 1953 2331 vita
1979 2288 2111 2346 tripli-

140 2355 269 2399 citer:
289 2355 433 2414 primo
460 2353 645 2413 quidem
663 2367 745 2411 per
762 2352 1121 2410 generationem,
1140 2366 1220 2412 per
1238 2367 1374 2412 quam
1393 2353 1539 2397 homo
1561 2353 1720 2412 incipit
1737 2368 1851 2408 esse,
1869 2364 1914 2398 et
1929 2354 2106 2398 vivere:

141 2429 187 2465 et
211 2419 318 2464 loco
343 2420 480 2478 hujus
506 2420 553 2463 in
580 2419 802 2479 spirituali
826 2420 919 2464 vita
945 2430 1012 2464 est
1039 2420 1306 2479 baptismus,
1332 2421 1410 2480 qui
1436 2430 1501 2466 est
1528 2421 1770 2481 spiritualis
1809 2423 2110 2482 regeneratio,

139 2487 391 2531 secundum
421 2486 534 2531 illud
566 2486 621 2531 ad
650 2485 741 2532 Tit.
774 2501 834 2546 3.:
861 2487 945 2532 Per
970 2488 1191 2532 lavacrum
1223 2491 1557 2547 regenerationis,
1596 2499 1703 2534 etc.:
1730 2490 1903 2534 secundo
1931 2504 2011 2549 per
2035 2505 2108 2534 au-

143 2563 394 2612 gmentum,
426 2568 517 2613 quo
545 2553 704 2613 aliquis
729 2554 988 2612 perducitur
1014 2554 1068 2598 ad
1105 2554 1353 2614 perfectam
1376 2556 1694 2615 quantitatem,
1721 2567 1764 2601 et
1790 2557 2032 2603 virtutem:
2066 2567 2110 2601 et

142 2620 250 2665 loco
275 2620 410 2679 huius
434 2622 479 2664 in
506 2620 726 2681 spirituali
750 2621 843 2665 vita
875 2632 942 2666 est
969 2621 1273 2676 confirmatio,
1291 2623 1338 2667 in
1365 2638 1453 2681 qua
1471 2623 1601 2668 datur
1625 2624 1816 2683 Spiritus
1835 2624 2029 2669 Sanctus
2053 2624 2108 2668 ad

143 2687 302 2743 robur3
329 2687 448 2731 unde
466 2687 628 2732 dicitur
644 2687 874 2747 discipulis
900 2689 993 2746 jam
1010 2689 1247 2748 baptizatis
1275 2690 1385 2734 Luc.
1406 2690 1484 2734 ult.
1501 2707 1510 2735 :
1540 2691 1678 2735 Sedete
1694 2693 1738 2735 in
1756 2693 1940 2746 civitate,
1959 2691 2110 2750 quoad-

143 2769 267 2813 usque
291 2753 529 2798 induamini
557 2757 711 2799 virtute
747 2771 796 2800 ex
828 2755 910 2799 alto
940 2772 953 2801 .·
992 2758 1110 2800 tertio
1152 2771 1232 2814 per
1258 2757 1569 2812 nutritionem,
1608 2772 1696 2817 qua
1734 2768 2029 2803 conservatur
2060 2758 2107 2801 in

143 2821 334 2866 homine
359 2820 466 2875 vita,
493 2830 537 2865 et
560 2823 718 2866 virtus:
747 2832 792 2866 et
817 2822 923 2867 loco
950 2823 1085 2881 hujus
1112 2823 1158 2866 in
1185 2824 1277 2868 vita
1304 2824 1524 2884 spirituali
1551 2835 1620 2869 est
1641 2825 1949 2879 Eucharistia3
1983 2825 2103 2868 unde

144 2889 307 2933 dicitur
325 2888 455 2946 Joan.
481 2885 546 2933 6.:
574 2889 670 2934 Nisi
696 2889 1045 2935 manducaveritis
1077 2905 1247 2935 carnem
1269 2893 1374 2936 filii
1402 2893 1593 2946 hominis,
1628 2900 1665 2937 et
1698 2894 1884 2937 biberitis
1909 2895 1994 2950 ejus
2018 2907 2106 2936 san·

142 2957 325 3015 guinem,
358 2969 440 2999 non
477 2955 675 2999 habetibis
710 2958 844 3000 vitam
879 2959 924 3001 in
960 2960 1092 3002 vobis.
1126 2958 1181 3001 Et
1217 2958 1307 3003 hoc
1349 2959 1533 3017 quidem
1576 2959 1802 3004 sufficeret
1843 2959 2037 3012 homini,
2069 2959 2107 3003 si

142 3022 329 3066 haberet
356 3032 400 3066 et
433 3021 741 3080 corporaliter,
778 3034 823 3068 et
851 3024 1140 3083 spiritualiter
1166 3026 1493 3085 impassibilem
1527 3027 1690 3072 vitam:
1720 3027 1796 3070 sed
1825 3027 1929 3085 quia
1961 3026 2106 3070 homo

146 3090 334 3134 incurrit
359 3089 583 3133 interdum
613 3099 657 3133 et
682 3091 970 3148 corporalem
996 3091 1322 3148 infirmitatem,
1350 3103 1393 3138 et
1419 3094 1715 3153 spiritualem,
1743 3093 1914 3138 scilicet
1946 3107 2107 3153 pecca-

144 3166 258 3211 tum,
284 3156 388 3200 ideo
415 3155 671 3199 necessaria
697 3166 764 3200 est
788 3157 967 3202 homini
994 3160 1166 3203 curatio
1194 3161 1248 3203 ab
1276 3160 1561 3206 infirmitate:
1605 3175 1720 3219 quae
1742 3160 1928 3219 quidem
1951 3170 2019 3204 est
2038 3160 2110 3205 du·

137 3224 263 3284 plex:
293 3237 377 3267 una
403 3223 587 3281 quidem
615 3232 683 3267 est
707 3224 899 3278 sanatio,
922 3239 1038 3284 quae
1066 3227 1305 3271 sanitatem
1335 3228 1549 3272 restituit:
1578 3238 1623 3271 et
1648 3227 1753 3270 loco
1781 3227 1915 3283 hujus
1941 3227 1987 3271 in
2019 3227 2108 3286 spi-

144 3289 297 3334 rituali
332 3290 423 3333 vita
461 3299 528 3333 est
563 3290 855 3346 poenitentia,
888 3292 1139 3336 secundum
1175 3293 1286 3338 illud
1323 3294 1442 3338 Psal.
1470 3307 1563 3348 4o.:
1599 3294 1714 3338 Sana
1741 3295 1930 3338 animam
1956 3309 2105 3347 meam,

145 3358 244 3416 quia
271 3358 446 3416 peccavi
473 3357 575 3400 tibi:
601 3356 689 3400 alia
723 3367 875 3401 autern
911 3368 978 3402 est
1012 3360 1236 3404 restitutio
1273 3360 1544 3404 valetudinis
1581 3360 1794 3419 pristinae
1830 3374 1910 3418 per
1942 3374 2110 3405 conve-

143 3424 347 3468 nientem
373 3422 585 3476 diaetam,
612 3432 656 3466 et
681 3422 971 3468 exercitium:
1005 3436 1050 3469 et
1070 3425 1176 3470 loco
1200 3428 1332 3486 hujus
1365 3428 1411 3470 in
1434 3426 1653 3484 spirituali
1684 3427 1775 3470 vita
1807 3436 1875 3471 est
1906 3437 2106 3471 extrema

144 3493 316 3543 unctio,
343 3503 460 3549 quae
485 3501 689 3533 removet
724 3500 914 3548 peccato
925 3505 1026 3535 rum
1058 3492 1285 3552 reliquias,
1304 3504 1348 3537 et
1379 3493 1617 3536 hominem
1645 3504 1853 3551 paratum
1880 3494 2026 3539 reddit
2051 3495 2106 3539 ad

145 3556 331 3602 finalem
363 3555 584 3616 gloriam;
617 3556 736 3601 unde
769 3557 934 3601 dicitur
961 3557 1126 3616 Jacobi
1160 3573 1225 3616 5.:
1259 3562 1318 3605 Et
1345 3562 1381 3604 si
1406 3561 1451 3603 in
1478 3562 1660 3619 peccatis
1683 3561 1751 3616 sit,
1777 3559 2035 3606 dimittentur
2054 3563 2104 3607 εἰ.

339 3659 374 3693 8.
400 3659 553 3692 Tuomst
578 3658 710 3692 summa
741 3658 941 3703 Tbcologica.
968 3659 1048 3694 Vol.
1075 3660 1136 3695 lv.
1889 3675 1924 3707 35
