<?xml version="1.0" encoding="UTF-8"?>
<!DOCTYPE html PUBLIC "-//W3C//DTD XHTML 1.0 Transitional//EN"
    "http://www.w3.org/TR/xhtml1/DTD/xhtml1-transitional.dtd">
<html xmlns="http://www.w3.org/1999/xhtml" xml:lang="en" lang="en">
 <head>
  <title>
</title>
<meta http-equiv="Content-Type" content="text/html;charset=utf-8" />
  <meta name='ocr-system' content='tesseract 3.04.00' />
  <meta name='ocr-capabilities' content='ocr_page ocr_carea ocr_par ocr_line ocrx_word'/>
</head>
<body>
  <div class='ocr_page' id='page_1' title='image "./divithomaeaquina04thom_0812.png"; bbox 0 0 2352 3926; ppageno 0'>
   <div class='ocr_carea' id='block_1_1' title="bbox 253 171 1736 231">
    <p class='ocr_par' dir='ltr' id='par_1_1' title="bbox 253 171 1736 231">
     <span class='ocr_line' id='line_1_1' title="bbox 253 171 1736 231; baseline 0 -5"><span class='ocrx_word' id='word_1_1' title='bbox 253 171 359 226; x_wconf 87' lang='lat'>808</span> <span class='ocrx_word' id='word_1_2' title='bbox 729 186 1009 231; x_wconf 55' lang='lat' dir='ltr'>Quas-no</span> <span class='ocrx_word' id='word_1_3' title='bbox 1050 186 1272 224; x_wconf 75' lang='lat' dir='ltr'>Lxxxw.</span> <span class='ocrx_word' id='word_1_4' title='bbox 1314 186 1623 226; x_wconf 64' lang='lat' dir='ltr'>Ani-mutus</span> <span class='ocrx_word' id='word_1_5' title='bbox 1662 187 1736 227; x_wconf 78' lang='lat' dir='ltr'>vl.</span> 
     </span>
    </p>
   </div>
   <div class='ocr_carea' id='block_1_2' title="bbox 249 286 2212 484">
    <p class='ocr_par' dir='ltr' id='par_1_2' title="bbox 249 286 2212 484">
     <span class='ocr_line' id='line_1_2' title="bbox 342 286 2209 348; baseline 0.003 -17"><span class='ocrx_word' id='word_1_6' title='bbox 342 302 381 347; x_wconf 83' lang='lat'>3.</span> <span class='ocrx_word' id='word_1_7' title='bbox 408 288 706 333; x_wconf 78' lang='lat' dir='ltr'>PRAETEREA.</span> <span class='ocrx_word' id='word_1_8' title='bbox 733 287 962 331; x_wconf 90' lang='lat' dir='ltr'>Remissio</span> <span class='ocrx_word' id='word_1_9' title='bbox 989 286 1151 346; x_wconf 90' lang='lat' dir='ltr'>culpae</span> <span class='ocrx_word' id='word_1_10' title='bbox 1176 301 1272 332; x_wconf 89' lang='lat' dir='ltr'>non</span> <span class='ocrx_word' id='word_1_11' title='bbox 1299 297 1367 332; x_wconf 89' lang='lat' dir='ltr'>est</span> <span class='ocrx_word' id='word_1_12' title='bbox 1390 287 1558 341; x_wconf 73' lang='lat' dir='ltr'>nisiex</span> <span class='ocrx_word' id='word_1_13' title='bbox 1583 288 1748 333; x_wconf 86' lang='lat' dir='ltr'>virtute</span> <span class='ocrx_word' id='word_1_14' title='bbox 1769 289 1996 348; x_wconf 83' lang='lat' dir='ltr'>passionis</span> <span class='ocrx_word' id='word_1_15' title='bbox 2025 290 2209 348; x_wconf 77' lang='lat' dir='ltr'>Christi,</span> 
     </span>
     <span class='ocr_line' id='line_1_3' title="bbox 250 353 2212 417; baseline 0.003 -19"><span class='ocrx_word' id='word_1_16' title='bbox 250 355 501 399; x_wconf 91' lang='lat' dir='ltr'>secundum</span> <span class='ocrx_word' id='word_1_17' title='bbox 527 354 638 398; x_wconf 88' lang='lat' dir='ltr'>illud</span> <span class='ocrx_word' id='word_1_18' title='bbox 666 353 802 397; x_wconf 91' lang='lat' dir='ltr'>Hebr.</span> <span class='ocrx_word' id='word_1_19' title='bbox 825 367 888 413; x_wconf 82' lang='lat'>9.:</span> <span class='ocrx_word' id='word_1_20' title='bbox 925 354 1022 399; x_wconf 82' lang='lat' dir='ltr'>Sine</span> <span class='ocrx_word' id='word_1_21' title='bbox 1055 356 1270 413; x_wconf 82' lang='lat' dir='ltr'><em>sanguinis</em></span> <span class='ocrx_word' id='word_1_22' title='bbox 1308 354 1503 413; x_wconf 78' lang='lat' dir='ltr'>effusione</span> <span class='ocrx_word' id='word_1_23' title='bbox 1527 369 1611 400; x_wconf 87' lang='lat' dir='ltr'>non</span> <span class='ocrx_word' id='word_1_24' title='bbox 1632 356 1687 414; x_wconf 82' lang='lat' dir='ltr'>fit</span> <span class='ocrx_word' id='word_1_25' title='bbox 1711 356 1930 402; x_wconf 80' lang='lat' dir='ltr'><em>remissio:</em></span> <span class='ocrx_word' id='word_1_26' title='bbox 1957 357 2035 401; x_wconf 86' lang='lat' dir='ltr'>sed</span> <span class='ocrx_word' id='word_1_27' title='bbox 2062 359 2212 417; x_wconf 80' lang='lat' dir='ltr'>poeni-</span> 
     </span>
     <span class='ocr_line' id='line_1_4' title="bbox 249 421 2212 484; baseline 0.003 -19"><span class='ocrx_word' id='word_1_28' title='bbox 249 421 404 475; x_wconf 88' lang='lat' dir='ltr'>tentia,</span> <span class='ocrx_word' id='word_1_29' title='bbox 444 421 712 480; x_wconf 86' lang='lat' dir='ltr'>inquantum</span> <span class='ocrx_word' id='word_1_30' title='bbox 745 430 813 464; x_wconf 91' lang='lat' dir='ltr'>est</span> <span class='ocrx_word' id='word_1_31' title='bbox 852 430 1207 475; x_wconf 89' lang='lat' dir='ltr'>sacramentum,</span> <span class='ocrx_word' id='word_1_32' title='bbox 1249 430 1463 480; x_wconf 86' lang='lat' dir='ltr'>operatur</span> <span class='ocrx_word' id='word_1_33' title='bbox 1492 422 1539 465; x_wconf 93' lang='lat' dir='ltr'>in</span> <span class='ocrx_word' id='word_1_34' title='bbox 1564 422 1730 467; x_wconf 87' lang='lat' dir='ltr'>virtute</span> <span class='ocrx_word' id='word_1_35' title='bbox 1770 423 1997 482; x_wconf 79' lang='lat' dir='ltr'>passionis</span> <span class='ocrx_word' id='word_1_36' title='bbox 2027 423 2212 484; x_wconf 46' lang='lat' dir='ltr'>Christe</span> 
     </span>
    </p>
   </div>
   <div class='ocr_carea' id='block_1_3' title="bbox 248 487 2307 615">
    <p class='ocr_par' dir='ltr' id='par_1_3' title="bbox 248 487 2307 615">
     <span class='ocr_line' id='line_1_5' title="bbox 248 487 2307 552; baseline 0.002 -20"><span class='ocrx_word' id='word_1_37' title='bbox 248 489 365 532; x_wconf 88' lang='lat' dir='ltr'>sicut</span> <span class='ocrx_word' id='word_1_38' title='bbox 390 497 434 531; x_wconf 89' lang='lat' dir='ltr'>et</span> <span class='ocrx_word' id='word_1_39' title='bbox 459 497 636 531; x_wconf 88' lang='lat' dir='ltr'>caetera</span> <span class='ocrx_word' id='word_1_40' title='bbox 662 497 961 541; x_wconf 89' lang='lat' dir='ltr'>sacramenta,</span> <span class='ocrx_word' id='word_1_41' title='bbox 979 497 1028 531; x_wconf 91' lang='lat' dir='ltr'>ut</span> <span class='ocrx_word' id='word_1_42' title='bbox 1053 501 1109 532; x_wconf 87' lang='lat' dir='ltr'>ex</span> <span class='ocrx_word' id='word_1_43' title='bbox 1135 487 1403 547; x_wconf 90' lang='lat' dir='ltr'>supradictis</span> <span class='ocrx_word' id='word_1_44' title='bbox 1428 498 1552 547; x_wconf 89' lang='lat' dir='ltr'>patet</span> <span class='ocrx_word' id='word_1_45' title='bbox 1575 494 1634 548; x_wconf 89' lang='lat' dir='ltr'>(q.</span> <span class='ocrx_word' id='word_1_46' title='bbox 1661 490 1732 535; x_wconf 90' lang='lat'>62.</span> <span class='ocrx_word' id='word_1_47' title='bbox 1758 496 1840 535; x_wconf 81' lang='lat' dir='ltr'>art.</span> <span class='ocrx_word' id='word_1_48' title='bbox 1866 503 1909 548; x_wconf 88' lang='lat'>4.</span> <span class='ocrx_word' id='word_1_49' title='bbox 1935 496 1974 536; x_wconf 73' lang='grc' dir='ltr'>εἰ</span> <span class='ocrx_word' id='word_1_50' title='bbox 1987 492 2047 550; x_wconf 82' lang='lat'>5.)</span> <span class='ocrx_word' id='word_1_51' title='bbox 2060 507 2078 545; x_wconf 85' lang='lat'>‚·</span> <span class='ocrx_word' id='word_1_52' title='bbox 2101 488 2232 552; x_wconf 51' lang='lat' dir='ltr'>erg&amp;</span> <span class='ocrx_word' id='word_1_53' title='bbox 2305 487 2307 489; x_wconf 69' lang='grc'><strong>’</strong></span> 
     </span>
     <span class='ocr_line' id='line_1_6' title="bbox 249 553 2238 615; baseline 0.004 -18"><span class='ocrx_word' id='word_1_54' title='bbox 249 554 456 598; x_wconf 82' lang='lat' dir='ltr'>remissio</span> <span class='ocrx_word' id='word_1_55' title='bbox 485 553 644 612; x_wconf 92' lang='lat' dir='ltr'>culpae</span> <span class='ocrx_word' id='word_1_56' title='bbox 670 567 765 597; x_wconf 91' lang='lat' dir='ltr'>non</span> <span class='ocrx_word' id='word_1_57' title='bbox 801 563 868 598; x_wconf 91' lang='lat' dir='ltr'>est</span> <span class='ocrx_word' id='word_1_58' title='bbox 894 553 1083 598; x_wconf 88' lang='lat' dir='ltr'>effectus</span> <span class='ocrx_word' id='word_1_59' title='bbox 1108 554 1431 614; x_wconf 90' lang='lat' dir='ltr'>poenitentiae,</span> <span class='ocrx_word' id='word_1_60' title='bbox 1471 556 1744 615; x_wconf 89' lang='lat' dir='ltr'><strong>inquantum</strong></span> <span class='ocrx_word' id='word_1_61' title='bbox 1771 566 1840 602; x_wconf 91' lang='lat' dir='ltr'>est</span> <span class='ocrx_word' id='word_1_62' title='bbox 1862 557 2020 612; x_wconf 85' lang='lat' dir='ltr'>virtus,</span> <span class='ocrx_word' id='word_1_63' title='bbox 2051 559 2132 603; x_wconf 92' lang='lat' dir='ltr'>sed</span> <span class='ocrx_word' id='word_1_64' title='bbox 2153 559 2213 604; x_wconf 46' lang='lat' dir='ltr'>in*-</span> <span class='ocrx_word' id='word_1_65' title='bbox 2236 565 2238 567; x_wconf 82' lang='grc'><strong>’</strong></span> 
     </span>
    </p>
   </div>
   <div class='ocr_carea' id='block_1_4' title="bbox 246 630 2218 1350">
    <p class='ocr_par' dir='ltr' id='par_1_4' title="bbox 250 630 1420 680">
     <span class='ocr_line' id='line_1_7' title="bbox 250 630 1420 680; baseline 0 -16"><span class='ocrx_word' id='word_1_66' title='bbox 250 631 468 680; x_wconf 88' lang='lat' dir='ltr'>quantum</span> <span class='ocrx_word' id='word_1_67' title='bbox 496 630 564 665; x_wconf 92' lang='lat' dir='ltr'>est</span> <span class='ocrx_word' id='word_1_68' title='bbox 589 631 944 664; x_wconf 89' lang='lat' dir='ltr'>sacramentum.</span> <span class='ocrx_word' id='word_1_69' title='bbox 1418 666 1420 669; x_wconf 77' lang='grc'>,</span> 
     </span>
    </p>

    <p class='ocr_par' dir='ltr' id='par_1_5' title="bbox 246 686 2216 1087">
     <span class='ocr_line' id='line_1_8' title="bbox 338 686 2212 752; baseline 0.004 -21"><span class='ocrx_word' id='word_1_70' title='bbox 338 687 432 731; x_wconf 81' lang='lat' dir='ltr'>SED</span> <span class='ocrx_word' id='word_1_71' title='bbox 465 699 675 732; x_wconf 81' lang='lat' dir='ltr'>CONTRA.</span> <span class='ocrx_word' id='word_1_72' title='bbox 701 686 818 731; x_wconf 91' lang='lat' dir='ltr'>Illud</span> <span class='ocrx_word' id='word_1_73' title='bbox 846 696 912 732; x_wconf 89' lang='lat' dir='ltr'>est</span> <span class='ocrx_word' id='word_1_74' title='bbox 934 688 1117 747; x_wconf 85' lang='lat' dir='ltr'>proprie</span> <span class='ocrx_word' id='word_1_75' title='bbox 1145 701 1283 732; x_wconf 90' lang='lat' dir='ltr'>causa</span> <span class='ocrx_word' id='word_1_76' title='bbox 1316 688 1519 748; x_wconf 88' lang='lat' dir='ltr'>alicujus,</span> <span class='ocrx_word' id='word_1_77' title='bbox 1545 691 1643 734; x_wconf 91' lang='lat' dir='ltr'>sine</span> <span class='ocrx_word' id='word_1_78' title='bbox 1675 704 1767 750; x_wconf 93' lang='lat' dir='ltr'>quo</span> <span class='ocrx_word' id='word_1_79' title='bbox 1795 704 1893 736; x_wconf 89' lang='lat' dir='ltr'>esse</span> <span class='ocrx_word' id='word_1_80' title='bbox 1923 705 2019 736; x_wconf 89' lang='lat' dir='ltr'>non</span> <span class='ocrx_word' id='word_1_81' title='bbox 2039 702 2212 752; x_wconf 77' lang='lat' dir='ltr'>potest:</span> 
     </span>
     <span class='ocr_line' id='line_1_9' title="bbox 246 752 2212 819; baseline 0.003 -21"><span class='ocrx_word' id='word_1_82' title='bbox 246 754 396 798; x_wconf 91' lang='lat' dir='ltr'>omnis</span> <span class='ocrx_word' id='word_1_83' title='bbox 423 756 545 798; x_wconf 89' lang='lat' dir='ltr'>enim</span> <span class='ocrx_word' id='word_1_84' title='bbox 572 752 759 798; x_wconf 88' lang='lat' dir='ltr'>effectus</span> <span class='ocrx_word' id='word_1_85' title='bbox 786 754 1011 813; x_wconf 87' lang='lat' dir='ltr'>dependet</span> <span class='ocrx_word' id='word_1_86' title='bbox 1037 769 1062 799; x_wconf 93' lang='lat' dir='ltr'>a</span> <span class='ocrx_word' id='word_1_87' title='bbox 1088 769 1169 799; x_wconf 90' lang='lat' dir='ltr'>sua</span> <span class='ocrx_word' id='word_1_88' title='bbox 1196 769 1358 800; x_wconf 86' lang='lat' dir='ltr'>causa:</span> <span class='ocrx_word' id='word_1_89' title='bbox 1389 757 1469 801; x_wconf 89' lang='lat' dir='ltr'>sed</span> <span class='ocrx_word' id='word_1_90' title='bbox 1505 757 1714 802; x_wconf 84' lang='lat' dir='ltr'>remissio</span> <span class='ocrx_word' id='word_1_91' title='bbox 1747 757 1910 818; x_wconf 89' lang='lat' dir='ltr'>culpae</span> <span class='ocrx_word' id='word_1_92' title='bbox 1934 768 2086 819; x_wconf 86' lang='lat' dir='ltr'>potest</span> <span class='ocrx_word' id='word_1_93' title='bbox 2111 772 2212 805; x_wconf 80' lang='lat' dir='ltr'>esse</span> 
     </span>
     <span class='ocr_line' id='line_1_10' title="bbox 248 821 2214 883; baseline 0.004 -19"><span class='ocrx_word' id='word_1_94' title='bbox 248 835 273 864; x_wconf 89' lang='lat' dir='ltr'>a</span> <span class='ocrx_word' id='word_1_95' title='bbox 298 821 401 865; x_wconf 90' lang='lat' dir='ltr'>Deo</span> <span class='ocrx_word' id='word_1_96' title='bbox 427 821 525 864; x_wconf 89' lang='lat' dir='ltr'>sine</span> <span class='ocrx_word' id='word_1_97' title='bbox 543 821 852 879; x_wconf 90' lang='lat' dir='ltr'>poenitentiae</span> <span class='ocrx_word' id='word_1_98' title='bbox 878 831 1184 876; x_wconf 90' lang='lat' dir='ltr'>sacramento,</span> <span class='ocrx_word' id='word_1_99' title='bbox 1216 836 1310 867; x_wconf 91' lang='lat' dir='ltr'>non</span> <span class='ocrx_word' id='word_1_100' title='bbox 1337 832 1492 867; x_wconf 89' lang='lat' dir='ltr'>autem</span> <span class='ocrx_word' id='word_1_101' title='bbox 1518 823 1617 868; x_wconf 92' lang='lat' dir='ltr'>sine</span> <span class='ocrx_word' id='word_1_102' title='bbox 1642 824 1939 883; x_wconf 85' lang='lat' dir='ltr'>poenitentia,</span> <span class='ocrx_word' id='word_1_103' title='bbox 1961 826 2214 871; x_wconf 87' lang='lat' dir='ltr'>secundum</span> 
     </span>
     <span class='ocr_line' id='line_1_11' title="bbox 248 887 2216 951; baseline 0.005 -21"><span class='ocrx_word' id='word_1_104' title='bbox 248 887 368 946; x_wconf 90' lang='lat' dir='ltr'>quod</span> <span class='ocrx_word' id='word_1_105' title='bbox 396 898 463 931; x_wconf 91' lang='lat' dir='ltr'>est</span> <span class='ocrx_word' id='word_1_106' title='bbox 488 888 644 941; x_wconf 89' lang='lat' dir='ltr'>virtus,</span> <span class='ocrx_word' id='word_1_107' title='bbox 666 898 716 931; x_wconf 90' lang='lat' dir='ltr'>ut</span> <span class='ocrx_word' id='word_1_108' title='bbox 741 902 878 946; x_wconf 89' lang='lat' dir='ltr'>supra</span> <span class='ocrx_word' id='word_1_109' title='bbox 900 888 1074 933; x_wconf 79' lang='lat' dir='ltr'>dictun.</span> <span class='ocrx_word' id='word_1_110' title='bbox 1097 898 1164 933; x_wconf 89' lang='lat' dir='ltr'>est</span> <span class='ocrx_word' id='word_1_111' title='bbox 1193 889 1249 948; x_wconf 88' lang='lat' dir='ltr'>(q.</span> <span class='ocrx_word' id='word_1_112' title='bbox 1272 890 1343 947; x_wconf 87' lang='lat'>84.</span> <span class='ocrx_word' id='word_1_113' title='bbox 1366 896 1448 935; x_wconf 84' lang='lat' dir='ltr'>art.</span> <span class='ocrx_word' id='word_1_114' title='bbox 1462 904 1500 950; x_wconf 89' lang='lat'>5.</span> <span class='ocrx_word' id='word_1_115' title='bbox 1523 891 1577 935; x_wconf 90' lang='lat' dir='ltr'>ad</span> <span class='ocrx_word' id='word_1_116' title='bbox 1594 907 1630 951; x_wconf 83' lang='lat'>3.</span> <span class='ocrx_word' id='word_1_117' title='bbox 1651 897 1690 936; x_wconf 80' lang='lat' dir='ltr'>et</span> <span class='ocrx_word' id='word_1_118' title='bbox 1709 907 1747 951; x_wconf 87' lang='lat' dir='ltr'>q.</span> <span class='ocrx_word' id='word_1_119' title='bbox 1773 892 1853 937; x_wconf 68' lang='grc'>86.</span> <span class='ocrx_word' id='word_1_120' title='bbox 1871 898 1952 938; x_wconf 78' lang='lat' dir='ltr'>art.</span> <span class='ocrx_word' id='word_1_121' title='bbox 1978 892 2072 950; x_wconf 81' lang='lat'><strong><em>2.),·</em></strong></span> <span class='ocrx_word' id='word_1_122' title='bbox 2095 894 2216 939; x_wconf 86' lang='lat' dir='ltr'>unde</span> 
     </span>
     <span class='ocr_line' id='line_1_12' title="bbox 246 955 2210 1020; baseline 0.004 -22"><span class='ocrx_word' id='word_1_123' title='bbox 246 965 290 999; x_wconf 89' lang='lat' dir='ltr'>et</span> <span class='ocrx_word' id='word_1_124' title='bbox 317 965 419 999; x_wconf 89' lang='lat' dir='ltr'>ante</span> <span class='ocrx_word' id='word_1_125' title='bbox 445 965 732 999; x_wconf 89' lang='lat' dir='ltr'>sacramenta</span> <span class='ocrx_word' id='word_1_126' title='bbox 758 969 908 1000; x_wconf 88' lang='lat' dir='ltr'>novae</span> <span class='ocrx_word' id='word_1_127' title='bbox 934 955 1048 1015; x_wconf 88' lang='lat' dir='ltr'>legis</span> <span class='ocrx_word' id='word_1_128' title='bbox 1071 957 1405 1016; x_wconf 86' lang='lat' dir='ltr'>poenitentibus</span> <span class='ocrx_word' id='word_1_129' title='bbox 1423 958 1550 1003; x_wconf 91' lang='lat' dir='ltr'>Deus</span> <span class='ocrx_word' id='word_1_130' title='bbox 1577 969 1767 1018; x_wconf 89' lang='lat' dir='ltr'>peccata</span> <span class='ocrx_word' id='word_1_131' title='bbox 1782 961 2072 1015; x_wconf 81' lang='lat' dir='ltr'>remittebat3</span> <span class='ocrx_word' id='word_1_132' title='bbox 2097 973 2210 1020; x_wconf 81' lang='lat' dir='ltr'>ergo</span> 
     </span>
     <span class='ocr_line' id='line_1_13' title="bbox 246 1022 2216 1087; baseline 0.004 -22"><span class='ocrx_word' id='word_1_133' title='bbox 246 1022 455 1066; x_wconf 88' lang='lat' dir='ltr'>remissio</span> <span class='ocrx_word' id='word_1_134' title='bbox 479 1022 640 1081; x_wconf 91' lang='lat' dir='ltr'>culpae</span> <span class='ocrx_word' id='word_1_135' title='bbox 663 1032 731 1067; x_wconf 91' lang='lat' dir='ltr'>est</span> <span class='ocrx_word' id='word_1_136' title='bbox 746 1023 989 1083; x_wconf 85' lang='lat' dir='ltr'>praecipue</span> <span class='ocrx_word' id='word_1_137' title='bbox 1013 1022 1201 1068; x_wconf 89' lang='lat' dir='ltr'>effectus</span> <span class='ocrx_word' id='word_1_138' title='bbox 1223 1024 1544 1083; x_wconf 89' lang='lat' dir='ltr'>poenitentiae,</span> <span class='ocrx_word' id='word_1_139' title='bbox 1568 1026 1820 1071; x_wconf 90' lang='lat' dir='ltr'>secundum</span> <span class='ocrx_word' id='word_1_140' title='bbox 1841 1027 1964 1087; x_wconf 88' lang='lat' dir='ltr'>quod</span> <span class='ocrx_word' id='word_1_141' title='bbox 1977 1036 2047 1072; x_wconf 85' lang='lat' dir='ltr'>est</span> <span class='ocrx_word' id='word_1_142' title='bbox 2061 1027 2216 1072; x_wconf 85' lang='lat' dir='ltr'>virtus.</span> 
     </span>
    </p>

    <p class='ocr_par' dir='ltr' id='par_1_6' title="bbox 246 1089 2218 1350">
     <span class='ocr_line' id='line_1_14' title="bbox 334 1089 2215 1154; baseline 0.004 -22"><span class='ocrx_word' id='word_1_143' title='bbox 334 1089 623 1134; x_wconf 80' lang='lat' dir='ltr'>RESPONDEO</span> <span class='ocrx_word' id='word_1_144' title='bbox 652 1089 915 1145; x_wconf 85' lang='lat' dir='ltr'>dicendum,</span> <span class='ocrx_word' id='word_1_145' title='bbox 947 1090 1070 1149; x_wconf 92' lang='lat' dir='ltr'>quod</span> <span class='ocrx_word' id='word_1_146' title='bbox 1096 1091 1377 1150; x_wconf 88' lang='lat' dir='ltr'>poenitentia</span> <span class='ocrx_word' id='word_1_147' title='bbox 1413 1102 1481 1136; x_wconf 90' lang='lat' dir='ltr'>est</span> <span class='ocrx_word' id='word_1_148' title='bbox 1505 1092 1661 1147; x_wconf 86' lang='lat' dir='ltr'>virtus,</span> <span class='ocrx_word' id='word_1_149' title='bbox 1703 1094 1959 1138; x_wconf 90' lang='lat' dir='ltr'>secundum</span> <span class='ocrx_word' id='word_1_150' title='bbox 1990 1094 2114 1154; x_wconf 89' lang='lat' dir='ltr'>quod</span> <span class='ocrx_word' id='word_1_151' title='bbox 2146 1104 2215 1140; x_wconf 85' lang='lat' dir='ltr'>est</span> 
     </span>
     <span class='ocr_line' id='line_1_15' title="bbox 246 1155 2218 1221; baseline 0.004 -22"><span class='ocrx_word' id='word_1_152' title='bbox 246 1155 517 1215; x_wconf 90' lang='lat' dir='ltr'>principium</span> <span class='ocrx_word' id='word_1_153' title='bbox 545 1157 852 1216; x_wconf 89' lang='lat' dir='ltr'>quorumdam</span> <span class='ocrx_word' id='word_1_154' title='bbox 875 1167 1061 1201; x_wconf 87' lang='lat' dir='ltr'>actuum</span> <span class='ocrx_word' id='word_1_155' title='bbox 1087 1157 1419 1202; x_wconf 88' lang='lat' dir='ltr'>humanorum:</span> <span class='ocrx_word' id='word_1_156' title='bbox 1448 1169 1574 1204; x_wconf 89' lang='lat' dir='ltr'>actus</span> <span class='ocrx_word' id='word_1_157' title='bbox 1599 1170 1752 1204; x_wconf 85' lang='lat' dir='ltr'>autern</span> <span class='ocrx_word' id='word_1_158' title='bbox 1777 1161 1984 1216; x_wconf 89' lang='lat' dir='ltr'>humani,</span> <span class='ocrx_word' id='word_1_159' title='bbox 2010 1162 2088 1221; x_wconf 88' lang='lat' dir='ltr'>qui</span> <span class='ocrx_word' id='word_1_160' title='bbox 2112 1170 2218 1206; x_wconf 86' lang='lat' dir='ltr'>sunt</span> 
     </span>
     <span class='ocr_line' id='line_1_16' title="bbox 246 1223 2218 1286; baseline 0.003 -20"><span class='ocrx_word' id='word_1_161' title='bbox 246 1237 299 1266; x_wconf 82' lang='lat' dir='ltr'>ex</span> <span class='ocrx_word' id='word_1_162' title='bbox 325 1232 451 1282; x_wconf 90' lang='lat' dir='ltr'>parte</span> <span class='ocrx_word' id='word_1_163' title='bbox 476 1224 747 1283; x_wconf 90' lang='lat' dir='ltr'>peccatoris,</span> <span class='ocrx_word' id='word_1_164' title='bbox 774 1223 1070 1268; x_wconf 86' lang='lat' dir='ltr'>materialiter</span> <span class='ocrx_word' id='word_1_165' title='bbox 1091 1239 1139 1268; x_wconf 93' lang='lat' dir='ltr'>se</span> <span class='ocrx_word' id='word_1_166' title='bbox 1156 1223 1327 1269; x_wconf 85' lang='lat' dir='ltr'>habent</span> <span class='ocrx_word' id='word_1_167' title='bbox 1342 1225 1388 1268; x_wconf 92' lang='lat' dir='ltr'>in</span> <span class='ocrx_word' id='word_1_168' title='bbox 1406 1237 1695 1271; x_wconf 87' lang='lat' dir='ltr'>sacramento</span> <span class='ocrx_word' id='word_1_169' title='bbox 1713 1228 2034 1286; x_wconf 88' lang='lat' dir='ltr'>poenitentiae.</span> <span class='ocrx_word' id='word_1_170' title='bbox 2059 1228 2218 1274; x_wconf 85' lang='lat' dir='ltr'>Omne</span> 
     </span>
     <span class='ocr_line' id='line_1_17' title="bbox 247 1290 2217 1350; baseline 0.004 -17"><span class='ocrx_word' id='word_1_171' title='bbox 247 1299 399 1334; x_wconf 89' lang='lat' dir='ltr'>autem</span> <span class='ocrx_word' id='word_1_172' title='bbox 426 1300 768 1335; x_wconf 86' lang='lat' dir='ltr'>sacramentum</span> <span class='ocrx_word' id='word_1_173' title='bbox 794 1291 1005 1350; x_wconf 88' lang='lat' dir='ltr'>producit</span> <span class='ocrx_word' id='word_1_174' title='bbox 1030 1290 1245 1335; x_wconf 89' lang='lat' dir='ltr'>effectum</span> <span class='ocrx_word' id='word_1_175' title='bbox 1272 1305 1406 1336; x_wconf 86' lang='lat' dir='ltr'>suurn</span> <span class='ocrx_word' id='word_1_176' title='bbox 1431 1306 1527 1336; x_wconf 91' lang='lat' dir='ltr'>non</span> <span class='ocrx_word' id='word_1_177' title='bbox 1549 1293 1703 1337; x_wconf 91' lang='lat' dir='ltr'>solum</span> <span class='ocrx_word' id='word_1_178' title='bbox 1727 1294 1893 1339; x_wconf 86' lang='lat' dir='ltr'>virtute</span> <span class='ocrx_word' id='word_1_179' title='bbox 1917 1293 2111 1349; x_wconf 83' lang='lat' dir='ltr'>formae,</span> <span class='ocrx_word' id='word_1_180' title='bbox 2136 1294 2217 1340; x_wconf 88' lang='lat' dir='ltr'>sed</span> 
     </span>
    </p>
   </div>
   <div class='ocr_carea' id='block_1_5' title="bbox 245 1357 2242 1422">
    <p class='ocr_par' dir='ltr' id='par_1_7' title="bbox 245 1357 2242 1422">
     <span class='ocr_line' id='line_1_18' title="bbox 245 1357 2242 1422; baseline 0.003 -21"><span class='ocrx_word' id='word_1_181' title='bbox 245 1357 385 1401; x_wconf 89' lang='lat' dir='ltr'>etiam</span> <span class='ocrx_word' id='word_1_182' title='bbox 419 1358 584 1402; x_wconf 89' lang='lat' dir='ltr'>virtute</span> <span class='ocrx_word' id='word_1_183' title='bbox 614 1358 858 1412; x_wconf 82' lang='lat' dir='ltr'>materiae3</span> <span class='ocrx_word' id='word_1_184' title='bbox 885 1373 941 1402; x_wconf 82' lang='lat' dir='ltr'>ex</span> <span class='ocrx_word' id='word_1_185' title='bbox 966 1368 1160 1417; x_wconf 90' lang='lat' dir='ltr'>utroque</span> <span class='ocrx_word' id='word_1_186' title='bbox 1201 1358 1325 1402; x_wconf 91' lang='lat' dir='ltr'>enim</span> <span class='ocrx_word' id='word_1_187' title='bbox 1359 1368 1427 1403; x_wconf 88' lang='lat' dir='ltr'>est</span> <span class='ocrx_word' id='word_1_188' title='bbox 1453 1373 1595 1403; x_wconf 91' lang='lat' dir='ltr'>unum</span> <span class='ocrx_word' id='word_1_189' title='bbox 1621 1370 2053 1416; x_wconf 49' lang='lat' dir='ltr'>sacramentumsut</span> <span class='ocrx_word' id='word_1_190' title='bbox 2077 1374 2215 1422; x_wconf 85' lang='lat' dir='ltr'>supra</span> <span class='ocrx_word' id='word_1_191' title='bbox 2240 1365 2242 1367; x_wconf 71' lang='grc'><strong><em>’</em></strong></span> 
     </span>
    </p>
   </div>
   <div class='ocr_carea' id='block_1_6' title="bbox 243 1423 2221 3095">
    <p class='ocr_par' dir='ltr' id='par_1_8' title="bbox 243 1423 2219 2088">
     <span class='ocr_line' id='line_1_19' title="bbox 244 1423 2217 1488; baseline 0.003 -21"><span class='ocrx_word' id='word_1_192' title='bbox 244 1423 454 1468; x_wconf 87' lang='lat' dir='ltr'>habitum</span> <span class='ocrx_word' id='word_1_193' title='bbox 482 1435 549 1469; x_wconf 91' lang='lat' dir='ltr'>est</span> <span class='ocrx_word' id='word_1_194' title='bbox 565 1426 626 1483; x_wconf 87' lang='lat' dir='ltr'>(q.</span> <span class='ocrx_word' id='word_1_195' title='bbox 651 1426 722 1470; x_wconf 78' lang='lat'>60,</span> <span class='ocrx_word' id='word_1_196' title='bbox 755 1432 838 1470; x_wconf 86' lang='lat' dir='ltr'>art.</span> <span class='ocrx_word' id='word_1_197' title='bbox 870 1425 911 1470; x_wconf 87' lang='lat'>6.</span> <span class='ocrx_word' id='word_1_198' title='bbox 945 1425 999 1468; x_wconf 86' lang='lat' dir='ltr'>ad</span> <span class='ocrx_word' id='word_1_199' title='bbox 1023 1440 1064 1470; x_wconf 89' lang='lat'>2.</span> <span class='ocrx_word' id='word_1_200' title='bbox 1088 1431 1125 1470; x_wconf 82' lang='lat' dir='ltr'>et</span> <span class='ocrx_word' id='word_1_201' title='bbox 1150 1431 1232 1470; x_wconf 85' lang='lat' dir='ltr'>art.</span> <span class='ocrx_word' id='word_1_202' title='bbox 1267 1427 1342 1485; x_wconf 89' lang='lat'><strong><em>7.).</em></strong></span> <span class='ocrx_word' id='word_1_203' title='bbox 1370 1426 1506 1470; x_wconf 87' lang='lat' dir='ltr'>Unde</span> <span class='ocrx_word' id='word_1_204' title='bbox 1532 1427 1650 1471; x_wconf 90' lang='lat' dir='ltr'>sicut</span> <span class='ocrx_word' id='word_1_205' title='bbox 1673 1427 1886 1472; x_wconf 88' lang='lat' dir='ltr'>remissio</span> <span class='ocrx_word' id='word_1_206' title='bbox 1913 1428 2074 1488; x_wconf 87' lang='lat' dir='ltr'>culpae</span> <span class='ocrx_word' id='word_1_207' title='bbox 2097 1428 2150 1474; x_wconf 82' lang='lat' dir='ltr'>fit</span> <span class='ocrx_word' id='word_1_208' title='bbox 2169 1428 2217 1473; x_wconf 89' lang='lat' dir='ltr'>in</span> 
     </span>
     <span class='ocr_line' id='line_1_20' title="bbox 243 1490 2217 1555; baseline 0.004 -21"><span class='ocrx_word' id='word_1_209' title='bbox 243 1491 472 1550; x_wconf 86' lang='lat' dir='ltr'>baptismo</span> <span class='ocrx_word' id='word_1_210' title='bbox 495 1506 589 1535; x_wconf 91' lang='lat' dir='ltr'>non</span> <span class='ocrx_word' id='word_1_211' title='bbox 612 1492 764 1536; x_wconf 89' lang='lat' dir='ltr'>solum</span> <span class='ocrx_word' id='word_1_212' title='bbox 778 1492 942 1536; x_wconf 88' lang='lat' dir='ltr'>virtute</span> <span class='ocrx_word' id='word_1_213' title='bbox 958 1490 1241 1547; x_wconf 89' lang='lat' dir='ltr'>formae‚sed</span> <span class='ocrx_word' id='word_1_214' title='bbox 1270 1493 1408 1537; x_wconf 89' lang='lat' dir='ltr'>etiam</span> <span class='ocrx_word' id='word_1_215' title='bbox 1421 1493 1586 1538; x_wconf 89' lang='lat' dir='ltr'>virtute</span> <span class='ocrx_word' id='word_1_216' title='bbox 1609 1495 1842 1550; x_wconf 88' lang='lat' dir='ltr'>materiae,</span> <span class='ocrx_word' id='word_1_217' title='bbox 1856 1494 2031 1540; x_wconf 89' lang='lat' dir='ltr'>scilicet</span> <span class='ocrx_word' id='word_1_218' title='bbox 2056 1509 2217 1555; x_wconf 88' lang='lat' dir='ltr'>aquae,</span> 
     </span>
     <span class='ocr_line' id='line_1_21' title="bbox 243 1558 2219 1622; baseline 0.004 -22"><span class='ocrx_word' id='word_1_219' title='bbox 243 1558 535 1616; x_wconf 89' lang='lat' dir='ltr'>principalius</span> <span class='ocrx_word' id='word_1_220' title='bbox 561 1568 716 1603; x_wconf 88' lang='lat' dir='ltr'>tamen</span> <span class='ocrx_word' id='word_1_221' title='bbox 741 1558 907 1603; x_wconf 89' lang='lat' dir='ltr'>virtute</span> <span class='ocrx_word' id='word_1_222' title='bbox 939 1558 1132 1617; x_wconf 88' lang='lat' dir='ltr'>formae,</span> <span class='ocrx_word' id='word_1_223' title='bbox 1159 1574 1214 1604; x_wconf 85' lang='lat' dir='ltr'>ex</span> <span class='ocrx_word' id='word_1_224' title='bbox 1245 1574 1334 1619; x_wconf 87' lang='lat' dir='ltr'>qua</span> <span class='ocrx_word' id='word_1_225' title='bbox 1371 1570 1416 1604; x_wconf 91' lang='lat' dir='ltr'>et</span> <span class='ocrx_word' id='word_1_226' title='bbox 1445 1560 1543 1619; x_wconf 88' lang='lat' dir='ltr'>ipsa</span> <span class='ocrx_word' id='word_1_227' title='bbox 1569 1575 1687 1621; x_wconf 88' lang='lat' dir='ltr'>aqua</span> <span class='ocrx_word' id='word_1_228' title='bbox 1711 1562 1928 1607; x_wconf 88' lang='lat' dir='ltr'>virtutem</span> <span class='ocrx_word' id='word_1_229' title='bbox 1958 1563 2134 1622; x_wconf 87' lang='lat' dir='ltr'>recipit,</span> <span class='ocrx_word' id='word_1_230' title='bbox 2154 1563 2219 1608; x_wconf 83' lang='lat' dir='ltr'>ita</span> 
     </span>
     <span class='ocr_line' id='line_1_22' title="bbox 246 1624 2219 1690; baseline 0.004 -23"><span class='ocrx_word' id='word_1_231' title='bbox 246 1624 384 1668; x_wconf 91' lang='lat' dir='ltr'>etiam</span> <span class='ocrx_word' id='word_1_232' title='bbox 416 1625 625 1670; x_wconf 88' lang='lat' dir='ltr'>remissio</span> <span class='ocrx_word' id='word_1_233' title='bbox 653 1625 813 1685; x_wconf 91' lang='lat' dir='ltr'>culpae</span> <span class='ocrx_word' id='word_1_234' title='bbox 841 1636 909 1670; x_wconf 90' lang='lat' dir='ltr'>est</span> <span class='ocrx_word' id='word_1_235' title='bbox 943 1625 1132 1670; x_wconf 84' lang='lat' dir='ltr'>effectus</span> <span class='ocrx_word' id='word_1_236' title='bbox 1158 1627 1481 1686; x_wconf 85' lang='lat' dir='ltr'>poenitentiae,</span> <span class='ocrx_word' id='word_1_237' title='bbox 1507 1628 1800 1688; x_wconf 90' lang='lat' dir='ltr'>principalius</span> <span class='ocrx_word' id='word_1_238' title='bbox 1837 1629 2022 1690; x_wconf 89' lang='lat' dir='ltr'>quidem</span> <span class='ocrx_word' id='word_1_239' title='bbox 2055 1643 2111 1675; x_wconf 91' lang='lat' dir='ltr'>ex</span> <span class='ocrx_word' id='word_1_240' title='bbox 2133 1629 2219 1675; x_wconf 86' lang='lat' dir='ltr'>vir·</span> 
     </span>
     <span class='ocr_line' id='line_1_23' title="bbox 243 1691 2219 1756; baseline 0.004 -22"><span class='ocrx_word' id='word_1_241' title='bbox 243 1700 340 1735; x_wconf 89' lang='lat' dir='ltr'>tute</span> <span class='ocrx_word' id='word_1_242' title='bbox 369 1691 585 1747; x_wconf 89' lang='lat' dir='ltr'>clavium,</span> <span class='ocrx_word' id='word_1_243' title='bbox 619 1707 731 1752; x_wconf 90' lang='lat' dir='ltr'>quas</span> <span class='ocrx_word' id='word_1_244' title='bbox 763 1693 935 1737; x_wconf 90' lang='lat' dir='ltr'>habent</span> <span class='ocrx_word' id='word_1_245' title='bbox 957 1694 1166 1748; x_wconf 90' lang='lat' dir='ltr'>ministri,</span> <span class='ocrx_word' id='word_1_246' title='bbox 1193 1708 1247 1738; x_wconf 87' lang='lat' dir='ltr'>ex</span> <span class='ocrx_word' id='word_1_247' title='bbox 1270 1709 1467 1754; x_wconf 90' lang='lat' dir='ltr'>quorum</span> <span class='ocrx_word' id='word_1_248' title='bbox 1488 1706 1616 1753; x_wconf 90' lang='lat' dir='ltr'>parte</span> <span class='ocrx_word' id='word_1_249' title='bbox 1643 1696 1863 1756; x_wconf 88' lang='lat' dir='ltr'>accipitur</span> <span class='ocrx_word' id='word_1_250' title='bbox 1883 1697 2007 1756; x_wconf 89' lang='lat' dir='ltr'>quod</span> <span class='ocrx_word' id='word_1_251' title='bbox 2033 1707 2102 1742; x_wconf 88' lang='lat' dir='ltr'>est</span> <span class='ocrx_word' id='word_1_252' title='bbox 2129 1697 2219 1742; x_wconf 80' lang='lat' dir='ltr'>for·</span> 
     </span>
     <span class='ocr_line' id='line_1_24' title="bbox 243 1757 2218 1824; baseline 0.004 -22"><span class='ocrx_word' id='word_1_253' title='bbox 243 1757 364 1803; x_wconf 88' lang='lat' dir='ltr'>male</span> <span class='ocrx_word' id='word_1_254' title='bbox 412 1759 459 1802; x_wconf 91' lang='lat' dir='ltr'>in</span> <span class='ocrx_word' id='word_1_255' title='bbox 500 1760 591 1804; x_wconf 89' lang='lat' dir='ltr'>hoc</span> <span class='ocrx_word' id='word_1_256' title='bbox 618 1771 923 1814; x_wconf 89' lang='lat' dir='ltr'>sacramento,</span> <span class='ocrx_word' id='word_1_257' title='bbox 957 1771 1006 1805; x_wconf 92' lang='lat' dir='ltr'>ut</span> <span class='ocrx_word' id='word_1_258' title='bbox 1032 1775 1167 1820; x_wconf 90' lang='lat' dir='ltr'>supra</span> <span class='ocrx_word' id='word_1_259' title='bbox 1203 1761 1378 1806; x_wconf 91' lang='lat' dir='ltr'>dictum</span> <span class='ocrx_word' id='word_1_260' title='bbox 1411 1772 1479 1806; x_wconf 88' lang='lat' dir='ltr'>est</span> <span class='ocrx_word' id='word_1_261' title='bbox 1515 1763 1575 1822; x_wconf 87' lang='lat' dir='ltr'>(q.</span> <span class='ocrx_word' id='word_1_262' title='bbox 1609 1764 1679 1820; x_wconf 89' lang='lat'>84.</span> <span class='ocrx_word' id='word_1_263' title='bbox 1712 1770 1796 1810; x_wconf 81' lang='lat' dir='ltr'>art.</span> <span class='ocrx_word' id='word_1_264' title='bbox 1824 1763 1920 1824; x_wconf 84' lang='lat'><strong><em>3.),·</em></strong></span> <span class='ocrx_word' id='word_1_265' title='bbox 1946 1764 2218 1810; x_wconf 78' lang='lat' dir='ltr'>secundario</span> 
     </span>
     <span class='ocr_line' id='line_1_25' title="bbox 245 1828 2217 1890; baseline 0.004 -21"><span class='ocrx_word' id='word_1_266' title='bbox 245 1835 398 1870; x_wconf 85' lang='lat' dir='ltr'>autern</span> <span class='ocrx_word' id='word_1_267' title='bbox 425 1840 479 1870; x_wconf 86' lang='lat' dir='ltr'>ex</span> <span class='ocrx_word' id='word_1_268' title='bbox 490 1828 536 1870; x_wconf 86' lang='lat' dir='ltr'>vi</span> <span class='ocrx_word' id='word_1_269' title='bbox 552 1837 737 1872; x_wconf 90' lang='lat' dir='ltr'>actuum</span> <span class='ocrx_word' id='word_1_270' title='bbox 753 1828 1025 1886; x_wconf 87' lang='lat' dir='ltr'>poenitentis</span> <span class='ocrx_word' id='word_1_271' title='bbox 1049 1829 1373 1887; x_wconf 88' lang='lat' dir='ltr'>pertinentium</span> <span class='ocrx_word' id='word_1_272' title='bbox 1391 1830 1447 1873; x_wconf 91' lang='lat' dir='ltr'>ad</span> <span class='ocrx_word' id='word_1_273' title='bbox 1463 1830 1679 1875; x_wconf 86' lang='lat' dir='ltr'>virtutem</span> <span class='ocrx_word' id='word_1_274' title='bbox 1705 1831 2034 1890; x_wconf 86' lang='lat' dir='ltr'>poenitentiae:</span> <span class='ocrx_word' id='word_1_275' title='bbox 2060 1841 2217 1877; x_wconf 86' lang='lat' dir='ltr'>tamen</span> 
     </span>
     <span class='ocr_line' id='line_1_26' title="bbox 243 1893 2212 1958; baseline 0.003 -21"><span class='ocrx_word' id='word_1_276' title='bbox 243 1903 378 1951; x_wconf 90' lang='lat' dir='ltr'>prout</span> <span class='ocrx_word' id='word_1_277' title='bbox 402 1893 448 1937; x_wconf 91' lang='lat' dir='ltr'>hi</span> <span class='ocrx_word' id='word_1_278' title='bbox 477 1904 605 1938; x_wconf 89' lang='lat' dir='ltr'>actus</span> <span class='ocrx_word' id='word_1_279' title='bbox 632 1894 888 1953; x_wconf 89' lang='lat' dir='ltr'>aliqualiter</span> <span class='ocrx_word' id='word_1_280' title='bbox 914 1895 1182 1939; x_wconf 89' lang='lat' dir='ltr'>ordinantur</span> <span class='ocrx_word' id='word_1_281' title='bbox 1208 1897 1264 1940; x_wconf 91' lang='lat' dir='ltr'>ad</span> <span class='ocrx_word' id='word_1_282' title='bbox 1292 1896 1444 1941; x_wconf 88' lang='lat' dir='ltr'>claves</span> <span class='ocrx_word' id='word_1_283' title='bbox 1468 1896 1726 1942; x_wconf 89' lang='lat' dir='ltr'>Ecclesiae:</span> <span class='ocrx_word' id='word_1_284' title='bbox 1755 1908 1801 1942; x_wconf 91' lang='lat' dir='ltr'>et</span> <span class='ocrx_word' id='word_1_285' title='bbox 1826 1898 1890 1943; x_wconf 92' lang='lat' dir='ltr'>sic</span> <span class='ocrx_word' id='word_1_286' title='bbox 1917 1907 2056 1958; x_wconf 85' lang='lat' dir='ltr'>patet,</span> <span class='ocrx_word' id='word_1_287' title='bbox 2087 1899 2212 1958; x_wconf 87' lang='lat' dir='ltr'>quod</span> 
     </span>
     <span class='ocr_line' id='line_1_27' title="bbox 243 1960 2216 2024; baseline 0.004 -21"><span class='ocrx_word' id='word_1_288' title='bbox 243 1960 453 2004; x_wconf 86' lang='lat' dir='ltr'>remissio</span> <span class='ocrx_word' id='word_1_289' title='bbox 487 1961 648 2020; x_wconf 90' lang='lat' dir='ltr'>culpae</span> <span class='ocrx_word' id='word_1_290' title='bbox 676 1972 744 2006; x_wconf 92' lang='lat' dir='ltr'>est</span> <span class='ocrx_word' id='word_1_291' title='bbox 770 1961 958 2006; x_wconf 86' lang='lat' dir='ltr'>effectus</span> <span class='ocrx_word' id='word_1_292' title='bbox 990 1963 1314 2021; x_wconf 89' lang='lat' dir='ltr'>poenitentiae,</span> <span class='ocrx_word' id='word_1_293' title='bbox 1346 1964 1600 2009; x_wconf 89' lang='lat' dir='ltr'>secundum</span> <span class='ocrx_word' id='word_1_294' title='bbox 1631 1965 1753 2023; x_wconf 91' lang='lat' dir='ltr'>quod</span> <span class='ocrx_word' id='word_1_295' title='bbox 1782 1974 1851 2009; x_wconf 89' lang='lat' dir='ltr'>est</span> <span class='ocrx_word' id='word_1_296' title='bbox 1874 1965 2030 2020; x_wconf 85' lang='lat' dir='ltr'>virtus,</span> <span class='ocrx_word' id='word_1_297' title='bbox 2050 1965 2216 2024; x_wconf 74' lang='lat' dir='ltr'>princi·</span> 
     </span>
     <span class='ocr_line' id='line_1_28' title="bbox 243 2026 1482 2088; baseline 0.003 -18"><span class='ocrx_word' id='word_1_298' title='bbox 243 2026 389 2084; x_wconf 82' lang='lat' dir='ltr'>palius</span> <span class='ocrx_word' id='word_1_299' title='bbox 411 2037 566 2072; x_wconf 89' lang='lat' dir='ltr'>tamen</span> <span class='ocrx_word' id='word_1_300' title='bbox 601 2029 854 2073; x_wconf 89' lang='lat' dir='ltr'>secundum</span> <span class='ocrx_word' id='word_1_301' title='bbox 888 2030 1011 2088; x_wconf 91' lang='lat' dir='ltr'>quod</span> <span class='ocrx_word' id='word_1_302' title='bbox 1035 2040 1102 2074; x_wconf 87' lang='lat' dir='ltr'>est</span> <span class='ocrx_word' id='word_1_303' title='bbox 1127 2040 1482 2075; x_wconf 85' lang='lat' dir='ltr'>sacramentum.</span> 
     </span>
    </p>

    <p class='ocr_par' dir='ltr' id='par_1_9' title="bbox 243 2094 2221 2624">
     <span class='ocr_line' id='line_1_29' title="bbox 332 2094 2221 2158; baseline 0.003 -19"><span class='ocrx_word' id='word_1_304' title='bbox 332 2094 408 2138; x_wconf 88' lang='lat' dir='ltr'>AD</span> <span class='ocrx_word' id='word_1_305' title='bbox 435 2109 625 2140; x_wconf 84' lang='lat' dir='ltr'>PRIMUM</span> <span class='ocrx_word' id='word_1_306' title='bbox 652 2110 762 2155; x_wconf 89' lang='lat' dir='ltr'>ergo</span> <span class='ocrx_word' id='word_1_307' title='bbox 790 2096 1050 2151; x_wconf 90' lang='lat' dir='ltr'>dicendum,</span> <span class='ocrx_word' id='word_1_308' title='bbox 1064 2097 1187 2156; x_wconf 91' lang='lat' dir='ltr'>quod</span> <span class='ocrx_word' id='word_1_309' title='bbox 1206 2096 1393 2141; x_wconf 90' lang='lat' dir='ltr'>effectus</span> <span class='ocrx_word' id='word_1_310' title='bbox 1417 2098 1589 2157; x_wconf 87' lang='lat' dir='ltr'>gratiae</span> <span class='ocrx_word' id='word_1_311' title='bbox 1607 2100 1837 2158; x_wconf 89' lang='lat' dir='ltr'>operantis</span> <span class='ocrx_word' id='word_1_312' title='bbox 1864 2108 1932 2144; x_wconf 88' lang='lat' dir='ltr'>est</span> <span class='ocrx_word' id='word_1_313' title='bbox 1954 2098 2221 2157; x_wconf 57' lang='lat' dir='ltr'>justificatio⁴</span> 
     </span>
     <span class='ocr_line' id='line_1_30' title="bbox 244 2163 2218 2225; baseline 0.004 -21"><span class='ocrx_word' id='word_1_314' title='bbox 244 2163 386 2221; x_wconf 89' lang='lat' dir='ltr'>impii,</span> <span class='ocrx_word' id='word_1_315' title='bbox 406 2173 454 2207; x_wconf 91' lang='lat' dir='ltr'>ut</span> <span class='ocrx_word' id='word_1_316' title='bbox 470 2164 516 2207; x_wconf 87' lang='lat' dir='ltr'>in</span> <span class='ocrx_word' id='word_1_317' title='bbox 546 2177 587 2210; x_wconf 91' lang='lat'>2.</span> <span class='ocrx_word' id='word_1_318' title='bbox 607 2164 781 2209; x_wconf 88' lang='lat' dir='ltr'>dictum</span> <span class='ocrx_word' id='word_1_319' title='bbox 807 2174 876 2216; x_wconf 87' lang='lat' dir='ltr'>est</span> <span class='ocrx_word' id='word_1_320' title='bbox 904 2164 1007 2222; x_wconf 89' lang='lat'><strong><em>(1-2.</em></strong></span> <span class='ocrx_word' id='word_1_321' title='bbox 1035 2180 1072 2224; x_wconf 87' lang='lat' dir='ltr'>q.</span> <span class='ocrx_word' id='word_1_322' title='bbox 1101 2167 1224 2225; x_wconf 80' lang='lat'><em>113.):</em></span> <span class='ocrx_word' id='word_1_323' title='bbox 1253 2165 1300 2208; x_wconf 89' lang='lat' dir='ltr'>in</span> <span class='ocrx_word' id='word_1_324' title='bbox 1326 2180 1430 2224; x_wconf 90' lang='lat' dir='ltr'>qua,</span> <span class='ocrx_word' id='word_1_325' title='bbox 1448 2175 1498 2210; x_wconf 92' lang='lat' dir='ltr'>ut</span> <span class='ocrx_word' id='word_1_326' title='bbox 1521 2165 1692 2210; x_wconf 90' lang='lat' dir='ltr'>ibidem</span> <span class='ocrx_word' id='word_1_327' title='bbox 1716 2166 1888 2210; x_wconf 89' lang='lat' dir='ltr'>dictum</span> <span class='ocrx_word' id='word_1_328' title='bbox 1905 2175 1974 2211; x_wconf 85' lang='lat' dir='ltr'>est</span> <span class='ocrx_word' id='word_1_329' title='bbox 1992 2164 2097 2223; x_wconf 61' lang='lat' dir='ltr'>(arn</span> <span class='ocrx_word' id='word_1_330' title='bbox 2118 2182 2154 2213; x_wconf 81' lang='lat'>1.</span> <span class='ocrx_word' id='word_1_331' title='bbox 2174 2180 2218 2214; x_wconf 75' lang='lat'>2.</span> 
     </span>
     <span class='ocr_line' id='line_1_31' title="bbox 244 2230 2218 2292; baseline 0.003 -19"><span class='ocrx_word' id='word_1_332' title='bbox 244 2235 282 2273; x_wconf 84' lang='lat' dir='ltr'>et</span> <span class='ocrx_word' id='word_1_333' title='bbox 309 2232 382 2288; x_wconf 78' lang='grc'><strong><em>3.),</em></strong></span> <span class='ocrx_word' id='word_1_334' title='bbox 410 2245 505 2274; x_wconf 91' lang='lat' dir='ltr'>non</span> <span class='ocrx_word' id='word_1_335' title='bbox 531 2230 682 2275; x_wconf 90' lang='lat' dir='ltr'>solum</span> <span class='ocrx_word' id='word_1_336' title='bbox 727 2243 795 2275; x_wconf 90' lang='lat' dir='ltr'>est</span> <span class='ocrx_word' id='word_1_337' title='bbox 827 2232 1001 2290; x_wconf 89' lang='lat' dir='ltr'>gratiae</span> <span class='ocrx_word' id='word_1_338' title='bbox 1034 2231 1217 2286; x_wconf 86' lang='lat' dir='ltr'>infusio,</span> <span class='ocrx_word' id='word_1_339' title='bbox 1246 2242 1290 2276; x_wconf 89' lang='lat' dir='ltr'>et</span> <span class='ocrx_word' id='word_1_340' title='bbox 1315 2232 1525 2277; x_wconf 88' lang='lat' dir='ltr'>remissio</span> <span class='ocrx_word' id='word_1_341' title='bbox 1568 2233 1744 2292; x_wconf 89' lang='lat' dir='ltr'>culpae,</span> <span class='ocrx_word' id='word_1_342' title='bbox 1785 2233 1864 2278; x_wconf 90' lang='lat' dir='ltr'>sed</span> <span class='ocrx_word' id='word_1_343' title='bbox 1891 2233 2031 2278; x_wconf 82' lang='lat' dir='ltr'>etiam</span> <span class='ocrx_word' id='word_1_344' title='bbox 2062 2242 2218 2278; x_wconf 84' lang='lat' dir='ltr'>motus</span> 
     </span>
     <span class='ocr_line' id='line_1_32' title="bbox 243 2295 2218 2359; baseline 0.004 -19"><span class='ocrx_word' id='word_1_345' title='bbox 243 2295 373 2340; x_wconf 90' lang='lat' dir='ltr'>liberi</span> <span class='ocrx_word' id='word_1_346' title='bbox 399 2297 567 2341; x_wconf 91' lang='lat' dir='ltr'>arbitrii</span> <span class='ocrx_word' id='word_1_347' title='bbox 595 2298 643 2342; x_wconf 92' lang='lat' dir='ltr'>in</span> <span class='ocrx_word' id='word_1_348' title='bbox 664 2299 832 2353; x_wconf 88' lang='lat' dir='ltr'>Deum,</span> <span class='ocrx_word' id='word_1_349' title='bbox 867 2299 944 2357; x_wconf 91' lang='lat' dir='ltr'>qui</span> <span class='ocrx_word' id='word_1_350' title='bbox 970 2309 1037 2343; x_wconf 91' lang='lat' dir='ltr'>est</span> <span class='ocrx_word' id='word_1_351' title='bbox 1059 2309 1188 2343; x_wconf 84' lang='lat' dir='ltr'>actus</span> <span class='ocrx_word' id='word_1_352' title='bbox 1214 2299 1320 2343; x_wconf 90' lang='lat' dir='ltr'>fidei</span> <span class='ocrx_word' id='word_1_353' title='bbox 1349 2299 1591 2354; x_wconf 87' lang='lat' dir='ltr'>formatae,</span> <span class='ocrx_word' id='word_1_354' title='bbox 1624 2310 1668 2344; x_wconf 89' lang='lat' dir='ltr'>et</span> <span class='ocrx_word' id='word_1_355' title='bbox 1705 2309 1859 2344; x_wconf 86' lang='lat' dir='ltr'>motus</span> <span class='ocrx_word' id='word_1_356' title='bbox 1889 2299 2022 2359; x_wconf 81' lang='lat' dir='ltr'>liberi</span> <span class='ocrx_word' id='word_1_357' title='bbox 2045 2300 2218 2348; x_wconf 81' lang='lat' dir='ltr'>arbitrii</span> 
     </span>
     <span class='ocr_line' id='line_1_33' title="bbox 243 2363 2220 2425; baseline 0.003 -19"><span class='ocrx_word' id='word_1_358' title='bbox 243 2363 290 2406; x_wconf 90' lang='lat' dir='ltr'>in</span> <span class='ocrx_word' id='word_1_359' title='bbox 317 2374 575 2423; x_wconf 87' lang='lat' dir='ltr'>peccatum,</span> <span class='ocrx_word' id='word_1_360' title='bbox 601 2365 680 2424; x_wconf 93' lang='lat' dir='ltr'>qui</span> <span class='ocrx_word' id='word_1_361' title='bbox 706 2375 774 2410; x_wconf 92' lang='lat' dir='ltr'>est</span> <span class='ocrx_word' id='word_1_362' title='bbox 791 2375 918 2410; x_wconf 87' lang='lat' dir='ltr'>actus</span> <span class='ocrx_word' id='word_1_363' title='bbox 944 2366 1277 2425; x_wconf 82' lang='lat' dir='ltr'>poenitentiae3</span> <span class='ocrx_word' id='word_1_364' title='bbox 1304 2366 1353 2410; x_wconf 89' lang='lat' dir='ltr'>hi</span> <span class='ocrx_word' id='word_1_365' title='bbox 1379 2376 1534 2411; x_wconf 89' lang='lat' dir='ltr'>tamen</span> <span class='ocrx_word' id='word_1_366' title='bbox 1568 2376 1694 2410; x_wconf 88' lang='lat' dir='ltr'>actus</span> <span class='ocrx_word' id='word_1_367' title='bbox 1720 2366 1913 2411; x_wconf 89' lang='lat' dir='ltr'>humani</span> <span class='ocrx_word' id='word_1_368' title='bbox 1937 2377 2043 2412; x_wconf 88' lang='lat' dir='ltr'>sunt</span> <span class='ocrx_word' id='word_1_369' title='bbox 2065 2367 2143 2422; x_wconf 84' lang='lat' dir='ltr'>ibi,</span> <span class='ocrx_word' id='word_1_370' title='bbox 2168 2377 2220 2412; x_wconf 89' lang='lat' dir='ltr'>ut</span> 
     </span>
     <span class='ocr_line' id='line_1_34' title="bbox 246 2429 2218 2493; baseline 0.003 -19"><span class='ocrx_word' id='word_1_371' title='bbox 246 2429 435 2475; x_wconf 86' lang='lat' dir='ltr'>effectus</span> <span class='ocrx_word' id='word_1_372' title='bbox 462 2432 633 2487; x_wconf 70' lang='lat' dir='ltr'>gratiae</span> <span class='ocrx_word' id='word_1_373' title='bbox 667 2433 912 2491; x_wconf 88' lang='lat' dir='ltr'>operantis,</span> <span class='ocrx_word' id='word_1_374' title='bbox 945 2432 1083 2477; x_wconf 90' lang='lat' dir='ltr'>simul</span> <span class='ocrx_word' id='word_1_375' title='bbox 1108 2433 1319 2492; x_wconf 90' lang='lat' dir='ltr'>producti</span> <span class='ocrx_word' id='word_1_376' title='bbox 1344 2447 1451 2477; x_wconf 88' lang='lat' dir='ltr'>cum</span> <span class='ocrx_word' id='word_1_377' title='bbox 1477 2434 1747 2478; x_wconf 88' lang='lat' dir='ltr'>remissione</span> <span class='ocrx_word' id='word_1_378' title='bbox 1779 2433 1955 2493; x_wconf 81' lang='lat' dir='ltr'>culpae.</span> <span class='ocrx_word' id='word_1_379' title='bbox 1981 2433 2117 2479; x_wconf 89' lang='lat' dir='ltr'>Unde</span> <span class='ocrx_word' id='word_1_380' title='bbox 2147 2448 2218 2479; x_wconf 88' lang='lat' dir='ltr'>re-</span> 
     </span>
     <span class='ocr_line' id='line_1_35' title="bbox 247 2497 2219 2561; baseline 0.004 -21"><span class='ocrx_word' id='word_1_381' title='bbox 247 2497 406 2541; x_wconf 86' lang='lat' dir='ltr'>missio</span> <span class='ocrx_word' id='word_1_382' title='bbox 435 2497 597 2558; x_wconf 89' lang='lat' dir='ltr'>culpae</span> <span class='ocrx_word' id='word_1_383' title='bbox 622 2512 717 2542; x_wconf 92' lang='lat' dir='ltr'>non</span> <span class='ocrx_word' id='word_1_384' title='bbox 744 2499 794 2543; x_wconf 89' lang='lat' dir='ltr'>fit</span> <span class='ocrx_word' id='word_1_385' title='bbox 819 2499 916 2544; x_wconf 92' lang='lat' dir='ltr'>sine</span> <span class='ocrx_word' id='word_1_386' title='bbox 944 2510 1048 2543; x_wconf 89' lang='lat' dir='ltr'>actu</span> <span class='ocrx_word' id='word_1_387' title='bbox 1074 2500 1383 2559; x_wconf 88' lang='lat' dir='ltr'>poenitentiae</span> <span class='ocrx_word' id='word_1_388' title='bbox 1400 2500 1592 2554; x_wconf 89' lang='lat' dir='ltr'>virtutis,</span> <span class='ocrx_word' id='word_1_389' title='bbox 1618 2499 1726 2544; x_wconf 90' lang='lat' dir='ltr'>licet</span> <span class='ocrx_word' id='word_1_390' title='bbox 1750 2500 1807 2544; x_wconf 90' lang='lat' dir='ltr'>sit</span> <span class='ocrx_word' id='word_1_391' title='bbox 1833 2498 2021 2546; x_wconf 86' lang='lat' dir='ltr'>effectus</span> <span class='ocrx_word' id='word_1_392' title='bbox 2044 2501 2219 2561; x_wconf 84' lang='lat' dir='ltr'>gratiae</span> 
     </span>
     <span class='ocr_line' id='line_1_36' title="bbox 245 2565 491 2624; baseline 0 -15"><span class='ocrx_word' id='word_1_393' title='bbox 245 2565 491 2624; x_wconf 87' lang='lat' dir='ltr'>operantis.</span> 
     </span>
    </p>

    <p class='ocr_par' dir='ltr' id='par_1_10' title="bbox 244 2632 2218 2892">
     <span class='ocr_line' id='line_1_37' title="bbox 334 2632 2216 2693; baseline 0.002 -17"><span class='ocrx_word' id='word_1_394' title='bbox 334 2632 411 2676; x_wconf 86' lang='lat' dir='ltr'>AD</span> <span class='ocrx_word' id='word_1_395' title='bbox 431 2645 693 2677; x_wconf 79' lang='lat' dir='ltr'><strong>SECUNDUM</strong></span> <span class='ocrx_word' id='word_1_396' title='bbox 720 2632 980 2687; x_wconf 89' lang='lat' dir='ltr'>dicendum,</span> <span class='ocrx_word' id='word_1_397' title='bbox 1007 2632 1129 2691; x_wconf 90' lang='lat' dir='ltr'>quod</span> <span class='ocrx_word' id='word_1_398' title='bbox 1155 2633 1201 2676; x_wconf 88' lang='lat' dir='ltr'>in</span> <span class='ocrx_word' id='word_1_399' title='bbox 1216 2633 1537 2691; x_wconf 85' lang='lat' dir='ltr'>justificatione</span> <span class='ocrx_word' id='word_1_400' title='bbox 1563 2633 1695 2693; x_wconf 90' lang='lat' dir='ltr'>impii</span> <span class='ocrx_word' id='word_1_401' title='bbox 1720 2648 1813 2678; x_wconf 91' lang='lat' dir='ltr'>non</span> <span class='ocrx_word' id='word_1_402' title='bbox 1831 2633 1984 2679; x_wconf 86' lang='lat' dir='ltr'>solum</span> <span class='ocrx_word' id='word_1_403' title='bbox 1995 2643 2065 2684; x_wconf 87' lang='lat' dir='ltr'>est</span> <span class='ocrx_word' id='word_1_404' title='bbox 2089 2644 2216 2680; x_wconf 85' lang='lat' dir='ltr'>actus</span> 
     </span>
     <span class='ocr_line' id='line_1_38' title="bbox 245 2699 2216 2762; baseline 0.004 -19"><span class='ocrx_word' id='word_1_405' title='bbox 245 2700 567 2758; x_wconf 88' lang='lat' dir='ltr'>poenitentiae,</span> <span class='ocrx_word' id='word_1_406' title='bbox 594 2699 673 2743; x_wconf 87' lang='lat' dir='ltr'>sed</span> <span class='ocrx_word' id='word_1_407' title='bbox 695 2700 832 2744; x_wconf 89' lang='lat' dir='ltr'>etiam</span> <span class='ocrx_word' id='word_1_408' title='bbox 862 2709 988 2744; x_wconf 90' lang='lat' dir='ltr'>actus</span> <span class='ocrx_word' id='word_1_409' title='bbox 1014 2699 1133 2753; x_wconf 90' lang='lat' dir='ltr'>fidei,</span> <span class='ocrx_word' id='word_1_410' title='bbox 1152 2710 1201 2743; x_wconf 93' lang='lat' dir='ltr'>ut</span> <span class='ocrx_word' id='word_1_411' title='bbox 1227 2700 1400 2743; x_wconf 90' lang='lat' dir='ltr'>dictum</span> <span class='ocrx_word' id='word_1_412' title='bbox 1423 2711 1492 2744; x_wconf 87' lang='lat' dir='ltr'>est</span> <span class='ocrx_word' id='word_1_413' title='bbox 1514 2701 1578 2758; x_wconf 86' lang='lat' dir='ltr'>(in</span> <span class='ocrx_word' id='word_1_414' title='bbox 1599 2701 1718 2746; x_wconf 80' lang='lat' dir='ltr'>solut.</span> <span class='ocrx_word' id='word_1_415' title='bbox 1732 2710 1878 2761; x_wconf 83' lang='lat' dir='ltr'>praec.</span> <span class='ocrx_word' id='word_1_416' title='bbox 1903 2708 1942 2747; x_wconf 76' lang='lat' dir='ltr'>et</span> <span class='ocrx_word' id='word_1_417' title='bbox 1956 2716 2040 2748; x_wconf 81' lang='lat'><strong><em>1-2.</em></strong></span> <span class='ocrx_word' id='word_1_418' title='bbox 2073 2717 2112 2762; x_wconf 86' lang='lat' dir='ltr'>q.</span> <span class='ocrx_word' id='word_1_419' title='bbox 2134 2717 2216 2761; x_wconf 82' lang='lat'><em>113.</em></span> 
     </span>
     <span class='ocr_line' id='line_1_39' title="bbox 244 2765 2218 2828; baseline 0.003 -19"><span class='ocrx_word' id='word_1_420' title='bbox 244 2772 325 2810; x_wconf 83' lang='lat' dir='ltr'>art.</span> <span class='ocrx_word' id='word_1_421' title='bbox 352 2767 435 2824; x_wconf 87' lang='lat'><strong><em>4.),·</em></strong></span> <span class='ocrx_word' id='word_1_422' title='bbox 465 2776 509 2810; x_wconf 88' lang='lat' dir='ltr'>et</span> <span class='ocrx_word' id='word_1_423' title='bbox 534 2766 638 2810; x_wconf 90' lang='lat' dir='ltr'>ideo</span> <span class='ocrx_word' id='word_1_424' title='bbox 665 2766 877 2811; x_wconf 89' lang='lat' dir='ltr'>remissio</span> <span class='ocrx_word' id='word_1_425' title='bbox 902 2765 1062 2825; x_wconf 90' lang='lat' dir='ltr'>culpae</span> <span class='ocrx_word' id='word_1_426' title='bbox 1088 2780 1182 2810; x_wconf 93' lang='lat' dir='ltr'>non</span> <span class='ocrx_word' id='word_1_427' title='bbox 1208 2767 1390 2825; x_wconf 91' lang='lat' dir='ltr'>ponitur</span> <span class='ocrx_word' id='word_1_428' title='bbox 1417 2765 1604 2812; x_wconf 87' lang='lat' dir='ltr'>effectus</span> <span class='ocrx_word' id='word_1_429' title='bbox 1623 2767 1774 2812; x_wconf 92' lang='lat' dir='ltr'>solum</span> <span class='ocrx_word' id='word_1_430' title='bbox 1801 2769 2108 2828; x_wconf 89' lang='lat' dir='ltr'>poenitentiae</span> <span class='ocrx_word' id='word_1_431' title='bbox 2131 2770 2218 2814; x_wconf 82' lang='lat' dir='ltr'>vir-</span> 
     </span>
     <span class='ocr_line' id='line_1_40' title="bbox 244 2832 1285 2892; baseline 0 -15"><span class='ocrx_word' id='word_1_432' title='bbox 244 2833 470 2889; x_wconf 85' lang='lat' dir='ltr'>tutis‚·sed</span> <span class='ocrx_word' id='word_1_433' title='bbox 497 2832 791 2892; x_wconf 88' lang='lat' dir='ltr'>principalius</span> <span class='ocrx_word' id='word_1_434' title='bbox 817 2833 936 2887; x_wconf 91' lang='lat' dir='ltr'>fidei,</span> <span class='ocrx_word' id='word_1_435' title='bbox 970 2842 1014 2877; x_wconf 91' lang='lat' dir='ltr'>et</span> <span class='ocrx_word' id='word_1_436' title='bbox 1041 2833 1285 2878; x_wconf 85' lang='lat' dir='ltr'>charitatis.</span> 
     </span>
    </p>

    <p class='ocr_par' dir='ltr' id='par_1_11' title="bbox 243 2900 2218 3095">
     <span class='ocr_line' id='line_1_41' title="bbox 334 2900 2218 2963; baseline 0.003 -19"><span class='ocrx_word' id='word_1_437' title='bbox 334 2901 410 2944; x_wconf 78' lang='lat' dir='ltr'>An</span> <span class='ocrx_word' id='word_1_438' title='bbox 442 2913 659 2946; x_wconf 78' lang='lat' dir='ltr'>TERTmM</span> <span class='ocrx_word' id='word_1_439' title='bbox 686 2900 947 2954; x_wconf 88' lang='lat' dir='ltr'>dicendum,</span> <span class='ocrx_word' id='word_1_440' title='bbox 974 2900 1095 2959; x_wconf 91' lang='lat' dir='ltr'>quod</span> <span class='ocrx_word' id='word_1_441' title='bbox 1124 2900 1178 2944; x_wconf 86' lang='lat' dir='ltr'>ad</span> <span class='ocrx_word' id='word_1_442' title='bbox 1207 2901 1470 2960; x_wconf 88' lang='lat' dir='ltr'>passionem</span> <span class='ocrx_word' id='word_1_443' title='bbox 1503 2902 1675 2947; x_wconf 87' lang='lat' dir='ltr'>Christi</span> <span class='ocrx_word' id='word_1_444' title='bbox 1708 2902 1943 2947; x_wconf 88' lang='lat' dir='ltr'>ordinatur</span> <span class='ocrx_word' id='word_1_445' title='bbox 1966 2912 2095 2949; x_wconf 85' lang='lat' dir='ltr'>actus</span> <span class='ocrx_word' id='word_1_446' title='bbox 2111 2917 2218 2963; x_wconf 88' lang='lat' dir='ltr'>poe-</span> 
     </span>
     <span class='ocr_line' id='line_1_42' title="bbox 243 2967 2215 3027; baseline 0.003 -16"><span class='ocrx_word' id='word_1_447' title='bbox 243 2967 460 3011; x_wconf 87' lang='lat' dir='ltr'>nitentiae</span> <span class='ocrx_word' id='word_1_448' title='bbox 486 2968 663 3012; x_wconf 90' lang='lat' dir='ltr'>virtutis</span> <span class='ocrx_word' id='word_1_449' title='bbox 692 2978 737 3012; x_wconf 92' lang='lat' dir='ltr'>et</span> <span class='ocrx_word' id='word_1_450' title='bbox 761 2982 843 3027; x_wconf 90' lang='lat' dir='ltr'>per</span> <span class='ocrx_word' id='word_1_451' title='bbox 873 2967 1026 3021; x_wconf 90' lang='lat' dir='ltr'>fidem,</span> <span class='ocrx_word' id='word_1_452' title='bbox 1060 2977 1105 3011; x_wconf 90' lang='lat' dir='ltr'>et</span> <span class='ocrx_word' id='word_1_453' title='bbox 1130 2981 1210 3026; x_wconf 89' lang='lat' dir='ltr'>per</span> <span class='ocrx_word' id='word_1_454' title='bbox 1242 2969 1451 3012; x_wconf 89' lang='lat' dir='ltr'>ordinem</span> <span class='ocrx_word' id='word_1_455' title='bbox 1486 2970 1541 3013; x_wconf 90' lang='lat' dir='ltr'>ad</span> <span class='ocrx_word' id='word_1_456' title='bbox 1574 2969 1726 3014; x_wconf 88' lang='lat' dir='ltr'>claves</span> <span class='ocrx_word' id='word_1_457' title='bbox 1754 2969 2002 3025; x_wconf 87' lang='lat' dir='ltr'>Ecclesiae,</span> <span class='ocrx_word' id='word_1_458' title='bbox 2034 2980 2080 3016; x_wconf 91' lang='lat' dir='ltr'>et</span> <span class='ocrx_word' id='word_1_459' title='bbox 2109 2970 2215 3016; x_wconf 87' lang='lat' dir='ltr'>ideo</span> 
     </span>
     <span class='ocr_line' id='line_1_43' title="bbox 245 3034 2215 3095; baseline 0.003 -18"><span class='ocrx_word' id='word_1_460' title='bbox 245 3044 437 3093; x_wconf 88' lang='lat' dir='ltr'>utroque</span> <span class='ocrx_word' id='word_1_461' title='bbox 456 3035 598 3079; x_wconf 92' lang='lat' dir='ltr'>modo</span> <span class='ocrx_word' id='word_1_462' title='bbox 619 3045 774 3081; x_wconf 90' lang='lat' dir='ltr'>causat</span> <span class='ocrx_word' id='word_1_463' title='bbox 790 3034 1110 3079; x_wconf 88' lang='lat' dir='ltr'>remissionem</span> <span class='ocrx_word' id='word_1_464' title='bbox 1128 3034 1289 3094; x_wconf 85' lang='lat' dir='ltr'>culpae</span> <span class='ocrx_word' id='word_1_465' title='bbox 1306 3036 1470 3080; x_wconf 88' lang='lat' dir='ltr'>virtute</span> <span class='ocrx_word' id='word_1_466' title='bbox 1483 3037 1707 3095; x_wconf 89' lang='lat' dir='ltr'>passionis</span> <span class='ocrx_word' id='word_1_467' title='bbox 1719 3036 1904 3082; x_wconf 88' lang='lat' dir='ltr'>Christi.</span> <span class='ocrx_word' id='word_1_468' title='bbox 1915 3036 1989 3082; x_wconf 88' lang='lat' dir='ltr'>Ad</span> <span class='ocrx_word' id='word_1_469' title='bbox 2002 3037 2048 3082; x_wconf 89' lang='lat' dir='ltr'>id</span> <span class='ocrx_word' id='word_1_470' title='bbox 2061 3047 2215 3083; x_wconf 86' lang='lat' dir='ltr'>autem</span> 
     </span>
    </p>
   </div>
   <div class='ocr_carea' id='block_1_7' title="bbox 244 3101 2289 3163">
    <p class='ocr_par' dir='ltr' id='par_1_12' title="bbox 244 3101 2289 3163">
     <span class='ocr_line' id='line_1_44' title="bbox 244 3101 2289 3163; baseline 0.003 -19"><span class='ocrx_word' id='word_1_471' title='bbox 244 3102 366 3160; x_wconf 90' lang='lat' dir='ltr'>quod</span> <span class='ocrx_word' id='word_1_472' title='bbox 392 3102 440 3145; x_wconf 92' lang='lat' dir='ltr'>in</span> <span class='ocrx_word' id='word_1_473' title='bbox 468 3102 747 3147; x_wconf 88' lang='lat' dir='ltr'>contrarium</span> <span class='ocrx_word' id='word_1_474' title='bbox 770 3102 995 3160; x_wconf 84' lang='lat' dir='ltr'>objicitur,</span> <span class='ocrx_word' id='word_1_475' title='bbox 1022 3101 1269 3146; x_wconf 91' lang='lat' dir='ltr'>dicendum</span> <span class='ocrx_word' id='word_1_476' title='bbox 1302 3113 1383 3156; x_wconf 87' lang='lat' dir='ltr'>est,</span> <span class='ocrx_word' id='word_1_477' title='bbox 1406 3104 1529 3162; x_wconf 88' lang='lat' dir='ltr'>quod</span> <span class='ocrx_word' id='word_1_478' title='bbox 1553 3114 1679 3148; x_wconf 88' lang='lat' dir='ltr'>actus</span> <span class='ocrx_word' id='word_1_479' title='bbox 1706 3102 2014 3163; x_wconf 79' lang='lat' dir='ltr'>poenitentiae</span> <span class='ocrx_word' id='word_1_480' title='bbox 2038 3104 2216 3150; x_wconf 83' lang='lat' dir='ltr'>virtutis</span> <span class='ocrx_word' id='word_1_481' title='bbox 2286 3161 2289 3163; x_wconf 16' lang='lat'><em>⁴</em></span> 
     </span>
    </p>
   </div>
   <div class='ocr_carea' id='block_1_8' title="bbox 245 3168 2229 3629">
    <p class='ocr_par' dir='ltr' id='par_1_13' title="bbox 245 3168 2229 3629">
     <span class='ocr_line' id='line_1_45' title="bbox 246 3168 2217 3231; baseline 0.003 -20"><span class='ocrx_word' id='word_1_482' title='bbox 246 3169 396 3223; x_wconf 86' lang='lat' dir='ltr'>habet,</span> <span class='ocrx_word' id='word_1_483' title='bbox 423 3169 545 3228; x_wconf 88' lang='lat' dir='ltr'>quod</span> <span class='ocrx_word' id='word_1_484' title='bbox 572 3170 670 3214; x_wconf 88' lang='lat' dir='ltr'>sine</span> <span class='ocrx_word' id='word_1_485' title='bbox 698 3183 754 3214; x_wconf 90' lang='lat' dir='ltr'>eo</span> <span class='ocrx_word' id='word_1_486' title='bbox 781 3183 876 3213; x_wconf 91' lang='lat' dir='ltr'>non</span> <span class='ocrx_word' id='word_1_487' title='bbox 899 3169 1042 3228; x_wconf 85' lang='lat' dir='ltr'>possit</span> <span class='ocrx_word' id='word_1_488' title='bbox 1068 3168 1167 3213; x_wconf 82' lang='lat' dir='ltr'>fieri</span> <span class='ocrx_word' id='word_1_489' title='bbox 1195 3170 1404 3213; x_wconf 88' lang='lat' dir='ltr'>remissio</span> <span class='ocrx_word' id='word_1_490' title='bbox 1439 3170 1614 3228; x_wconf 90' lang='lat' dir='ltr'>culpae,</span> <span class='ocrx_word' id='word_1_491' title='bbox 1642 3171 1914 3231; x_wconf 87' lang='lat' dir='ltr'>inquantum</span> <span class='ocrx_word' id='word_1_492' title='bbox 1939 3180 2009 3217; x_wconf 83' lang='lat' dir='ltr'>est</span> <span class='ocrx_word' id='word_1_493' title='bbox 2042 3171 2217 3231; x_wconf 74' lang='lat' dir='ltr'>insepa-</span> 
     </span>
     <span class='ocr_line' id='line_1_46' title="bbox 246 3235 2214 3299; baseline 0.003 -21"><span class='ocrx_word' id='word_1_494' title='bbox 246 3235 397 3279; x_wconf 87' lang='lat' dir='ltr'>rabilis</span> <span class='ocrx_word' id='word_1_495' title='bbox 425 3235 612 3280; x_wconf 85' lang='lat' dir='ltr'>effectus</span> <span class='ocrx_word' id='word_1_496' title='bbox 639 3237 827 3295; x_wconf 88' lang='lat' dir='ltr'>gratiae,</span> <span class='ocrx_word' id='word_1_497' title='bbox 854 3251 935 3295; x_wconf 90' lang='lat' dir='ltr'>per</span> <span class='ocrx_word' id='word_1_498' title='bbox 962 3250 1099 3295; x_wconf 92' lang='lat' dir='ltr'>quam</span> <span class='ocrx_word' id='word_1_499' title='bbox 1138 3235 1445 3295; x_wconf 84' lang='lat' dir='ltr'>principaliter</span> <span class='ocrx_word' id='word_1_500' title='bbox 1478 3237 1610 3297; x_wconf 89' lang='lat' dir='ltr'>culpa</span> <span class='ocrx_word' id='word_1_501' title='bbox 1637 3237 1894 3294; x_wconf 86' lang='lat' dir='ltr'>remittitur,</span> <span class='ocrx_word' id='word_1_502' title='bbox 1926 3250 2044 3299; x_wconf 83' lang='lat' dir='ltr'>quae</span> <span class='ocrx_word' id='word_1_503' title='bbox 2075 3237 2214 3285; x_wconf 88' lang='lat' dir='ltr'>etiam</span> 
     </span>
     <span class='ocr_line' id='line_1_47' title="bbox 246 3303 2219 3364; baseline 0.003 -18"><span class='ocrx_word' id='word_1_504' title='bbox 246 3313 459 3362; x_wconf 88' lang='lat' dir='ltr'>operatur</span> <span class='ocrx_word' id='word_1_505' title='bbox 484 3303 531 3346; x_wconf 90' lang='lat' dir='ltr'>in</span> <span class='ocrx_word' id='word_1_506' title='bbox 558 3304 773 3348; x_wconf 90' lang='lat' dir='ltr'>omnibus</span> <span class='ocrx_word' id='word_1_507' title='bbox 799 3303 1118 3348; x_wconf 88' lang='lat' dir='ltr'>sacramentis:</span> <span class='ocrx_word' id='word_1_508' title='bbox 1148 3312 1193 3348; x_wconf 88' lang='lat' dir='ltr'>et</span> <span class='ocrx_word' id='word_1_509' title='bbox 1217 3303 1322 3347; x_wconf 89' lang='lat' dir='ltr'>ideo</span> <span class='ocrx_word' id='word_1_510' title='bbox 1345 3317 1425 3362; x_wconf 92' lang='lat' dir='ltr'>per</span> <span class='ocrx_word' id='word_1_511' title='bbox 1452 3304 1543 3349; x_wconf 90' lang='lat' dir='ltr'>hoc</span> <span class='ocrx_word' id='word_1_512' title='bbox 1570 3318 1665 3348; x_wconf 91' lang='lat' dir='ltr'>non</span> <span class='ocrx_word' id='word_1_513' title='bbox 1691 3315 1842 3364; x_wconf 89' lang='lat' dir='ltr'>potest</span> <span class='ocrx_word' id='word_1_514' title='bbox 1873 3304 2102 3361; x_wconf 79' lang='lat' dir='ltr'>concludi,</span> <span class='ocrx_word' id='word_1_515' title='bbox 2126 3305 2219 3351; x_wconf 86' lang='lat' dir='ltr'>nisi</span> 
     </span>
     <span class='ocr_line' id='line_1_48' title="bbox 245 3370 2216 3431; baseline 0.004 -18"><span class='ocrx_word' id='word_1_516' title='bbox 245 3370 367 3428; x_wconf 89' lang='lat' dir='ltr'>quod</span> <span class='ocrx_word' id='word_1_517' title='bbox 415 3371 559 3428; x_wconf 83' lang='lat' dir='ltr'>gratia</span> <span class='ocrx_word' id='word_1_518' title='bbox 598 3381 665 3415; x_wconf 90' lang='lat' dir='ltr'>est</span> <span class='ocrx_word' id='word_1_519' title='bbox 690 3370 986 3430; x_wconf 88' lang='lat' dir='ltr'>principalior</span> <span class='ocrx_word' id='word_1_520' title='bbox 1026 3383 1165 3415; x_wconf 89' lang='lat' dir='ltr'>causa</span> <span class='ocrx_word' id='word_1_521' title='bbox 1199 3371 1481 3415; x_wconf 86' lang='lat' dir='ltr'>remissionis</span> <span class='ocrx_word' id='word_1_522' title='bbox 1519 3370 1695 3431; x_wconf 91' lang='lat' dir='ltr'>culpae,</span> <span class='ocrx_word' id='word_1_523' title='bbox 1737 3386 1876 3431; x_wconf 86' lang='lat' dir='ltr'>quam</span> <span class='ocrx_word' id='word_1_524' title='bbox 1907 3372 2216 3431; x_wconf 73' lang='lat' dir='ltr'>poenitentiae</span> 
     </span>
     <span class='ocr_line' id='line_1_49' title="bbox 245 3437 2216 3499; baseline 0.003 -20"><span class='ocrx_word' id='word_1_525' title='bbox 245 3448 598 3483; x_wconf 82' lang='lat' dir='ltr'>sacramentum.</span> <span class='ocrx_word' id='word_1_526' title='bbox 628 3438 878 3482; x_wconf 88' lang='lat' dir='ltr'>Sciendum</span> <span class='ocrx_word' id='word_1_527' title='bbox 905 3447 1076 3492; x_wconf 87' lang='lat' dir='ltr'>tamen,</span> <span class='ocrx_word' id='word_1_528' title='bbox 1099 3438 1221 3496; x_wconf 87' lang='lat' dir='ltr'>quod</span> <span class='ocrx_word' id='word_1_529' title='bbox 1251 3437 1391 3481; x_wconf 88' lang='lat' dir='ltr'>etiam</span> <span class='ocrx_word' id='word_1_530' title='bbox 1412 3438 1459 3482; x_wconf 91' lang='lat' dir='ltr'>in</span> <span class='ocrx_word' id='word_1_531' title='bbox 1484 3439 1627 3484; x_wconf 87' lang='lat' dir='ltr'>veteri</span> <span class='ocrx_word' id='word_1_532' title='bbox 1664 3438 1782 3498; x_wconf 89' lang='lat' dir='ltr'>lege,</span> <span class='ocrx_word' id='word_1_533' title='bbox 1815 3449 1860 3484; x_wconf 90' lang='lat' dir='ltr'>et</span> <span class='ocrx_word' id='word_1_534' title='bbox 1883 3439 1931 3484; x_wconf 89' lang='lat' dir='ltr'>in</span> <span class='ocrx_word' id='word_1_535' title='bbox 1956 3438 2060 3499; x_wconf 78' lang='lat' dir='ltr'>lege</span> <span class='ocrx_word' id='word_1_536' title='bbox 2083 3449 2216 3487; x_wconf 75' lang='lat' dir='ltr'>natu·</span> 
     </span>
     <span class='ocr_line' id='line_1_50' title="bbox 245 3503 2229 3567; baseline 0.003 -21"><span class='ocrx_word' id='word_1_537' title='bbox 245 3517 320 3547; x_wconf 88' lang='lat' dir='ltr'>rae</span> <span class='ocrx_word' id='word_1_538' title='bbox 353 3514 447 3548; x_wconf 87' lang='lat' dir='ltr'>erat</span> <span class='ocrx_word' id='word_1_539' title='bbox 474 3503 728 3563; x_wconf 85' lang='lat' dir='ltr'>aliqualiter</span> <span class='ocrx_word' id='word_1_540' title='bbox 753 3515 1090 3550; x_wconf 88' lang='lat' dir='ltr'>sacramentum</span> <span class='ocrx_word' id='word_1_541' title='bbox 1129 3504 1451 3564; x_wconf 88' lang='lat' dir='ltr'>poenitentiae,</span> <span class='ocrx_word' id='word_1_542' title='bbox 1486 3515 1534 3550; x_wconf 90' lang='lat' dir='ltr'>ut</span> <span class='ocrx_word' id='word_1_543' title='bbox 1566 3519 1701 3565; x_wconf 85' lang='lat' dir='ltr'>supra</span> <span class='ocrx_word' id='word_1_544' title='bbox 1737 3506 1911 3552; x_wconf 87' lang='lat' dir='ltr'>dictum</span> <span class='ocrx_word' id='word_1_545' title='bbox 1947 3516 2016 3554; x_wconf 85' lang='lat' dir='ltr'>est</span> <span class='ocrx_word' id='word_1_546' title='bbox 2046 3506 2108 3567; x_wconf 81' lang='lat' dir='ltr'>(q.</span> <span class='ocrx_word' id='word_1_547' title='bbox 2139 3507 2229 3566; x_wconf 72' lang='grc'><strong><em>84.;</em></strong></span> 
     </span>
     <span class='ocr_line' id='line_1_51' title="bbox 246 3570 571 3629; baseline 0.006 -16"><span class='ocrx_word' id='word_1_548' title='bbox 246 3577 324 3614; x_wconf 71' lang='lat' dir='ltr'>art.</span> <span class='ocrx_word' id='word_1_549' title='bbox 350 3585 388 3629; x_wconf 89' lang='lat'>7.</span> <span class='ocrx_word' id='word_1_550' title='bbox 416 3570 469 3614; x_wconf 76' lang='lat' dir='ltr'>ad</span> <span class='ocrx_word' id='word_1_551' title='bbox 495 3573 571 3629; x_wconf 87' lang='lat'><em>2.).</em></span> 
     </span>
    </p>
   </div>
   <div class='ocr_carea' id='block_1_9' title="bbox 2311 0 2352 295">
    <p class='ocr_par' dir='ltr' id='par_1_14' title="bbox 2311 0 2352 295">
     <span class='ocr_line' id='line_1_52' title="bbox 2311 0 2352 295; baseline 0 3631"><span class='ocrx_word' id='word_1_552' title='bbox 2311 0 2352 295; x_wconf 95' lang='lat' dir='ltr'> </span> 
     </span>
    </p>
   </div>
   <div class='ocr_carea' id='block_1_10' title="bbox 2302 0 2352 544">
    <p class='ocr_par' dir='ltr' id='par_1_15' title="bbox 2302 0 2352 544">
     <span class='ocr_line' id='line_1_53' title="bbox 2302 0 2336 352; textangle 90"><span class='ocrx_word' id='word_1_553' title='bbox 2308 342 2314 352; x_wconf 83' lang='lat'>-‘</span> <span class='ocrx_word' id='word_1_554' title='bbox 2309 239 2336 280; x_wconf 35' lang='grc' dir='ltr'>Ἐκ</span> <span class='ocrx_word' id='word_1_555' title='bbox 2317 200 2324 203; x_wconf 82' lang='grc'>.,</span> <span class='ocrx_word' id='word_1_556' title='bbox 2319 108 2326 170; x_wconf 33' lang='grc' dir='ltr'>μ</span> <span class='ocrx_word' id='word_1_557' title='bbox 2303 35 2327 76; x_wconf 47' lang='grc' dir='ltr'>’ᾁᾶξρ</span> <span class='ocrx_word' id='word_1_558' title='bbox 2302 0 2321 22; x_wconf 62' lang='grc' dir='ltr'>ῑέ.</span> 
     </span>
     <span class='ocr_line' id='line_1_54' title="bbox 2329 154 2352 544; textangle 90"><span class='ocrx_word' id='word_1_559' title='bbox 2344 519 2352 544; x_wconf 54' lang='lat'>22.</span> <span class='ocrx_word' id='word_1_560' title='bbox 2348 481 2352 509; x_wconf 25' lang='lat' dir='ltr'>rw</span> <span class='ocrx_word' id='word_1_561' title='bbox 2331 291 2352 471; x_wconf 30' lang='lat' dir='ltr'>harmanni-{aar</span> <span class='ocrx_word' id='word_1_562' title='bbox 2335 275 2336 278; x_wconf 52' lang='lat'><em>⁴</em></span> <span class='ocrx_word' id='word_1_563' title='bbox 2333 224 2336 225; x_wconf 79' lang='grc'>’</span> <span class='ocrx_word' id='word_1_564' title='bbox 2332 183 2341 198; x_wconf 55' lang='grc'>’”’</span> <span class='ocrx_word' id='word_1_565' title='bbox 2329 154 2335 170; x_wconf 71' lang='grc'>’“</span> 
     </span>
    </p>
   </div>
   <div class='ocr_carea' id='block_1_11' title="bbox 2328 2631 2352 3557">
    <p class='ocr_par' dir='ltr' id='par_1_16' title="bbox 2328 2631 2352 3557">
     <span class='ocr_line' id='line_1_55' title="bbox 2328 2631 2352 3557; textangle 90"><span class='ocrx_word' id='word_1_566' title='bbox 2328 3524 2352 3557; x_wconf 49' lang='grc' dir='ltr'>,εῖῡ</span> <span class='ocrx_word' id='word_1_567' title='bbox 2330 3094 2352 3508; x_wconf 45' lang='lat' dir='ltr'>„.smzssfflffiaimffielzss›me-,02„</span> <span class='ocrx_word' id='word_1_568' title='bbox 2351 3073 2352 3076; x_wconf 61' lang='lat'><em>„</em></span> <span class='ocrx_word' id='word_1_569' title='bbox 2350 3041 2352 3044; x_wconf 28' lang='lat' dir='ltr'>i</span> <span class='ocrx_word' id='word_1_570' title='bbox 2345 3009 2352 3026; x_wconf 38' lang='lat' dir='ltr'>r&lt;</span> <span class='ocrx_word' id='word_1_571' title='bbox 2349 2948 2352 2952; x_wconf 66' lang='grc'>,</span> <span class='ocrx_word' id='word_1_572' title='bbox 2350 2919 2352 2931; x_wconf 84' lang='grc'>..</span> <span class='ocrx_word' id='word_1_573' title='bbox 2335 2771 2352 2908; x_wconf 33' lang='lat' dir='ltr'>22„-„.2‹ffii„11s2...</span> <span class='ocrx_word' id='word_1_574' title='bbox 2347 2743 2349 2746; x_wconf 23' lang='lat' dir='ltr'>A</span> <span class='ocrx_word' id='word_1_575' title='bbox 2339 2631 2352 2671; x_wconf 36' lang='grc' dir='ltr'>...ν’</span> 
     </span>
    </p>
   </div>
  </div>
 </body>
</html>
