2352 3926
622 222 901 269 QUAESTIO
941 223 1130 264 XLVIII.
1169 222 1497 264 ARTICULUS·
1515 223 1556 264 1.
1677 253 1683 257 ·
1960 224 2070 281 409

199 323 430 368 Secundo.
458 324 623 369 Utrum
648 339 730 384 per
750 325 942 370 modum
964 325 1297 372 satisfactionis.

200 389 374 437 Tertio.
402 391 567 435 Utrum
594 406 673 450 per
698 393 889 437 modum
915 393 1138 437 sacrificii.

202 456 395 510 Quarto.
419 458 585 502 Utrum
612 473 690 517 per
717 460 908 503 modum
934 459 1274 518 redemptionis.

203 523 394 577 Quinto.
422 524 587 569 Utrum
614 540 713 570 esse
738 526 1075 583 redemptorem
1099 526 1159 570 sit
1185 527 1418 585 proprium
1447 525 1634 570 Christi.

201 590 354 637 Sexto.
378 591 543 637 Utrum
565 593 817 636 causaverit
843 590 1056 637 effectum
1081 602 1264 636 nostrae
1282 591 1439 636 salutis
1465 607 1545 651 per
1567 593 1759 637 modum
1786 591 2070 638 efficientiae.

822 754 1256 812 ARTICULUS
1299 755 1341 809 Ι.
1984 767 2071 824 264

271 890 464 929 UTRUM
501 889 688 928 PASSIO
731 889 950 928 CHRISTI
989 891 1332 928 CAUSAVERIT
1371 890 1628 930 NOSTRAM
1668 891 1923 930 SALUTEM

795 966 895 1003 PER
933 965 1139 1003 MODUM
1172 965 1383 1005 MERITI.

232 1072 363 1133 (Infr.
383 1088 420 1134 q.
448 1074 517 1119 62.
544 1079 626 1118 art.
646 1089 685 1134 5.
711 1080 749 1120 et
767 1089 803 1134 3.
831 1075 941 1119 Dist.
968 1075 1032 1120 18.
1060 1081 1139 1119 art.
1158 1088 1195 1135 5.
1219 1081 1258 1120 et
1286 1088 1329 1132 4.
1356 1075 1464 1119 Dist.
1493 1090 1528 1120 1.
1556 1089 1595 1133 q.
1621 1090 1657 1120 1.
1683 1081 1762 1119 art.
1786 1089 1828 1132 4.
1855 1089 1893 1134 q.
1916 1090 1955 1135 3.

497 1147 534 1186 et
557 1140 665 1186 Veri.
693 1156 731 1200 q.
758 1141 829 1187 26.
857 1148 939 1186 art.
968 1142 1009 1187 6.
1037 1141 1091 1186 ad
1115 1156 1186 1187 20.
1213 1148 1249 1187 et
1274 1141 1328 1186 ad
1354 1143 1473 1187 Rom.
1500 1155 1543 1199 4.
1567 1142 1679 1200 fin.).

191 1251 278 1297 :AD
309 1265 497 1298 PRIMUM
528 1251 593 1296 sic
619 1252 892 1310 proceditur.
918 1252 1122 1307 Videtur,
1150 1253 1272 1312 quod
1305 1253 1457 1312 passio
1491 1252 1663 1297 Christi
1694 1267 1788 1298 non
1821 1255 2076 1299 causaverit

110 1329 316 1363 nostram
342 1318 536 1363 salutem
561 1334 641 1378 per
666 1319 857 1363 modum
884 1321 1056 1364 meriti:
1085 1321 1352 1378 passionum
1386 1320 1508 1364 enim
1535 1320 1754 1380 principia
1779 1335 1874 1365 non
1896 1331 2003 1365 sunt
2027 1322 2075 1365 in

109 1386 266 1431 nobis:
293 1386 444 1433 nullus
471 1396 623 1430 autem
655 1397 866 1440 meretur,
893 1386 966 1431 vel
992 1386 1216 1440 laudatur,
1243 1387 1331 1431 nisi
1355 1401 1435 1445 per
1459 1387 1521 1441 id,
1546 1388 1674 1446 cujus
1701 1388 1975 1447 principium
2008 1398 2075 1433 est

110 1452 159 1497 in
182 1453 308 1512 ipso;
335 1467 444 1512 ergo
471 1453 621 1512 passio
649 1453 821 1498 Christi
845 1453 960 1498 nihil
987 1465 1053 1498 est
1075 1448 1262 1513 operata
1288 1468 1368 1513 per
1393 1454 1585 1504 modurn
1613 1455 1776 1499 meriti.

201 1532 242 1564 2.
267 1520 565 1566 PRAETEREA.
585 1521 791 1565 Christus
806 1522 858 1565 ab
882 1522 1010 1565 initio
1028 1535 1136 1565 suae
1160 1522 1473 1580 conceptionis
1496 1522 1662 1565 meruit
1678 1532 1723 1566 et
1744 1522 1847 1583 sibi,
1861 1531 1906 1566 et
1925 1521 2074 1576 nobis,

112 1597 162 1632 ut
186 1602 320 1647 supra
346 1588 518 1633 dictum
545 1599 612 1632 est
628 1590 688 1647 (q.
713 1604 753 1648 9.
781 1595 861 1633 art.
887 1603 930 1645 4.
952 1595 988 1633 et
1013 1604 1051 1647 q.
1075 1603 1140 1647 34.
1164 1595 1245 1633 art.
1261 1591 1346 1648 3.).·
1370 1589 1448 1633 sed
1476 1588 1754 1646 superfluum
1778 1599 1844 1633 est
1871 1588 2071 1648 aliquem

111 1654 277 1699 iterum
305 1656 468 1699 mereri
498 1655 557 1710 id,
585 1656 707 1715 quod
741 1666 843 1700 ante
875 1666 1125 1711 meruerat3
1154 1671 1264 1714 ergo
1301 1656 1511 1700 Christus
1543 1671 1624 1714 per
1654 1670 1783 1700 suam
1811 1657 2074 1715 passionem

111 1735 207 1766 non
233 1723 398 1767 meruit
418 1733 622 1767 nostram
650 1723 857 1767 salutem.

205 1804 242 1848 3.
270 1790 566 1835 PRAETEREA.
594 1791 736 1834 Radix
769 1791 975 1835 merendi
1001 1801 1068 1834 est
1093 1791 1310 1835 charitas:
1338 1790 1418 1834 sed
1445 1790 1641 1834 charitas
1668 1790 1841 1834 Christi
1870 1805 1965 1834 non
1992 1790 2076 1835 fuit

113 1857 261 1915 magis
288 1867 580 1915 augmentata
604 1857 650 1900 in
677 1858 904 1916 passione,
931 1873 1070 1916 quam
1097 1868 1225 1912 ante3
1253 1872 1362 1916 ergo
1389 1872 1484 1901 non
1511 1859 1657 1916 magis
1691 1858 1854 1902 meruit
1879 1857 2074 1903 salutem

110 1933 317 1969 nostram
342 1924 571 1983 patiendo,
598 1939 736 1983 quam
764 1935 867 1969 ante
893 1924 1078 1969 fecerat.

27 2026 31 2052 3
203 1990 297 2036 SED
324 2004 520 2036 CONTRA
546 2002 626 2045 est,
653 1991 776 2050 quod
801 2006 936 2050 super
960 1991 1072 2035 illud
1098 1991 1294 2050 Philipp.
1321 2004 1386 2035 2.:
1414 1992 1589 2050 Propter
1621 1991 1729 2049 quod
1753 1998 1791 2036 et
1821 1993 1936 2036 Deus
1967 1992 2077 2037 exal·

26 2066 38 2115 ᾗ,
113 2059 223 2111 tavit
245 2058 380 2112 illum,
407 2067 492 2103 etc.
520 2058 630 2103 dicit
653 2060 938 2118 Augustinus
967 2059 1107 2115 (tract.
1130 2074 1225 2116 104.
1249 2061 1293 2103 in
1305 2060 1429 2116 soan.
1446 2060 1518 2103 sub
1526 2060 1626 2118 fin.)
1639 2073 1652 2101 .·
1677 2075 1700 2100 <t
1718 2059 1963 2103 Humilitas
1980 2074 2077 2118 pas·

111 2124 253 2172 sionis
278 2124 493 2170 claritatis
518 2135 587 2170 est
617 2126 851 2180 meritum;
884 2126 1064 2171 claritas
1099 2125 1369 2172 humilitatis
1408 2136 1475 2170 est
1509 2126 1764 2184 praemium
1782 2142 1832 2181 »3
1870 2126 1949 2170 sed
1982 2127 2076 2186 ipse

113 2190 383 2236 clarificatus
405 2202 473 2237 est
492 2206 590 2237 non
615 2192 767 2237 solum
793 2194 840 2236 in
866 2194 1031 2252 seipso,
1058 2194 1137 2238 sed
1165 2194 1304 2238 etiam
1329 2193 1376 2236 in
1402 2193 1494 2237 suis
1521 2192 1742 2247 fidelibus,
1769 2203 1818 2237 ut
1842 2193 1940 2252 ipse
1966 2193 2076 2238 dicit

6 2268 32 2320 ,52
102 2257 238 2317 Joan.
267 2272 359 2317 17.;
386 2273 498 2318 ergo
522 2259 710 2318 videtur,
734 2261 856 2320 quod
882 2263 976 2319 lpse
1003 2262 1218 2306 meruerit
1242 2260 1437 2305 salutem
1463 2275 1651 2304 suorum
1677 2260 1896 2305 fidelium.

32 2328 41 2339 ²
104 2350 106 2352 ·
184 2325 497 2372 'RESPONDEO
514 2327 774 2382 dicendum,
801 2329 937 2387 quod,
963 2329 1082 2373 sicut
1105 2343 1241 2387 supra
1266 2328 1440 2372 dictum
1466 2338 1533 2372 est
1561 2327 1619 2386 (q.
1642 2329 1720 2382 8.),
1749 2327 1936 2372 Christo
1971 2328 2077 2373 data

107 2393 372 2453 ,est-gratia,
387 2408 483 2439 non
507 2394 660 2439 solum
685 2395 802 2439 sicut
826 2395 1043 2455 singulari
1068 2410 1306 2454 personae,
1333 2395 1411 2439 sed
1437 2395 1709 2454 inquantum
1737 2406 1804 2440 est
1836 2405 1972 2454 caput
1997 2395 2078 2440 Ec-

13 2459 48 2513 κζ
109 2459 303 2515 dasian
327 2471 378 2506 ut
395 2460 578 2506 scilicet
601 2462 656 2505 ab
683 2462 783 2521 ipso
809 2462 1081 2507 redundaret
1107 2463 1163 2506 ad
1189 2463 1424 2507 membra:
1447 2472 1493 2506 et
1509 2462 1614 2507 ideo
1633 2476 1773 2521 opera
1795 2462 1970 2507 Christi
1984 2463 2075 2507 hoc

0 2561 3 2589 ‡
37 2539 44 2588 g
102 2528 254 2577 ,modo
279 2542 329 2574 se
354 2528 524 2574 habent
554 2539 648 2573 tam
683 2529 739 2573 ad
779 2543 842 2583 se,
875 2543 1013 2588 quam
1040 2531 1096 2574 ad
1121 2544 1203 2574 sua
1229 2529 1452 2584 membra,
1479 2531 1595 2573 sicut
1630 2543 1679 2574 se
1724 2529 1895 2574 habent
1935 2544 2076 2589 opera

0 2603 3 2645 Ξ
111 2594 296 2642 alterius
320 2595 522 2640 hominis
546 2596 594 2639 in
620 2596 764 2654 gratia
790 2597 1024 2640 constituti
1049 2597 1105 2640 ad
1130 2597 1303 2656 ipsum:
1332 2595 1623 2641 manifestum
1657 2606 1726 2640 est
1750 2606 1918 2650 autem,
1951 2597 2075 2655 quod

36 2658 48 2694 ’ἶ
104 2663 388 2723 quicumque
412 2663 460 2706 in
486 2663 629 2721 gratia
648 2664 914 2708 constitutus
937 2673 1122 2723 propter
1143 2664 1359 2723 justitiam
1382 2664 1562 2723 patitur,
1579 2677 1635 2708 ex
1651 2663 1741 2707 hoc
1759 2664 1860 2723 ipso
1878 2673 2078 2708 meretur

33 2732 59 2764 Γ
112 2729 199 2776 sibi
222 2729 431 2784 salutem,
447 2730 699 2774 secundum
715 2729 826 2775 illud
846 2731 1008 2775 Matth.
1026 2745 1062 2788 5.
1077 2746 1087 2775 ε
1100 2733 1233 2785 Beati,
1253 2733 1325 2790 qui
1333 2733 1658 2790 persecutionem
1667 2732 1895 2790 patiuntur
1904 2737 2078 2791 propter

0 2827 6 2867 ί
42 2799 57 2848 ζ
105 2798 343 2856 justitiam5
357 2797 476 2842 unde
490 2797 700 2843 Christus
713 2812 793 2857 per
809 2813 939 2843 suam
955 2799 1218 2859 passionem
1229 2813 1323 2843 non
1337 2798 1488 2843 solum
1500 2799 1600 2853 sibi,
1617 2799 1695 2843 sed
1714 2799 1853 2843 etiam
1864 2798 2075 2842 omnibus

42 2867 57 2920 ζ’
109 2864 332 2910 membris
356 2865 449 2910 suis
474 2865 640 2909 meruit
665 2865 874 2910 salutem.

47 2979 62 2984 „
202 2932 279 2977 AD
309 2944 498 2977 PRIMUM
524 2946 634 2990 ergo
668 2933 926 2987 dicendum,
954 2934 1075 2992 quod
1098 2933 1264 2992 passio,
1290 2933 1561 2992 inquantum
1587 2932 1866 2991 hujusmodi,
1889 2946 1983 2976 non
2010 2942 2078 2976 est

40 3024 66 3058 :f
113 2999 370 3054 meritoria3
390 3000 500 3059 quia
524 2999 662 3044 habet
691 3001 964 3059 principium
990 3001 1044 3044 ab
1073 3000 1304 3045 exteriori:
1332 3001 1411 3044 sed
1435 3000 1688 3045 secundum
1722 3000 1842 3058 quod
1871 3013 1974 3042 eam
2002 2998 2078 3043 ali-

44 3080 52 3114 s
110 3066 216 3125 ’quis
237 3065 492 3111 voluntarie
517 3067 723 3122 sustinet,
750 3067 815 3111 sic
839 3067 979 3112 habet
1003 3068 1276 3127 principium
1303 3068 1356 3112 ab
1383 3068 1612 3113 interiori:
1641 3078 1685 3112 et
1709 3068 1800 3112 hoc
1833 3067 1975 3111 modo
2008 3076 2078 3112 est

41 3145 49 3178 .·,
107 3143 360 3178 meritona.

38 3195 58 3258 ‚f
203 3199 279 3243 An
306 3213 566 3245 SECUNDUM
594 3201 852 3255 dicendum,
886 3201 1006 3261 quod
1042 3202 1251 3247 Christus
1287 3216 1313 3246 a
1352 3202 1574 3261 principio
1610 3215 1719 3245 suae
1762 3200 2076 3259 conceptionis

111 3265 281 3310 meruit
304 3266 436 3310 nobis
460 3266 652 3312 salutem
680 3278 932 3312 aeternam:
959 3270 1038 3313 sed
1066 3283 1120 3313 ex
1145 3279 1271 3328 parte
1296 3280 1453 3314 nostra
1486 3278 1614 3312 erant
1639 3268 1863 3326 quaedam
1890 3267 2078 3326 impedi·

42 3335 54 3396 J
114 3342 283 3385 menta,
310 3332 471 3390 quibus
498 3333 864 3392 impediebamur
890 3336 1110 3394 consequi
1136 3335 1350 3380 effectum
1383 3335 1755 3395 praecedentium
1782 3334 2076 3388 meritorum;

42 3405 63 3464 ’ᾗςμ
115 3398 235 3443 unde
263 3399 319 3443 ad
350 3399 679 3444 removendum
711 3400 790 3444 illa
821 3402 1163 3460 impedimenta,
1206 3405 1406 3460 oportuit
1443 3402 1677 3446 Christum
1720 3401 1826 3459 pati,
1863 3411 1912 3445 ut
1941 3415 2077 3460 supra

47 3465 63 3522 ῗῇ
111 3463 290 3509 dictum
315 3475 384 3509 est
410 3464 468 3523 (q.
493 3466 566 3522 46.
593 3471 675 3510 art.
697 3468 771 3525 3.).

56 3572 67 3588 g
203 3532 283 3576 An
319 3544 534 3576 ΤεκτιυΜ
566 3532 829 3587 dicendum,
862 3534 985 3592 quod
1024 3537 1174 3594 passio
1210 3536 1382 3580 Christi
1418 3535 1573 3579 habuit
1611 3534 1807 3593 aliquem
1847 3533 2076 3589 effectum,

98 3610 256 3668 ‘quem
279 3611 375 3642 non
400 3597 655 3643 habuerunt
679 3600 996 3657 praecedentia
1021 3603 1196 3656 merita,
1213 3617 1308 3646 non
1331 3612 1514 3661 propter
1539 3602 1764 3660 majorem
1791 3600 2075 3657 charitatem,
