2352 3926
278 174 348 229 50
842 166 1119 213 QUAESTIO
1161 165 1238 203 111.
1280 162 1589 204 ARTICULUS
1629 163 1666 202 1.

276 278 473 336 sumptio
501 275 647 319 carnis
674 287 752 333 per
785 272 1016 316 actionem
1047 269 1247 314 divinam
1273 267 1395 312 facta
1421 276 1512 321 est;
1546 264 1754 310 similiter
1778 266 1917 310 etiarn
1942 278 2138 326 persona
2169 276 2238 311 est

275 345 408 402 hujus
427 341 695 401 sumptionis
719 340 961 384 terminus:
980 337 1100 396 quia,
1118 337 1235 381 sicut
1260 349 1393 394 supra
1417 333 1590 378 dictum
1608 342 1677 377 est
1695 331 1752 391 (q.
1772 340 1914 392 praec.
1936 339 2020 378 art.
2045 345 2084 378 1.
2101 333 2236 392 etz),

276 411 385 454 unio
411 410 529 454 facta
556 418 622 452 est
639 409 683 450 in
700 419 908 465 persona,
933 419 1028 448 non
1052 404 1100 447 in
1126 414 1306 458 natura3
1334 411 1379 446 et
1395 401 1458 445 sic
1486 409 1623 459 patet,
1640 399 1763 458 quod
1788 399 2098 459 propriissime
2114 414 2240 447 com-

276 478 386 537 petit
412 489 632 536 personae
660 486 892 517 assumere
919 481 1144 516 naturam.
2146 479 2148 481 ’

364 544 440 588 AD
463 554 647 587 PRIMUM
676 554 785 597 ergo
811 538 1081 594 dicendum„
1098 537 1221 597 quod
1245 550 1351 580 cum
1376 548 1572 594 persona
1594 533 1746 577 divina
1763 533 1820 578 sit
1836 532 2026 588 infinita,
2045 545 2142 579 non
2160 548 2239 595 po·

275 620 361 655 test
387 612 427 654 ei
453 609 549 653 fieri
575 607 768 660 additio;
795 606 915 650 unde
933 605 1133 665 Cyrillus
1150 604 1259 648 dicit
1275 603 1321 646 in
1339 602 1467 661 epist.
1488 600 1711 661 Synodali
1726 600 1892 659 Ephes.
1911 600 2094 647 Concil.
2112 600 2238 661 (quae

273 679 539 722 inscribitur:
571 675 751 733 Cyrillus
768 680 805 718 et
825 673 1007 733 Synodus
1032 687 1081 718 ex
1106 672 1296 731 Aegypti,
1323 676 1410 724 etc„
1439 683 1531 714 can.
1554 682 1591 727 5.
1618 675 1657 713 et
1677 669 1854 714 habetur
1877 670 1924 713 in
1949 683 1992 713 eo
2024 668 2235 724 concilio,

273 744 380 803 quod
401 750 453 787 est
479 742 677 788 Generale
701 757 734 800 3.
763 747 879 800 part.
903 757 937 786 1.
961 748 1050 800 cap.
1068 739 1190 796 26.)‚·
1227 755 1250 780 «
1266 737 1374 782 Non
1406 736 1660 781 secundum
1684 736 2020 795 appositionem
2047 737 2240 795 conjun-

275 811 437 855 ctionis
462 808 758 867 intelligimus
785 808 976 852 modum
994 824 1034 862 »,
1061 807 1177 851 sicut
1194 806 1332 850 etiam
1350 805 1396 848 in
1419 804 1589 847 unione
1610 803 1813 848 hominis
1839 803 1896 848 ad
1921 803 2091 857 Deum,
2117 818 2235 863 quae

276 887 341 923 est
365 892 445 936 per
471 877 664 936 gratiam
683 875 956 934 adoptionis,
982 888 1076 918 non
1104 874 1280 917 additur
1307 871 1475 930 aliquid
1501 871 1625 914 Deo:
1653 870 1732 915 sed
1753 869 1867 916 illud
1892 870 2238 930 quoddivinum

275 955 356 999 est,
384 944 624 1003 apponitur
650 943 852 996 homini3
880 941 999 986 unde
1020 955 1115 984 non
1141 941 1282 993 Deus,
1310 939 1389 983 sed
1417 939 1561 982 homo
1588 937 1833 997 perficitur.

364 1012 439 1056 AD
461 1024 721 1056 SECUNDUM
744 1010 1003 1063 dicendum,
1031 1007 1153 1067 quod
1170 1021 1365 1067 persona
1383 1006 1546 1050 dicitur
1561 1002 2030 1060 incommunicabilis,
2053 1004 2240 1065 inquan-

273 1089 371 1123 tum
387 1093 481 1122 non
503 1087 653 1137 potest
678 1077 733 1120 de
750 1076 950 1136 pluribus
978 1075 1222 1134 suppositis
1248 1073 1520 1133 praedicari:
1548 1071 1663 1116 nihil
1687 1082 1844 1116 tamen
1869 1072 2096 1132 prohibet,
2108 1071 2240 1132 plura

275 1147 330 1190 de
357 1159 549 1204 persona
575 1144 845 1204 praedicari;
872 1143 992 1187 unde
1024 1156 1118 1187 non
1145 1151 1212 1186 est
1239 1151 1397 1185 contra
1430 1140 1659 1184 rationem
1690 1153 1915 1199 personae
1940 1139 2006 1184 sic
2034 1153 2240 1185 commu-

272 1213 429 1266 nicari,
451 1222 500 1256 ut
525 1212 735 1256 subsistat
755 1212 802 1254 in
828 1210 1029 1270 pluribus
1054 1209 1251 1262 naturis;
1279 1208 1384 1268 quia
1411 1208 1550 1252 etiam
1571 1207 1618 1250 in
1644 1220 1890 1266 personam
1917 1216 2119 1252 creatam
2139 1220 2242 1266 pos-

273 1290 377 1324 sunt
402 1279 552 1339 plures
577 1289 764 1323 naturae
792 1291 1062 1321 concurrere
1085 1276 1445 1329 accidentaliter;
1471 1275 1587 1319 sicut
1609 1274 1655 1318 in
1673 1288 1868 1332 persona
1885 1274 2019 1319 unius
2035 1274 2239 1319 hominis

273 1347 500 1390 invenitur
526 1346 765 1405 quantitas,
800 1354 843 1388 et
875 1344 1091 1403 qualitas:
1124 1344 1215 1387 hoc
1250 1353 1401 1387 autem
1435 1352 1503 1386 est
1533 1342 1768 1401 proprium
1802 1341 1983 1387 divinae
2005 1355 2239 1421 personae

274 1423 457 1472 propter
482 1414 577 1471 ejus
603 1412 885 1465 infinitatem,
913 1421 961 1455 ut
986 1411 1064 1455 fiat
1088 1411 1135 1454 in
1158 1424 1211 1454 ea
1244 1424 1492 1454 concursus
1518 1419 1799 1464 naturarum,
1825 1422 1923 1459 noa
1944 1408 2137 1469 quidem
2170 1423 2241 1454 ac-

275 1479 570 1533 cidentaliter,
597 1479 674 1523 sed
701 1479 955 1523 secundum
981 1478 1333 1522 subsistentiam.
2011 1481 2014 1484 ⁴
2038 1527 2040 1530 y
2183 1498 2185 1501 .

363 1547 440 1592 AD
458 1559 674 1592 TERTIUM
700 1546 959 1599 dicendum,
981 1546 1118 1604 quod,
1144 1545 1261 1589 sicut
1277 1559 1412 1604 supra
1439 1543 1612 1588 dictum
1638 1553 1707 1588 est
1734 1544 1792 1603 (q.
1810 1558 1852 1589 2.
1877 1549 1960 1588 art.
1979 1543 2058 1602 1.),
2079 1552 2241 1593 natura

273 1615 475 1658 humana
492 1628 586 1657 non
614 1613 846 1657 constituit
867 1627 1112 1671 personam
1139 1612 1341 1656 divinam
1358 1611 1649 1671 simpliciter3
1672 1611 1751 1656 sed
1778 1610 2014 1656 constituit
2034 1624 2242 1668 camste-

274 1683 473 1726 cundum
496 1681 617 1740 quod
641 1681 961 1724 denominatur
988 1695 1012 1723 a
1038 1679 1118 1723 tali
1144 1689 1329 1723 natura:
1357 1694 1452 1723 non
1480 1679 1603 1722 enim
1622 1693 1674 1723 ex
1700 1688 1862 1723 natura
1878 1678 2083 1723 humana
2101 1678 2241 1723 habet

272 1749 409 1793 Filius
435 1749 536 1801 Dei,
564 1748 686 1807 quod
712 1748 769 1792 sit
794 1747 1073 1805 simpliciter,
1101 1761 1208 1790 cum
1239 1746 1374 1791 fuerit
1406 1747 1459 1790 ab
1494 1756 1706 1801 aeterno;
1739 1746 1818 1790 sed
1851 1745 2004 1791 solum
2034 1746 2158 1806 quod
2183 1745 2242 1791 sit

270 1818 436 1861 homo:
456 1816 534 1860 sed
551 1816 802 1860 secundum
814 1826 1024 1858 naturam
1047 1815 1246 1858 divinam
1266 1814 1553 1858 constituitur
1569 1829 1763 1874 persona
1776 1814 1928 1859 divina
1944 1813 2238 1874 simpliciter3

274 1885 391 1928 unde
417 1897 611 1943 persona
644 1883 794 1927 divina
820 1896 914 1927 non
937 1882 1098 1926 dicitur
1125 1895 1355 1925 assumere
1383 1881 1586 1926 divinam
1612 1891 1838 1936 naturam,
1864 1882 1945 1928 sed
1970 1881 2239 1927 humanam.

983 2060 1416 2118 ARTICULUS
1454 2061 1524 2115 II.
2182 2089 2242 2122 20

538 2198 727 2236 UTRUM
762 2197 988 2236 DIVINAE
1027 2197 1285 2236 NATURAE
1327 2196 1640 2237 coNVENIAT
1674 2196 1974 2235 ASSUMERE.

963 2306 1014 2367 (3.
1042 2307 1156 2351 Dist.
1177 2321 1215 2365 5.
1243 2322 1281 2365 q.
1304 2320 1344 2352 2.
1368 2311 1449 2351 art.
1472 2305 1550 2363 2.).

363 2420 439 2465 An
466 2432 726 2466 SECUNDUM
751 2421 814 2464 sic
841 2419 1113 2478 proceditur.
1141 2419 1345 2472 Videtur,
1377 2419 1500 2477 quod
1526 2427 1714 2462 naturae
1746 2417 1926 2463 divinae
1949 2432 2046 2464 non
2072 2432 2235 2464 conve-

272 2487 368 2532 niat
393 2501 650 2542 assumere3
677 2487 796 2546 quia,
823 2487 939 2532 sicut
964 2487 1137 2531 dictum
1164 2496 1232 2531 est
1255 2486 1355 2542 (art.
1372 2487 1554 2546 praest),
1580 2499 1811 2530 assumere
1834 2485 2010 2540 dicitur,
2033 2487 2164 2546 quasi
2180 2487 2238 2532 ad

272 2569 321 2599 se
348 2568 552 2600 sumere:
580 2554 658 2598 sed
684 2564 845 2598 natura
876 2554 1029 2598 divina
1061 2568 1155 2597 non
1188 2553 1379 2612 sumpsit
1412 2553 1467 2596 ad
1500 2567 1548 2597 se
1579 2553 1831 2596 humanam
1862 2562 2099 2609 naturam3
2131 2554 2238 2615 quia

272 2636 367 2666 non
399 2632 466 2667 est
495 2621 615 2666 facta
647 2622 756 2666 unio
788 2622 835 2665 in
866 2631 1041 2676 natura,
1074 2623 1151 2667 sed
1179 2622 1224 2665 in
1252 2636 1461 2681 persona,
1494 2622 1611 2666 sicut
1642 2636 1777 2681 supra
1810 2622 1983 2666 dictum
2016 2632 2086 2668 est
2111 2622 2237 2682 (q.·2.

273 2696 356 2735 art.
373 2705 407 2735 1.
425 2695 460 2734 et
476 2690 566 2747 2.),·
587 2703 697 2748 ergo
722 2699 909 2733 naturae
936 2689 1115 2733 divinae
1141 2704 1235 2733 non
1252 2690 1469 2748 competit
1491 2703 1720 2733 assumere
1742 2699 1953 2734 naturam
1963 2690 2238 2735 humanam.

369 2768 408 2800 2.
436 2756 734 2801 PRAETEREA.
761 2756 935 2800 Natura
962 2756 1113 2800 divina
1148 2757 1406 2800 communis
1435 2767 1502 2801 est
1527 2757 1667 2801 tribus
1699 2757 1930 2816 personis;
1956 2757 1995 2802 si
2026 2771 2138 2818 ergo
2162 2770 2240 2802 na-

274 2833 402 2878 turae
430 2823 644 2867 convenit
661 2837 905 2877 assumere,
924 2823 1125 2882 sequitur
1148 2824 1268 2882 quod
1288 2824 1531 2867 conveniat
1546 2824 1686 2868 tribus
1704 2824 1934 2883 personis:
1962 2834 2008 2870 et
2022 2825 2087 2869 ita
2101 2824 2238 2871 Pater

273 2890 516 2949 assumpsit
540 2899 750 2934 naturam
777 2890 1044 2943 humanam,
1071 2890 1186 2934 sicut
1213 2901 1256 2934 et
1281 2890 1444 2934 Filius:
1472 2892 1594 2950 quod
1621 2902 1690 2935 est
1715 2905 1975 2937 erroneum.

365 2972 402 3017 3.
429 2957 724 3002 PRAETEREA.
754 2957 1002 3002 Assumere
1030 2967 1096 3002 est
1129 2972 1286 3016 agere:
1316 2972 1450 3015 agere
1471 2969 1622 3002 autem
1642 2959 1856 3004 convenit
1881 2972 2119 3018 personae,
2140 2973 2236 3005 non

272 3036 474 3078 naturae,
498 3039 613 3084 quae
641 3025 787 3083 magis
820 3024 1100 3082 significatur
1132 3035 1179 3069 ut
1212 3026 1497 3084 principium,
1532 3040 1623 3084 quo
1657 3041 1796 3085 agens
1829 3027 1946 3086 agit;
1974 3040 2085 3087 ergo
2117 3040 2237 3073 assu·

275 3107 398 3137 mere
424 3107 519 3137 non
546 3103 759 3136 convemt
785 3101 987 3136 naturae.

368 3160 463 3205 SED
497 3172 692 3205 CONTRA
726 3169 805 3213 est,
838 3159 961 3218 quod
995 3159 1187 3218 August.
1221 3159 1330 3203 dicit
1361 3160 1406 3203 in
1438 3159 1512 3203 lib.
1547 3160 1602 3204 de
1635 3161 1743 3205 Fide
1777 3161 1832 3205 ad
1865 3161 1962 3208 Pet.
1997 3165 2108 3223 (cap.
2143 3161 2237 3221 2⁸).-

273 3245 296 3270 «
319 3226 401 3271 Illa
427 3237 601 3281 natura,
627 3240 743 3286 quae
770 3240 951 3286 semper
978 3226 1130 3284 genita
1157 3236 1311 3271 manet
1337 3241 1391 3271 ex
1418 3226 1551 3271 Patre
1570 3244 1593 3268 »
1630 3228 1767 3285 (idest
1798 3242 1914 3288 quae
1947 3239 2015 3275 est
2045 3243 2127 3288 per
2156 3242 2235 3289 ge-

269 3296 553 3339 nerationem
581 3304 812 3339 aeternam
840 3305 1026 3354 accepta
1053 3309 1078 3339 a
1106 3295 1276 3351 Patre),
1308 3312 1331 3336 «
1350 3306 1561 3340 naturam
1588 3307 1795 3343 nostram
1812 3312 1838 3343 a
1856 3308 2002 3344 matre
2019 3300 2116 3345 sine
2132 3313 2236 3360 pec·

272 3372 375 3407 cato
403 3363 600 3422 suscepit
618 3379 656 3407 ».

361 3431 645 3476 ΚεδΡοΝῡεο
673 3431 930 3484 dicendum,
950 3430 1085 3490 quod,
1103 3430 1220 3474 sicut
1237 3430 1409 3475 dictum
1427 3441 1494 3476 est
1517 3431 1616 3488 (art.
1634 3433 1813 3491 praec),
1833 3434 1878 3478 in
1900 3434 2041 3479 verbo
2065 3446 2236 3480 assum·

271 3499 453 3558 ptionis,
480 3498 559 3542 duo
587 3498 919 3555 significantur:
953 3498 1149 3542 scilicet:
1177 3500 1438 3558 principium
1463 3500 1669 3554 actionis,
1697 3510 1744 3544 et
1765 3502 2112 3561 terminus-ejus:
2136 3514 2236 3547 esse

272 3576 422 3611 autem
451 3566 774 3625 assumptionis
801 3565 1089 3626 principium,
1109 3566 1323 3611 convenit
1339 3576 1526 3611 naturae
1545 3567 1724 3612 divinae
1741 3568 1993 3614 secundum
2010 3569 2234 3629 seipsam;
