2352 3926
575 248 856 297 QUAESTIO
897 249 1028 291 xxx.
1069 249 1377 291 ARTICULUS
1415 249 1494 290 111.
1907 250 1939 290 2
1946 250 2013 305 59

8 371 10 373 ’
47 359 84 403 a!
102 356 336 403 tenebrosus
359 354 521 400 invasit
544 369 652 399 eum.
681 351 810 398 Talis
836 363 991 398 tamen
1014 353 1291 413 perturbatio
1308 354 1511 400 hominis
1533 368 1627 399 non
1644 362 1822 399 tantum
1839 352 2020 397 homini

0 448 7 458 ·=
48 426 201 477 nocet,
227 431 277 466 ut
301 431 487 483 propter
512 435 615 466 eam
641 420 803 465 debeat
829 420 1035 479 angelica
1060 421 1280 480 apparitio
1307 422 1631 479 praetermitti:
1651 420 2017 482 primoquidem,

1 528 3 530 .
49 489 155 551 quia
181 503 235 534 ex
260 489 352 533 hoc
379 489 480 547 ipso
507 487 630 548 quod
655 488 801 532 homo
824 501 960 546 supra
986 487 1187 546 seipsum
1214 488 1429 542 elevatur,
1457 490 1579 548 quod
1607 488 1662 534 ad
1690 490 1787 548 ejus
1822 489 2019 547 pertinet

0 594 2 596 ,
48 556 331 617 dignitatem,
358 569 461 616 pars
488 557 584 615 ejus
609 554 797 599 inferior
822 554 1106 607 debilitatur;
1134 569 1188 598 ex
1221 569 1311 613 quo
1345 556 1552 614 provenit
1581 555 1860 615 perturbatio
1894 567 2019 614 prae—

47 623 192 678 dicta3
218 623 337 668 sicut
362 623 503 668 etiam
530 621 682 667 calore
713 620 908 665 naturali
946 621 1003 665 ad
1036 620 1253 665 interiora
1290 622 1492 676 reducto,
1532 622 1757 668 exteriora
1790 632 2015 667 tremunt:

44 690 233 744 secundo,
268 690 388 749 quia,
414 691 532 734 sicut
559 689 749 748 Origen.
774 688 883 732 dicit
915 701 1050 746 super
1072 687 1183 732 Luc.
1215 688 1341 744 (hom.
1377 703 1418 745 4.
1455 691 1499 732 in
1522 690 1705 748 princ.).·
1750 705 1774 730 «
1808 687 2016 748 Angelus

0 761 2 776 ²
47 771 283 818 apparens,
310 757 458 801 sciens
490 757 611 801 hanc
645 769 745 800 esse
777 755 1030 799 humanam
1067 764 1294 808 naturam,
1331 756 1530 813 primum
1566 756 1895 815 perturbationi
1926 769 2019 800 me-

44 823 200 879 detur3
226 823 348 868 unde
373 833 470 868 tam
492 823 754 877 Zachariae,
773 836 911 882 quam
923 822 1095 866 Mariae
1112 830 1216 881 post
1233 822 1541 866 turbationem
1559 824 1690 867 dixit:
1707 824 1778 868 Ne
1795 823 1957 868 timeas
1976 838 2018 877 »3

0 938 3 951 f
48 901 94 937 et
117 901 302 951 propter
327 891 434 945 hoc,
461 902 509 935 ut
534 890 699 949 legitur
720 890 766 933 in
793 890 884 933 vita
911 889 1103 933 Antonii
1131 888 1194 945 (in
1228 889 1329 933 Vitis
1355 889 1532 933 Patrum
1549 890 1619 934 lib.
1636 906 1671 935 1.
1691 898 1780 949 cap.
1799 891 2016 948 18.),·non

46 957 241 1004 difficilis
259 967 326 1002 est
341 957 581 1001 beatorum
599 957 852 1016 spirituum,
874 955 1196 1015 malorumque
1223 955 1461 1001 discretio:
1482 957 1660 1000 sienim
1682 967 1786 1015 post
1801 959 2015 1001 timorem

45 1025 316 1083 successerit
351 1024 584 1084 gaudium,
622 1038 647 1067 a
679 1024 885 1068 Domino
927 1023 1105 1067 venisse
1141 1023 1340 1067 sciamus
1378 1023 1622 1067 auxilium:
1657 1024 1763 1082 quia
1798 1024 2016 1068 securitas

0 1080 9 1090 *
48 1092 229 1137 §nimae
261 1092 511 1151 praesentis
544 1091 793 1150 majestatis
824 1090 1043 1134 indicium
1078 1101 1170 1135 est:
1213 1091 1251 1134 si
1287 1100 1441 1135 autem
1477 1091 1659 1135 incussa
1690 1091 1890 1135 formido
1922 1106 2018 1151 per-

0 1153 10 1220 ξ
48 1161 278 1212 manserit,
305 1159 449 1204 hostis
470 1169 538 1203 est
564 1160 639 1217 qui
660 1159 861 1212 videtur3
888 1159 984 1217 ipsa
1011 1158 1151 1202 etiam
1177 1158 1372 1202 turbatio
1399 1158 1602 1217 Virginis
1630 1159 1909 1203 conveniens
1935 1158 2020 1202 fuit

0 1223 16 1279 ξ
47 1225 349 1271 verecundiae
370 1225 600 1283 virginali:
629 1227 748 1284 quia,
775 1235 824 1269 ut
850 1225 1062 1269 Ambros.
1090 1225 1199 1269 dicit
1225 1239 1359 1283 super
1385 1225 1559 1269 Lucam
1578 1226 1693 1285 (cap.
1719 1239 1756 1269 1.
1783 1233 1870 1285 sup.
1887 1226 2017 1270 illud:

0 1281 9 1312 ²
46 1293 104 1341 Et
126 1295 327 1352 ingressus
361 1294 561 1352 angelus),
603 1309 626 1334 (ι
651 1293 877 1352 trepidare
913 1293 1144 1350 virginum
1178 1302 1260 1346 est,
1296 1302 1341 1336 et
1376 1293 1431 1336 ad
1468 1307 1630 1337 omnes
1666 1293 1752 1336 viri
1786 1283 2018 1351 ingressus

0 1352 13 1378 ἓ
45 1373 226 1421 pavere,
255 1374 417 1405 omnes
442 1361 528 1404 viri
553 1359 714 1404 affatus
739 1360 886 1404 vereri
911 1375 959 1414 »3
987 1359 1173 1418 quidam
1199 1369 1354 1403 tamen
1382 1360 1550 1413 dicunt,
1578 1360 1701 1419 quod
1720 1374 1841 1403 xcurn
1875 1360 2016 1404 Beata

0 1409 18 1445 ’ἦ
46 1425 192 1486 Virgo
218 1436 397 1471 assueta
423 1437 543 1471 esset
565 1427 816 1471 visionibus
845 1426 1131 1484 angelorum,
1157 1441 1252 1470 non
1277 1427 1455 1471 turbata
1479 1427 1563 1471 fuit
1587 1427 1634 1471 in
1655 1427 1832 1471 visione
1851 1426 2018 1486 angeli,

0 1426 17 1562 {f
46 1494 126 1539 sed
153 1496 199 1538 in
222 1493 523 1538 admiratione
551 1507 727 1543 eorum,
751 1507 867 1552 quae
895 1493 937 1537 ei
965 1494 1018 1537 ab
1047 1493 1212 1552 angelo
1241 1494 1528 1548 dicebantur3
1556 1494 1661 1553 quia
1675 1494 1730 1538 de
1747 1509 1795 1538 se
1812 1504 1907 1538 tam
1925 1508 2019 1537 ma-

0 1559 215 1741 {gnifica
240 1575 335 1605 non
358 1560 612 1619 cogitabat:
640 1561 759 1604 unde
786 1570 832 1604 et
856 1559 1148 1619 Evangelista
1173 1575 1268 1604 non
1295 1561 1417 1616 dicit,
1444 1562 1567 1620 quod
1593 1562 1771 1606 turbata
1804 1561 1939 1606 fuerit
1970 1562 2017 1605 in

11 1638 23 1685 ζ
46 1627 224 1674 visione
251 1626 416 1688 angeli,
443 1628 519 1672 sed
547 1628 594 1672 in
619 1643 803 1673 sermone
828 1629 927 1686 ejus.

753 1783 1188 1841 ARTICULUS
1231 1784 1328 1841 IV.
1852 1822 1854 1824 >
1935 1802 2016 1862 167

123 1918 316 1959 UTRUM
348 1919 736 1958 ANNUNTIATm
773 1919 1150 1959 coquNIENn
1182 1918 1382 1959 FUERIT
1417 1921 1626 1960 ORDINE
1652 1900 1951 1963 PERFECTR.

14 2078 47 2092 ,Α
139 2029 217 2075 An
241 2042 480 2081 QUARTUM
516 2030 580 2075 sic
616 2029 890 2089 proceditur.
923 2028 1129 2085 Videtur,
1160 2030 1281 2089 quod
1318 2031 1603 2075 annuntiatio
1641 2034 1738 2091 ejus
1764 2047 1858 2077 non
1883 2033 2022 2079 fuerit

20 2097 342 2156 εζσοονεοίεοῐὶ
377 2097 538 2142 ordine
574 2096 804 2156 perfecta;
837 2097 1032 2156 dignitas
1067 2098 1191 2142 enim
1226 2098 1384 2142 Matris
1420 2099 1509 2142 Dei
1546 2099 1770 2158 dependet
1802 2114 1856 2145 ex
1887 2101 2019 2160 prole

14 2157 294 2226 ffloepta:
314 2164 392 2208 sed
410 2177 548 2208 causa
564 2164 687 2223 prius
703 2163 838 2208 debet
855 2163 1152 2218 manifestari,
1170 2179 1309 2223 quam
1333 2164 1542 2220 effectus;
1567 2179 1677 2225 ergo
1695 2167 1845 2225 primo
1867 2168 2022 2213 debuit

93 2256 96 2258 ·
118 2230 238 2285 elus
263 2229 443 2291 Virgini
479 2231 747 2276 annuntiare
785 2240 1064 2289 conceptum
1099 2231 1255 2289 prolis,
1283 2246 1423 2290 quam
1457 2233 1553 2291 eJus
1580 2234 1848 2292 dignitatem
1887 2249 2022 2295 expo—

18 2297 39 2357 >f
78 2300 81 2303 ‘
99 2326 111 2335 -
161 2330 175 2354 ‚
199 2312 304 2343 eam
330 2298 587 2343 salutando.

137 2375 179 2410 2.
204 2364 502 2411 PRAETEREA.
529 2365 747 2410 Probatio
775 2374 853 2409 aut
873 2364 1175 2424 praetermitti
1191 2364 1325 2409 debet
1340 2365 1387 2408 in
1403 2365 1475 2410 his
1497 2379 1613 2424 quae
1631 2365 1767 2410 dubia
1787 2381 1883 2411 non
1899 2377 2020 2423 sunt,

93 2440 131 2477 ·t
153 2432 382 2492 praemitti
406 2432 453 2476 in
478 2432 550 2477 his
577 2446 692 2491 quae
720 2432 854 2476 dubia
883 2446 981 2476 esse
1008 2442 1224 2491 possunt:
1251 2432 1331 2475 sed
1360 2432 1548 2491 angelus
1574 2433 1723 2492 primo
1745 2433 1925 2478 videtur
1948 2449 2023 2478 an-

35 2517 130 2537 wau·
153 2497 277 2543 :asse
303 2499 364 2554 id,
391 2499 446 2542 de
473 2513 564 2558 quo
591 2498 737 2558 Virgo
770 2498 1008 2552 dubitaret,
1046 2509 1090 2543 et
1124 2499 1376 2543 dubitando
1410 2510 1663 2559 quaereret,
1701 2500 1877 2545 dicens:
1908 2503 2023 2559 Quo-

30 2574 71 2627 if
103 2586 160 2602 m·
189 2566 264 2624 fiet
288 2565 397 2610 istud
414 2567 435 2610 ?
461 2574 505 2609 et
531 2574 690 2623 postea
716 2565 1040 2623 probationem
1068 2565 1285 2624 adjunxit,
1319 2576 1417 2610 tum
1446 2581 1501 2611 ex
1529 2566 1740 2626 exemplo
1774 2567 2021 2623 Elisabeth,

20 2634 150 2687 ’,ἔίη
169 2646 223 2678 ex
243 2632 333 2677 Dei
350 2632 682 2692 omnipotentia
698 2647 710 2686 ;
734 2645 845 2690 ergo
863 2633 1207 2677 inconvenienti
1223 2633 1383 2678 ordine
1404 2635 1689 2679 annuntiatio
1706 2649 1787 2694 per
1804 2635 2021 2695 angelum

41 2706 60 2752 ᾗ
72 2702 122 2743 '‘t
142 2696 317 2744 effecta.
649 2740 655 2745 .

21 2789 23 2791 ·
45 2763 81 2795 ἓ·
145 2778 183 2825 3.
209 2765 506 2811 Pmmmnm.
530 2765 678 2824 Maius
694 2778 789 2809 non
807 2773 958 2824 potest
983 2763 1166 2824 probari
1183 2763 1461 2809 sufficienter
1482 2780 1561 2824 per
1578 2767 1752 2812 minus:
1777 2769 1855 2813 sed
1875 2771 2023 2827 majus

49 2843 54 2851 '
105 2831 117 2843 '
161 2831 401 2892 Virginem
426 2846 599 2892 parere,
621 2846 760 2893 quam
782 2831 985 2876 vetulam
1003 2846 1016 2886 ;
1043 2845 1153 2891 ergo
1176 2845 1271 2876 non
1293 2831 1378 2877 fuit
1398 2831 1629 2878 sufficiens
1646 2833 1855 2892 probatio
1874 2836 2026 2893 angeli

118 2901 284 2944 ·an··tis
312 2909 589 2959 conceptum
615 2899 817 2958 Virginis
844 2912 898 2943 ex
921 2907 1147 2958 conceptu
1173 2899 1307 2943 senis.

141 2964 240 3011 Sto
265 2978 462 3012 coum
485 2976 566 3021 est,
591 2966 715 3026 quod
742 2966 906 3010 dicitur
929 2965 1068 3010 Rom.
1101 2978 1188 3021 13.:
1225 2967 1346 3023 Quae
1372 2981 1398 3011 a
1424 2967 1517 3012 Deo
1542 2973 1651 3021 sunt,
1679 2968 1875 3013 ordinata
1899 2974 2018 3013 sunt:

8 3072 18 3092 3
85 3056 105 3065 ‹·
127 3030 246 3085 elus
271 3042 423 3077 autem
450 3033 616 3078 missus
638 3042 710 3078 est
735 3047 762 3077 a
785 3033 890 3078 Deo
914 3033 971 3078 ad
991 3033 1099 3086 hoc,
1119 3033 1242 3091 quod
1264 3033 1444 3091 Virgini
1467 3035 1768 3088 annuntiaret,
1791 3045 1839 3080 ut
1860 3035 2024 3079 dicitur

101 3111 174 3143 uc.
202 3111 265 3153 1.;
291 3113 401 3158 ergo
428 3100 766 3145 ordinatissime
792 3098 877 3144 fuit
903 3099 1189 3143 annuntiatio
1216 3115 1297 3159 per
1324 3100 1539 3159 angelum
1568 3101 1811 3160 completa.

78 3160 83 3211 J
146 3163 434 3212 Rnsronnsso
455 3166 716 3221 dicendum,
742 3167 866 3226 quod
894 3169 1178 3211 annuntiatio
1203 3181 1409 3226 congruo
1437 3169 1595 3212 ordine
1618 3182 1697 3227 per
1720 3167 1935 3227 angelum
1959 3178 2026 3213 est

105 3260 116 3264 *v
184 3240 289 3288 cmg
315 3235 400 3278 tria
425 3233 548 3278 enim
578 3234 766 3292 angelus
794 3234 1055 3278 intendebat
1082 3234 1203 3278 circa
1229 3233 1492 3293 Virginem:
1527 3237 1671 3294 primo
1704 3235 1888 3293 quidem
1928 3236 2023 3279 red-

77 3295 125 3362 93⁴
143 3310 168 3342 e
193 3309 395 3344 mentem
418 3301 514 3358 ejus
537 3309 757 3345 attentam
781 3301 837 3344 ad
860 3310 1012 3345 tantae
1030 3301 1095 3344 rei
1113 3301 1543 3354 considerationem,
1561 3302 1683 3360 quod
1702 3301 1885 3359 quidem
1903 3300 2024 3355 fecit,

112 3388 152 3403 »ιι
189 3364 427 3411 salutando
454 3367 651 3426 quadam
677 3380 815 3421 nova,
842 3377 887 3412 et
913 3368 1098 3412 insolita
1124 3367 1417 3413 salutatione:
1442 3369 1561 3411 unde
1596 3368 1724 3426 Orig.
1753 3367 1862 3411 dicit
1887 3382 2021 3427 super

27 3464 42 3493 ¹„
116 3443 239 3475 ·cam
272 3432 401 3488 (bom.
429 3433 471 3478 6.
504 3447 530 3478 a
555 3433 702 3491 med),
735 3434 858 3493 quod
899 3450 923 3476 «
945 3435 983 3478 si
1015 3435 1234 3488 scivisset,
1269 3435 1325 3479 ad
1353 3435 1493 3479 alium
1533 3435 1795 3493 quempiam
1827 3435 2026 3480 similem

34 3500 53 3511 ““’
148 3516 151 3518 ·
186 3495 357 3543 factum
384 3513 663 3554 sermonem,
685 3507 843 3561 utpote
870 3514 986 3559 quae
1012 3501 1210 3545 habebat
1235 3501 1351 3561 legis
1383 3500 1636 3553 scientiam,
1663 3514 1896 3559 nunquam
1920 3515 2023 3546 eam

176 3563 190 3608 i
214 3564 449 3624 peregrina
474 3565 578 3610 talis
604 3565 816 3611 salutatio
846 3570 1075 3613 terruisset
1097 3584 1150 3623 >›;
1181 3570 1229 3613 in
1261 3583 1349 3628 qua
1376 3567 1559 3627 quidem
1593 3567 1866 3614 salutatime
1898 3584 2024 3628 prae-

28 3624 190 3704 μυί
208 3629 504 3678 idoneitatem
524 3634 620 3692 ejus
637 3633 692 3678 ad
712 3643 988 3694 conceptum
1004 3636 1050 3680 in
1066 3635 1157 3680 hoc
1175 3635 1298 3695 quod
1316 3635 1424 3680 dixit
1442 3649 1452 3678 :
1475 3634 1629 3679 Gratia
1636 3635 1765 3695 plena
1773 3650 1790 3689 ;
1810 3637 2026 3696 expressit
