2352 3926
588 239 862 286 QUAESTIO
901 239 1093 279 xxvm.
1133 238 1442 280 ARTICULUS
1482 237 1559 277 111.
1948 236 2056 292 249

7 356 26 366 ξ
144 368 146 371 ’
188 343 266 388 An
282 354 509 395 QUINTUM
534 341 793 396 dicendum,
818 341 941 401 quod
978 341 1255 401 «quidam»
1292 341 1408 387 sicut
1439 341 1750 400 Hieronymus
1782 338 1891 384 dicit
1923 352 2060 398 super

4 423 30 460 *zi
97 409 461 470 Matth.(cap.12.
477 417 564 468 sup.
582 408 686 453 illud
697 425 711 453 .·
728 409 834 453 Ecce
847 410 988 453 Mater
1003 409 1111 467 ejus)
1132 408 1328 453 «fratres
1346 408 1538 452 Domini
1555 408 1610 452 de
1629 405 1718 452 Δία
1733 420 1875 451 uxore
1886 405 2059 464 Joseph

6 467 29 536 ᾖ
99 475 219 521 filios
243 477 551 535 suspicantur:
577 489 662 520 nos
689 485 843 519 autem
868 475 1027 519 fratres
1059 476 1266 528 Domini,
1298 490 1392 518 non
1426 474 1544 518 filios
1571 473 1757 533 Joseph,
1791 473 1870 518 sed
1904 485 2066 516 conso-

99 543 255 589 brinos
281 542 530 588 Salvatoris
555 543 727 587 Mariae
754 552 1022 587 materterae
1056 542 1247 586 Domini
1279 541 1446 585 liberos
1478 541 1776 600 intelligimus
1801 555 1854 595 »3
1885 545 2066 599 quatuor

102 611 227 656 enim
251 610 401 655 modis
425 610 472 654 in
500 609 742 668 Scripturis
767 608 926 654 fratres
954 609 1176 663 dicuntur,
1204 607 1379 652 scilicet
1403 614 1572 662 natura,
1594 614 1722 667 gente,
1746 608 2003 667 cognatione,
2022 615 2067 650 et

99 678 272 737 affectu.-
305 676 425 721 unde
457 675 616 721 fratres
652 676 845 720 Domini
879 676 986 720 dicti
1022 685 1141 730 sunt,
1177 690 1271 719 non
1308 668 1563 719 securidum
1596 686 1821 729 naturam,
1855 673 1985 734 quasi
2011 673 2064 716 ab

0 726 18 790 i
101 744 263 791 eadem
289 754 433 789 matre
459 744 567 798 nati,
589 744 668 788 sed
690 743 942 788 secundum
971 743 1314 802 cognationem,
1341 742 1471 800 quasi
1498 741 1828 800 consanguinei
1855 742 1950 799 ejus
1977 739 2067 784 exi-

0 807 17 836 ‘2
101 811 465 870 stentes.Joseph
483 820 650 864 autem,
660 811 776 855 sicut
794 810 1104 869 Hieronymus
1124 809 1231 853 dicit
1248 818 1407 852 contra
1421 807 1683 852 Helvidium
1705 809 1816 868 (cap.
1834 823 1874 867 9.
1894 810 1938 851 in
1954 808 2065 866 fin),

0 902 15 950 ξ
106 895 132 921 α
152 878 299 938 magis
339 878 591 923 credendus
618 888 684 922 est
709 877 840 936 virgo
866 876 1192 936 permansisse;
1219 876 1324 935 quia
1352 875 1489 919 aliam
1516 890 1707 920 uxorem
1734 875 1946 920 habuisse
1971 888 2066 919 non

0 952 11 1005 ξ
101 945 323 1001 scribitur,
350 955 396 990 et
419 945 661 990 fornicatio
688 945 734 988 in
760 954 971 988 sanctum
998 944 1147 988 virum
1173 957 1268 987 non
1295 942 1416 986 cadit
1437 959 1482 986 n.

0 1053 8 1073 ξ
187 1013 269 1059 ἈΒ
294 1025 487 1059 SEXTUM
512 1012 771 1066 dicendum,
798 1011 920 1070 quod
946 1011 1107 1065 Maria,
1134 1024 1250 1070 quae
1277 1010 1440 1054 dicitur
1455 1009 1617 1067 Jacobi
1648 1019 1692 1054 et
1711 1009 1884 1068 Joseph
1906 1018 2067 1064 mater,

0 1085 10 1133 ἱ
102 1094 198 1126 non
221 1079 489 1139 intelligitur
514 1094 611 1124 esse
638 1088 783 1123 mater
808 1078 1015 1133 Domini,
1042 1092 1159 1137 quae
1183 1078 1231 1121 in
1258 1076 1511 1136 Evangelio
1538 1091 1634 1121 non
1661 1076 1900 1121 consuevit
1920 1076 2066 1120 nomi-

0 1142 21 1213 }
100 1147 204 1194 nari
232 1147 322 1193 nisi
352 1161 459 1192 cum
491 1146 896 1206 cognominatione
927 1146 1062 1204 hujus
1095 1144 1340 1204 dignitatis,
1373 1144 1497 1204 quod
1528 1144 1587 1189 sit
1618 1154 1765 1189 mater
1790 1144 1922 1203 Jesu;
1953 1143 2068 1187 haec

0 1214 29 1325 ξ
103 1225 256 1262 autem
280 1215 428 1260 Maria
451 1214 717 1274 intelligitur
750 1228 848 1259 esse
880 1227 995 1258 uxor
1019 1212 1233 1272 Alphaei,
1267 1214 1394 1272 cujus
1427 1212 1546 1257 filius
1578 1222 1646 1258 est
1670 1212 1869 1272 Jacobus
1902 1211 2069 1266 minor,

0 1272 26 1400 ἓ
103 1282 183 1344 qui
205 1282 352 1328 dictus
378 1291 446 1328 est
469 1281 607 1327 frater
632 1281 838 1326 Domini.

811 1458 1246 1516 ARTICULUS
1282 1458 1379 1514 IV.
1990 1468 2066 1515 161

458 1594 650 1633 UTRUM
681 1594 864 1632 MATER
898 1595 991 1632 Dm
1019 1594 1423 1632 VIRGINITATEM
1455 1592 1717 1631 vovmu‘r.

554 1705 619 1762 (4.
646 1705 759 1749 Dist.
782 1719 849 1763 30.
875 1719 913 1763 q.
939 1719 980 1749 2.
1008 1710 1088 1750 art.
1115 1720 1151 1750 1.
1178 1720 1216 1763 q.
1243 1720 1282 1750 1.
1308 1711 1347 1749 et
1371 1704 1524 1749 Matth.
1551 1705 1624 1762 L).

24 1861 28 1873 ξ
195 1817 272 1862 AD
304 1830 542 1868 QUARTUM
568 1817 632 1861 sic
655 1817 927 1876 proceditur.
955 1818 1159 1871 Videtur,
1187 1817 1310 1877 quod
1336 1817 1484 1862 Mater
1515 1817 1604 1861 Dei
1635 1816 1941 1875 virginitatem
1975 1830 2069 1860 non

107 1884 309 1929 voverit:
343 1883 506 1928 dicitur
532 1885 654 1928 enim
681 1885 866 1928 Deuter.
902 1898 966 1943 7.:
994 1886 1092 1929 Non
1118 1887 1196 1930 erit
1217 1885 1328 1945 apud
1355 1892 1389 1929 te
1409 1885 1558 1929 sterilis
1583 1886 1795 1943 utriusque
1820 1899 1960 1928 sexus:
1987 1893 2074 1928 ste·

19 1945 51 2010 3⁴]
109 1951 252 1996 rilitas
288 1962 442 1996 autem
478 1951 680 2010 sequitur
713 1951 1052 2010 virginitatem;
1096 1967 1206 2011 ergo
1242 1953 1440 1997 servatio
1475 1952 1744 2011 virginitatis
1783 1961 1879 1996 erat
1914 1961 2074 1996 contra

109 2028 404 2081 praeceptum
428 2019 592 2062 veteris
629 2018 766 2077 legis:
804 2018 883 2063 sed
920 2019 1069 2063 adhuc
1106 2019 1179 2065 lex
1215 2030 1344 2064 vetus
1379 2020 1575 2064 habebat
1610 2029 1793 2073 statum,
1827 2029 2074 2078 antequam

109 2084 319 2132 Christus
343 2095 632 2141 nasceretur;
665 2100 774 2145 ergo
801 2100 896 2130 non
922 2086 1070 2145 potuit
1089 2086 1211 2131 licite
1239 2087 1378 2131 Beata
1405 2086 1550 2145 Virgo
1572 2101 1740 2131 vovere
1766 2086 2075 2146 virginitatem

82 2197 90 2211 ᾖ,
107 2167 192 2213 pro
218 2162 425 2212 tempore
451 2151 546 2196 illo.

43 2264 86 2281 ξ,
198 2233 240 2265 2.
266 2219 564 2265 PRAETEREA.
592 2219 844 2279 Apostolus
876 2233 911 2264 1.
931 2220 986 2264 ad
1010 2220 1220 2265 Corinth.
1241 2234 1281 2279 7.
1300 2221 1429 2266 dicit:
1456 2221 1524 2265 De
1549 2222 1784 2279 virginibus
1806 2228 2078 2280 autemprae-

34 2282 267 2352 ssgsQtum
292 2287 473 2332 Domini
492 2301 576 2331 non
601 2287 743 2340 habeo,
771 2287 991 2332 consilium
1017 2294 1154 2333 autem
1175 2288 1253 2333 do:
1277 2288 1354 2332 sed
1382 2287 1600 2347 perfectio
1633 2289 1813 2332 consilii
1839 2303 1865 2332 a
1889 2288 2075 2333 Christo

110 2346 265 2400 debuit
287 2353 509 2408 inchoari,
535 2353 613 2413 qui
639 2364 707 2398 est
731 2353 832 2398 finis
859 2354 989 2414 legis,
1017 2365 1065 2399 ut
1087 2354 1340 2415 Apostolus
1367 2356 1476 2399 dicit
1500 2356 1698 2401 Roman.
1731 2370 1821 2411 10.;
1846 2370 1942 2400 non
1965 2369 2075 2414 ergo

41 2410 90 2482 ²24,
114 2420 393 2467 conveniens
418 2420 516 2475 fuit,
545 2421 667 2480 quod
694 2421 835 2466 Beata
859 2420 1004 2481 Virgo
1026 2434 1186 2467 votum
1212 2423 1483 2481 virginitatis
1512 2423 1751 2467 emitteret.

204 2502 242 2548 3.
268 2487 564 2533 PRAETEREA.
595 2487 763 2532 Glossa
794 2489 1040 2547 Augustini
1072 2490 1180 2534 dicit
1218 2503 1253 2534 1.
1287 2490 1343 2533 ad
1378 2489 1584 2534 Timoth.
1618 2503 1653 2548 5.
1683 2490 1789 2550 (sup.
1821 2490 1950 2535 illud:
1982 2490 2078 2534 Ha-

50 2550 245 2615 Jsst‘benm
271 2554 599 2610 damnationem,
624 2562 716 2611 ete„
744 2562 779 2600 et
804 2556 898 2601 hab.
924 2558 970 2600 in
996 2557 1066 2601 lib.
1094 2557 1140 2602 de
1166 2559 1280 2602 Bono
1317 2558 1470 2602 Vidiut.
1498 2566 1587 2618 cap.
1606 2573 1631 2617 9
1637 2559 1686 2616 .)‚
1715 2557 1837 2616 quod
1868 2574 1891 2599 «
1913 2572 2080 2602 voven-

59 2621 230 2681 Qtibus
257 2621 512 2667 castitatem
538 2636 632 2666 non
660 2622 811 2667 solum
838 2624 1024 2678 nubere,
1051 2625 1130 2669 sed
1158 2625 1296 2669 etiam
1322 2624 1441 2669 velle
1468 2626 1638 2669 nubere
1665 2625 1924 2669 damnabile
1951 2638 2020 2670 est
2035 2641 2076 2670 »ε

70 2713 89 2746 ,η
112 2689 193 2736 sed
217 2699 366 2734 mater
389 2688 563 2734 Christi
587 2688 766 2734 nullum
793 2701 1034 2749 peccatum
1067 2691 1327 2736 damnabile
1356 2692 1604 2746 commisit,
1631 2702 1680 2736 ut
1705 2707 1840 2752 supra
1870 2692 2078 2737 habitum

117 2765 186 2802 ωε
208 2756 269 2816 (q.
295 2771 364 2816 27.
390 2763 472 2802 art.
497 2759 559 2815 4.)
573 2773 590 2810 ;
619 2771 725 2801 cum
752 2772 862 2816 ergo
896 2757 1169 2818 desponsata
1202 2758 1351 2814 fuerit,
1375 2769 1424 2804 ut
1455 2760 1648 2804 habetur
1670 2759 1781 2803 Luc.
1814 2773 1865 2815 1.,
1887 2760 2077 2814 videtur,

67 2823 237 2884 quod
261 2823 359 2883 ipsa
383 2823 653 2883 virginitatis
679 2834 840 2869 votum
865 2839 960 2869 non
987 2826 1200 2870 emiserit.

56 2890 153 2956 ᾖξέζ
205 2889 300 2936 SED
334 2903 530 2936 CONTRA
567 2901 649 2945 est,
683 2891 804 2950 quod
837 2891 1120 2950 Augustinus
1155 2893 1263 2937 dicit
1298 2893 1345 2937 in
1372 2893 1488 2938 libro
1524 2893 1580 2938 de
1608 2893 1778 2939 Sancta
1808 2893 2077 2952 Virginitate

60 2955 229 3025 {53:(cap.
244 2970 286 3015 4.
309 2959 385 3003 cir.
406 2958 586 3017 princ.):
609 2974 632 2999 «
650 2958 954 3003 Annuntianti
970 2959 1152 3018 Angelo
1176 2961 1322 3004 Maria
1338 2961 1597 3020 respondit:
1626 2961 1844 3018 Quomodo
1856 2962 1930 3020 fiet
1951 2961 2075 3014 istud,

61 3026 315 3086 ῑζιςιιοηὶανη
337 3026 481 3069 virum
506 3040 589 3069 non
616 3027 851 3084 cognosco?
882 3026 1004 3085 quod
1043 3026 1250 3086 profecto
1276 3042 1371 3072 non
1398 3028 1583 3083 diceret,
1609 3028 1696 3072 nisi
1722 3028 1844 3087 prius
1869 3042 1918 3071 se
1943 3027 2078 3086 virgi-

108 3102 227 3152 nem
252 3091 354 3135 Deo
380 3091 582 3136 vovisset
606 3108 648 3137 ».

71 3165 110 3221 {J
196 3156 491 3205 RESPONDEO
523 3157 782 3213 dicendum,
809 3159 946 3218 quod,
980 3161 1096 3205 sicut
1121 3161 1166 3204 in
1200 3174 1239 3206 2.
1267 3161 1472 3206 habitum
1501 3172 1570 3206 est
1595 3163 1656 3219 (2-
1658 3177 1696 3207 2.
1724 3177 1762 3220 q.
1796 3162 1864 3206 88.
1885 3167 1967 3206 art.
1996 3161 2025 3206 6
2028 3162 2078 3219 )‚

61 3221 405 3297 *fpetfectloms
439 3239 578 3284 opera
610 3226 758 3284 magis
792 3236 895 3270 sunt
926 3226 1183 3282 laudabilia,
1210 3229 1248 3272 si
1281 3244 1335 3273 ex
1356 3239 1467 3273 voto
1502 3228 1811 3273 celebrentur:
1844 3228 2078 3286 virginitas

64 3280 119 3349 25³4
147 3299 272 3336 utem
300 3291 348 3335 in
378 3292 522 3337 Matre
550 3293 638 3337 Dei
664 3293 904 3353 praecipue
938 3294 1090 3338 debuit
1122 3295 1309 3354 pollere,
1337 3305 1384 3339 ut
1418 3311 1471 3340 ex
1498 3310 1631 3354 supra
1665 3295 1794 3338 dictis
1827 3294 2078 3338 rationibus

65 3362 242 3422 :spatet
272 3356 372 3413 (art.
404 3374 440 3404 1.
480 3359 566 3417 huj.
599 3360 688 3417 q),
732 3369 776 3404 et
814 3359 918 3405 ideo
957 3362 1235 3406 conveniens
1272 3362 1368 3416 fuit,
1407 3372 1456 3406 ut
1487 3362 1720 3420 virginitas
1753 3363 1850 3418 ejus
1883 3375 1936 3404 ex
1967 3371 2078 3405 voto

66 3422 240 3491 {fimet
259 3422 363 3468 Deo
390 3435 675 3470 consecrata:
702 3441 861 3470 verum
889 3427 994 3486 quia
1021 3437 1229 3486 tempore
1262 3429 1375 3487 legis
1399 3428 1639 3487 oportebat
1671 3427 1954 3501 generationi
1979 3427 2083 3472 insi-

100 3495 240 3536 utere
268 3498 364 3534 tam
399 3490 626 3545 mulieres,
661 3506 799 3550 quam
820 3492 959 3547 viros,
985 3494 1091 3553 quia
1117 3495 1370 3539 secundum
1398 3495 1544 3538 carnis
1571 3494 1797 3552 originem
1824 3493 1970 3539 cultus
1992 3494 2081 3539 Dei

84 3556 467 3624 propagabatur,
494 3569 739 3617 antequam
764 3572 820 3603 ex
844 3558 925 3604 illo
952 3560 1123 3619 populo
1152 3561 1361 3605 Christus
1389 3570 1662 3614 nasceretur,
1696 3560 1842 3604 Mater
1874 3561 1962 3605 Dei
1986 3575 2080 3605 non

71 3615 332 3678 creditur,
359 3632 603 3682 antequam
629 3624 980 3683 desponsaretur
994 3626 1181 3685 Joseph,
1208 3626 1415 3672 absolute
1442 3626 1748 3685 virginitatem
1769 3627 1974 3700 vovisse:
2001 3628 2080 3673 sed
2131 3646 2137 3651 ·
