2352 3926
620 153 899 201 Quansrto
940 152 1160 192 Lxxxvt.
1201 151 1510 192 Anncutus
1550 151 1621 190 ιν.
1992 134 2096 206 805

824 356 1275 415 ,ARTICULUS
1317 356 1412 413 1v.
1655 415 1660 417 t
2019 386 2101 434 529

465 493 678 545 UTRUM,
717 493 944 534 REMISSA
984 493 1164 533 CULPA
1202 493 1302 532 PER
1332 492 1771 544 POENITENTIAM,

710 575 1004 615 REMANEAT
1037 574 1248 614 REATUS
1288 574 1524 614 POENAE.

209 683 355 745 (Supr.
382 698 420 744 q.
449 685 519 745 67.
545 692 627 731 art.
649 700 686 746 3.
713 685 768 731 ad
788 700 824 745 3.
850 691 887 731 et
911 699 950 745 q.
978 685 1051 745 69.
1076 691 1157 730 art.
1184 700 1249 731 10.
1275 684 1331 729 ad
1349 700 1386 745 3.
1413 691 1451 730 et
1475 697 1519 742 4.
1543 685 1656 730 Dist.
1683 699 1726 743 4.
1752 700 1791 745 q.
1818 699 1858 732 2.
1886 692 1967 731 art.
1995 703 2030 733 I.

763 758 803 798 et
821 753 941 798 Rom.
958 767 1018 797 ιι.
1041 751 1113 797 lib.
1131 765 1174 809 4.
1190 758 1228 797 et
1243 751 1375 797 Hebr.
1395 751 1436 798 6.
1435 752 1476 810 ).

228 864 306 910 An
333 878 569 916 QUARTUM
595 866 658 910 sic
684 864 957 924 proceditur.
990 863 1195 919 Videtur,
1226 864 1364 923 quod,
1391 865 1582 910 remissa
1608 865 1741 925 culpa
1766 880 1847 926 per
1871 867 2102 926 poeniten·

136 930 265 985 tiam,
290 945 384 994 Qn
412 942 647 977 remaneat
670 941 822 976 reatus
843 943 1041 990 poenae;
1068 941 1246 976 remota
1272 932 1395 975 enim
1422 945 1574 986 causa,
1601 943 1863 977 removetur
1891 933 2100 979 effectus:

137 997 218 1044 sed
244 995 378 1057 culpa
404 1009 472 1043 est
498 1012 636 1043 causa
659 1009 811 1043 reatus
831 1011 1031 1058 poenae;
1057 998 1162 1043 ideo
1190 998 1314 1043 enim
1341 1009 1409 1043 est
1435 998 1596 1058 aliquis
1624 1000 1787 1059 dignus
1809 1015 1972 1060 poena,
1995 1003 2101 1062 quia

139 1064 324 1124 culpam
350 1065 608 1119 commisit3
634 1078 744 1124 ergo
770 1065 960 1109 remissa
987 1064 1135 1124 culpa,
1161 1079 1255 1109 non
1281 1075 1432 1125 potest
1463 1079 1699 1111 remanere
1732 1078 1882 1112 reatus
1907 1082 2100 1127 poenae.

226 1143 269 1177 2.
295 1132 594 1177 PRAETEREA.
623 1131 753 1176 Sicut
769 1131 1022 1191 Apostolus
1034 1132 1142 1177 dicit
1159 1132 1295 1176 Rom.
1317 1146 1368 1191 5.‚
1388 1133 1559 1177 donum
1581 1133 1755 1178 Christi
1772 1144 1839 1179 est
1855 1134 2101 1190 efficacius,

137 1212 276 1258 quam
301 1206 568 1257 peccatum:
594 1198 674 1244 sed
700 1198 936 1258 peccando
964 1199 1110 1243 homo
1137 1199 1274 1243 simul
1294 1199 1483 1244 incurrit
1511 1199 1708 1258 culpam,
1736 1211 1781 1245 et
1805 1215 1982 1260 poenae
2008 1217 2104 1247 rea·

136 1274 260 1320 tum3
289 1279 399 1324 ergo
426 1265 574 1311 multo
600 1266 749 1325 magis
775 1280 857 1325 per
881 1266 1055 1310 donum
1072 1267 1245 1325 gratiae
1269 1266 1409 1311 simul
1432 1268 1674 1312 remittitur
1690 1267 1838 1326 culpa,
1860 1279 1906 1314 et
1929 1269 2104 1315 tollitur

136 1346 313 1393 poenae
339 1342 504 1377 reatus.

230 1413 269 1459 3.
295 1399 594 1445 PRAETEREA.
627 1400 858 1446 Remissio
885 1410 1182 1461 peccatorum
1208 1400 1260 1446 fit
1283 1401 1329 1446 in
1354 1402 1635 1461 poenitentia
1655 1415 1736 1462 per
1761 1402 1978 1447 virtutem
2003 1417 2102 1463 pas·

137 1466 294 1521 sionis,
321 1467 574 1512 secundum
601 1467 712 1512 illud
738 1468 874 1512 Rom.
906 1482 967 1527 3.:
1000 1469 1138 1525 Quem
1160 1470 1379 1528 proposuit
1396 1469 1510 1513 Deus
1518 1471 1861 1528 propitiatorem,
1884 1477 1964 1530 per
1978 1469 2102 1529 fidem

136 1534 182 1578 in
213 1535 415 1593 sanguine
449 1536 590 1594 ipsius,
622 1542 798 1595 propter
832 1537 1116 1580 remissionem
1145 1535 1482 1595 praecedentium
1518 1535 1789 1581 delictorum:
1830 1537 1912 1589 sed
1950 1537 2103 1597 passio

139 1599 312 1646 Christi
329 1611 398 1646 est
413 1600 691 1646 sufficienter
715 1601 1018 1646 satisfactoria
1043 1616 1127 1661 pro
1154 1602 1366 1646 omnibus
1387 1602 1602 1661 peccatis,
1621 1612 1670 1646 ut
1690 1617 1825 1662 supra
1842 1603 2015 1648 dictum
2036 1615 2105 1649 est

137 1668 199 1727 (q.
218 1669 290 1725 48.
317 1675 357 1714 et
385 1683 458 1726 49.
480 1675 520 1714 et
549 1684 588 1728 q.
616 1682 685 1729 79.
718 1675 803 1714 art.
826 1671 884 1729 5.)
898 1684 916 1723 ;
950 1683 1045 1713 non
1072 1683 1182 1728 ergo
1215 1679 1320 1728 post
1349 1669 1672 1714 remissionem
1705 1670 1866 1729 culpae
1897 1681 2105 1716 remanet

139 1734 302 1795 aliquis
327 1747 478 1780 reatus
503 1749 695 1795 poenae.

227 1801 323 1847 sno
356 1815 553 1848 CONTRA
585 1813 667 1857 est,
700 1803 823 1863 quod
856 1816 897 1848 2.
930 1803 1043 1862 Reg.
1082 1816 1147 1847 12.
1181 1803 1357 1858 dicitur,
1391 1805 1514 1863 quod
1549 1818 1656 1848 cum
1681 1803 1831 1848 David
1863 1805 2104 1863 poenitens

141 1868 326 1914 dixisset
351 1869 407 1913 ad
432 1870 640 1915 Nathan:
667 1871 846 1916 Peccavi
866 1871 1073 1925 Domino,
1096 1870 1206 1915 dixit
1230 1871 1415 1915 Nathan
1439 1872 1495 1915 ad
1523 1870 1674 1916 illum:
1708 1872 1921 1917 Dominus
1946 1887 2104 1933 quoque

140 1937 352 1982 transtulit
368 1943 584 1997 peccatum
603 1945 720 1983 tuum
731 1952 748 1991 ,·
766 1953 850 1983 non
871 1939 1065 1984 morieris
1074 1953 1091 1991 ‚·
1113 1945 1400 1983 verumtamen
1406 1938 1538 1998 filius,
1565 1941 1638 1998 qui
1652 1945 1773 1984 natus
1788 1945 1845 1984 est
1860 1940 1951 1994 tibi,
1973 1947 2105 1985 morte

137 2005 356 2058 morietur,
380 2004 502 2063 quod
527 2003 612 2049 fuit
636 2005 683 2048 in
708 2018 907 2064 poenam
933 2004 1244 2064 praecedentis
1272 2005 1464 2064 peccati,
1490 2015 1539 2049 ut
1563 2005 1732 2050 ibidem
1759 2006 1943 2060 dicitur3
1971 2020 2099 2066 ergo,

140 2071 332 2115 remissa
348 2070 496 2130 culpa,
513 2081 720 2116 remanet
744 2082 895 2116 reatus
919 2071 1109 2130 alicujus
1131 2086 1323 2130 poenae.

228 2136 519 2183 Responnno
552 2138 812 2192 dicendum,
839 2138 977 2197 quod,
1003 2139 1122 2183 sicut
1151 2139 1197 2182 in
1230 2151 1270 2183 2.
1296 2139 1502 2183 habitum
1531 2149 1599 2183 est
1629 2140 1729 2197 (1-2.
1758 2154 1796 2198 q.
1823 2140 1891 2199 87.
1917 2145 1999 2184 art.
2024 2141 2103 2197 4.),

138 2204 186 2248 in
210 2214 402 2264 peccato
430 2203 615 2248 mortali
640 2214 745 2249 sunt
769 2205 865 2259 duo,
894 2204 1069 2250 scilicet
1093 2207 1258 2250 aversio
1291 2205 1346 2249 ab
1374 2205 1742 2250 incommutabili
1773 2207 1912 2261 bono,
1939 2216 1984 2251 et
2009 2221 2106 2251 con·

138 2273 274 2317 versio
302 2271 358 2315 ad
385 2270 714 2316 commutabile
731 2271 906 2316 bonum
922 2272 1194 2317 inordinata.
1221 2273 1287 2316 Ex
1313 2283 1439 2331 parte
1457 2287 1569 2333 ergo
1587 2274 1838 2318 aversionis
1862 2274 1915 2318 ab
1933 2273 2107 2318 incom-

142 2337 350 2384 mutabili
374 2339 498 2382 bono
526 2339 821 2398 consequitur
846 2349 1089 2398 peccatum
1116 2339 1311 2384 mortale
1329 2351 1479 2384 reatus
1505 2354 1682 2399 poenae
1710 2350 1936 2396 aeternae,
1959 2350 2008 2385 ut
2029 2341 2107 2400 qui

146 2415 305 2450 contra
332 2415 565 2451 aeternum
593 2406 768 2451 bonurn
785 2407 1006 2466 peccavit,
1033 2407 1078 2450 in
1107 2408 1339 2451 aeternum
1359 2403 1592 2466 puniatur:
1620 2421 1676 2452 ex
1701 2418 1827 2467 parte
1845 2408 1984 2452 etiam
2003 2422 2107 2452 con-

139 2472 361 2518 versionis
379 2473 434 2517 ad
451 2473 626 2518 bonum
653 2473 996 2528 commutabile,
1021 2474 1293 2533 inquantum
1316 2485 1384 2519 est
1400 2474 1673 2528 inordinata,
1697 2475 1990 2534 consequitur
2006 2488 2107 2532 pec-

143 2549 297 2584 catum
323 2539 517 2584 mortale
543 2550 694 2585 reatus
717 2540 908 2599 alicujus
927 2554 1120 2600 poenae,
1154 2541 1259 2600 quia
1284 2541 1561 2585 inordinatio
1585 2541 1744 2600 culpae
1761 2555 1856 2585 non
1878 2541 2106 2586 reducitur

141 2606 197 2651 ad
225 2606 430 2650 ordinem
457 2607 654 2665 justitiae
678 2607 766 2651 nisi
781 2621 862 2666 per
878 2621 1103 2667 poenam3
1127 2608 1298 2666 justum
1325 2617 1393 2653 est
1419 2609 1556 2663 enim,
1573 2618 1622 2652 ut
1648 2608 1725 2667 qui
1746 2608 1971 2652 voluntati
1995 2622 2105 2652 suae

142 2672 243 2732 plus
258 2672 457 2727 indulsit,
476 2687 615 2732 quam
631 2673 799 2728 debuit,
818 2683 978 2719 contra
999 2674 1284 2719 voluntatem
1306 2689 1436 2719 suam
1465 2675 1633 2734 aliquid
1651 2675 1868 2733 patiatur:
1896 2675 1960 2720 sic
1979 2675 2104 2719 enim

144 2740 228 2785 erit
250 2739 514 2800 aequalitas.
531 2740 667 2785 Unde
685 2741 833 2800 Apoc.
856 2742 922 2788 18.
941 2741 1127 2787 dicitur:
1147 2743 1368 2799 Quantum
1386 2743 1642 2803 glorificavit
1657 2758 1709 2796 se,
1731 2747 1768 2787 et
1785 2745 1829 2786 in
1842 2741 1996 2787 deliciis
2005 2743 2104 2800 fuit,

142 2813 304 2852 tantum
325 2806 418 2852 date
442 2807 508 2851 illi
530 2813 792 2862 tormentum,
821 2814 860 2853 et
884 2808 1056 2854 luctum.
1089 2808 1212 2861 Quia
1237 2818 1392 2854 tamen
1420 2810 1660 2853 conversio
1696 2809 1751 2853 ad
1779 2809 1952 2853 bonum
1982 2823 2106 2854 com·

142 2873 359 2918 mutabile
382 2882 451 2918 est
466 2872 607 2927 finita,
624 2887 719 2918 non
738 2874 875 2919 habet
900 2888 955 2919 ex
980 2875 1067 2919 hac
1094 2886 1221 2934 parte
1239 2885 1495 2935 peccatum,
1512 2872 1634 2935 qu²od
1651 2876 1867 2920 debeatur
1891 2876 1933 2920 ei
1954 2890 2105 2936 poena

141 2950 339 2985 aeterna.
368 2941 502 2984 Unde
528 2941 566 2985 si
593 2942 650 2985 sit
679 2941 936 2986 inordinata
963 2944 1203 2987 conversio
1232 2943 1286 2987 ad
1305 2943 1477 2987 bonum
1508 2942 1835 2987 commutabile
1857 2943 1954 2987 sine
1981 2957 2106 2988 aver·

140 3009 270 3052 sione
297 3022 322 3051 a
349 3008 467 3061 Deo,
485 3009 602 3052 sicut
627 3017 695 3051 est
719 3008 766 3051 in
793 3008 992 3066 peccatis
1019 3009 1287 3063 venialibus,
1312 3023 1407 3054 non
1435 3010 1622 3053 debetur
1644 3019 1835 3069 peccato
1863 3023 2013 3068 poena
2035 3024 2106 3055 ae-

141 3085 283 3128 terna,
314 3075 393 3119 sed
425 3073 704 3133 temporalis
740 3074 942 3127 Quando
974 3075 1111 3134 igitur
1141 3090 1220 3135 per
1252 3077 1446 3134 gratiam
1479 3076 1722 3120 remittitur
1753 3075 1901 3134 culpa,
1933 3076 2107 3122 tollitur

142 3142 320 3187 aversio
347 3141 527 3185 animae
555 3155 581 3185 a
606 3141 727 3195 Deo,
752 3142 1021 3204 inquantum
1039 3157 1119 3201 per
1136 3145 1329 3201 gratiam
1348 3143 1502 3187 anima
1518 3143 1622 3187 Deo
1641 3144 1946 3201 conjungitur.
1966 3144 2101 3189 Unde

142 3218 186 3253 et
211 3223 292 3268 per
318 3222 605 3267 consequens
631 3208 768 3252 simul
793 3208 967 3253 tollitur
990 3221 1141 3255 reatus
1165 3223 1340 3269 poenae
1367 3220 1600 3254 aeternae:
1623 3220 1775 3270 potest
1789 3221 1945 3255 tamen
1962 3225 2106 3256 rema-

140 3289 248 3320 nere
275 3286 424 3320 reatus
451 3275 642 3334 alicujus
668 3288 847 3334 poenae
871 3277 1151 3335 temporalis.

230 3342 308 3387 An
333 3355 523 3388 pumma
549 3355 660 3401 ergo
688 3341 948 3397 dicendum,
965 3343 1088 3402 quod
1106 3343 1240 3403 culpa
1256 3343 1460 3387 mortalis
1478 3353 1729 3402 utrumque,
1747 3344 1898 3400 habet,
1916 3354 1962 3389 et
1985 3359 2108 3390 aver-

142 3409 321 3454 sionem
349 3423 375 3453 a
401 3410 520 3463 Deo,
548 3419 593 3453 et
618 3408 970 3471 conversionem
987 3409 1044 3454 ad
1060 3410 1233 3454 bonum
1252 3421 1479 3455 creatum:
1506 3411 1600 3464 sed,
1617 3412 1734 3455 sicut
1758 3413 1804 3456 in
1831 3424 1871 3456 2.
1899 3412 2105 3457 habitum

143 3485 212 3520 est
234 3475 335 3540 (1-2.
352 3491 392 3535 q.
414 3490 476 3535 71.
499 3482 582 3539 art.
601 3476 681 3533 6.),
702 3475 879 3521 aversio
899 3489 923 3519 a
940 3476 1043 3521 Deo
1062 3486 1131 3522 est
1156 3477 1215 3521 ibi
1232 3477 1350 3522 sicut
1364 3477 1584 3532 forma1e;
1611 3479 1852 3524 conversio
1870 3488 2023 3524 autern
2050 3480 2106 3524 ad

141 3542 316 3587 bonum
342 3553 545 3587 creatum
571 3552 640 3587 est
664 3542 726 3586 ibi
752 3544 868 3587 sicut
892 3542 1142 3588 materiale.
1162 3545 1361 3588 Remoto
1389 3555 1542 3589 autem
1568 3543 1751 3590 formali
1779 3547 2106 3607 cujuscumque
