2352 3926
635 230 914 279 QUAESTIO
953 231 1046 270 vn.
1086 230 1396 271 ART1cuLus
1433 229 1527 270 vn.
1983 211 2053 283 89

17 319 45 395 Ῑ],
100 348 233 381 nem:
258 343 439 395 oportet
459 333 597 389 enim,
624 347 732 379 eum
757 334 835 393 qui
861 333 1011 388 docet,
1035 333 1204 378 habere
1230 347 1299 388 ea,
1321 346 1401 393 per
1426 346 1543 393 quae
1575 345 1656 378 sua
1681 330 1890 376 doctrina
1915 330 2057 374 mani-

13 416 31 456 1ζ
101 401 308 447 festetur:
337 401 447 445 alias
468 415 550 446 sua
575 400 782 445 doctrina
806 410 924 444 esset
949 398 1144 444 inutilis:
1172 400 1416 458 spiritualis
1443 410 1594 444 autem
1618 398 1865 452 doctrinae,
1892 407 1937 442 et
1951 396 2059 441 fidei

102 469 273 530 primus
296 477 339 512 et
363 467 621 528 principalis
647 467 809 512 doctor
835 477 903 512 est
930 467 1155 520 Christus,
1183 467 1435 511 secundum
1462 466 1572 510 illud
1601 466 1714 511 Heb,
1733 477 1801 510 2.:
1831 464 1939 511 Cum
1966 466 2057 509 ini-

27 537 39 543 ”
104 536 209 581 tium
234 537 447 595 accepisset
477 536 675 579 enarrari
706 541 783 593 per
807 534 1044 578 Dominum
1085 535 1136 578 ab
1179 535 1234 577 eis
1270 535 1341 591 qui
1367 534 1600 587 andierunt,
1633 535 1677 577 in
1708 547 1781 578 nos
1813 533 2062 589 confirmata

9 598 28 645 ἦ
103 606 170 655 cst,
201 608 444 647 contestante
460 603 551 647 Deo
577 602 717 660 signis,
729 607 767 646 et
774 602 990 660 portentis,
1007 610 1108 654 etc.;
1126 599 1245 643 unde
1264 599 1557 644 manifestum
1580 610 1661 655 est,
1674 600 1856 660 quodin
1874 598 2060 644 Christo

17 693 57 709 *-
104 669 479 715 excellentissime
504 668 685 714 fuerunt
710 681 872 712 omnes
900 669 1071 727 gratiae
1100 667 1238 726 gratis
1268 666 1415 721 datae,
1442 667 1560 711 sicut
1584 667 1630 711 in
1652 667 1817 727 primo,
1835 676 1879 712 et
1903 666 2063 727 princi-

14 747 34 765 ³
137 735 198 782 ali
221 735 325 781 fidei
352 736 554 782 doctore.

25 827 39 836 ·<
104 751 134 799 p
194 803 270 848 An
295 816 483 849 ramum
501 816 609 862 ergo
627 802 885 856 dicendum,
913 801 1034 860 quod
1061 801 1178 845 sicut
1204 801 1346 860 gratia
1365 810 1545 860 gratum
1562 800 1732 846 faciens
1759 801 1990 846 ordinatur
2007 800 2062 845 ad

5 871 41 930 ξ
108 881 234 917 actus
260 870 533 924 meritorios,
555 881 651 914 tam
676 869 927 923 interiores,
954 882 1092 928 quam
1119 868 1384 912 exteriores:
1405 868 1466 911 ita
1490 868 1632 926 gratia
1650 870 1787 926 gratis
1815 869 1918 913 data
1945 868 2064 913 ordi-

26 931 35 944 ”
106 946 240 984 natur
261 937 317 982 ad
350 938 574 997 quosdam
617 946 744 981 actus
773 935 1017 980 exteriores
1057 935 1164 979 fidei
1203 934 1585 989 manifestativos3
1611 935 1726 979 sicut
1752 945 1820 980 est
1859 934 2063 995 operatio

109 1004 455 1060 miraculorum,
482 1015 526 1049 et
553 1002 642 1048 alia
680 1003 965 1061 hujusmodi:
993 1002 1039 1046 in
1070 1013 1259 1061 utraque
1287 1013 1440 1046 autem
1473 1002 1616 1060 gratia
1644 1002 1854 1046 Christus
1880 1002 2067 1061 plenitu-

108 1071 264 1121 dinem
288 1071 468 1117 habuit:
495 1071 764 1131 inquantum
791 1070 913 1114 enim
940 1069 1163 1113 divinitati
1187 1069 1312 1113 unita
1330 1078 1426 1113 erat
1451 1071 1547 1128 ejus
1574 1069 1740 1123 anima,
1766 1068 1949 1129 plenam
1971 1067 2064 1113 effi-

110 1138 510 1185 caciamhabebat
536 1138 592 1181 ad
619 1151 780 1182 omnes
805 1137 1060 1195 praedictos
1093 1146 1218 1180 actus
1246 1135 1572 1195 perficiendos:
1599 1136 1677 1180 sed
1704 1135 1782 1180 alii
1805 1136 1963 1190 sancti,
1989 1135 2067 1195 qui

109 1214 356 1253 moventur
391 1220 416 1250 a
442 1205 563 1260 Deo,
605 1206 721 1249 sicut
760 1205 1059 1248 instrumenta
1090 1218 1185 1248 non
1211 1203 1351 1258 unita,
1387 1203 1466 1248 sed
1491 1212 1715 1262 separata,
1741 1202 2069 1263 particulariter

0 1266 49 1327 2³³5
111 1272 364 1320 efficaciam
388 1273 614 1332 recipiunt
640 1272 695 1316 ad
721 1271 824 1326 hos,
848 1270 923 1316 vel
964 1271 1020 1315 ad
1051 1270 1156 1316 illos
1190 1280 1316 1315 actus
1342 1270 1664 1331 perficiendos;
1697 1280 1742 1316 et
1762 1270 1869 1316 ideo
1894 1270 1943 1315 in
1970 1270 2068 1315 aliis

0 1337 2 1360 ⁵
110 1340 279 1391 sanctis
304 1339 567 1400 hujusmodi
584 1340 754 1399 gratiae
780 1338 1052 1393 dividuntur,
1078 1352 1173 1382 non
1206 1347 1358 1382 autem
1384 1338 1431 1382 in
1458 1337 1660 1385 Christo,

0 1410 3 1435 ἱ
201 1407 279 1453 AD
304 1420 565 1453 SECUNDUM
591 1405 849 1461 dicendum,
876 1407 998 1465 quod
1026 1405 1236 1451 Christus
1262 1406 1426 1450 dicitur
1446 1407 1532 1450 Dei
1551 1407 1700 1461 virtus,
1727 1415 1772 1450 et
1791 1406 1878 1451 Dei
1899 1407 2070 1466 sapien-

115 1477 189 1530 tia,
215 1475 486 1534 inquantum
512 1482 578 1519 est
604 1483 812 1518 aeternus
837 1473 926 1517 Dei
950 1472 1113 1518 Filius:
1151 1473 1216 1518 sic
1243 1482 1396 1517 autem
1427 1487 1523 1517 non
1550 1473 1770 1532 competit
1794 1473 1879 1517 sibi
1903 1473 2072 1518 habere

117 1543 327 1603 gratiam,
352 1542 431 1587 sed
458 1556 557 1587 esse
585 1541 734 1600 potius
773 1542 979 1586 datorem
1016 1541 1210 1600 gratiae:
1245 1542 1465 1601 competit
1492 1551 1645 1587 autem
1671 1541 1754 1586 sibi
1778 1541 1947 1587 habere
1973 1556 2074 1601 gra-

115 1611 227 1656 tiam
254 1610 505 1656 secundum
530 1610 781 1654 humanam
806 1619 1029 1653 naturam.

205 1677 282 1722 An
299 1689 512 1722 TERTmM
532 1677 787 1733 dicendum,
807 1675 930 1735 quod
957 1676 1129 1720 donum
1146 1675 1404 1735 linguarum
1432 1676 1589 1722 datum
1611 1687 1679 1722 est
1699 1677 1951 1736 Apostolis,
1969 1678 2075 1737 quia

117 1744 409 1789 mittebantur
445 1744 501 1788 ad
527 1743 757 1788 docendas
784 1758 945 1788 omnes
972 1753 1157 1802 gentes:
1187 1743 1396 1789 Christus
1436 1754 1589 1789 autem
1621 1747 1667 1789 in
1700 1759 1789 1789 una
1815 1744 1914 1789 sola
1940 1755 2075 1805 gente

25 1863 27 1865 ¹
112 1810 392 1870 Judaeorum
403 1810 549 1855 voluit
565 1810 863 1869 personaliter
879 1811 1153 1869 praedicare,
1171 1811 1424 1856 secundum
1441 1812 1563 1871 quod
1575 1812 1671 1871 ipse
1685 1813 1792 1857 dicit
1806 1813 1967 1857 Matth.
1985 1826 2073 1871 15.:

118 1878 220 1925 Non
229 1892 320 1923 sum
335 1879 494 1932 missus,
515 1879 596 1922 nisi
617 1877 671 1921 ad
688 1892 780 1922 oves
795 1893 899 1936 quae
907 1880 1124 1937 perierunt
1139 1879 1282 1924 domus
1298 1880 1453 1932 Israe⁷1;
1474 1888 1517 1924 et
1528 1880 1691 1938 Apost.
1708 1880 1974 1934 dicit,Rom.
1994 1893 2074 1938 15.:

94 1944 231 1991 =Dico
246 1945 460 1991 Christum
475 1945 615 2001 Iesum
630 1946 868 1989 ministrum
879 1946 1009 2004 fuisse
1030 1948 1358 1990 circumcisionis
1365 1962 1382 1999 ;
1411 1956 1455 1991 et
1474 1946 1592 1990 ideo·
1605 1961 1699 1991 non
1727 1948 1941 2005 oportuit,
1954 1947 2077 2007 quod

117 2010 380 2071 loqueretur
403 2010 605 2070 pluribus
630 2011 826 2070 linguis:
853 2026 939 2057 nec
965 2021 1121 2057 tamen
1143 2013 1286 2058 defuit
1312 2014 1354 2058 ei
1374 2014 1584 2058 omnium
1610 2014 1870 2073 linguarum
1891 2016 2077 2070 notitia3

120 2093 227 2124 cum
252 2078 390 2124 etiam
417 2077 598 2124 occulta
626 2079 832 2124 cordium
859 2081 900 2124 ei
925 2094 1020 2124 non
1048 2090 1197 2124 essent
1224 2080 1502 2136 abscondita,
1528 2090 1578 2126 ut
1601 2081 1716 2127 infra
1743 2082 1918 2127 dicetur
1935 2083 1993 2143 (q.
2011 2098 2077 2129 10.

118 2151 202 2195 art.
226 2159 267 2191 2.
292 2151 331 2190 ct
354 2159 392 2204 q.
410 2160 474 2191 12.
500 2151 580 2190 art.
597 2147 670 2204 L),
698 2160 894 2205 quorum
910 2161 1027 2191 voce
1053 2161 1370 2206 quaecumque
1386 2159 1491 2193 sunt
1516 2149 1670 2207 signa:
1692 2162 1777 2192 nec
1803 2159 1959 2193 tamen
1984 2149 2082 2194 inu-

117 2211 256 2258 tiliter
279 2211 400 2257 hanc
424 2212 636 2257 notitiam
661 2213 847 2258 habuit:
873 2213 993 2258 sicut
1016 2227 1112 2258 non
1137 2213 1356 2260 inutiliter
1394 2216 1531 2261 habet
1556 2216 1779 2272 habitum,
1802 2217 1879 2276 qui
1905 2230 1961 2262 eo
1986 2229 2082 2262 non

12 2315 62 2338 ,Δ
107 2279 271 2334 utitur,
297 2279 481 2339 quando
506 2293 602 2325 non
628 2291 696 2326 est
717 2291 1040 2340 opportunum.

788 2430 1224 2489 ARTICULUS
1256 2431 1412 2488 VIII.
2031 2459 2084 2504 50

516 2551 711 2591 UTRUM
749 2552 806 2592 IN
848 2553 1086 2592 CHRISTO
1128 2554 1326 2594 FUERIT
1366 2553 1695 2593 PROPHETIA·

334 2645 463 2705 (Infr.
495 2661 533 2705 q.
562 2661 622 2706 31.
645 2653 728 2692 art.
750 2661 791 2692 2.
818 2653 853 2692 et
877 2662 960 2693 2·2.
988 2663 1026 2707 q.
1059 2661 1151 2708 174.
1185 2654 1266 2694 art.
1284 2663 1321 2709 5.
1344 2654 1381 2694 et
1405 2650 1471 2694 Ps.
1498 2663 1569 2707 44.
1597 2655 1632 2694 et
1659 2650 1812 2695 Matth.
1838 2665 1874 2695 1.

615 2720 653 2759 et
677 2715 802 2771 Joan.
828 2727 870 2772 4.
898 2714 987 2760 lect.
1015 2714 1057 2760 6.
1084 2721 1122 2761 et
1147 2732 1181 2761 I.
1207 2715 1307 2760 Cor.
1325 2731 1380 2775 13.
1409 2716 1497 2762 lect.
1520 2716 1593 2775 1.).

62 2863 65 2874 ,μ
214 2815 292 2861 AD
318 2829 556 2862 ocTAVUM
581 2817 646 2861 sic
668 2817 940 2876 proceditur.
957 2817 1162 2873 Videtur,
1186 2819 1309 2878 quod
1335 2819 1382 2863 in
1410 2819 1597 2865 Christo
1618 2834 1712 2864 non
1739 2819 1873 2865 fuerit
1896 2819 2087 2879 prophe-

54 2919 62 2932 ,
126 2882 213 2929 tia:
238 2884 479 2944 prophetia
504 2883 628 2929 enim
653 2884 871 2943 importat
901 2886 1148 2944 quamdam
1181 2886 1424 2931 obscuram
1451 2897 1496 2931 et
1519 2886 1836 2946 imperfectam
1861 2887 2086 2940 notitiam,

8 2943 11 2946 ⁵
49 2992 71 3014 ,Ἴ
129 2950 383 2996 secundum
422 2951 533 2996 illud
559 2951 698 2996 Num.
731 2964 810 2996 12.:
837 2952 884 2997 Si
909 2954 999 3011 quis
1014 2954 1153 3012 fucrit
1184 2956 1292 2998 inter
1323 2969 1396 2998 vos
1421 2955 1628 3014 Propheta
1664 2956 1860 3009 Domini,
1881 2963 1961 3014 per
1984 2969 2089 2998 som-

48 3043 63 3054 »ψ
127 3019 262 3072 nium,
288 3025 363 3063 aut
386 3020 432 3063 in
455 3020 616 3063 visione
645 3019 794 3078 loquar
818 3019 872 3063 ad
907 3032 1028 3064 eum:
1055 3020 1133 3064 sed
1162 3020 1372 3066 Christus
1403 3021 1562 3066 habuit
1587 3021 1786 3080 plenam,
1813 3031 1857 3066 et
1883 3030 2087 3080 apertam

129 3084 357 3139 notitiam,
383 3085 529 3130 multo
555 3086 703 3145 magis
729 3100 866 3145 quarn
893 3086 1092 3146 Moyses,
1123 3087 1177 3131 de
1203 3102 1294 3147 quo
1321 3088 1384 3132 ibi
1405 3089 1623 3143 subditur,
1650 3089 1758 3148 quod
1777 3089 1939 3149 palam,
1953 3093 1989 3132 et
2004 3101 2088 3131 non

63 3197 67 3200 ,
124 3159 205 3211 per
224 3153 460 3203 aenigmata
484 3152 594 3197 vidit
618 3154 758 3197 Deum
774 3167 790 3205 ;
819 3166 913 3197 non
939 3167 1050 3212 ergo
1073 3153 1120 3198 in
1147 3154 1334 3199 Christo
1363 3155 1496 3199 debet
1520 3155 1631 3213 poni
1656 3155 1907 3214 prophetia.

56 3227 68 3274 ',
218 3229 260 3263 2.
285 3218 582 3265 PRAETEREA.
610 3219 739 3264 Sicut
763 3219 874 3264 fides
900 3229 968 3264 est
993 3234 1154 3265 eorum
1177 3236 1292 3280 quae
1326 3236 1420 3266 non
1451 3223 1673 3279 videntur,
1708 3231 1753 3265 et
1787 3234 1889 3279 spes
1926 3233 2088 3264 eorum

129 3299 247 3345 quae
277 3299 372 3330 non
397 3286 642 3331 habentur:
669 3286 733 3331 ita
754 3287 994 3346 prophetia
1027 3298 1094 3332 est
1120 3302 1296 3343 eorum,
1319 3303 1436 3348 quae
1456 3303 1551 3333 non
1578 3298 1682 3332 sunt
1706 3287 1976 3346 praesentia,
2010 3286 2089 3331 sed

55 3359 70 3411 ᾗ
132 3351 320 3397 distant:
346 3367 456 3396 nam
488 3354 709 3413 propheta
735 3354 912 3408 dicitur,
939 3355 1068 3413 quasi
1092 3355 1253 3414 procul
1277 3354 1400 3400 fans:
1424 3356 1504 3400 sed
1521 3356 1568 3399 in
1587 3355 1772 3399 Christo
1799 3367 1891 3397 non
1910 3353 2093 3413 ponitur

131 3417 259 3473 fides,
284 3433 369 3463 nec
395 3433 512 3478 spes,
534 3430 584 3464 ut
607 3434 741 3480 supra
767 3420 938 3464 dictum
965 3431 1034 3466 est
1058 3421 1163 3479 (art.
1182 3437 1218 3481 3.
1246 3429 1285 3467 et
1304 3436 1346 3479 4.
1370 3423 1456 3481 huj.
1475 3437 1512 3480 q.
1512 3422 1552 3479 ),
1572 3435 1681 3479 ergo
1699 3420 1935 3479 prophetia
1953 3422 2091 3465 etiam

54 3487 74 3545 J
134 3500 229 3532 non
255 3487 388 3532 debet
407 3487 517 3547 poni
541 3487 588 3531 in
616 3487 816 3533 Christo.

73 3615 75 3617 ι
230 3568 268 3612 3.
284 3553 581 3599 Puni-enm.
599 3554 829 3614 Propheta
855 3565 923 3600 est
947 3554 1170 3600 inferioris
1198 3555 1384 3610 ordinis,
1411 3569 1549 3614 quam
1576 3554 1808 3613 Angelus;
1835 3554 1955 3600 unde
1976 3564 2022 3600 et
2037 3555 2093 3600 de

63 3619 69 3625 '⁴
136 3618 313 3680 Moyse,
330 3621 406 3680 qui
422 3619 506 3666 fuit
525 3622 762 3680 supremus
778 3621 1127 3681 Prophetarum,
1144 3632 1194 3667 ut
1213 3623 1259 3666 in
1283 3634 1323 3666 2.
1343 3622 1515 3666 dictum
1533 3631 1600 3666 est
1619 3622 1727 3680 (2-2.
1746 3637 1783 3681 q.
1802 3636 1894 3682 174.
1910 3629 1993 3669 art.
2010 3625 2091 3683 4.)‚
