2352 3926
668 224 946 272 QUAEsTto
988 223 1231 263 Lxxxvn.
1271 223 1580 263 Ani-mutus
1621 223 1698 262 111.
2056 207 2159 279 813

291 328 367 373 AD
400 341 661 374 SECUNDUM
688 327 948 382 dicendum,
973 326 1096 387 quod
1124 326 1280 371 omnia
1306 326 1406 380 ista,
1430 335 1651 385 quantum
1679 334 1746 370 est
1761 325 1818 369 de
1834 339 1897 379 se,
1920 335 2167 383 operantur

202 395 259 440 ad
283 396 603 440 remissionem
630 394 840 439 omnium
866 403 1163 454 peccatorum
1195 392 1466 437 venialium:
1493 403 1644 452 potest
1673 403 1828 438 tamen
1860 392 2071 451 impediri
2101 406 2167 437 re·

201 461 361 507 missio
387 472 607 521 quantum
634 461 689 506 ad
716 461 866 521 aliqua
892 470 1080 521 peccata
1107 459 1320 515 venialia,
1347 460 1509 518 quibus
1535 473 1666 503 mens
1684 458 1920 503 actualiter
1937 459 2167 513 inhaeret3

201 528 320 574 sicut
343 538 388 573 et
412 542 493 588 per
517 527 751 573 fictionem
777 527 1004 572 interdum
1030 526 1275 586 impeditur
1300 525 1489 571 effectus
1520 526 1747 585 baptismi.

290 595 367 640 Ao
394 608 609 640 TERTIUM
636 595 894 648 dicendum,
916 593 1039 653 quod
1065 608 1145 653 per
1169 593 1400 652 praedicta
1424 592 1645 638 tolluntur
1671 592 1856 652 quidem
1882 603 2070 652 peccata
2094 606 2168 637 ve-

200 661 339 708 nialia
363 672 584 722 quantum
611 663 666 706 ad
693 661 891 721 culpam,
917 671 1016 706 tum
1040 661 1207 706 virtute
1235 661 1426 719 alicujus
1451 660 1787 715 satisfactionis,
1812 669 1910 705 tum
1929 661 2068 705 etiam
2084 660 2169 705 vir-

200 739 295 775 tute
317 730 562 783 charitatis,
590 731 717 788 cujus
742 738 895 773 motus
920 743 1001 787 per
1026 728 1258 788 praedicta
1284 728 1527 773 excitatur:
1554 742 1648 772 non
1667 736 1818 772 autem
1836 741 1916 786 per
1932 726 2168 786 quodlibet

201 797 538 857 praedictorum
565 810 743 855 semper
767 795 941 840 tollitur
966 805 1089 840 totus
1110 805 1260 839 reatus
1287 809 1489 853 poenae3
1517 794 1622 854 quia
1649 795 1711 839 sic
1736 795 1811 854 qui
1836 804 1955 839 esset
1972 794 2166 838 omnino

200 863 420 908 immunis
446 877 471 907 a
497 872 687 923 peccato
725 860 923 915 mortali,
965 875 1172 920 aspersus
1208 875 1324 920 aqua
1363 862 1600 905 benedicta
1637 861 1790 905 statim
1828 861 2053 906 evolaret:
2087 860 2167 905 sed

199 940 351 976 reatus
374 943 553 990 poenae
578 929 820 974 remittitur
840 941 921 986 per
946 928 1176 987 praedicta
1203 927 1458 972 secundum
1485 939 1666 972 motum
1697 928 1887 972 fervoris
1917 929 1966 982 in
1997 929 2166 983 Deum,

201 997 279 1058 qui
302 1010 383 1058 per
403 996 634 1056 praedicta
660 996 892 1050 excitatur,
919 993 1193 1054 quandoque
1216 994 1378 1053 magis,
1405 995 1678 1054 quandoque
1707 1005 1860 1039 autem
1888 995 2056 1039 minus.

885 1172 1322 1231 ARTICULUS
1378 1172 1480 1228 1v.·
2085 1198 2163 1244 535

203 1315 395 1356 UTRUM
409 1314 645 1354 VENIALE
670 1313 968 1353 PECCATUM
995 1313 1186 1351 POSSIT
1214 1312 1446 1351 REMITTI
1473 1312 1593 1351 SINE
1617 1311 1868 1351 MORTALI
1888 1310 2166 1351 PECCATO.

401 1424 534 1483 (Infr.
561 1439 599 1483 q.
627 1439 698 1482 90.
725 1429 807 1468 art.
834 1437 876 1480 4.
903 1421 958 1466 ad
978 1436 1014 1481 3.
1043 1427 1079 1466 et
1103 1435 1146 1479 4.
1173 1422 1284 1466 Dist.
1311 1422 1378 1468 16.
1406 1437 1444 1481 q.
1472 1436 1512 1467 2.
1539 1428 1620 1467 art.
1647 1437 1683 1468 1.
1709 1436 1748 1481 q.
1776 1436 1817 1467 2.
1843 1427 1880 1467 et
1900 1422 1974 1481 3.).

293 1537 370 1582 AD
395 1549 633 1588 QUARTUM
658 1536 722 1580 sic
749 1536 1026 1595 proceditur.
1052 1535 1257 1588 Videtur,
1291 1533 1413 1593 quod
1438 1532 1618 1578 veniale
1649 1541 1892 1592 peccatum
1926 1530 2070 1591 possit
2100 1543 2171 1574 re-

201 1604 320 1649 mitti
345 1603 442 1649 sine
469 1602 666 1658 mortali,
708 1602 813 1662 quia
839 1617 974 1662 super
998 1602 1109 1646 illud
1130 1602 1261 1660 Joan.
1290 1602 1358 1646 8.:
1389 1601 1480 1657 Qui
1502 1602 1588 1645 sine
1602 1606 1773 1659 peccato
1797 1605 1852 1644 est
1866 1604 2066 1653 vestrum,
2079 1599 2173 1658 pri-

202 1672 363 1716 masin
394 1671 513 1715 illam
544 1670 722 1730 lapidem
752 1671 907 1723 mittat,
941 1670 1051 1714 dicit
1077 1669 1304 1728 quaedam
1333 1667 1488 1712 Gloss.
1519 1666 1651 1725 (Aug.
1677 1666 1747 1711 lib.
1771 1666 1818 1711 de
1848 1666 1972 1720 Vera,
1999 1672 2038 1711 et
2053 1665 2170 1724 falsa

195 1739 352 1798 poenit.
374 1746 463 1798 cap.
488 1738 560 1782 ult.
584 1751 610 1781 a
625 1738 803 1796 princ),
827 1736 950 1796 quod
980 1750 1184 1780 «omnes
1210 1734 1277 1778 illi
1300 1744 1429 1779 erant
1445 1734 1491 1777 in
1519 1742 1710 1793 peccato
1738 1731 1947 1786 mortali3
1973 1731 2171 1775 venialia

204 1805 327 1849 enim
353 1804 419 1849 eis
444 1804 785 1849 dimittebantur
809 1817 890 1863 per
916 1802 1230 1848 caeremonias
1249 1817 1299 1856 >›;
1327 1815 1438 1860 ergo
1464 1799 1643 1844 veniale
1669 1809 1912 1859 peccatum
1939 1808 2090 1858 potest
2106 1813 2173 1843 re-

203 1871 324 1916 mitti
349 1873 444 1916 sine
472 1869 669 1915 mortali.

293 1950 333 1982 2.
360 1938 657 1993 PRAETEREA.
683 1937 756 1982 Ad
782 1937 1100 1982 remissionem
1127 1935 1304 1996 peccati
1327 1934 1519 1979 venialis
1539 1947 1635 1978 non
1652 1933 1890 1993 requiritur
1912 1932 2084 1991 gratiae
2109 1932 2173 1976 in-

203 2004 346 2051 fusio:
373 2005 612 2064 requiritur
639 2014 791 2048 autem
820 2004 875 2048 ad
901 2003 1223 2048 remissionem
1245 2001 1478 2056 mortalis;
1502 2014 1612 2060 ergo
1635 1999 1815 2045 veniale
1832 2010 2074 2059 peccatum
2096 2013 2173 2059 po·

201 2081 292 2118 test
315 2071 485 2116 remitti
508 2071 606 2116 sine
631 2070 830 2116 mortali.

296 2154 334 2199 3.
366 2139 664 2184 PRAETEREA.
689 2138 798 2183 Plus
825 2138 960 2183 distat
984 2148 1225 2198 peccatum
1250 2136 1430 2182 veniale
1457 2151 1482 2180 a
1510 2135 1707 2191 mortali,
1735 2150 1873 2195 quam
1902 2135 1956 2179 ab
1986 2134 2077 2179 alio
2099 2149 2173 2179 ve-

204 2206 359 2258 niali:-
379 2206 458 2251 sed
494 2220 638 2250 unum
662 2204 841 2250 veniale
875 2214 1026 2265 potest
1060 2204 1227 2249 dimitti
1262 2205 1359 2249 sine
1393 2203 1499 2258 alio,
1526 2213 1576 2248 ut
1600 2203 1774 2247 dictum
1803 2213 1870 2247 est
1896 2204 2000 2262 (art.
2028 2211 2170 2262 praec.

205 2274 260 2319 ad
283 2288 324 2320 2.
350 2279 390 2319 et
413 2288 452 2333 q.
471 2281 614 2333 praec.
641 2279 721 2317 art.
739 2274 795 2332 3.)
809 2287 828 2331 ;
855 2286 967 2331 ergo
992 2270 1171 2316 veniale
1199 2281 1350 2330 potest
1384 2270 1551 2315 dimitti
1576 2270 1674 2315 sine
1700 2269 1902 2314 mortali.

241 2343 246 2349 ‘
296 2341 391 2386 sm>
423 2353 620 2386 CONTRA
647 2349 727 2393 est,
754 2339 876 2399 quod
913 2339 1076 2383 dicitur
1109 2338 1271 2384 Matth.
1303 2351 1362 2396 5.:
1391 2339 1529 2383 Amen
1567 2338 1658 2382 dico
1693 2339 1782 2390 tibi,
1815 2352 1900 2381 non
1932 2338 2040 2381 exies
2064 2336 2172 2391 inde,

204 2407 381 2454 scilicet
405 2422 461 2453 ex
486 2421 685 2461 carcere,
702 2407 749 2451 in
769 2420 905 2466 quem
922 2406 1162 2451 intruditur
1179 2405 1324 2450 homo
1347 2419 1430 2465 pro
1456 2414 1649 2464 peccato
1669 2404 1869 2457 mortali,
1886 2403 2013 2448 donec
2030 2403 2175 2448 reddas

203 2477 478 2521 novissimum
507 2474 813 2534 quadrantem:
846 2488 925 2532 per
957 2487 1094 2533 quem
1126 2472 1408 2532 significatur
1443 2470 1623 2516 veniale
1655 2481 1924 2530 peccatum;
1959 2484 2069 2529 ergo
2101 2484 2175 2514 ve-

206 2541 327 2587 niale
351 2552 591 2603 peccatum
617 2555 712 2586 non
738 2541 980 2586 remittitur
1006 2541 1102 2584 sine
1130 2539 1328 2584 mortali.

297 2608 584 2655 Rnspounzo
617 2609 876 2663 dicendum,
903 2609 1041 2668 quod,
1067 2607 1184 2652 sicut
1208 2621 1345 2665 supra
1370 2605 1543 2650 dictum
1565 2616 1632 2650 est
1659 2604 1717 2664 (q.
1733 2612 1877 2664 praec.
1902 2610 1984 2648 art.
2008 2604 2080 2662 3.),
2108 2618 2175 2648 re-

209 2676 368 2721 missio
394 2674 555 2735 culpae
578 2676 904 2734 cujuscumque
930 2689 1165 2734 nunquam
1196 2673 1247 2718 fit
1277 2673 1365 2718 nisi
1390 2687 1471 2732 per
1496 2673 1711 2716 virtutem
1745 2671 1942 2730 gratiae:
1978 2671 2099 2729 quia,
2125 2680 2177 2715 ut

209 2742 418 2804 Apostol.
437 2742 547 2787 dicit
561 2742 697 2787 Rom.
719 2754 777 2797 4.,
801 2742 855 2785 ad
879 2741 1072 2800 gratiam
1090 2741 1179 2785 Dei
1199 2740 1407 2800 pertinet,
1427 2739 1548 2799 quod
1571 2739 1697 2782 Deus
1717 2737 1852 2781 alicui
1868 2751 1963 2780 non
1980 2738 2174 2796 imputet

208 2819 473 2870 peccatum;
499 2809 621 2869 quod
650 2808 804 2854 Gloss.
830 2808 991 2866 (interl.
1016 2816 1107 2868 sup.
1135 2807 1267 2853 illud:
1293 2809 1444 2852 Beatus
1464 2808 1551 2859 vir,
1580 2807 1647 2849 cui
1673 2818 1757 2848 non
1783 2805 2025 2863 imputavit,
2057 2805 2166 2862 etc),

208 2877 272 2921 ibi
297 2876 482 2937 exponit
507 2876 563 2920 de
584 2875 779 2920 veniali:
803 2874 879 2919 ille
903 2885 1056 2919 autem
1075 2875 1151 2934 qui
1173 2885 1242 2919 est
1262 2875 1308 2918 in
1330 2883 1520 2934 peccato
1541 2870 1740 2925 mortali,
1758 2881 1882 2914 caret
1900 2871 2044 2928 gratia
2059 2870 2173 2915 Dei:

209 2943 330 2988 unde
354 2942 532 2987 nullum
556 2942 735 2987 veniale
762 2942 803 2986 ei
829 2943 1084 2987 remittitur.
1582 2939 1585 2941 ’

299 3010 376 3055 AD
407 3021 595 3055 PRIMUM
631 3023 742 3068 ergo
779 3008 1037 3063 dicendum,
1071 3008 1193 3068 quod
1225 3007 1421 3052 venialia
1460 3005 1522 3049 ibi
1558 3004 1770 3048 dicuntur
1802 3003 2176 3062 irregularitates,

208 3077 304 3123 sive
328 3076 662 3130 immunditiae,
690 3089 802 3135 quas
829 3076 1159 3120 contrahebant
1185 3075 1442 3119 secundum
1467 3072 1636 3130 legem.

286 3144 376 3189 >An
401 3156 662 3189 SECUNDUM
684 3143 943 3198 dicendum,
970 3144 1092 3202 quod
1119 3142 1226 3186 licet
1248 3142 1304 3185 ad
1326 3139 1645 3184 remissionem
1667 3138 1846 3197 peccati
1867 3136 2057 3181 venialis
2078 3151 2173 3181 non

208 3210 462 3270 requiratur
495 3224 618 3255 nova
652 3209 818 3254 infusio
854 3209 1098 3254 habitualis
1137 3208 1324 3267 gratiae,
1351 3205 1593 3265 requiritur
1618 3214 1774 3257 tamen
1807 3203 1970 3263 aliquis
2002 3204 2176 3263 gratiae

210 3288 351 3332 actus,
378 3277 455 3337 qui
479 3291 574 3322 non
599 3286 749 3337 potest
773 3291 872 3322 esse
897 3277 945 3320 in
971 3290 1042 3330 eo,
1069 3276 1146 3335 qui
1171 3275 1378 3332 subjacet
1402 3282 1592 3332 peccato
1619 3270 1819 3315 mortali.

300 3346 377 3390 AD
413 3354 630 3390 TERTIUM
666 3343 926 3398 dicendum,
962 3343 1085 3402 quod
1123 3351 1363 3400 peccatum
1400 3338 1579 3383 veniale
1613 3352 1707 3382 non
1745 3336 1944 3382 excludit
1982 3351 2173 3382 omnem

213 3421 365 3457 actum
382 3411 568 3471 gratiae,
589 3424 670 3471 per
686 3424 824 3470 quem
840 3419 1030 3469 possunt
1045 3409 1202 3452 omnia
1221 3415 1407 3466 peccata
1423 3404 1619 3450 venialia
1635 3404 1801 3449 dimitti
1814 3420 1826 3459 ;
1841 3404 1921 3448 sed
1934 3414 2175 3464 peccatum

211 3477 406 3522 mortale
431 3477 629 3539 excludit
650 3475 851 3522 totaliter
875 3476 1083 3520 habitum
1109 3475 1298 3534 gratiae,
1324 3474 1422 3517 sine
1448 3486 1540 3531 quo
1565 3471 1744 3517 nullum
1777 3481 2021 3531 peccatum
2053 3485 2177 3516 mor·

212 3543 319 3599 tale,
342 3542 415 3588 vel
441 3543 621 3588 veniale
647 3542 912 3587 remittitur:
931 3551 978 3587 et
1000 3542 1106 3586 ideo
1131 3555 1226 3585 non
1255 3550 1324 3584 est
1347 3539 1510 3584 similis
1534 3539 1666 3584 ratio.
