2352 3926
279 187 386 242 288
788 196 1072 244 QUAESTIO
1113 195 1304 237 xxxiv.
1341 190 1650 236 Axi-muns
1690 197 1726 235 1.
1783 246 1785 248 ¹

281 305 475 357 ficimur,
499 316 593 346 non
618 312 776 346 tamen
794 300 1049 355 nascimur;
1072 299 1177 359 quia
1193 299 1291 358 ipsa
1315 309 1504 344 naturae
1527 297 1829 358 corruptibilis
1856 297 2119 344 conditione
2141 312 2249 345 con·

280 372 560 430 stringimur,
587 369 664 414 ille
692 378 846 412 autem
873 367 997 412 solus
1018 368 1242 412 veraciter
1267 376 1449 412 sanctus
1474 377 1608 411 natus
1634 375 1716 420 est,
1743 365 1822 424 qui
1842 378 1897 410 ex
1922 366 2246 425 conjunctione

280 438 471 483 carnalis
496 436 688 494 copulae
716 445 965 494 conceptus
990 448 1087 478 non
1110 443 1234 478 est».

370 506 445 549 AD
474 517 687 548 TERTIUM
714 503 974 565 dicendum?
1009 501 1131 562 quod
1165 501 1294 546 aliter
1321 511 1534 560 operatur
1560 501 1696 544 Pater
1727 499 1958 556 creatione
1989 513 2143 545 rerum
2164 514 2248 561 per

280 573 461 627 Filium,
496 572 624 616 aliter
655 582 752 615 tota
786 571 987 615 Trinitas
1019 569 1427 615 sanctificationem
1460 569 1704 614 hominum
1737 582 1817 627 per
1846 567 2087 613 hominem
2118 569 2249 615 Chri-

282 652 425 686 stum:
453 655 563 683 nam
585 639 790 683 Verbum
815 639 906 682 Dei
931 648 1001 682 est
1026 638 1232 696 ejusdem
1253 638 1443 691 virtutis,
1472 646 1516 681 et
1537 635 1816 695 operationis
1843 649 1950 679 cum
1973 635 2078 680 Deo
2099 636 2249 692 Patre,

282 709 401 752 unde
434 709 567 751 Pater
597 721 691 750 non
725 715 939 764 operatur
970 720 1051 763 per
1083 704 1264 759 Filium,
1297 705 1415 748 sicut
1446 719 1526 762 per
1557 704 1911 747 instrumentum
1938 703 2060 761 quod
2091 712 2251 748 movet

284 786 486 819 motum:
515 774 776 818 humanitas
795 783 948 816 autem
969 772 1140 817 Christi
1165 783 1232 816 est
1258 772 1375 815 sicut
1391 772 1743 814 instrumentum
1761 769 2020 824 divinitatis,
2042 779 2092 814 ut
2115 783 2250 829 supra

284 844 456 887 dictum
484 851 551 886 est
576 842 638 901 (q.
670 857 726 901 13.
750 848 832 886 art.
850 841 925 900 3.),
955 850 1000 884 et
1026 839 1128 884 ideo
1161 839 1422 883 humanitas
1450 837 1626 883 Christi
1650 846 1718 881 est
1743 835 2049 892 sanctificans,
2078 845 2126 882 et
2153 851 2252 881 san-

285 910 494 954 ctificata.

1002 1068 1437 1127 ARTICULUS
1471 1068 1541 1123 Π.
2169 1022 2248 1140 1‘85

416 1208 612 1247 UTRUM
645 1207 913 1246 CHRISTUS
948 1208 1004 1244 IN
1037 1207 1206 1245 PRIMO
1241 1204 1502 1243 INSTANTI
1535 1203 1673 1241 SUAE
1707 1202 2118 1242 CONCEPTIONIS

791 1289 1068 1326 HABUERIT
1103 1288 1252 1325 USUM
1285 1286 1461 1324 LIBERI
1493 1285 1749 1324 ARBITRII.

1014 1398 1152 1455 (Veri.
1180 1413 1217 1456 q.
1245 1412 1314 1454 29.
1342 1403 1422 1441 art.
1449 1396 1529 1454 8.).

376 1511 453 1556 An
480 1523 743 1556 SECUNDUM
766 1511 830 1554 sic
852 1509 1127 1568 proceditur.
1144 1508 1351 1563 Videtur,
1374 1507 1497 1567 quod
1517 1507 1725 1553 Christus
1742 1506 1996 1553 secundum
2015 1507 2256 1553 hominem

285 1594 382 1624 non
407 1579 617 1623 habuerit
641 1592 775 1622 usum
801 1577 933 1622 liberi
959 1577 1130 1621 arbitrii
1148 1577 1196 1620 in
1223 1577 1373 1635 primo
1399 1576 1587 1620 instanti
1618 1590 1728 1620 suae
1761 1569 2102 1636 conceptionis;
2132 1576 2257 1635 prius

288 1657 356 1691 est
389 1646 511 1690 enirn
546 1659 644 1689 esse
680 1645 759 1698 rei,
797 1659 936 1703 quam
970 1658 1120 1703 agere,
1152 1643 1227 1688 vel
1263 1643 1465 1702 operari:
1503 1658 1611 1693 usus
1648 1653 1802 1687 autem
1827 1642 1959 1688 liberi
1987 1642 2160 1688 arbitrii
2189 1652 2259 1688 est

288 1713 514 1772 quaedam
542 1712 771 1771 operatio:
802 1726 909 1756 cum
937 1726 1047 1770 ergo
1075 1711 1229 1756 anima
1255 1711 1427 1757 Christi
1454 1724 1552 1755 esse
1578 1710 1801 1770 inceperit
1825 1711 1871 1754 in
1895 1710 2046 1770 primo
2071 1710 2258 1755 instanti

290 1779 621 1838 conceptionis,
653 1788 702 1822 ut
733 1794 788 1823 ex
820 1779 1061 1838 praedictis
1093 1787 1216 1838 patet
1251 1779 1351 1835 (art.
1389 1778 1570 1838 praec),
1604 1778 1783 1822 videtur
1819 1791 1919 1823 esse
1956 1776 2256 1837 impossibile,

290 1847 412 1907 quod
438 1847 482 1890 in
516 1847 666 1904 primo
698 1846 884 1890 instanti
911 1846 1225 1905 conceptionis
1251 1846 1462 1890 habuerit
1487 1859 1622 1889 usum
1649 1845 1780 1888 liberi
1804 1845 1988 1890 arbitrii.
2020 1876 2022 1878 v

380 1927 419 1958 2.
446 1914 745 1958 PRAETEREA.
773 1913 895 1957 Usus
912 1913 1040 1957 liberi
1058 1913 1229 1957 arbitrii
1255 1923 1324 1958 est
1349 1912 1539 1957 electio:
1570 1912 1734 1956 electio
1754 1921 1909 1967 autem
1934 1913 2259 1973 praesupponit

290 1981 666 2026 deliberationem
694 1979 894 2035 consilii3
921 1980 1030 2024 dicit
1056 1981 1179 2024 enirn
1203 1980 1376 2024 Philos.
1398 1980 1445 2023 in
1471 1993 1509 2036 3.
1532 1979 1679 2023 Ethic.
1702 1981 1814 2039 (cap.
1838 1995 1873 2038 3.
1902 1981 1979 2025 cir.
1994 1980 2116 2040 fin),
2134 1980 2257 2040 quod

295 2065 318 2090 (ι
346 2048 510 2092 electio
549 2057 615 2092 est
653 2048 875 2107 appetitus
916 2047 1255 2124 praeconsiliati
1281 2063 1334 2101 ›>;
1367 2061 1477 2105 ergo
1509 2046 1687 2090 videtur
1718 2046 2017 2105 impossibile,
2049 2048 2173 2107 quod
2210 2047 2259 2092 in
2331 2061 2352 2090 Δ

291 2117 440 2175 primo
462 2115 648 2159 instanti
672 2130 781 2159 suae
809 2115 1125 2174 conceptionis
1155 2115 1362 2159 Christus
1389 2114 1598 2158 habuerit
1629 2128 1763 2157 usum
1789 2113 1920 2158 liberi
1945 2114 2129 2162 arbitrii.

385 2198 422 2242 3.
450 2184 749 2228 PRAETEREA.
777 2183 992 2226 Liberum
1022 2182 1256 2226 arbitrium
1289 2192 1356 2225 est
1386 2180 1578 2225 facultas
1609 2180 1871 2235 voluntatis,
1905 2191 1950 2226 et
1981 2181 2185 2236 rationis,
2211 2191 2261 2226 ut

290 2251 337 2294 in
365 2251 512 2309 prima
537 2260 662 2308 parte
689 2250 897 2293 habitum
925 2259 993 2294 est
1020 2249 1076 2308 (q
1104 2251 1164 2308 83.
1189 2256 1272 2294 art.
1295 2265 1316 2309 3
1322 2249 1373 2306 .:)
1404 2259 1448 2292 et
1473 2249 1536 2292 ita
1563 2262 1670 2292 usus
1697 2247 1826 2292 liberi
1852 2248 2024 2293 arbitrii
2043 2258 2112 2294 est
2132 2258 2259 2295 actus

292 2318 554 2371 voluntatis,
596 2327 640 2361 et
681 2318 884 2371 rationis,
917 2318 1012 2362 sive
1043 2317 1330 2362 intellectus:
1370 2317 1450 2360 sed
1483 2326 1610 2361 actus
1641 2315 1899 2360 intellectus
1935 2316 2262 2377 praesupponit

293 2395 447 2429 actum
479 2399 652 2438 sensuS,
679 2385 756 2443 qui
783 2399 880 2428 esse
906 2399 1001 2428 non
1027 2395 1178 2444 potest
1209 2384 1307 2429 sine
1341 2383 1662 2427 convenientia
1695 2397 1990 2442 organorum,
2017 2397 2134 2443 quae
2164 2396 2260 2427 non

291 2453 502 2497 videntur
532 2451 670 2496 fuisse
701 2453 749 2495 in
780 2453 931 2511 primo
971 2453 1157 2496 instanti
1189 2452 1503 2511 conceptionis
1539 2451 1739 2505 Christi;
1773 2465 1883 2510 ergo
1916 2451 2105 2507 videtur,
2137 2450 2260 2512 quod

295 2520 503 2565 Christus
529 2533 625 2563 non
650 2519 849 2578 potuerit
874 2519 1043 2564 habere
1070 2534 1204 2563 usum
1226 2518 1356 2563 liberi
1382 2518 1552 2563 arbitrii
1576 2518 1624 2562 in
1649 2518 1799 2578 primo
1818 2519 2004 2564 instanti
2024 2532 2133 2568 suae
2156 2532 2262 2564 con-

295 2587 531 2647 ceptionis.

385 2655 480 2699 SED
505 2667 702 2699 CONTRA
729 2664 809 2708 est,
837 2654 959 2713 quod
984 2654 1180 2713 August.
1207 2653 1316 2698 dicit
1335 2653 1382 2696 in
1407 2652 1484 2696 lib.
1512 2653 1567 2696 de
1595 2650 1818 2697 Trinitate
1846 2652 1910 2710 (id
1939 2653 2035 2705 hab.
2063 2652 2189 2712 Grcg.
2214 2654 2261 2698 in

295 2723 483 2781 Registro
511 2722 582 2766 lib.
610 2736 650 2780 9.
677 2723 794 2781 epist.
823 2722 894 2767 61.
928 2736 956 2765 a
985 2721 1130 2779 med.):
1167 2720 1321 2764 «Mox
1347 2730 1396 2763 ut
1421 2719 1626 2770 Verbum
1651 2719 1844 2764 venitin
1870 2729 2065 2774 uterum,
2083 2730 2261 2765 servata

295 2790 484 2834 veritate
511 2788 721 2847 propriae
753 2798 956 2842 naturae,
988 2787 1160 2832 factum
1194 2798 1261 2832 est
1290 2801 1431 2845 „caro,
1464 2797 1509 2831 et
1539 2785 1764 2846 perfectus
1796 2787 1941 2832 homo
1963 2803 2015 2833 »:
2056 2786 2136 2832 sed
2162 2801 2261 2848 per-

294 2855 438 2901 fectus
464 2855 609 2899 homo
632 2856 769 2900 habet
790 2870 926 2899 usum
947 2855 1077 2899 liberi
1094 2855 1286 2911 arbitrii3
1309 2868 1419 2913 ergo
1439 2854 1647 2898 Christus
1663 2854 1821 2899 habuit
1837 2855 1882 2898 in
1902 2855 2053 2915 primo
2076 2854 2262 2900 instanti

296 2938 405 2969 suae
433 2923 747 2983 conceptionis
775 2938 908 2967 usum
935 2923 1064 2967 liberi
1090 2922 1272 2966 arbitrii.

386 2991 676 3036 RESPONDEO
704 2991 965 3044 dicendum,
992 2990 1130 3050 quod,
1157 2990 1274 3034 sicut
1297 3004 1432 3048 supra
1459 2989 1632 3033 dictum
1660 2998 1726 3035 est
1742 2990 1804 3049 (q.
1824 3003 1861 3049 7.
1888 2996 1972 3035 art.
1999 3004 2062 3036 12.
2085 2995 2259 3049 atq.19.

299 3066 379 3104 art.
399 3075 435 3119 3.
458 3066 496 3104 et
520 3074 558 3118 q.
579 3074 635 3117 33,
661 3065 742 3104 art.
766 3074 803 3118 3.
832 3059 885 3102 ad
905 3074 940 3117 3.
940 3059 981 3115 )‚
1006 3059 1236 3102 humanae
1263 3067 1465 3111 naturae,
1486 3072 1623 3116 quam
1643 3057 1853 3103 Christus
1880 3057 2139 3116 assumpsit,
2157 3070 2262 3102 con-

296 3128 421 3171 venit
447 3126 688 3184 spiritualis
715 3125 958 3184 perfecti0;
986 3126 1030 3168 in
1059 3140 1147 3184 qua
1180 3139 1272 3168 non
1306 3124 1511 3182 profecit,
1546 3125 1623 3168 sed
1658 3140 1761 3169 eam
1794 3125 1948 3170 statim
1980 3139 2006 3169 a
2038 3123 2260 3184 principio

296 3195 475 3238 habuit·
505 3193 720 3253 perfectio
750 3203 901 3237 autem
928 3192 1087 3237 ultima
1113 3206 1206 3236 non
1240 3193 1446 3236 consistit
1471 3193 1517 3235 in
1545 3193 1760 3250 potentia,
1793 3191 1909 3254 vel
1897 3207 1944 3236 m
1976 3192 2149 3246 habitu,
2179 3189 2261 3237 sed
2330 3195 2352 3254 iva>{³}

298 3263 343 3306 in
372 3262 660 3320 operatione:
689 3261 808 3304 unde
837 3261 881 3303 in
911 3273 949 3303 2.
979 3261 1032 3303 dc
1060 3260 1230 3303 Anima
1259 3260 1356 3315 (tex.
1376 3260 1434 3317 5.)
1462 3260 1639 3313 dicitur,
1667 3259 1789 3318 quod
1817 3249 2023 3319 operatio
2046 3269 2114 3303 est
2134 3268 2261 3304 actus

298 3330 543 3375 secundus:
567 3339 611 3373 et
636 3329 740 3373 ideo
768 3329 1013 3372 dicendum
1041 3337 1120 3382 est,
1148 3328 1268 3385 quod
1298 3327 1507 3372 Christus
1540 3328 1586 3370 in
1618 3328 1766 3386 primo
1799 3326 1987 3372 instanti
2004 3339 2125 3371 suae
2157 3320 2264 3403 chn-
2340 3323 2346 3331 ⁸

300 3399 521 3457 ceptionis
548 3397 706 3442 habuit
730 3397 857 3441 illam
891 3395 1205 3455 operationem
1234 3395 1428 3447 animae,
1456 3410 1571 3453 quae
1606 3405 1755 3454 potest
1785 3395 1831 3438 in
1863 3393 2048 3438 instanti
2079 3392 2259 3446 haberi:

299 3467 400 3511 talis
429 3477 580 3510 autem
608 3475 676 3510 est
702 3465 906 3524 operatio
934 3463 1194 3516 voluntatis,
1223 3472 1266 3505 et
1292 3461 1563 3515 intellectus,
1591 3463 1635 3506 in
1663 3477 1751 3521 qua
1779 3460 1984 3506 consistit
2004 3473 2111 3504 usus
2132 3458 2263 3504 liberi
2300 3455 2302 3458 ’
2350 3469 2352 3478 ’

302 3534 495 3578 arbitrii:
524 3534 672 3577 subito
701 3533 836 3586 enim,
865 3540 910 3575 et
939 3531 983 3575 in
1018 3530 1201 3574 instanti
1228 3529 1455 3587 perficitur
1487 3530 1692 3588 operatio
1726 3527 1997 3582 intellectUS‚
2029 3536 2075 3572 et
2104 3525 2263 3572 volun·

300 3602 419 3656 tatis,
446 3602 590 3659 magis
618 3615 755 3659 quam
779 3599 894 3644 visio
922 3597 1202 3658 corporalis}
1229 3611 1284 3640 eo
1312 3597 1433 3655 quod
1460 3597 1729 3655 intelligere,
1755 3594 1888 3650 velle,
1911 3604 1956 3639 et
1979 3593 2145 3639 sentire
2165 3605 2260 3638 non
