2352 3926
251 237 363 306 436
805 250 1083 296 QUAESTIO
1126 249 1197 288 m.
1239 250 1546 289 annotinus
1586 251 1663 293 111.

248 354 326 398 sed
355 356 409 398 ad
438 354 750 397 ostensionem
771 352 948 396 virtutis
971 352 1150 397 divinae
1175 352 1321 397 voluit
1347 367 1512 413 corpus
1548 353 1659 398 illud
1695 354 2011 415 incorruptum
2035 364 2219 416 perma-'

248 435 378 475 nere;
407 421 526 464 unde
556 420 794 478 Chrysost.
823 419 932 463 dicit
965 422 1031 478 (in
1057 421 1319 465 demonstrat.
1354 420 1462 479 quod
1494 422 1610 465 Deus
1638 423 1693 465 sit
1718 428 1850 467 contr.
1872 422 2026 468 Gentil.
2051 429 2212 482 pamm

248 494 341 532 ante
366 488 506 544 med),
536 487 658 545 quod
685 502 708 526 ε(
734 487 988 530 viventibus
1011 487 1110 531 aliis
1136 487 1415 542 hominibus,
1433 488 1504 532 his
1521 487 1696 532 scilicet
1717 489 1795 546 qui
1812 499 2003 547 egerunt
2017 496 2216 544 strenue,

250 555 446 598 arrident
472 556 654 612 propria
682 562 830 611 gesta:
866 553 938 597 his
977 564 1131 598 autem
1171 555 1477 614 pereuntibus,
1511 564 1723 614 pereunt:
1751 555 1830 599 sed
1857 556 1903 599 in
1929 555 2118 601 Christo
2149 565 2219 601 est

247 632 395 665 totum
425 620 724 673 contrarium;
746 634 855 663 nam
883 630 987 664 ante
1015 635 1199 666 crucem
1227 622 1384 665 omnia
1417 630 1520 665 sunt
1546 631 1738 676 moesta,
1770 631 1815 666 et
1839 620 2042 667 infirma:
2068 632 2119 667 ut
2144 636 2221 667 au·

247 699 341 732 tem
369 687 605 731 crucifixus
625 697 705 741 est,
720 687 877 730 omnia
905 687 1100 732 clariora
1127 698 1230 732 sunt
1254 687 1398 742 facta3
1427 698 1475 732 ut
1490 702 1776 743 noscas,non
1795 702 1960 748 purum
1975 689 2216 734 hominem

249 754 514 799 crucifixum
542 771 582 797 >›.

336 822 413 866 AD
440 835 627 866 PmMUM
654 835 764 880 ergo
792 821 1051 875 dicendum,
1079 822 1199 881 quod
1229 822 1453 876 Christus,
1473 837 1578 866 cum
1595 836 1689 867 non
1718 833 1835 866 esset
1860 823 2087 880 subjectus
2113 836 2218 883 pec·

251 898 368 942 cato,
395 902 543 948 neque
561 889 700 932 morti
718 899 815 932 erat
841 889 1078 942 obnoxius,
1104 903 1253 948 neque
1270 889 1610 933 incinerationi:
1637 889 1894 933 voluntarie
1918 898 2073 933 tamen
2099 903 2219 934 mor-

244 965 337 999 tem
380 955 590 999 sustinuit
629 965 814 1014 propter
855 966 1062 999 nostram
1089 955 1300 1010 salutem,
1329 956 1580 999 secundum
1614 956 1812 999 rationes
1836 955 2118 1015 supradictas
2148 956 2211 1015 (q.

239 1030 385 1082 praec.
411 1029 490 1066 art.
523 1017 612 1079 1.).·
646 1021 684 1066 si
711 1032 864 1066 autem
892 1036 1056 1081 corpus
1085 1023 1179 1080 ejus
1205 1021 1363 1066 fuisset
1388 1021 1706 1081 putrefactum,
1733 1021 1808 1066 vel
1830 1021 2098 1077 resolutum,
2125 1036 2218 1067 ma—

246 1089 314 1148 gis
340 1089 431 1133 hoc
457 1088 615 1133 fuisset
646 1089 691 1132 in
719 1089 1042 1133 detrimentum
1071 1088 1226 1133 salutis
1258 1089 1504 1142 humanae,
1538 1089 1647 1132 dum
1674 1103 1768 1133 non
1797 1089 2055 1133 crederetur
2078 1090 2127 1134 in
2157 1102 2215 1134 eo

247 1171 344 1200 esse
370 1157 510 1200 virtus
537 1156 712 1200 divina:
742 1156 861 1200 unde
888 1171 941 1200 ex
967 1170 1162 1215 persona
1195 1158 1290 1214 ejus
1323 1156 1369 1199 in
1396 1157 1468 1200 Ps.
1505 1169 1573 1216 29.
1608 1157 1798 1201 dicitur:
1835 1159 1956 1214 Quae
1980 1158 2142 1202 utilitas
2166 1159 2212 1202 in

243 1226 443 1282 sanguine
470 1239 573 1277 meo,
609 1223 708 1267 dum
733 1223 925 1268 descendo
951 1226 997 1267 in
1029 1225 1372 1283 corruptionem?
1405 1224 1535 1282 quasi
1561 1224 1704 1268 dicat:
1735 1241 1759 1265 «
1788 1224 1837 1268 Si
1864 1237 2030 1282 corpus
2056 1238 2213 1269 meum

244 1301 472 1350 putrescat
498 1291 710 1350 perdetur
737 1290 867 1334 effusi
893 1291 1125 1349 sanguinis
1154 1290 1323 1334 utilitas
1357 1308 1378 1332 »
1416 1290 1569 1346 (Glos.
1598 1291 1692 1334 ord.
1727 1291 1958 1349 August.).

334 1366 409 1409 AD
437 1379 698 1410 SECUNDUM
726 1365 983 1418 dicendum,
1012 1365 1133 1424 quod
1168 1379 1333 1424 corpus
1362 1365 1531 1409 Christi
1565 1375 1785 1424 quantum
1818 1365 1874 1408 ad
1903 1365 2217 1410 conditionem

242 1443 430 1477 naturae
452 1432 674 1492 passibilis
701 1432 1031 1491 putrefactibile
1057 1431 1154 1486 fuit,
1181 1431 1289 1475 licet
1326 1446 1420 1474 non
1448 1442 1666 1490 quantum
1702 1432 1757 1475 ad
1785 1433 1999 1476 meritum
2024 1432 2216 1492 putrefa-

244 1501 422 1555 ctionis,
449 1501 570 1559 quod
599 1510 665 1544 est
690 1510 949 1559 peccatum:
970 1500 1046 1543 sed
1080 1500 1222 1543 virtus
1246 1499 1398 1542 divina
1426 1513 1591 1558 corpus
1621 1499 1796 1544 Christi
1827 1514 1852 1544 a
1879 1499 2211 1559 putrefactione

243 1568 562 1627 praeservavit,
595 1567 712 1610 sicut
738 1577 781 1610 et
806 1567 1092 1610 resuscitavit
1128 1580 1152 1609 a
1185 1575 1348 1609 morte.

334 1636 409 1679 AD
443 1647 659 1679 TERTIUM
686 1634 945 1687 dicendum,
972 1634 1094 1693 quod
1123 1633 1333 1678 Christus
1360 1633 1415 1677 de
1434 1633 1677 1693 sepulchro
1695 1635 1936 1679 resurrexit
1956 1636 2122 1681 virtute
2155 1635 2217 1680 di-

243 1703 363 1756 vina,
391 1716 506 1760 quae
543 1701 678 1745 nullis
704 1701 910 1745 terminis
938 1710 1274 1755 coarctatur3et
1300 1700 1404 1744 ideo
1427 1701 1518 1744 hoc
1553 1702 1674 1760 quod
1703 1716 1728 1745 a
1755 1701 1999 1761 sepulchro
2025 1703 2216 1748 surrexit

243 1769 471 1814 sufficiens
508 1779 829 1827 argumentum
865 1767 962 1821 fuit,
992 1768 1114 1827 quod
1139 1768 1353 1811 homines
1381 1778 1509 1812 erant
1538 1769 1839 1812 resuscitandi
1868 1771 2035 1815 virtute
2060 1769 2215 1825 divina

244 1852 338 1882 non
361 1836 512 1881 solum
540 1837 595 1881 de
622 1836 890 1896 sepulchris,
917 1836 996 1879 sed
1023 1836 1163 1879 etiam
1189 1835 1245 1879 de
1272 1835 1632 1895 quibuscumque
1660 1836 1899 1881 cineribus.

948 2001 1383 2058 ARTICULUS
1427 2001 1522 2057 IV.
1666 1955 1669 1956 γ
1875 2061 1880 2066 ,
2126 2017 2209 2087 285

389 2137 583 2176 UTRUM
618 2137 886 2176 CHRISTUS
921 2138 1120 2176 FUERIT
1155 2138 1210 2175 IN
1245 2137 1565 2175 SEPULCHRO
1601 2136 1786 2174 SOLUM
1818 2136 1932 2175 UNA
1962 2123 2076 2188 DIE,

903 2220 974 2258 ET
1007 2219 1224 2257 DUABUS
1257 2219 1555 2258 NOCTIBUS.

436 2329 567 2388 (Infr.
586 2343 622 2387 q.
646 2343 710 2387 52.
734 2335 817 2373 art.
842 2342 884 2385 4.
909 2315 1023 2388 corp.
1053 2334 1088 2372 et
1110 2344 1147 2387 q.
1170 2343 1226 2387 53.
1255 2334 1335 2372 art.
1357 2343 1397 2372 2.
1421 2335 1537 2387 corp.
1557 2334 1592 2371 et
1613 2335 1750 2383 opusc.
1775 2341 1815 2372 2.
1839 2333 1930 2387 cap.
1951 2340 2032 2387 235.

713 2402 750 2440 et
771 2403 905 2454 opusc.
931 2396 1002 2441 60.
1026 2403 1117 2454 cap.
1138 2410 1208 2441 20.
1232 2401 1268 2439 et
1289 2412 1324 2440 r.
1351 2395 1449 2440 Cor.
1473 2409 1527 2454 15.
1553 2395 1640 2439 lect.
1664 2395 1736 2453 1.).

336 2509 412 2553 AD
430 2519 666 2558 QUARTUM
684 2507 747 2550 sic
766 2505 1038 2564 proceditur.
1057 2505 1261 2558 Videtur,
1276 2504 1397 2563 quod
1416 2504 1626 2548 Christus
1643 2517 1737 2546 non
1755 2502 1888 2547 fuerit
1904 2505 1949 2547 in
1967 2502 2210 2563 sepulchro

244 2576 397 2623 solum
424 2589 514 2619 una
540 2575 626 2628 die,
645 2584 689 2618 et
714 2573 885 2617 duabus
902 2573 1133 2616 noctibus:
1162 2572 1270 2615 dicit
1287 2572 1410 2615 enim
1433 2572 1527 2629 ipse
1545 2571 1706 2614 Matth.
1731 2584 1816 2614 12.:
1844 2571 1962 2616 Sicut
1977 2571 2063 2629 fuit
2081 2571 2212 2629 Jonas

243 2645 287 2687 in
309 2648 451 2686 ventre
469 2643 543 2686 ceti
559 2643 690 2684 tribus
714 2640 866 2693 diebus,
885 2646 921 2682 et
943 2640 1074 2683 tribus
1095 2640 1280 2682 noctibus
1291 2652 1308 2695 ,·
1337 2639 1396 2681 ita
1418 2638 1555 2681 Filius
1581 2637 1758 2680 hominis
1780 2638 1860 2681 erit
1875 2638 1919 2680 in
1938 2637 2060 2696 corde
2077 2643 2211 2683 terrae

243 2710 374 2754 tribus
398 2708 550 2761 diebus,
573 2714 609 2751 et
635 2708 766 2752 tribus
787 2707 997 2750 noctibus:
1033 2705 1110 2748 sed
1138 2706 1182 2748 in
1211 2704 1346 2748 corde
1373 2714 1520 2748 terrae
1542 2702 1627 2747 fuit
1649 2703 1694 2746 in
1717 2703 1960 2761 sepulchro
1983 2705 2208 2760 existens;

242 2790 336 2836 non
362 2776 498 2835 igitur
523 2774 607 2818 fuit
631 2775 677 2817 in
704 2773 947 2832 sepulchro
975 2771 1125 2815 solum
1152 2786 1240 2815 una
1269 2771 1355 2824 die,
1384 2781 1428 2815 et
1455 2771 1628 2814 duabus
1653 2771 1878 2816 noctibus,

336 2856 375 2887 2.
403 2843 699 2887 PRAETEREA.
736 2841 928 2898 Gregor.
957 2839 1064 2882 dicit
1101 2841 1145 2882 in
1183 2839 1310 2882 hom.
1340 2837 1551 2882 Paschali
1578 2838 1705 2896 (quae
1731 2843 1784 2882 est
1807 2852 1870 2883 21.
1892 2839 1938 2882 in
1959 2839 2121 2897 Evang.
2153 2838 2209 2883 ad

231 2912 349 2971 fin),
379 2910 501 2970 quod
531 2926 554 2951 «
580 2909 696 2953 sicut
723 2908 920 2951 Samson
947 2906 1127 2950 abstulit
1159 2906 1309 2949 media
1342 2906 1478 2949 hocte
1511 2916 1664 2964 portas
1700 2905 1877 2959 Gazae3
1904 2906 1968 2949 ita
1994 2905 2204 2951 Christus

244 2979 395 3023 media
427 2987 563 3021 nocte
597 2974 802 3020 auferens
834 2983 986 3032 portas
1019 2972 1180 3016 inferni
1212 2973 1454 3016 resurrexit
1475 2987 1526 3015 »ε
1561 2972 1638 3016 sed
1673 2982 1917 3032 postquam
1947 2972 2205 3033 resurrexit,

242 3060 335 3089 non
361 3044 445 3089 fuit
469 3045 516 3088 in
541 3042 814 3103 sepulchro;
842 3055 952 3099 ergo
980 3054 1072 3083 non
1099 3039 1181 3083 fuit
1207 3039 1249 3083 in
1279 3039 1523 3098 sepulchro
1551 3040 1724 3084 duabus
1755 3040 1966 3084 noctibus
1998 3039 2200 3100 integris.

338 3127 373 3171 3.
402 3112 699 3157 PRAETEREA.
726 3110 813 3153 Per
839 3116 1037 3151 mortem
1065 3107 1235 3152 Christi
1268 3106 1343 3150 lux
1376 3106 1627 3166 praevaluit
1660 3106 1883 3151 tenebrist
1916 3106 1997 3151 sed
2027 3119 2120 3151 nox
2142 3107 2204 3152 ‘ad

241 3180 449 3224 tenebras
475 3179 682 3238 pertinet,
699 3176 793 3221 dies
813 3186 964 3219 autem
992 3175 1047 3218 ad
1075 3173 1253 3227 lucem;
1278 3188 1388 3232 ergo
1412 3174 1756 3218 convenientius
1773 3172 1870 3228 fuit,
1888 3173 2011 3233 quod
2033 3188 2199 3235 corpus

247 3246 421 3291 Christi
445 3245 580 3290 fuerit
604 3245 651 3288 in
678 3242 922 3303 sepulchro
950 3241 1125 3284 duobus
1149 3241 1318 3294 diebus,
1346 3251 1390 3284 et
1415 3255 1505 3284 una
1531 3250 1683 3295 nocte,
1711 3254 1850 3300 quam
1875 3253 1901 3285 e
1928 3251 2166 3286 converso.

331 3314 425 3359 SED
454 3326 648 3359 CONTRA
676 3321 757 3365 est,
784 3310 919 3370 quod,
954 3309 1070 3353 sicut
1096 3309 1215 3366 Aug.
1248 3307 1355 3352 dicit
1387 3308 1432 3351 in
1459 3321 1501 3362 4.
1527 3308 1582 3352 de
1612 3308 1774 3352 Trinit.
1806 3308 1982 3368 (cap16.
2004 3321 2032 3353 a
2054 3307 2204 3367 med),

243 3397 266 3422 «
290 3396 315 3425 a
340 3395 528 3440 vespere
554 3379 810 3439 sepulturae
836 3390 978 3436 usque
1007 3376 1061 3419 ad
1089 3373 1341 3418 diluculum
1367 3375 1711 3419 resurrectionis
1736 3375 1921 3435 triginta
1951 3385 2030 3420 sex
2055 3373 2199 3420 horae

242 3459 358 3501 sunt,
386 3449 500 3492 idest
526 3462 615 3491 nox
642 3456 738 3490 tota
765 3459 870 3489 cum
898 3444 969 3487 die
990 3451 1101 3495 tota,
1129 3451 1172 3485 et
1197 3451 1332 3485 nocte
1360 3450 1455 3485 tota
1478 3459 1518 3485 ».

327 3517 616 3560 Respounsso
654 3513 913 3566 dicendum,
946 3510 1067 3569 quod
1101 3508 1250 3567 ipsum
1284 3518 1478 3567 tempus,
1511 3523 1602 3567 quo
1637 3508 1847 3553 Christus
1879 3507 1925 3552 in
1956 3506 2202 3568 sepulchro

243 3583 422 3635 mansit,
452 3581 665 3626 effectum
693 3579 853 3624 mortis
881 3579 976 3636 ejus
1003 3585 1331 3635 repraesentat:
1360 3576 1530 3619 dictum
1560 3586 1626 3620 est
1653 3586 1805 3619 autem
1821 3587 1957 3635 supra
1978 3574 2038 3635 (q.
2057 3583 2200 3636 praec.

242 3657 321 3695 art.
356 3651 437 3708 6.)‚
473 3649 594 3709 quod
622 3662 701 3708 per
729 3655 928 3691 mortem
956 3643 1128 3689 Christi
1160 3642 1336 3687 liberati
1364 3656 1520 3686 sumus
1553 3657 1577 3686 a
1605 3643 1760 3703 duplici
1785 3652 1948 3696 morte,
1974 3641 2201 3689 sciliceta

2335 2761 2339 2765 ’
2334 2601 2352 2737 Mna-mma.
2347 2553 2352 2585 ff.
2346 2477 2352 2484 r
