2352 3926
281 177 391 246 264
810 189 1086 235 QUAESTIO
1125 189 1276 228 xxxi.
1317 172 1625 230 KRTICULUS
1666 191 1742 229 111.

280 292 579 351 quadraginta
606 291 717 334 duas
745 291 1063 349 generationes
1081 301 1338 346 enumerat;
1357 291 1506 336 Lucas
1523 302 1676 337 autem
1693 302 1798 351 post
1816 292 2093 352 baptismum
2115 291 2245 338 Chri-

280 359 336 402 sti
359 359 701 417 generationem
733 357 905 401 Christi
931 358 1073 416 ponit,
1100 358 1322 417 incipiens
1348 373 1374 402 a
1402 359 1602 413 Christo,
1636 370 1681 403 et
1712 359 1963 418 perducens
1994 359 2246 418 generatio-

279 440 390 468 num
417 439 661 468 numerum
698 438 841 482 usque
875 424 930 467 ad
963 425 1132 479 Deum,
1169 439 1343 484 ponens
1381 427 1699 485 generationes
1736 426 2023 485 septuaginta
2053 435 2244 486 septem,

279 503 470 551 utroque
499 502 702 536 extremo
732 502 1020 551 computato:
1048 493 1226 537 videtur
1256 493 1407 553 igitur,
1440 495 1562 553 quod
1595 494 1972 538 inconvenienter
1995 493 2247 553 generatio-

278 575 385 603 nem
412 559 582 603 Christi
606 560 874 603 describant.

367 639 409 681 4.
437 626 734 671 PRAETEREA.
764 640 805 682 4.
833 627 947 686 Reg.
975 627 1016 671 8.
1042 626 1223 686 legitur,
1251 628 1373 687 quod
1394 628 1552 686 Joram
1580 628 1736 687 genuit
1755 627 2041 673 Ochoziam:
2060 627 2244 672 cuisuc-

279 694 414 738 cessit
432 693 541 751 Joas
567 693 686 738 filius
714 695 830 752 ejus:
858 694 964 738 huic
998 705 1152 739 autem
1190 696 1406 740 successit
1438 695 1556 739 filius
1594 698 1689 755 ejus
1728 696 1967 740 Amasias:
1992 705 2153 754 postea
2178 708 2245 739 re-

279 761 433 819 gnavit
460 760 578 804 filius
606 763 702 819 ejus
729 761 932 815 Azarias,
961 761 1038 820 qui
1064 761 1318 821 appellatur
1346 762 1509 807 Ozias:
1538 763 1612 806 cui
1643 762 1861 807 successit
1880 761 2095 820 Joatham
2127 760 2244 805 filius

279 829 405 886 ejus;
431 827 690 872 Matthaeus
719 838 871 872 autem
906 828 1027 882 dicit,
1054 828 1178 888 quod
1199 830 1350 885 Joram
1374 831 1518 888 genuit
1548 831 1723 887 Oziam,·
1752 843 1863 888 ergo
1889 828 2067 873 videtur
2091 827 2246 872 incon-

277 895 513 939 venienter
540 897 884 954 generationem
903 895 1076 940 Christi
1093 895 1361 950 describere,
1378 907 1468 940 tres
1486 911 1616 955 reges
1634 897 1679 940 in
1698 897 1850 941 medio
1868 895 2244 956 praetermittens.

374 975 408 1019 5.
436 961 734 1007 PRAETEREA.
771 962 949 1007 Omnes
989 963 1066 1021 qui
1102 962 1149 1006 in
1187 962 1361 1007 Christi
1398 964 1695 1022 generatione
1732 963 2062 1017 describuntur,
2096 972 2246 1022 patres

277 1028 546 1084 habuerunt,
574 1039 619 1073 et
643 1041 836 1084 matres;
865 1040 909 1074 et
934 1029 1118 1087 plurimi
1145 1030 1283 1074 etiam
1317 1045 1370 1074 ex
1397 1031 1460 1075 eis
1492 1030 1652 1076 fratres
1684 1032 1954 1075 habuerunt.
1986 1030 2244 1074 Matthaeus

278 1106 432 1140 autem
458 1096 505 1140 in
531 1099 825 1155 generatione
852 1096 1024 1141 Christi
1051 1107 1140 1140 tres
1166 1107 1344 1141 tanturn
1363 1108 1600 1141 enumerat
1621 1108 1803 1152 matres,
1827 1097 2000 1142 scilicet
2025 1095 2246 1150 Thamar,

277 1163 416 1217 Ruth,
445 1172 487 1207 et
513 1178 704 1208 uxorem
732 1165 894 1208 Uriae:
928 1164 1086 1208 fratres
1121 1175 1274 1208 autem
1305 1165 1517 1208 nominat
1542 1165 1700 1222 Judae,
1728 1175 1772 1209 et
1790 1164 2068 1223 Jechoniae:
2095 1173 2140 1208 et
2170 1164 2248 1208 ite-

278 1244 380 1274 rum
407 1231 592 1285 Phares,
620 1241 664 1275 et
689 1231 874 1274 Zaram:
903 1245 1099 1290 quorum
1132 1231 1247 1274 nihil
1277 1232 1429 1290 posuit
1455 1232 1631 1286 Lucas;
1667 1246 1777 1291 ergo
1811 1232 2021 1276 videntur
2045 1231 2249 1290 Evange-

278 1298 407 1342 listae
434 1298 811 1343 inconvenienter
837 1298 1159 1358 genealogiam
1184 1299 1356 1343 Christi
1383 1299 1689 1360 descripsisse.

369 1365 463 1410 SED
491 1378 688 1411 CONTRA
711 1376 779 1410 est
804 1366 1050 1410 auctoritas
1078 1366 1352 1425 Scripturae.

367 1432 658 1478 RESPONDEO
685 1434 945 1487 dicendum,
980 1434 1116 1492 quod,
1149 1435 1267 1477 sicut
1299 1433 1460 1477 dicitur
1487 1447 1526 1477 2.
1557 1433 1612 1477 ad
1641 1432 1848 1478 Timoth.
1879 1447 1942 1492 3.:
1973 1433 2125 1478 Omnis
2146 1434 2248 1478 scri-

271 1506 404 1558 ptura
434 1515 555 1545 sacra
587 1506 642 1545 est
676 1501 877 1545 divinitus
911 1503 1146 1560 inspirata.-
1185 1515 1301 1559 quae
1330 1510 1484 1544 autem
1512 1501 1724 1545 divinitus
1758 1500 1885 1555 fiunt,
1913 1499 2249 1545 ordinatissime

279 1567 406 1620 fiunt,
433 1569 686 1612 secundum
711 1567 822 1611 illud
860 1567 996 1612 Rom.
1030 1582 1120 1626 13.:
1150 1569 1273 1624 Quae
1299 1582 1325 1612 a
1350 1569 1442 1612 Deo
1475 1574 1584 1623 sunt,
1621 1568 1819 1613 ordinata
1843 1574 1952 1614 sunt.
1985 1567 2120 1612 Unde
2147 1581 2251 1614 con·

277 1634 479 1679 venienti
503 1635 663 1680 ordine
691 1634 965 1693 genealogia
993 1634 1164 1679 Christi
1193 1645 1259 1679 est
1286 1635 1339 1678 ab
1362 1635 1665 1694 Evangelistis
1692 1637 1871 1695 scripta.

368 1702 443 1746 AD
477 1715 666 1747 PRrMUM
698 1716 808 1760 ergo
853 1702 1112 1756 dicendum,
1147 1701 1284 1761 quod,
1311 1702 1428 1746 sicut
1453 1702 1643 1746 Hieron.
1685 1702 1794 1747 dicit
1825 1717 1960 1762 super
1992 1701 2155 1747 Matth.
2184 1701 2250 1759 (in

278 1776 368 1828 cap.
398 1781 435 1813 1.
463 1771 508 1813 in
525 1769 1083 1829 princ),1saiasloquitur
1110 1769 1165 1814 de
1189 1770 1484 1828 generatione
1503 1770 1750 1814 divinitatis
1775 1769 1973 1814 Christi:
1990 1769 2248 1814 Matthaeus

279 1846 433 1880 autem
460 1846 641 1880 enarrat
672 1837 1018 1895 generationem
1055 1836 1229 1881 Christi
1269 1837 1523 1881 secundum
1554 1837 1905 1891 humanitatem,
1936 1850 2032 1881 non
2063 1835 2247 1896 quidem

279 1903 510 1962 explicans
532 1903 726 1947 modum
747 1904 1090 1958 incarnationis,
1118 1905 1223 1963 quia
1248 1903 1339 1948 hoc
1368 1904 1506 1948 etiam
1525 1914 1592 1948 est
1608 1903 1850 1960 ineffabile,
1873 1904 1953 1949 sed
1973 1917 2248 1948 enumerans

277 1980 442 2029 patres,
470 1986 523 2015 ex
549 1971 711 2030 quibus
738 1971 948 2016 Christus
975 1971 1228 2015 secundum
1255 1985 1442 2015 carnem
1468 1971 1702 2030 processit.

367 2037 444 2082 AD
471 2051 733 2083 SECUNDUM
761 2038 1020 2092 dicendum,
1047 2038 1170 2097 quod
1199 2038 1253 2082 ad
1279 2038 1399 2082 hanc
1427 2039 1749 2096 objectionem,
1777 2052 1916 2098 quam
1947 2039 2094 2083 movit
2112 2037 2249 2097 Julia-

278 2119 363 2148 nus
390 2105 629 2164 Apostata,
655 2105 927 2150 diversimode
955 2106 1008 2149 ab
1036 2105 1260 2164 aliquibus
1287 2106 1598 2164 respondetur.
1622 2106 1810 2162 Quidam
1829 2106 1968 2162 enim,
1986 2115 2036 2150 ut
2054 2105 2248 2164 Gregor.

279 2172 494 2216 Nazianz.
521 2173 632 2216 dicit
656 2173 772 2231 (vide
798 2174 908 2231 Aug.
937 2173 1008 2218 lib.
1035 2187 1074 2217 2.
1105 2174 1206 2229 QQ.
1235 2174 1400 2231 Evang.
1425 2188 1462 2231 q.
1485 2173 1563 2231 5.),
1586 2173 1742 2217 dicunt
1769 2173 1959 2217 eosdem
1986 2186 2100 2227 esse,
2132 2185 2249 2232 quos

279 2249 467 2298 uterque
493 2239 785 2299 Evangelista
812 2250 1062 2293 enumerat,
1081 2239 1160 2284 sed
1183 2240 1263 2284 sub
1292 2240 1481 2284 diversis
1504 2240 1781 2294 nominibus,
1804 2240 1933 2299 quasi
1949 2239 2247 2300 binonymes:

279 2306 358 2350 sed
383 2307 474 2350 hoc
501 2317 619 2350 stare
645 2321 739 2350 non
762 2316 934 2365 potest3
962 2307 1067 2365 quia
1090 2307 1348 2351 Matthaeus
1366 2307 1496 2366 ponit
1512 2321 1655 2350 unum
1672 2306 1872 2351 filiorum
1893 2307 2059 2361 David,
2075 2306 2251 2352 scilicet

281 2372 606 2418 Salomonem:
630 2374 779 2418 Lucas
808 2383 959 2417 autem
979 2374 1109 2432 ponit
1126 2373 1282 2428 alium,
1300 2374 1476 2418 scilicet
1491 2374 1692 2428 Nathan,
1710 2388 1825 2433 quos
1843 2373 2095 2419 secundum
2111 2373 2251 2418 histo-

278 2440 394 2483 riam
420 2439 522 2484 libri
546 2440 728 2499 Regum
755 2451 935 2485 constat
959 2441 1118 2485 fratres
1145 2441 1296 2485 fuisse.
1326 2441 1460 2485 Unde
1488 2442 1565 2486 alii
1591 2441 1811 2495 dixerunt,
1839 2442 1961 2501 quod
1986 2441 2248 2486 Matthaeus

278 2522 437 2551 veram
464 2501 788 2567 genealogiam
816 2508 988 2552 Christi
1014 2508 1210 2563 tradidit,
1239 2509 1388 2552 Lucas
1422 2518 1574 2552 autem
1601 2510 1877 2567 putativam;
1904 2507 2024 2552 unde
2049 2508 2248 2567 incepit:

288 2575 341 2619 Ut
358 2577 590 2634 putabatur
606 2576 725 2634 filius
745 2576 921 2635 Joseph;
950 2586 1078 2619 erant
1104 2577 1228 2619 enim
1256 2575 1395 2634 aliqui
1422 2589 1475 2619 ex
1495 2575 1694 2633 Judaeis,
1729 2575 1806 2633 qui
1836 2585 2020 2634 propter
2059 2583 2250 2634 peccata

277 2655 439 2700 regum
460 2642 575 2700 Juda
603 2642 861 2696 credebant,
890 2642 1126 2686 Christum
1155 2657 1209 2687 ex
1236 2642 1385 2685 David
1411 2656 1506 2685 non
1534 2656 1613 2700 per
1634 2655 1779 2700 reges,
1799 2642 1877 2685 sed
1896 2655 1976 2701 per
1994 2640 2132 2685 aliam
2150 2642 2247 2700 ejus

277 2708 465 2768 stirpem
491 2709 735 2753 hominum
761 2709 1042 2768 privatorum
1063 2723 1159 2752 esse
1178 2709 1473 2753 nasciturum.
1498 2709 1591 2752 Alii
1612 2723 1722 2752 vero
1750 2709 1969 2762 dixerunt,
1992 2708 2114 2768 quod
2136 2708 2248 2752 Mat-

277 2776 439 2819 thaeus
465 2776 617 2835 posuit
640 2786 789 2835 patres
818 2775 1037 2829 carnales,
1066 2776 1214 2819 Lucas
1246 2790 1356 2819 vero
1399 2776 1552 2835 posuit
1593 2786 1742 2836 patres
1778 2774 2048 2835 spirituales,
2074 2774 2249 2820 scilicet

277 2844 421 2902 justos
446 2843 583 2896 viros,
617 2842 693 2901 qui
726 2842 936 2887 dicuntur
971 2852 1121 2901 patres
1158 2853 1343 2902 propter
1375 2841 1721 2886 similitudinem
1756 2842 2026 2897 honestatis,
2052 2843 2097 2887 in
2130 2842 2247 2887 libro

278 2924 388 2954 vero
416 2910 470 2954 de
500 2910 858 2963 Quaestionibus
884 2911 1064 2964 veteris,
1093 2920 1137 2955 et
1162 2911 1271 2954 novi
1292 2910 1576 2954 Testamenti
1595 2911 1726 2969 (part.
1746 2927 1781 2956 1.
1800 2926 1838 2969 q.
1860 2911 1928 2970 56.
1946 2916 1982 2955 et
1997 2916 2113 2970 part.
2140 2924 2180 2956 2.
2203 2911 2248 2954 in

279 2978 382 3034 QQ.
408 2979 509 3021 novi
543 2978 716 3022 Testam.
744 2993 781 3036 q.
809 2978 849 3022 6.
877 2979 983 3022 inter
1009 2985 1072 3036 op.
1100 2978 1233 3036 Aug.)
1261 2977 1571 3035 respondetur,
1606 2978 1726 3036 quod
1760 2992 1853 3022 non
1893 2988 1960 3023 est
1992 2977 2245 3037 intelligen-

278 3046 403 3098 dum,
431 3045 552 3104 quod
572 3044 744 3103 Joseph
773 3059 798 3087 a
825 3044 950 3088 Luca
977 3044 1152 3088 dicatur
1190 3059 1286 3088 esse
1320 3043 1436 3088 filius
1460 3044 1577 3098 Heli,
1606 3044 1684 3089 sed
1712 3045 1837 3104 quod
1866 3043 1985 3100 Heli,
2012 3055 2056 3090 et
2074 3043 2247 3103 Joseph

277 3112 459 3157 fuerunt
484 3124 633 3171 patres
663 3112 848 3166 Christi,
877 3111 1181 3155 diversimode
1210 3126 1234 3155 a
1261 3111 1410 3155 David
1431 3112 1787 3167 descendentes;
1815 3113 1934 3157 unde
1967 3112 2024 3157 de
2059 3111 2246 3157 Christo

278 3180 455 3233 dicitur,
483 3180 605 3238 quod
632 3179 872 3238 putabatur
905 3178 1022 3222 filius
1044 3179 1228 3237 Joseph,
1257 3190 1300 3222 et
1326 3180 1447 3238 quod
1491 3179 1587 3238 ipse
1621 3180 1758 3223 etiam
1793 3179 2003 3225 Christus
2028 3178 2112 3224 fuit
2142 3177 2248 3224 Heli

278 3246 418 3290 filius:
447 3247 576 3305 quasi
602 3246 784 3299 diceret,
813 3245 934 3305 quod
962 3245 1171 3290 Christus
1201 3260 1254 3290 ea
1281 3248 1470 3299 ratione,
1499 3260 1587 3305 qua
1620 3247 1782 3291 dicitur
1808 3246 1926 3291 filius
1946 3242 2133 3306 Joseph,
2170 3257 2248 3305 po-

277 3321 364 3358 test
390 3314 479 3357 dici
512 3313 629 3357 filius
670 3312 788 3367 Heli,
817 3322 861 3357 et
898 3313 1107 3356 omnium
1141 3327 1302 3357 eorum
1340 3313 1416 3372 qui
1453 3328 1507 3357 ex
1544 3314 1679 3372 stirpe
1715 3313 1865 3358 David
1901 3313 2246 3367 descenderunt,

278 3381 396 3425 sicut
420 3380 672 3440 Apostolus
700 3381 808 3424 dicit
833 3380 968 3424 Rom.
997 3394 1064 3439 9.:
1091 3381 1160 3424 Ex
1186 3381 1347 3438 quibus,
1382 3379 1556 3425 scilicet
1576 3380 1774 3438 Judaeis,
1805 3381 1994 3426 Christus
2023 3382 2080 3426 es‘t
2106 3393 2248 3426 secun-

279 3447 376 3492 dum
395 3463 576 3493 carnem.
597 3448 791 3507 August.
814 3461 923 3491 vero
942 3447 987 3490 in
1005 3447 1080 3491 lib.
1105 3459 1144 3490 2.
1169 3447 1223 3490 de
1245 3446 1603 3498 Quaestionibus
1636 3447 1854 3507 Evangel.
1872 3447 1932 3506 (q.
1946 3446 2007 3507 5.)
2025 3447 2247 3507 tripliciter

278 3515 415 3560 solvit
440 3506 619 3560 dicensi
648 3515 807 3560 «Tres
835 3528 999 3559 causae
1026 3524 1285 3567 occurrunt,
1313 3528 1501 3572 quarum
1533 3514 1733 3574 aliquam
1760 3513 2040 3574 evangelista
2061 3523 2245 3559 secutus

279 3593 369 3627 est:
397 3589 468 3628 aut
490 3583 614 3628 enim
636 3597 752 3628 unus
779 3580 1068 3642 Evangelista
1094 3591 1270 3641 patrem
1290 3580 1477 3640 Joseph,
1507 3595 1531 3625 a
1554 3596 1645 3641 quo
1673 3581 1852 3640 genitus
1870 3590 1951 3636 est,
1967 3580 2243 3638 nominavit3

2315 3846 2348 3920 'waes
2322 3620 2352 3821 *fflwzw
