2352 3926
623 273 901 321 QUAESTIO
943 273 1114 314 xxxn.
1155 272 1463 313 ARTICULUS
1503 272 1540 311 1.
1953 270 2059 326 277

98 376 227 440 plum
253 378 362 436 ejus.
388 376 580 422 Factum
606 385 761 421 autem
785 375 979 436 Spiritus
1014 375 1171 420 Sancti
1203 389 1317 434 opus
1350 374 1452 420 Filii
1483 373 1574 419 Dei
1592 382 1660 419 est
1674 380 1858 434 propter
1873 381 2062 417 naturae

98 454 146 492 et
167 444 413 491 voluntatis
438 444 659 489 unitatem
682 459 725 488 ».

809 619 1241 678 ARTICULUS
1286 620 1356 675 II.
1979 646 2061 692 177

97 758 291 797 UTRUM
334 757 599 797 CHRISTUS
639 735 1013 794 DEBEAT.DICI
1055 755 1381 794 CONCEPTUS
1424 756 1496 792 DE
1537 755 1778 794 SPIRITUS
1820 753 2058 792 SANCTO·

123 868 175 928 (3.
203 869 315 913 Dist.
340 882 384 925 4.
410 883 449 926 q.
474 883 511 913 ι.
537 873 620 912 art.
647 882 682 912 1.
709 882 748 926 q.
774 881 817 925 4.
844 872 881 912 et
905 867 976 911 lib.
1003 880 1045 924 4.
1071 865 1218 911 Contr.
1243 881 1282 924 g.
1310 873 1402 926 cap.
1429 866 1502 923 46.
1526 871 1561 910 et
1583 872 1719 925 opusc.
1737 881 1773 925 3.
1797 873 1887 925 cap.
1911 863 2036 923 223).

186 977 264 1022 AD
290 989 552 1022 SECUNDUM
578 977 641 1021 sic
667 976 941 1036 proceditur.
965 976 1170 1031 Videtur,
1189 976 1311 1036 quod
1332 976 1539 1021 Christus
1558 990 1652 1020 non
1670 976 1831 1020 debeat
1848 976 1938 1021 dici
1959 989 2064 1020 con-

98 1053 255 1103 ceptus
280 1044 337 1089 de
363 1044 533 1104 Spiritu
552 1044 736 1088 Sancto.
766 1043 891 1096 Quia
917 1058 1051 1103 super
1067 1043 1187 1088 illud
1213 1043 1350 1088 Rom.
1378 1056 1443 1087 2.:
1471 1045 1540 1088 Ex
1564 1045 1664 1103 ipso,
1693 1050 1730 1088 et
1752 1051 1826 1103 per
1850 1045 2002 1102 ipsum,
2024 1048 2063 1087 et

95 1113 142 1175 {n
166 1113 252 1171 ipso
275 1117 371 1156 sunt
395 1114 550 1165 omnia,
575 1111 685 1155 dicit
711 1110 863 1172 Gloss.
890 1112 1012 1170 Aug.
1043 1111 1152 1168 (ord.
1181 1112 1251 1156 lib.
1275 1111 1322 1156 de
1340 1112 1441 1156 Nat.
1459 1112 1581 1165 Boni,
1600 1119 1690 1171 cap.
1709 1112 1824 1170 27.):
1855 1126 1879 1151 «
1905 1110 2063 1154 Atten-

95 1179 312 1234 dendum,
339 1179 460 1238 quod
486 1193 580 1223 non
608 1178 688 1223 ait:
708 1178 755 1224 de
776 1180 877 1238 ipso,
897 1179 1000 1223 sed:
1027 1194 1077 1223 ex
1101 1180 1186 1238 ipso
1197 1194 1214 1231 ;
1240 1193 1293 1222 ex
1313 1178 1414 1237 ipso
1438 1179 1560 1222 enim
1583 1177 1702 1222 coeli
1724 1187 1841 1232 sunt,
1864 1187 1908 1222 et
1928 1187 2063 1231 terra,

95 1246 203 1306 quia
225 1244 335 1291 fecit
359 1260 437 1302 ea;
463 1260 557 1290 non
584 1256 738 1290 autern
765 1246 820 1290 de
847 1248 962 1305 ipso,
990 1247 1094 1305 quia
1111 1260 1206 1290 non
1224 1245 1279 1290 de
1299 1245 1548 1290 substantia
1574 1259 1656 1289 sua
1680 1261 1732 1290 »z
1759 1244 1838 1288 sed
1867 1244 2059 1302 Spiritus

97 1312 292 1358 Sanctus
317 1327 412 1358 non
436 1311 652 1358 formavit
679 1327 842 1372 corpus
871 1312 1041 1357 Christi
1068 1312 1124 1357 de
1150 1313 1400 1357 substantia
1425 1327 1531 1366 sua;
1568 1326 1678 1371 ergo
1718 1311 1927 1356 Christus
1966 1324 2061 1355 non

95 1380 229 1426 debet
253 1380 343 1425 dici
367 1390 616 1440 conceptus
641 1380 698 1424 de
725 1379 895 1439 Spiritu
918 1379 1104 1425 Sancto.

70 1500 81 1511 .
186 1461 226 1493 2.
249 1448 547 1494 PRAETEREA.
574 1447 856 1506 Principium
884 1449 1099 1502 activum,
1127 1448 1182 1492 de
1210 1462 1300 1507 quo
1329 1447 1498 1507 aliquid
1527 1447 1798 1506 concipitur,
1837 1461 1885 1491 se
1919 1446 2058 1490 habet

94 1516 213 1561 sicut
236 1529 395 1562 semen
420 1516 467 1560 in
500 1515 819 1574 generatione·
847 1515 925 1559 sed
954 1515 1145 1574 Spiritus
1174 1515 1368 1560 Sanctus
1394 1529 1489 1559 non
1511 1529 1559 1559 se
1581 1515 1740 1558 habuit
1761 1514 1879 1558 sicut
1900 1527 2058 1558 semen

94 1584 142 1628 in
169 1583 469 1644 conceptione
498 1582 690 1627 Christi:
718 1582 828 1626 dicit
863 1582 987 1626 enim
1028 1582 1217 1627 Hieron.
1244 1583 1291 1626 in
1319 1582 1601 1641 expositione
1645 1580 1915 1627 Catholicae
1955 1576 2061 1624 fidei

96 1652 185 1709 (seu
210 1653 324 1711 epist.
351 1664 413 1710 17.
441 1650 495 1694 ad
520 1651 697 1694 Damas.
725 1651 832 1694 inter
854 1652 1084 1710 suppositit.
1111 1657 1203 1695 ante
1229 1650 1320 1694 med
1323 1651 1374 1707 .:)
1405 1666 1429 1690 «
1454 1649 1577 1703 Non,
1603 1649 1721 1693 sicut
1755 1631 1942 1707 quidam
1969 1661 2062 1691 sce-

95 1717 364 1763 leratissime
392 1717 649 1776 opinantur,
677 1716 895 1776 Spiritum
923 1717 1143 1762 Sanctum
1170 1718 1363 1761 dicimus
1390 1716 1526 1760 fuisse
1554 1731 1635 1775 pro
1663 1716 1860 1770 semine3
1885 1715 1962 1759 sed
1985 1728 2062 1773 po-

95 1786 250 1840 tentia,
277 1799 330 1830 ac
354 1786 518 1830 virtute
547 1785 779 1829 Creatoris
806 1785 999 1829 dicimus
1027 1799 1123 1829 esse
1150 1794 1403 1844 operatum,
1431 1784 1547 1828 idest
1574 1782 1849 1836 formatum,
1892 1795 2057 1840 corpus

98 1852 270 1898 Christi
281 1868 323 1907 »3
347 1866 442 1896 non
460 1866 570 1911 ergo
589 1851 722 1896 debet
747 1852 850 1906 dici,
878 1852 1000 1911 quod
1021 1852 1228 1896 Christus
1250 1852 1307 1896 sit
1330 1861 1577 1910 conceptus
1600 1851 1655 1894 de
1680 1851 1848 1909 Spiritu
1872 1850 2058 1893 Sancto.

189 1934 227 1979 3.
252 1920 549 1965 PRAETEREA.
576 1918 704 1963 Nihil
730 1933 873 1963 unum
899 1920 954 1963 de
981 1920 1157 1963 duobus
1183 1919 1419 1973 formatur,
1445 1919 1533 1962 nisi
1560 1918 1712 1976 aliquo
1750 1917 1891 1961 modo
1935 1930 2059 1960 com-

97 1986 271 2031 mixtis:
299 1987 376 2032 sed
403 2000 569 2046 corpus
593 1986 763 2031 Christi
787 1985 1035 2030 formatum
1063 1996 1130 2031 est
1161 1987 1216 2030 de
1241 1986 1432 2045 Virgine
1458 1986 1624 2030 Maria:
1652 1985 1688 2029 si
1715 1999 1824 2043 ergo
1855 1984 2063 2029 Christus

97 2054 274 2099 dicatur
298 2063 546 2113 conceptus
572 2053 628 2098 dc
656 2053 825 2113 Spiritu
853 2054 1040 2108 Sancto,
1072 2054 1249 2099 videtur
1275 2053 1398 2113 quod
1420 2053 1539 2098 facta
1561 2053 1618 2097 sit
1639 2053 1908 2097 commixtio
1930 2066 2062 2111 quae-

0 2158 15 2178 „
96 2121 205 2166 dam
237 2121 428 2182 Spiritus
461 2121 631 2175 Sancti,
662 2128 709 2165 ’et
734 2121 967 2175 materiae,
994 2136 1131 2180 quam
1163 2121 1308 2180 Virgo
1342 2121 1635 2165 ministravit:
1670 2120 1792 2179 quod
1813 2129 1937 2179 patet
1965 2133 2063 2164 esse

95 2187 327 2247 falsum-»3
351 2203 446 2233 non
472 2202 583 2247 ergo
612 2188 820 2233 Christus
854 2189 986 2232 debet
1018 2188 1108 2233 dici
1140 2199 1387 2247 conceptus
1420 2189 1475 2232 de
1508 2188 1675 2248 Spiritu
1711 2187 1897 2231 Sancto.

19 2254 23 2262 ²
187 2255 281 2302 SED
308 2268 504 2301 CONTRA
530 2265 611 2310 est,
638 2255 760 2314 quod
787 2256 951 2300 dicitur
974 2256 1135 2300 Matth.
1167 2270 1228 2300 1.:
1252 2257 1491 2314 Antequam
1513 2257 1795 2309 convenirent,
1818 2256 1990 2299 inventa
2011 2260 2065 2299 est

94 2323 141 2368 in
164 2329 279 2368 utero
304 2323 454 2368 habens
477 2322 523 2367 de
550 2323 714 2382 Spiritu
738 2323 905 2368 Sancto.

6 2436 21 2451 „4
186 2389 475 2435 RESPONDEO
494 2389 751 2444 dicendum,
771 2389 892 2449 quod
916 2391 1158 2450 conceptio
1176 2404 1269 2435 non
1293 2390 1548 2435 attribuitur
1567 2389 1656 2434 soli
1677 2388 1860 2448 corpori
1878 2388 2062 2441 Christi,

4 2477 23 2517 ς,
95 2457 175 2504 sed
201 2458 338 2502 etiam
363 2457 450 2516 ipsi
477 2457 663 2502 Christo
689 2457 866 2501 ratione
891 2457 1032 2517 ipsius
1074 2458 1291 2518 corporis.
1324 2458 1376 2502 In
1411 2457 1579 2516 Spiritu
1612 2466 1765 2501 autem
1791 2456 1962 2500 Sancto
1994 2454 2065 2499 du-

2 2525 26 2581 ῖῖζ
86 2524 188 2586 plex
210 2524 430 2569 habitudo
459 2523 769 2569 consideratur
791 2535 998 2584 respectu
1028 2525 1221 2569 Christi:
1247 2540 1356 2569 nam
1383 2525 1437 2569 ad
1461 2526 1613 2584 ipsum
1647 2524 1814 2568 Filium
1854 2523 1958 2578 Dei,
1985 2523 2064 2582 qui

9 2582 34 2634 ’.ΪῩ
97 2590 260 2637 dicitur
285 2605 385 2637 esse
411 2601 674 2650 conceptus,
698 2592 837 2636 habet
860 2592 1175 2636 habitudinem
1198 2591 1702 2637 consubstantialitatis:
1726 2591 1780 2635 ad
1801 2605 1966 2651 corpus
1991 2604 2065 2634 au-

17 2677 30 2707 ‘z‘
96 2667 192 2704 tem
225 2659 320 2718 eius
345 2658 484 2703 habet
507 2658 822 2703 habitudinem
850 2673 1013 2703 causae
1047 2658 1302 2704 efficientis:
1345 2660 1460 2704 haec
1504 2669 1657 2703 autem
1696 2658 1975 2718 praepositio
2017 2657 2063 2701 de

98 2735 338 2785 utramque
361 2724 676 2769 habitudinem
703 2725 934 2784 designat;
962 2726 1078 2770 sicut
1104 2740 1210 2770 cum
1236 2726 1430 2770 dicimus
1455 2726 1697 2770 hominem
1735 2725 1934 2784 aliquem
1961 2737 2062 2769 esse

34 2792 48 2807 ³
98 2791 156 2838 de
179 2805 264 2837 suo
290 2802 439 2851 patre3
473 2801 518 2837 et
542 2791 646 2836 ideo
673 2793 1000 2837 convenienter
1039 2793 1190 2838 dicere
1231 2807 1489 2852 possumus,
1517 2793 1753 2838 Christum
1779 2807 1878 2837 esse
1904 2806 2065 2836 conce-

26 2854 50 2916 ’ς
98 2869 228 2920 ptum
254 2859 309 2904 de
337 2858 506 2919 Spiritu
533 2859 720 2914 Sancto,
746 2860 836 2904 hoc
864 2861 1006 2905 modo
1034 2861 1156 2919 quod
1184 2860 1425 2905 efficientia
1453 2861 1644 2920 Spiritus
1669 2860 1824 2905 Sancti
1846 2859 2064 2904 referatur

39 2930 51 2956 -’
100 2925 157 2971 ad
183 2940 346 2987 corpus
374 2935 671 2985 assumptum,
699 2927 1142 2972 consubstantialitas
1168 2942 1278 2972 vero
1307 2928 1362 2972 ad
1389 2942 1634 2987 personam
1661 2937 1986 2973 assumentem.

28 2983 51 3042 ζ,
188 2993 264 3038 AD
289 3006 478 3039 PRIMUM
504 3007 614 3052 ergo
642 2993 900 3049 dicendum,
927 2994 1049 3054 quod
1077 3009 1242 3053 corpus
1271 2995 1456 3049 Christi,
1483 2995 1589 3054 quia
1628 3009 1723 3039 non
1765 3004 1833 3038 est
1874 2991 2066 3037 consub-

99 3058 308 3105 stantiale
334 3059 521 3119 Spiritui
548 3060 734 3115 Sancto,
761 3075 855 3105 non
882 3061 1063 3120 proprie
1088 3071 1240 3120 potest
1280 3061 1371 3105 dici
1396 3061 1452 3106 de
1479 3061 1648 3121 Spiritu
1691 3062 1861 3105 Sancto
1903 3072 2065 3103 conce-

98 3134 242 3185 ptum,
267 3126 347 3171 sed
378 3129 525 3186 magis
551 3141 605 3171 ex
632 3127 800 3187 Spiritu
829 3128 1024 3183 Sanct03
1051 3129 1168 3172 sicut
1193 3129 1407 3172 Ambros.
1434 3128 1543 3173 dicit
1568 3128 1614 3172 in
1640 3128 1716 3171 lib.
1744 3140 1783 3170 2.
1812 3127 1866 3170 de
1894 3126 2063 3184 Spiritu

102 3192 272 3239 Sancto
301 3193 411 3254 (cap.
429 3209 466 3253 5.
493 3194 546 3239 ad
564 3196 681 3253 fin.).·
718 3211 742 3236 «
771 3195 910 3247 Quod
938 3211 991 3240 ex
1017 3195 1170 3255 aliquo
1198 3206 1278 3250 est,
1307 3206 1382 3240 aut
1408 3210 1462 3240 ex
1483 3195 1746 3248 substantia,
1770 3204 1846 3237 aut
1868 3207 1921 3236 ex
1942 3201 2065 3251 pote·

100 3269 214 3305 state
238 3261 334 3319 ejus
361 3269 450 3305 est:
477 3275 532 3305 ex
557 3261 820 3316 substantia,
846 3262 963 3306 sicut
987 3262 1139 3319 Filius,
1168 3263 1245 3322 qui
1271 3278 1296 3307 a
1322 3263 1455 3307 Patre
1484 3273 1573 3307 est:
1601 3276 1655 3306 ex
1682 3270 1920 3320 potestate,
1947 3259 2064 3303 sicut

101 3339 158 3372 ex
180 3327 283 3372 Deo
310 3328 490 3373 omnia:
517 3329 754 3387 quomodo
781 3338 826 3373 et
849 3329 895 3373 in
922 3339 1050 3374 utero
1077 3330 1235 3374 habuit
1260 3330 1404 3374 Maria
1431 3345 1484 3374 ex
1509 3329 1675 3388 Spiritu
1700 3328 1871 3371 Sancto
1903 3342 1943 3369 >›.

42 3430 52 3447 ,
190 3393 267 3439 AD
293 3406 552 3440 SECUNDUM
585 3395 845 3450 dicendum,
873 3396 995 3455 quod
1021 3411 1154 3454 super
1172 3397 1260 3440 hoc
1278 3396 1454 3440 videtur
1473 3409 1570 3439 esse
1588 3394 1812 3453 quaedam
1830 3393 2065 3437 diversitas

102 3457 373 3519 Hieronymi
400 3460 454 3504 ad
481 3462 704 3520 quosdam
732 3462 846 3507 alios
872 3463 1114 3517 Doctores,
1142 3465 1217 3522 qui
1246 3473 1466 3515 asserunt,
1509 3461 1725 3519 Spiritum
1769 3460 1990 3503 Sanctum
2016 3460 2062 3503 in

103 3526 404 3585 conceptione
429 3527 602 3572 Christi
619 3527 764 3573 fuisse
790 3543 872 3588 pro
900 3530 1097 3574 semine:
1137 3530 1245 3573 dicit
1286 3529 1407 3573 enim
1452 3528 1865 3585 Chrysost.·super
1903 3525 2065 3570 Matth.

5 3600 59 3660 ‚J
105 3589 235 3649 (hom.
269 3606 303 3638 1.
338 3593 383 3637 in
409 3600 476 3653 op.
516 3595 683 3654 imperf.
717 3594 771 3638 ad
794 3596 907 3651 fin.).·
953 3612 977 3638 «
1005 3595 1256 3654 Unigenito
1297 3595 1386 3639 Dei
1426 3595 1472 3637 in
1513 3593 1751 3652 Virginem
1791 3593 2066 3652 ingressuro,

6 3666 56 3724 ,··.·Δ
104 3657 349 3717 praecessit
374 3657 566 3718 Spiritus
594 3660 802 3715 Sanctus,
825 3670 874 3705 ut
888 3662 1187 3719 praecedente
1204 3661 1372 3722 Spiritu
1391 3660 1560 3704 Sancto
1579 3659 1625 3703 in
1643 3659 2066 3713 sanctificationem,
