2352 3926
3 1680 13 1690 a
12 1644 14 1646 .
2 1611 15 1633 2⁴.
0 1231 17 1595 1W„‘=.‡erw-.wwng-5=·
0 1195 2 1211 W
0 1118 4 1123 ·

0 2362 29 2563 maemgwffiwx
0 2307 13 2347 νῆ’»
0 2286 10 2295 r.
6 2246 14 2263 m,
15 2204 26 2208 ·

13 170 16 175 .
21 159 30 175 θ’

0 395 10 412 ²!

0 413 11 435 ,.

605 240 883 290 QUABSTIO
924 238 1089 280 van.
1130 236 1438 279 ARTICULUS
1478 235 1550 275 w.
1950 234 2052 290 575

103 356 312 410 peccaret
327 356 482 392 tamen
499 345 596 406 ipsa
606 345 850 404 baptizans,
876 352 920 389 et
945 341 1022 387 alii
1038 341 1115 402 qui
1131 341 1188 387 ad
1203 341 1295 386 hoc
1318 349 1684 400 cooperarentur,
1700 337 1774 384 vel
1784 337 2062 398 baptismum

105 416 160 462 ab
185 429 240 462 ea
255 413 559 474 suscipiendo,
579 412 654 458 vel
671 412 713 458 ei
729 411 1047 471 baptizandum
1065 409 1266 469 aliquem
1293 408 1543 454 offerendo.

793 611 1225 669 ARTICULUS
1266 611 1334 667 V.
1974 626 2058 684 380
2088 569 2096 575 ι

104 766 294 807 UTRUM
322 764 439 805 NON
467 763 801 803 BAPTIZATUS
828 762 1020 801 POSSIT
1047 761 1456 802 SACRAMENTUM
1481 761 1732 801 BAPTISMI
1760 761 2061 801 CONFERRE.

638 887 753 948 (Sup.
781 892 864 932 art.
885 902 920 946 3.
944 892 980 931 et
1005 886 1103 932 locis
1128 885 1280 931 ibidem
1305 886 1495 944 notatis).

193 1017 271 1062 An
303 1028 531 1068 QmNTUM
563 1015 627 1060 sic
660 1013 935 1074 proceditur.
972 1012 1176 1067 Videtur,
1210 1013 1332 1072 quod
1363 1011 1440 1056 ille
1474 1013 1551 1071 qui
1582 1026 1675 1056 non
1709 1022 1777 1057 est
1808 1012 2059 1072 baptizatus

103 1098 197 1130 non
213 1084 357 1144 possit
380 1091 716 1128 sacramentum
732 1081 946 1140 baptismi
968 1079 1196 1124 conferre:
1216 1079 1366 1124 nullus
1385 1079 1508 1124 enim
1531 1079 1620 1131 dat,
1642 1080 1763 1138 quod
1785 1094 1881 1124 non
1902 1080 2065 1126 habet:

101 1151 184 1198 sed
208 1164 302 1195 non
327 1150 575 1210 baptizatus
599 1163 695 1193 non
715 1148 852 1193 habet
875 1157 1213 1193 sacramentum
1238 1146 1472 1206 baptismi;
1500 1161 1610 1205 ergo
1629 1161 1724 1191 non
1747 1157 1896 1206 potest
1911 1147 2060 1207 ipsum

104 1216 325 1264 conferre.

194 1296 236 1329 2.
253 1284 552 1329 PRAETEREA.
576 1283 927 1328 Sacramentum
953 1282 1167 1341 baptismi
1193 1280 1370 1326 confert
1396 1280 1571 1340 aliquis,
1596 1281 1867 1340 inquantum
1895 1292 1962 1326 est
1988 1282 2067 1326 mi-

103 1350 243 1395 nister
267 1350 521 1395 Ecclesiae:
550 1350 629 1395 sed
654 1349 731 1394 ille
758 1350 835 1409 qui
860 1364 954 1393 non
981 1359 1049 1394 est
1069 1348 1335 1408 baptizatus,
1361 1348 1489 1392 nullo
1515 1348 1658 1393 modo
1685 1349 1879 1408 pertinet
1905 1349 1961 1393 ad
1986 1349 2068 1393 Ec-

105 1417 308 1472 clesiam,
333 1417 507 1463 scilicet
531 1431 615 1462 nec
643 1431 705 1472 re,
732 1430 816 1461 nec
843 1426 1154 1471 sacrament03
1187 1429 1296 1474 ergo
1326 1429 1422 1459 non
1447 1425 1597 1475 potest
1622 1425 1961 1460 sacramentum
1993 1416 2067 1460 ba-

104 1485 260 1545 ptismi
283 1483 504 1529 conferre.

201 1567 238 1612 3.
266 1551 565 1597 PRAETEREA.
591 1550 739 1611 Majus
757 1561 823 1596 est
840 1560 1178 1595 sacramentum
1200 1549 1420 1605 conferre,
1440 1564 1578 1609 quam
1600 1550 1853 1609 suscipere3
1870 1549 1950 1595 sed
1971 1564 2066 1595 non

107 1620 356 1679 baptizatus
382 1632 476 1663 non
503 1628 653 1678 potest
684 1617 773 1662 alia
804 1627 1090 1662 sacramenta
1122 1618 1374 1677 suscipere3
1408 1631 1518 1677 ergo
1549 1616 1697 1661 multo
1730 1619 1881 1662 minus
1914 1627 2064 1677 potest

110 1686 294 1747 aliquod
319 1695 657 1730 sacramentum
684 1684 904 1730 conferre.

198 1752 292 1798 SED
311 1765 506 1798 CONTRA
523 1762 603 1806 est,
627 1751 749 1811 quod
771 1751 877 1796 Isid.
905 1750 1013 1796 dicit
1029 1751 1145 1810 (hab.
1160 1759 1270 1811 cap.:
1289 1751 1336 1796 Si
1351 1753 1441 1810 quis
1454 1759 1533 1811 per
1549 1752 1849 1810 ignorantiam,
1867 1767 1902 1797 r.
1921 1767 1958 1811 q.
1976 1769 2012 1798 1.
2011 1752 2036 1810 )
2049 1769 2063 1798 .·

111 1836 136 1863 α
161 1821 397 1866 Romanus
426 1819 627 1878 pontifex
657 1833 751 1863 non
783 1819 1023 1864 hominem
1053 1818 1239 1878 judicat,
1271 1819 1348 1878 qui
1379 1819 1590 1879 baptizat,
1621 1818 1700 1863 sed
1734 1819 1941 1878 spiritum
1973 1819 2062 1864 Dei

108 1887 449 1933 subministrare
495 1886 688 1946 gratiam
720 1886 946 1947 baptismi,
978 1885 1086 1931 licet
1116 1900 1320 1946 paganus
1352 1886 1422 1941 sit,
1455 1887 1533 1946 qui
1564 1887 1762 1946 baptizat
1791 1902 1845 1941 »3
1877 1886 1956 1931 sed
1986 1886 2064 1931 ille

107 1956 186 2016 qui
217 1964 284 2000 est
313 1953 578 2013 baptizatus,
609 1968 703 1998 non
736 1953 899 1998 dicitur
929 1967 1162 2013 paganus;
1195 1967 1306 2013 ergo
1339 1954 1478 1998 etiam
1510 1968 1604 1998 non
1637 1953 1885 2014 baptizatus
1917 1964 2070 2014 potest

110 2020 318 2068 conferre
343 2030 683 2066 sacramentum
707 2020 934 2080 baptismi.

197 2087 488 2135 RESPONDEO
522 2087 781 2142 dicendum,
823 2087 946 2146 quod
981 2087 1100 2132 hanc
1135 2087 1449 2147 quaestionem
1489 2087 1683 2146 August.
1724 2088 2065 2133 interminatam

111 2155 314 2216 reliquit:
340 2154 449 2200 dicit
474 2155 597 2199 enim
624 2167 663 2199 2.
688 2165 846 2200 contra
871 2154 1049 2215 epistol.
1075 2155 1285 2200 Parmen.
1312 2155 1424 2214 (cap.
1452 2170 1507 2214 13.
1532 2169 1558 2199 a
1583 2155 1710 2212 med.)
1727 2171 1740 2198 .·
1772 2171 1795 2197 «
1822 2155 1948 2200 Haec
1976 2156 2070 2215 qui-

109 2223 216 2269 dem
242 2221 331 2268 alia
357 2224 562 2282 quaestio
579 2231 659 2276 est,
686 2232 838 2267 utrum
865 2233 908 2266 et
931 2222 984 2266 ab
1007 2222 1077 2266 his
1101 2222 1178 2281 qui
1194 2236 1429 2281 nunquam
1441 2220 1623 2266 fuerunt
1649 2222 1896 2277 christiani,
1923 2223 2067 2282 possit

110 2290 361 2350 baptismus
393 2290 517 2334 dari:
544 2303 628 2334 nec
663 2289 832 2348 aliquid
857 2300 1030 2334 temere
1061 2290 1166 2333 inde
1200 2289 1519 2333 affirmandum
1553 2299 1634 2343 est,
1668 2290 1764 2334 sine
1798 2291 2065 2335 auctoritate

106 2357 222 2404 tanti
247 2355 462 2411 Concilii‚
480 2366 699 2416 quantum
726 2366 878 2401 tantae
904 2357 970 2401 rei
994 2355 1160 2401 sufficit
1177 2373 1216 2400 ».
1244 2356 1547 2401 Postmodum
1570 2370 1680 2401 vero
1706 2371 1787 2415 per
1812 2357 2067 2402 Ecclesiam

109 2424 462 2471 determinatum
489 2433 571 2478 est,
597 2424 719 2482 quod
745 2437 840 2468 non
866 2423 1091 2483 baptizati,
1118 2423 1212 2468 sive
1239 2424 1328 2469 sint
1342 2423 1516 2482 Judaei,
1543 2423 1638 2468 sive
1663 2425 1846 2484 pagani,
1878 2435 2069 2484 possunt

109 2501 448 2538 sacramentum
478 2491 692 2549 baptismi
725 2490 945 2545 conferre,
978 2490 1232 2535 dummodo
1265 2491 1312 2535 in
1359 2490 1510 2535 forma
1541 2490 1773 2536 Ecclesiae
1814 2492 2068 2551 baptizent3

111 2557 231 2604 unde
245 2557 464 2604 Nicolaus
485 2558 518 2602 I.
543 2572 659 2617 papa
676 2558 921 2618 respondet
936 2559 1025 2616 (De
1046 2559 1235 2603 Consecr.
1253 2559 1365 2604 Dist.
1377 2572 1419 2616 4.
1433 2567 1523 2618 cap.
1535 2572 1606 2616 24.
1625 2558 1679 2602 ad
1695 2560 1879 2604 consulta
1894 2560 2066 2619 Bulgar.

111 2632 205 2685 cap.
231 2638 327 2683 104.
358 2624 569 2683 Concil.).·
595 2641 618 2666 ‹<
637 2625 678 2669 A
705 2625 906 2684 quodam
926 2625 1116 2684 Judaeo,
1134 2625 1317 2670 nescitis
1333 2635 1484 2670 utrum
1511 2625 1774 2680 christiano,
1794 2641 1851 2670 an
1868 2641 2064 2686 pagano,

112 2689 283 2736 multos
305 2689 353 2735 in
379 2691 524 2750 patria
547 2702 696 2736 vestra
723 2692 920 2736 asseritis
946 2692 1224 2752 baptizat0s;
1247 2703 1291 2737 et
1316 2693 1422 2752 quid
1439 2693 1544 2737 inde
1561 2693 1618 2737 sit
1640 2692 1884 2752 agendum,
1902 2707 2065 2738 consu-

113 2757 228 2803 litis:
253 2757 302 2801 hi
329 2757 549 2816 profecto,
575 2759 613 2803 si
644 2759 690 2803 in
715 2760 902 2804 nomine
936 2770 1120 2805 sanctae
1144 2759 1380 2806 Trinitatis
1411 2760 1624 2820 baptizati
1655 2772 1771 2815 sunt,
1804 2761 2067 2820 rebaptizari

111 2839 207 2871 non
233 2824 424 2869 debent:
451 2825 491 2870 si
516 2835 667 2870 autem
693 2825 842 2871 forma
873 2827 1105 2872 Ecclesiae
1141 2842 1236 2872 non
1261 2827 1395 2872 fuerit
1434 2828 1687 2882 observata,
1729 2838 2065 2872 sacramentum

112 2891 326 2952 baptismi
349 2905 444 2936 non
462 2891 731 2937 confertur»
751 2908 762 2937 t
781 2902 825 2938 et
841 2894 905 2938 sic
927 2893 1277 2954 intelligendum
1294 2905 1374 2950 est,
1398 2895 1520 2954 quod
1542 2895 1792 2954 Gregorius
1815 2896 1892 2939 III.
1914 2895 2068 2939 scribit

114 2958 354 3004 Bonifacio
373 2958 589 3019 episcopo
607 2959 739 3019 (epist.
763 2976 798 3006 r.
817 2975 908 3006 can.
926 2978 961 3007 1.
983 2962 1143 3007 Concil.
1162 2969 1199 3008 et
1215 2963 1310 3007 hab.
1329 2970 1421 3022 cap.
1444 2977 1508 3022 52.
1527 2962 1572 3007 de
1598 2963 1833 3008 Consecrat.
1851 2963 1964 3007 Dist.
1981 2975 2023 3020 4.
2023 2963 2063 3019 ).·

18 3032 54 3090 J,
116 3043 140 3069 α
169 3026 304 3079 Quos
344 3039 370 3069 a
401 3026 590 3085 paganis
622 3026 872 3086 baptizatos
905 3042 1002 3073 esse
1040 3030 1270 3074 asseruisti
1295 3028 1492 3088 (scilicet
1523 3028 1754 3074 Ecclesiae
1786 3028 1935 3073 forma
1970 3043 2064 3073 non

111 3098 311 3149 servata)
338 3103 386 3138 ut
411 3093 562 3138 denuo
587 3094 786 3152 baptizes
811 3096 1071 3141 innomine
1099 3095 1335 3142 Trinitatis
1353 3097 1624 3141 mandamus
1651 3114 1691 3142 n.
1718 3096 1773 3140 Et
1800 3095 1933 3154 hujus
1951 3096 2066 3141 ratio

21 3170 47 3210 1⁴5
113 3171 195 3216 est,
221 3161 326 3220 quia
348 3160 464 3205 sicut
489 3174 544 3204 ex
569 3170 695 3220 parte
721 3162 952 3217 materiae,
980 3173 1200 3222 quantum
1229 3164 1283 3208 ad
1315 3164 1636 3209 necessitatem
1662 3163 1950 3215 sacramenti,
1977 3162 2066 3207 suf-

40 3249 50 3275 ;Α
111 3227 208 3273 ficit
233 3241 549 3287 quaecumque
573 3241 688 3287 aqua
706 3243 717 3282 ;
743 3228 968 3274 ita‘etiam
986 3229 1150 3275 sufficit
1168 3245 1221 3275 ex
1243 3241 1368 3290 parte
1386 3230 1580 3274 ministri
1605 3230 1878 3288 quicumque
1898 3229 2067 3276 homo:

113 3304 157 3341 et
181 3295 288 3340 ideo
311 3295 446 3340 etiam
474 3307 569 3338 non
600 3294 849 3352 baptizatus
880 3296 925 3339 in
958 3296 1150 3342 articulo
1182 3298 1463 3343 necessitatis
1494 3296 1721 3356 baptizare
1754 3306 1925 3354 potest:
1953 3306 2000 3342 ut
2030 3298 2069 3342 si

112 3361 204 3407 duo
229 3375 324 3406 non
349 3361 562 3420 baptizati
583 3374 631 3406 se
657 3361 855 3406 invicem
880 3362 1121 3422 baptizent,
1148 3365 1256 3409 dum
1283 3366 1404 3424 prius
1431 3378 1545 3408 unus
1572 3362 1819 3422 baptizaret
1838 3362 1994 3417 alium,
2021 3374 2066 3409 et

24 3428 45 3473 ⁵3
112 3437 272 3489 postea
296 3428 596 3486 baptizaretur
629 3428 682 3472 ab
716 3427 896 3482 eodem,
933 3438 978 3474 et
1004 3441 1355 3490 consequeretur
1381 3440 1570 3489 uterque
1607 3443 1700 3473 non
1737 3428 1890 3473 solum
1922 3444 2068 3476 sacra·

52 3499 55 3506 ‘
114 3505 336 3549 mentum,
362 3495 439 3540 sed
466 3495 605 3539 etiam
631 3508 727 3539 rem
752 3499 1037 3540 sacramenti.
1057 3497 1106 3541 Si
1122 3511 1232 3542 vero
1260 3508 1383 3542 extra
1410 3496 1649 3541 articulum
1671 3497 1953 3542 necessitatis
1974 3498 2065 3543 hoc

114 3561 256 3617 fieret,
281 3571 469 3621 uterque
492 3562 689 3620 graviter
713 3572 936 3619 peccaret,
960 3563 1138 3609 scilicet
1160 3565 1407 3624 baptizans,
1434 3574 1478 3608 et
1502 3564 1779 3622 baptizatus;
1807 3574 1851 3608 et
1876 3578 1956 3623 per
1975 3564 2065 3611 hoc

116 3628 410 3690 impediretur
430 3629 644 3689 baptismi
665 3627 869 3683 effectuS,
894 3627 1002 3675 licet
1029 3644 1122 3676 non
1149 3631 1384 3676 tolleretur
1409 3632 1557 3689 ipsum
1583 3640 1935 3676 sacramentum.
