2352 3926
0 190 31 386 Ρ
625 207 905 256 QUAESTIO
947 207 1055 247 xm.
1096 207 1404 249 ARTICULUS
1443 206 1501 247 11.
1934 208 2040 263 349

95 313 247 361 anda:
279 311 400 359 unde
430 311 540 356 dicit
571 310 812 371 Chrysost.
845 325 979 370 super
1010 310 1172 355 Matth.
1205 310 1337 369 (hom.
1359 323 1396 370 5.
1429 311 1474 355 in
1506 317 1570 370 op.
1606 309 1769 369 imperf.
1796 309 1998 367 aliquant.
2018 322 2045 353 a

95 380 242 438 m‘nc.)
263 380 386 439 quod
402 393 497 423 non
514 377 667 424 solum
685 377 895 423 Christus
912 377 1072 422 ductus
1090 387 1158 421 est
1173 377 1219 422 in
1236 377 1466 422 desertum
1485 391 1510 421 a
1529 377 1712 435 Spiritu,
1730 375 1809 422 sed
1834 392 1858 417 «
1881 389 2045 421 omnes

137 446 277 493 liiDei
300 447 519 491 habentes
547 445 766 505 Spiritum
794 445 1038 497 Sanctum,'
1056 458 1150 488 non
1178 444 1301 488 enim
1339 454 1442 488 sunt
1468 444 1671 488 contenti
1697 443 1854 489 sedere
1883 443 2044 497 otiosi;

0 524 6 561 ἐ
84 514 163 560 sed
187 513 379 573 Spiritus
406 513 600 557 Sanctus
626 522 758 572 urget
778 526 859 556 eos
882 510 1064 570 aliquod
1084 525 1304 569 magnum
1323 512 1660 570 apprehendere
1683 525 1820 569 opus;
1838 510 1960 570 quod
1978 520 2047 555 est

30 614 37 620 -
85 595 182 627 esse
206 581 253 625 in
279 580 474 634 deserto,
500 590 720 639 quantum
747 579 804 623 ad
830 578 1087 622 diabolum:
1116 578 1222 636 quia
1247 592 1342 621 non
1370 588 1436 623 est
1452 579 1513 621 ibi
1530 579 1764 637 injustitia,
1783 579 1828 623 in
1846 593 1935 638 qua
1957 578 2047 622 dia-

83 647 214 693 oolus
245 646 515 692 delectatur:
544 660 683 691 omne
704 646 842 690 etiam
862 645 1036 689 bonum
1054 659 1168 703 opus
1187 654 1254 689 est
1270 645 1514 699 desertum,
1533 655 1753 704 quantum
1771 645 1826 690 ad
1845 658 2046 700 carnem,

82 715 397 777 et-mundum:
425 715 531 774 quia
554 728 649 759 non
676 724 743 758 est
767 712 1019 757 secundum
1044 711 1329 756 voluntatem
1359 712 1520 766 carnis,
1548 723 1592 756 et
1618 713 1777 756 mundi
1803 730 1844 756 ».
1879 711 2045 757 Talem

83 793 234 828 autem
263 782 558 827 occasionem
581 780 843 825 tentationis
869 779 976 823 dare
1003 778 1187 823 diabolo
1210 793 1303 823 non
1326 789 1394 823 est
1415 778 1746 837 periculosum:
1771 780 1877 838 quia
1898 779 2046 839 magis

0 857 5 894 i
82 859 152 895 est
175 849 418 894 consilium
445 848 637 908 Spiritus
660 846 830 901 Sancti,
857 848 932 906 qui
956 855 1023 891 est
1044 845 1231 905 perfecti
1247 846 1396 905 operis
1414 855 1586 901 auctor,
1604 861 1742 905 quam
1759 847 2045 907 impugnatio

82 915 254 962 diaboli
276 915 532 960 invidentis.

171 983 247 1028 AD
280 995 496 1028 TERTmM
522 981 781 1035 dicendum,
808 980 930 1040 quod
957 980 1142 1040 quidam
1179 979 1348 1034 dicunt,
1386 994 1549 1024 omnes
1589 980 1863 1026 tentationes
1902 980 2045 1026 factas

0 1071 6 1098 ῑ
84 1050 219 1096 fuisse
243 1050 291 1094 in
316 1050 517 1094 deserto:
545 1062 741 1108 quorum
767 1048 952 1108 quidam
980 1048 1148 1101 dicunt,
1175 1047 1299 1106 quod
1341 1047 1551 1092 Christus
1593 1048 1752 1092 ductus
1779 1058 1846 1092 est
1870 1049 1917 1092 in
1943 1063 2046 1093 san-

83 1128 206 1165 ctam
231 1116 462 1162 civitatem
486 1130 580 1161 non
606 1115 799 1170 realiter,
826 1115 905 1160 sed
932 1115 1183 1159 secundum
1223 1114 1543 1174 imaginariam
1583 1115 1834 1159 visionem:
1876 1116 2047 1174 quidam

85 1195 237 1232 autem
261 1184 430 1238 dicunt,
457 1185 579 1243 quod
605 1184 743 1228 etiam
771 1184 867 1243 ipsa
894 1183 1051 1227 civitas
1078 1192 1249 1236 sancta,
1275 1182 1390 1226 idest
1417 1181 1722 1236 Hierusalem,
1741 1182 1968 1227 desertum
1988 1184 2050 1227 di-

10 1256 18 1309 g
84 1252 219 1298 citur:
245 1251 352 1311 quia
376 1261 472 1296 erat
496 1250 711 1295 derelicta
737 1264 763 1294 a
789 1251 916 1295 Deo:
945 1250 1024 1295 sed
1050 1250 1141 1293 hoc
1167 1263 1263 1293 non
1289 1258 1357 1294 est
1381 1250 1709 1294 necessarium:
1734 1250 1840 1309 quia
1865 1250 2048 1295 Marcus

15 1363 17 1366 ,
84 1318 205 1373 dicit,
230 1319 354 1378 quod
378 1318 425 1363 in
450 1318 630 1364 deserto
656 1318 912 1363 tentabatur
938 1332 964 1361 a
989 1316 1199 1371 diabolo;
1225 1330 1319 1361 non
1346 1326 1499 1361 autem
1526 1317 1648 1371 dicit,
1675 1317 1798 1376 quod
1823 1316 1976 1361 solum
2001 1317 2050 1361 in

15 1416 17 1418 -
89 1388 278 1433 deserto.

777 1539 1212 1597 ARTICULUS
1248 1539 1348 1595 III.
1963 1553 2049 1598 228

186 1674 379 1714 UTRUM
421 1674 640 1714 ernust-1
679 1675 966 1715 TENTA’mo
1007 1675 1281 1713 DEBUERIT
1322 1674 1450 1712 ESSE
1488 1674 1631 1713 POST
1664 1674 1941 1729 JssJumuM.

10 1828 21 1844 „
173 1785 251 1831 An
278 1798 494 1831 TERTwM
519 1785 584 1830 sic
611 1783 884 1845 procediturss
911 1785 1116 1840 Videtur,
1143 1785 1265 1844 quod
1293 1784 1467 1829 Christi
1505 1785 1698 1829 tentatio
1723 1799 1819 1829 non
1845 1784 2050 1830 debuerit

19 1868 22 1872 ·
85 1866 184 1899 esse
211 1862 312 1912 post
336 1852 580 1911 jejunium:
608 1853 781 1897 dictum
809 1853 931 1897 enim
959 1862 1028 1896 est
1053 1866 1188 1911 supra
1216 1853 1273 1910 (q.
1293 1860 1432 1911 praec,
1454 1859 1537 1896 art.
1561 1855 1638 1909 2.),
1664 1853 1786 1911 quod
1810 1851 2048 1896 Christum

8 1939 37 1962 -;
82 1933 178 1967 non
203 1920 391 1965 decebat
416 1920 774 1964 conversationis
802 1921 1059 1964 austeritas:
1087 1920 1165 1965 sed
1192 1920 1421 1963 maximae
1462 1918 1732 1964 austeritatis
1762 1918 1900 1964 fuisse
1925 1919 2049 1963 vide-

83 1996 170 2042 tur,
195 1987 318 2046 quod
343 1987 642 2047 quadraginta
668 1986 839 2041 diebus,
866 1997 910 2030 et
934 1999 1005 2042 40.
1032 1987 1243 2031 noctibus
1283 1986 1397 2030 nihil
1439 1987 1704 2040 comederit,
1739 1988 1802 2031 sic
1835 1987 1959 2030 enim
1986 1987 2049 2030 in-

7 2049 41 2107 ’ζ’
83 2053 302 2114 teffigitur
340 2054 638 2113 quadraginta
678 2054 849 2108 diebus,
877 2064 922 2098 et
945 2054 1155 2098 noctibus
1196 2055 1445 2111 jejunasse:
1489 2054 1594 2112 quia
1635 2053 1809 2098 scilicet
1838 2055 1933 2097 «in
1960 2054 2049 2099 illis

86 2120 242 2167 diebus
266 2120 443 2166 nullum
469 2122 660 2165 omnino
689 2122 842 2165 cibum
868 2122 1061 2180 sumpsit
1086 2139 1127 2176 ›>,
1154 2132 1203 2166 ut
1231 2121 1376 2180 Greg.·
1399 2122 1508 2165 dicit
1543 2122 1675 2180 (hom.
1711 2122 1776 2167 16.
1804 2124 1849 2165 in
1882 2123 2047 2180 Evang.

1 2204 33 2248 ,ζ
85 2189 185 2233 circ.
210 2187 354 2247 med)
383 2202 493 2248 ergo
519 2203 613 2233 non
637 2189 829 2243 videtur,
857 2189 978 2247 quod
1007 2189 1210 2233 debuerit
1244 2189 1510 2248 hujusmodi
1549 2190 1769 2248 jeiunium
1810 2189 2051 2234 tentationi

83 2255 385 2316 praemittere.

167 2334 212 2367 2.
234 2321 531 2368 PRAETEREA.
558 2323 703 2367 Marci
733 2337 768 2368 1
798 2323 974 2379 dicitur,
1000 2323 1122 2383 quod
1150 2330 1241 2368 erat
1260 2325 1306 2367 in
1342 2323 1493 2368 deserto
1520 2323 1802 2382 quadraginta
1833 2323 1987 2378 diebus,
2015 2330 2052 2368 et

4 2399 50 2439 ς,
85 2389 364 2451 quadrag-inti
388 2392 587 2444 noctibus,
615 2397 651 2436 et
677 2393 912 2436 tentabatur
937 2406 964 2436 a
995 2391 1181 2436 Satana:
1209 2391 1288 2435 sed
1317 2391 1615 2467 quadraginta
1649 2390 1820 2444 diebus,
1862 2400 1907 2434 et
1942 2405 2052 2449 qua-

5 2456 45 2510 ἐξ,
85 2456 293 2516 draginta
316 2457 527 2503 noctibus
551 2458 792 2517 jejunavit;
821 2472 930 2517 ergo
957 2459 1148 2513 videtur,
1173 2458 1295 2518 quod
1316 2472 1410 2502 non
1431 2467 1536 2518 post
1555 2457 1791 2516 ieiunium,
1812 2457 1892 2502 sed
1913 2456 2051 2501 simul

86 2522 196 2568 dum
219 2525 455 2583 ieiunaret‚
482 2525 539 2570 sit
562 2534 761 2570 tentatus
785 2540 810 2569 a
837 2525 1036 2570 diabolo.

24 2603 48 2647 ·-ζ
98 2642 122 2646 ξ,
177 2604 217 2650 3.
242 2591 539 2637 PRAETEREA.
567 2591 777 2637 Christus
802 2606 896 2637 non
922 2591 1087 2651 legitur
1110 2592 1198 2637 nisi
1223 2591 1403 2636 semel
1391 2593 1642 2650 jejunasse:
1670 2591 1750 2636 sed
1777 2605 1872 2635 non
1897 2590 2050 2636 solum

53 2650 231 2722 ¹⁵gjssemel
252 2657 337 2703 fuit
359 2668 556 2703 tentatus
583 2674 609 2703 a
635 2659 843 2703 diabolo:
871 2659 1034 2703 dicitur
1060 2659 1181 2703 enim
1201 2659 1310 2703 Luc.
1331 2671 1372 2714 4.
1393 2659 1514 2718 quod
1533 2665 1816 2704 consummata
1833 2661 1949 2703 omni
1970 2666 2052 2703 ten-

16 2723 257 2799 {Mum
282 2725 471 2770 diabolus
500 2729 659 2771 recessit
690 2729 742 2772 ab
764 2728 835 2771 illo
867 2742 990 2785 usque
1021 2724 1077 2771 ad
1101 2733 1284 2786 tempu5;
1304 2726 1421 2770 sicut
1438 2740 1548 2783 ergo
1566 2726 1793 2770 secundae
1809 2726 2051 2770 tentationi

88 2802 183 2837 non
204 2793 436 2851 praemisit
458 2793 693 2852 jejunium,
718 2793 781 2837 ita
807 2808 892 2837 nec
918 2794 1092 2852 primae
1118 2794 1407 2852 praemittere
1433 2793 1600 2837 debuit.

14 2858 59 2940 ἐξ,
179 2857 273 2904 SED
291 2871 487 2905 CONTRA
514 2870 594 2915 est,
622 2860 744 2919 quod
771 2861 933 2904 dicitur
958 2861 1118 2904 Matth.
1145 2872 1211 2915 4.
1231 2859 1341 2904 Cum
1361 2863 1585 2919 jejunasset
1600 2860 1879 2919 quadragznta
1895 2860 2034 2905 diebus

16 2929 51 2999 ξ
88 2929 128 2970 et
149 2925 426 2984 quadraginta
449 2929 648 2981 noctibus,
669 2934 812 2987 postea
837 2929 979 2972 esuriit
995 2944 1011 2971 .·
1037 2934 1076 2972 et
1108 2934 1202 2972 tunc
1235 2929 1398 2972 accessit
1422 2927 1476 2971 ad
1502 2943 1593 2972 eum
1619 2934 1809 2973 tentator.

176 2990 463 3038 RESPONDEO
477 2994 736 3048 dicendum,
748 2995 870 3054 quod
889 2995 1213 3038 convenienter
1226 2994 1436 3039 Christus
1449 3005 1552 3053 post
1568 2995 1788 3053 jejunium
1801 2994 1962 3039 tentari
1974 3008 2051 3037 vo-

89 3055 192 3102 luit:
212 3060 355 3118 primo
381 3060 564 3119 quidem
591 3072 775 3120 propter
801 3062 1086 3120 exemplum:
1125 3063 1229 3121 quia
1258 3076 1362 3105 cum
1390 3062 1617 3115 omnibus,
1644 3063 1760 3106 sicut
1785 3063 1956 3105 dictum
1984 3071 2051 3105 est

90 3124 197 3181 (art.
223 3140 259 3169 1.
286 3125 384 3183 huj„
400 3126 476 3184 q.),
502 3127 741 3173 immineat
766 3143 814 3173 se
841 3139 1000 3173 contra
1026 3129 1300 3173 tentationes
1323 3129 1450 3182 tueri,
1473 3143 1553 3188 per
1573 3129 1663 3172 hoc
1686 3130 1807 3187 quod
1830 3129 1924 3187 ipse
1947 3138 2050 3171 ante

38 3188 42 3190 ’
90 3191 389 3236 tentationem
413 3192 609 3238 futuram
634 3196 865 3254 jejunavit,
892 3196 1046 3240 docuit
1079 3197 1199 3255 quod
1227 3210 1306 3254 per
1331 3196 1551 3254 Jejunium
1578 3210 1663 3239 nos
1686 3204 1866 3253 oportet
1891 3203 2050 3238 contra

32 3279 35 3280 ⁷
90 3257 363 3302 tentationes
380 3261 557 3304 armari.
580 3260 713 3306 Unde
731 3262 848 3307 inter
869 3277 996 3306 arma
1031 3263 1226 3321 justitiae
1269 3263 1521 3320 Apostolus
1552 3262 1718 3320 ieiunia
1751 3270 2052 3305 connumerat

93 3336 134 3368 2.
153 3324 207 3367 ad
226 3324 334 3369 Cor.
353 3322 416 3368 6.:
442 3326 628 3381 secundo,
647 3337 696 3371 ut
712 3328 969 3374 ostenderet
985 3330 1106 3388 quod
1126 3330 1263 3373 etiam
1286 3331 1537 3387 ieiunantes
1560 3328 1765 3371 diabolus
1792 3328 2051 3385 aggreditur

32 3411 39 3440 5
93 3391 149 3434 ad
174 3391 455 3445 tentandum,
480 3393 596 3437 sicut
627 3393 741 3438 alios
773 3395 850 3454 qui
879 3396 1013 3439 bonis
1047 3397 1257 3456 operibus
1289 3406 1466 3439 vacant.
1491 3396 1546 3438 Et
1578 3395 1680 3437 ideo
1714 3394 1829 3438 sicut
1855 3404 1957 3452 post
1978 3395 2051 3438 ba-

29 3456 38 3490 Γ
93 3457 326 3515 ptismum,
365 3458 427 3502 ita
467 3469 570 3517 post
594 3460 816 3518 jeiunium
843 3460 1051 3506 Christus
1087 3473 1296 3508 tentatur.
1326 3463 1459 3507 Unde
1488 3462 1727 3520 Chrysost.
1770 3461 1877 3504 dicit
1915 3476 2050 3519 super

93 3522 377 3568 Matthaeum
402 3524 612 3584 (hom.·13.
629 3533 788 3585 parum
809 3541 836 3572 a
850 3528 1032 3587 princ.).·
1063 3544 1087 3571 <t
1114 3530 1178 3574 Ut
1198 3530 1359 3582 discas,
1383 3543 1519 3586 quam
1544 3542 1763 3585 magnum
1786 3528 1960 3571 bonum
1982 3538 2050 3573 est

32 3647 35 3649 Δ
94 3589 328 3648 jejunium,
353 3600 398 3636 et
422 3591 555 3651 quale
571 3602 751 3637 scutum
768 3603 836 3638 est
852 3595 1063 3640 adversus
1080 3595 1329 3651 diabolum,
1349 3606 1391 3639 et
1408 3594 1628 3654 quoniam
1645 3604 1749 3653 post
1770 3595 2047 3654 baptismum
