<?xml version="1.0" encoding="UTF-8"?>
<!DOCTYPE html PUBLIC "-//W3C//DTD XHTML 1.0 Transitional//EN"
    "http://www.w3.org/TR/xhtml1/DTD/xhtml1-transitional.dtd">
<html xmlns="http://www.w3.org/1999/xhtml" xml:lang="en" lang="en">
 <head>
  <title>
</title>
<meta http-equiv="Content-Type" content="text/html;charset=utf-8" />
  <meta name='ocr-system' content='tesseract 3.04.00' />
  <meta name='ocr-capabilities' content='ocr_page ocr_carea ocr_par ocr_line ocrx_word'/>
</head>
<body>
  <div class='ocr_page' id='page_1' title='image "./divithomaeaquina04thom_0837.png"; bbox 0 0 2352 3926; ppageno 0'>
   <div class='ocr_carea' id='block_1_1' title="bbox 0 0 235 2436">
    <p class='ocr_par' dir='ltr' id='par_1_1' title="bbox 0 0 235 2436">
     <span class='ocr_line' id='line_1_1' title="bbox 0 0 235 2436; baseline 0 -2047"><span class='ocrx_word' id='word_1_1' title='bbox 0 0 235 2436; x_wconf 95' lang='lat' dir='ltr'>   </span> 
     </span>
    </p>
   </div>
   <div class='ocr_carea' id='block_1_2' title="bbox 754 220 2163 308">
    <p class='ocr_par' dir='ltr' id='par_1_2' title="bbox 754 220 2163 308">
     <span class='ocr_line' id='line_1_2' title="bbox 754 220 2163 308; baseline -0.001 -14"><span class='ocrx_word' id='word_1_2' title='bbox 754 220 1034 300; x_wconf 57' lang='lat' dir='ltr'>Quasno</span> <span class='ocrx_word' id='word_1_3' title='bbox 1073 252 1166 293; x_wconf 85' lang='lat' dir='ltr'>xc.</span> <span class='ocrx_word' id='word_1_4' title='bbox 1206 252 1516 293; x_wconf 57' lang='lat' dir='ltr'>Alimentus</span> <span class='ocrx_word' id='word_1_5' title='bbox 1556 254 1634 293; x_wconf 91' lang='lat'>111.</span> <span class='ocrx_word' id='word_1_6' title='bbox 2059 237 2163 308; x_wconf 85' lang='lat'>833</span> 
     </span>
    </p>
   </div>
   <div class='ocr_carea' id='block_1_3' title="bbox 205 344 2176 947">
    <p class='ocr_par' dir='ltr' id='par_1_3' title="bbox 205 344 2176 947">
     <span class='ocr_line' id='line_1_3' title="bbox 295 344 2170 414; baseline -0.003 -13"><span class='ocrx_word' id='word_1_7' title='bbox 295 356 372 401; x_wconf 81' lang='lat' dir='ltr'>An</span> <span class='ocrx_word' id='word_1_8' title='bbox 405 367 622 401; x_wconf 68' lang='lat' dir='ltr'>Tem-nm</span> <span class='ocrx_word' id='word_1_9' title='bbox 643 354 905 409; x_wconf 89' lang='lat' dir='ltr'>dicendum,</span> <span class='ocrx_word' id='word_1_10' title='bbox 941 344 1064 414; x_wconf 75' lang='lat' dir='ltr'>quod</span> <span class='ocrx_word' id='word_1_11' title='bbox 1100 366 1265 399; x_wconf 87' lang='lat' dir='ltr'>omnes</span> <span class='ocrx_word' id='word_1_12' title='bbox 1299 347 1450 413; x_wconf 85' lang='lat' dir='ltr'>partes</span> <span class='ocrx_word' id='word_1_13' title='bbox 1482 353 1727 413; x_wconf 76' lang='lat' dir='ltr'>integrales</span> <span class='ocrx_word' id='word_1_14' title='bbox 1756 352 1928 399; x_wconf 89' lang='lat' dir='ltr'>habent</span> <span class='ocrx_word' id='word_1_15' title='bbox 1962 353 2170 398; x_wconf 86' lang='lat' dir='ltr'>ordinem</span> 
     </span>
     <span class='ocr_line' id='line_1_4' title="bbox 208 420 2172 482; baseline -0.003 -14"><span class='ocrx_word' id='word_1_16' title='bbox 208 423 437 482; x_wconf 83' lang='lat' dir='ltr'>quendam</span> <span class='ocrx_word' id='word_1_17' title='bbox 461 422 516 466; x_wconf 88' lang='lat' dir='ltr'>ad</span> <span class='ocrx_word' id='word_1_18' title='bbox 539 422 761 467; x_wconf 83' lang='lat' dir='ltr'>invicem:</span> <span class='ocrx_word' id='word_1_19' title='bbox 783 421 863 467; x_wconf 89' lang='lat' dir='ltr'>sed</span> <span class='ocrx_word' id='word_1_20' title='bbox 885 420 1087 481; x_wconf 79' lang='lat' dir='ltr'><em>quaedam</em></span> <span class='ocrx_word' id='word_1_21' title='bbox 1109 420 1280 465; x_wconf 89' lang='lat' dir='ltr'>habent</span> <span class='ocrx_word' id='word_1_22' title='bbox 1301 420 1510 464; x_wconf 84' lang='lat' dir='ltr'>ordinem</span> <span class='ocrx_word' id='word_1_23' title='bbox 1535 430 1712 465; x_wconf 87' lang='lat' dir='ltr'>tantum</span> <span class='ocrx_word' id='word_1_24' title='bbox 1738 420 1786 466; x_wconf 89' lang='lat' dir='ltr'>in</span> <span class='ocrx_word' id='word_1_25' title='bbox 1812 420 1925 476; x_wconf 90' lang='lat' dir='ltr'>situ;</span> <span class='ocrx_word' id='word_1_26' title='bbox 1950 422 2036 464; x_wconf 74' lang='lat' dir='ltr'>sive</span> <span class='ocrx_word' id='word_1_27' title='bbox 2062 433 2172 463; x_wconf 90' lang='lat' dir='ltr'>con-</span> 
     </span>
     <span class='ocr_line' id='line_1_5' title="bbox 213 474 2172 548; baseline -0.003 -14"><span class='ocrx_word' id='word_1_28' title='bbox 213 498 461 548; x_wconf 87' lang='lat' dir='ltr'>sequenter</span> <span class='ocrx_word' id='word_1_29' title='bbox 491 503 540 533; x_wconf 91' lang='lat' dir='ltr'>se</span> <span class='ocrx_word' id='word_1_30' title='bbox 572 488 784 543; x_wconf 88' lang='lat' dir='ltr'>habeant,</span> <span class='ocrx_word' id='word_1_31' title='bbox 816 474 935 533; x_wconf 55' lang='lat' dir='ltr'>ficut</span> <span class='ocrx_word' id='word_1_32' title='bbox 964 498 1114 548; x_wconf 90' lang='lat' dir='ltr'>partes</span> <span class='ocrx_word' id='word_1_33' title='bbox 1146 487 1393 542; x_wconf 86' lang='lat' dir='ltr'>exercitus;</span> <span class='ocrx_word' id='word_1_34' title='bbox 1423 489 1510 533; x_wconf 73' lang='lat' dir='ltr'>sive</span> <span class='ocrx_word' id='word_1_35' title='bbox 1541 502 1590 533; x_wconf 89' lang='lat' dir='ltr'>se</span> <span class='ocrx_word' id='word_1_36' title='bbox 1619 497 1824 546; x_wconf 84' lang='lat' dir='ltr'>tangant,</span> <span class='ocrx_word' id='word_1_37' title='bbox 1866 487 1984 532; x_wconf 86' lang='lat' dir='ltr'>sicut</span> <span class='ocrx_word' id='word_1_38' title='bbox 2021 496 2172 546; x_wconf 88' lang='lat' dir='ltr'>partes</span> 
     </span>
     <span class='ocr_line' id='line_1_6' title="bbox 208 553 2172 613; baseline -0.002 -14"><span class='ocrx_word' id='word_1_39' title='bbox 208 556 382 610; x_wconf 88' lang='lat' dir='ltr'>acervi;</span> <span class='ocrx_word' id='word_1_40' title='bbox 409 557 496 600; x_wconf 78' lang='lat' dir='ltr'>sive</span> <span class='ocrx_word' id='word_1_41' title='bbox 518 555 656 599; x_wconf 89' lang='lat' dir='ltr'>etiam</span> <span class='ocrx_word' id='word_1_42' title='bbox 684 554 971 613; x_wconf 84' lang='lat' dir='ltr'>colligentur,</span> <span class='ocrx_word' id='word_1_43' title='bbox 996 554 1113 599; x_wconf 87' lang='lat' dir='ltr'>sicut</span> <span class='ocrx_word' id='word_1_44' title='bbox 1138 563 1287 613; x_wconf 84' lang='lat' dir='ltr'>partes</span> <span class='ocrx_word' id='word_1_45' title='bbox 1323 554 1506 608; x_wconf 82' lang='lat' dir='ltr'>domus3</span> <span class='ocrx_word' id='word_1_46' title='bbox 1540 556 1628 599; x_wconf 83' lang='lat' dir='ltr'>sive</span> <span class='ocrx_word' id='word_1_47' title='bbox 1659 555 1798 599; x_wconf 89' lang='lat' dir='ltr'>etiam</span> <span class='ocrx_word' id='word_1_48' title='bbox 1835 553 2172 607; x_wconf 86' lang='lat' dir='ltr'>continuentur,</span> 
     </span>
     <span class='ocr_line' id='line_1_7' title="bbox 205 620 2173 680; baseline -0.002 -14"><span class='ocrx_word' id='word_1_49' title='bbox 205 621 325 666; x_wconf 89' lang='lat' dir='ltr'>sicut</span> <span class='ocrx_word' id='word_1_50' title='bbox 341 631 491 680; x_wconf 85' lang='lat' dir='ltr'>partes</span> <span class='ocrx_word' id='word_1_51' title='bbox 514 622 685 666; x_wconf 90' lang='lat' dir='ltr'>lineae:</span> <span class='ocrx_word' id='word_1_52' title='bbox 705 621 907 680; x_wconf 82' lang='lat' dir='ltr'>quaedam</span> <span class='ocrx_word' id='word_1_53' title='bbox 925 635 1035 665; x_wconf 90' lang='lat' dir='ltr'>vero</span> <span class='ocrx_word' id='word_1_54' title='bbox 1052 621 1225 665; x_wconf 88' lang='lat' dir='ltr'>habent</span> <span class='ocrx_word' id='word_1_55' title='bbox 1239 620 1424 679; x_wconf 84' lang='lat' dir='ltr'>insuper</span> <span class='ocrx_word' id='word_1_56' title='bbox 1441 620 1650 665; x_wconf 86' lang='lat' dir='ltr'>ordinem</span> <span class='ocrx_word' id='word_1_57' title='bbox 1668 621 1860 675; x_wconf 89' lang='lat' dir='ltr'>virtutis,</span> <span class='ocrx_word' id='word_1_58' title='bbox 1889 621 2008 665; x_wconf 88' lang='lat' dir='ltr'>sicut</span> <span class='ocrx_word' id='word_1_59' title='bbox 2022 629 2173 679; x_wconf 89' lang='lat' dir='ltr'>partes</span> 
     </span>
     <span class='ocr_line' id='line_1_8' title="bbox 207 686 2172 747; baseline -0.001 -16"><span class='ocrx_word' id='word_1_60' title='bbox 207 687 434 742; x_wconf 85' lang='lat' dir='ltr'>animalis,</span> <span class='ocrx_word' id='word_1_61' title='bbox 459 702 652 747; x_wconf 90' lang='lat' dir='ltr'>quarum</span> <span class='ocrx_word' id='word_1_62' title='bbox 679 688 827 747; x_wconf 90' lang='lat' dir='ltr'>prima</span> <span class='ocrx_word' id='word_1_63' title='bbox 851 688 1015 732; x_wconf 87' lang='lat' dir='ltr'>virtute</span> <span class='ocrx_word' id='word_1_64' title='bbox 1041 697 1109 731; x_wconf 92' lang='lat' dir='ltr'>est</span> <span class='ocrx_word' id='word_1_65' title='bbox 1130 701 1223 741; x_wconf 90' lang='lat' dir='ltr'>cor,</span> <span class='ocrx_word' id='word_1_66' title='bbox 1251 697 1295 731; x_wconf 91' lang='lat' dir='ltr'>et</span> <span class='ocrx_word' id='word_1_67' title='bbox 1317 687 1432 731; x_wconf 89' lang='lat' dir='ltr'>aliae</span> <span class='ocrx_word' id='word_1_68' title='bbox 1459 688 1662 746; x_wconf 89' lang='lat' dir='ltr'>quodam</span> <span class='ocrx_word' id='word_1_69' title='bbox 1694 687 1854 731; x_wconf 88' lang='lat' dir='ltr'>ordine</span> <span class='ocrx_word' id='word_1_70' title='bbox 1885 686 2062 731; x_wconf 89' lang='lat' dir='ltr'>virtutis</span> <span class='ocrx_word' id='word_1_71' title='bbox 2094 686 2172 729; x_wconf 87' lang='lat' dir='ltr'>de-</span> 
     </span>
     <span class='ocr_line' id='line_1_9' title="bbox 205 751 2175 813; baseline -0.001 -15"><span class='ocrx_word' id='word_1_72' title='bbox 205 754 405 813; x_wconf 91' lang='lat' dir='ltr'>pendent</span> <span class='ocrx_word' id='word_1_73' title='bbox 431 755 485 799; x_wconf 89' lang='lat' dir='ltr'>ab</span> <span class='ocrx_word' id='word_1_74' title='bbox 508 755 731 799; x_wconf 89' lang='lat' dir='ltr'>invicem:</span> <span class='ocrx_word' id='word_1_75' title='bbox 760 756 880 799; x_wconf 76' lang='lat' dir='ltr'>tertio</span> <span class='ocrx_word' id='word_1_76' title='bbox 901 754 1021 799; x_wconf 87' lang='lat' dir='ltr'>modo</span> <span class='ocrx_word' id='word_1_77' title='bbox 1040 754 1306 798; x_wconf 87' lang='lat' dir='ltr'>ordinantur</span> <span class='ocrx_word' id='word_1_78' title='bbox 1326 753 1484 798; x_wconf 88' lang='lat' dir='ltr'>ordine</span> <span class='ocrx_word' id='word_1_79' title='bbox 1511 753 1747 813; x_wconf 88' lang='lat' dir='ltr'>temporis,</span> <span class='ocrx_word' id='word_1_80' title='bbox 1764 754 1880 798; x_wconf 91' lang='lat' dir='ltr'>sicut</span> <span class='ocrx_word' id='word_1_81' title='bbox 1897 751 2046 813; x_wconf 71' lang='lat' dir='ltr'>partes</span> <span class='ocrx_word' id='word_1_82' title='bbox 2062 762 2175 797; x_wconf 90' lang='lat' dir='ltr'>tem-</span> 
     </span>
     <span class='ocr_line' id='line_1_10' title="bbox 205 819 2173 880; baseline -0.001 -16"><span class='ocrx_word' id='word_1_83' title='bbox 205 821 344 879; x_wconf 91' lang='lat' dir='ltr'>poris,</span> <span class='ocrx_word' id='word_1_84' title='bbox 367 830 412 865; x_wconf 91' lang='lat' dir='ltr'>et</span> <span class='ocrx_word' id='word_1_85' title='bbox 433 831 609 866; x_wconf 83' lang='lat' dir='ltr'>motus:</span> <span class='ocrx_word' id='word_1_86' title='bbox 627 830 776 880; x_wconf 86' lang='lat' dir='ltr'>partes</span> <span class='ocrx_word' id='word_1_87' title='bbox 794 821 931 879; x_wconf 86' lang='lat' dir='ltr'>igitur</span> <span class='ocrx_word' id='word_1_88' title='bbox 951 820 1259 879; x_wconf 90' lang='lat' dir='ltr'>poenitentiae</span> <span class='ocrx_word' id='word_1_89' title='bbox 1280 820 1454 864; x_wconf 90' lang='lat' dir='ltr'>habent</span> <span class='ocrx_word' id='word_1_90' title='bbox 1470 820 1525 863; x_wconf 88' lang='lat' dir='ltr'>ad</span> <span class='ocrx_word' id='word_1_91' title='bbox 1538 820 1737 864; x_wconf 88' lang='lat' dir='ltr'>invicem</span> <span class='ocrx_word' id='word_1_92' title='bbox 1756 820 1965 864; x_wconf 88' lang='lat' dir='ltr'>ordinem</span> <span class='ocrx_word' id='word_1_93' title='bbox 1981 819 2173 872; x_wconf 84' lang='lat' dir='ltr'>virtutis,</span> 
     </span>
     <span class='ocr_line' id='line_1_11' title="bbox 209 886 2176 947; baseline -0.001 -16"><span class='ocrx_word' id='word_1_94' title='bbox 209 896 256 931; x_wconf 84' lang='lat' dir='ltr'>et</span> <span class='ocrx_word' id='word_1_95' title='bbox 281 888 519 945; x_wconf 84' lang='lat' dir='ltr'>temporis,</span> <span class='ocrx_word' id='word_1_96' title='bbox 545 888 651 947; x_wconf 88' lang='lat' dir='ltr'>quia</span> <span class='ocrx_word' id='word_1_97' title='bbox 678 897 782 932; x_wconf 89' lang='lat' dir='ltr'>sunt</span> <span class='ocrx_word' id='word_1_98' title='bbox 807 896 961 941; x_wconf 89' lang='lat' dir='ltr'>actus;</span> <span class='ocrx_word' id='word_1_99' title='bbox 986 901 1082 930; x_wconf 90' lang='lat' dir='ltr'>non</span> <span class='ocrx_word' id='word_1_100' title='bbox 1109 897 1262 930; x_wconf 89' lang='lat' dir='ltr'>autem</span> <span class='ocrx_word' id='word_1_101' title='bbox 1289 886 1498 930; x_wconf 88' lang='lat' dir='ltr'>ordinem</span> <span class='ocrx_word' id='word_1_102' title='bbox 1519 887 1645 947; x_wconf 69' lang='lat' dir='ltr'>situs,</span> <span class='ocrx_word' id='word_1_103' title='bbox 1668 887 1773 946; x_wconf 88' lang='lat' dir='ltr'>quia</span> <span class='ocrx_word' id='word_1_104' title='bbox 1798 900 1892 931; x_wconf 90' lang='lat' dir='ltr'>non</span> <span class='ocrx_word' id='word_1_105' title='bbox 1913 886 2083 931; x_wconf 89' lang='lat' dir='ltr'>habent</span> <span class='ocrx_word' id='word_1_106' title='bbox 2098 899 2176 944; x_wconf 90' lang='lat' dir='ltr'>po·</span> 
     </span>
    </p>
   </div>
   <div class='ocr_carea' id='block_1_4' title="bbox 122 953 437 1008">
    <p class='ocr_par' dir='ltr' id='par_1_4' title="bbox 122 953 437 1008">
     <span class='ocr_line' id='line_1_12' title="bbox 122 953 437 1008; baseline 0 -10"><span class='ocrx_word' id='word_1_107' title='bbox 122 994 135 1008; x_wconf 54' lang='lat'>„</span> <span class='ocrx_word' id='word_1_108' title='bbox 206 953 437 998; x_wconf 86' lang='lat' dir='ltr'>sitionem.</span> 
     </span>
    </p>
   </div>
   <div class='ocr_carea' id='block_1_5' title="bbox 904 1121 2170 1197">
    <p class='ocr_par' dir='ltr' id='par_1_5' title="bbox 904 1121 2170 1197">
     <span class='ocr_line' id='line_1_13' title="bbox 904 1121 2170 1197; baseline -0.001 -20"><span class='ocrx_word' id='word_1_109' title='bbox 904 1121 1340 1179; x_wconf 85' lang='lat' dir='ltr'>ARTICULUS</span> <span class='ocrx_word' id='word_1_110' title='bbox 1373 1122 1470 1176; x_wconf 88' lang='lat' dir='ltr'>1v.</span> <span class='ocrx_word' id='word_1_111' title='bbox 2086 1149 2170 1197; x_wconf 70' lang='lat'>549</span> 
     </span>
    </p>
   </div>
   <div class='ocr_carea' id='block_1_6' title="bbox 486 1209 1892 1310">
    <p class='ocr_par' dir='ltr' id='par_1_6' title="bbox 486 1209 1892 1310">
     <span class='ocr_line' id='line_1_14' title="bbox 1626 1209 1642 1234; baseline 0 0"><span class='ocrx_word' id='word_1_112' title='bbox 1626 1209 1642 1234; x_wconf 71' lang='grc' dir='ltr'><strong>ι</strong></span> 
     </span>
     <span class='ocr_line' id='line_1_15' title="bbox 486 1268 1892 1310; baseline -0.001 -2"><span class='ocrx_word' id='word_1_113' title='bbox 486 1270 680 1309; x_wconf 90' lang='lat' dir='ltr'>UTRUM</span> <span class='ocrx_word' id='word_1_114' title='bbox 713 1269 1139 1310; x_wconf 89' lang='lat' dir='ltr'>CONVENIENTER</span> <span class='ocrx_word' id='word_1_115' title='bbox 1172 1269 1481 1308; x_wconf 87' lang='lat' dir='ltr'>DIVIDATUR</span> <span class='ocrx_word' id='word_1_116' title='bbox 1514 1268 1892 1308; x_wconf 87' lang='lat' dir='ltr'>POENITENTIA</span> 
     </span>
    </p>
   </div>
   <div class='ocr_carea' id='block_1_7' title="bbox 228 1350 2158 1473">
    <p class='ocr_par' dir='ltr' id='par_1_7' title="bbox 228 1350 2158 1473">
     <span class='ocr_line' id='line_1_16' title="bbox 228 1350 2158 1401; baseline 0 -12"><span class='ocrx_word' id='word_1_117' title='bbox 228 1350 285 1389; x_wconf 92' lang='lat' dir='ltr'>1N</span> <span class='ocrx_word' id='word_1_118' title='bbox 324 1351 745 1390; x_wconf 84' lang='lat' dir='ltr'>POENITENTIAM</span> <span class='ocrx_word' id='word_1_119' title='bbox 783 1352 931 1391; x_wconf 85' lang='lat' dir='ltr'>ANTE</span> <span class='ocrx_word' id='word_1_120' title='bbox 971 1351 1306 1400; x_wconf 84' lang='lat' dir='ltr'>BAPTISMUM,</span> <span class='ocrx_word' id='word_1_121' title='bbox 1345 1350 1767 1390; x_wconf 85' lang='lat' dir='ltr'>POENITENTIAM</span> <span class='ocrx_word' id='word_1_122' title='bbox 1807 1350 2158 1401; x_wconf 79' lang='lat' dir='ltr'>MORTALmM,</span> 
     </span>
     <span class='ocr_line' id='line_1_17' title="bbox 741 1419 1682 1473; baseline -0.003 -1"><span class='ocrx_word' id='word_1_123' title='bbox 741 1434 812 1472; x_wconf 86' lang='lat' dir='ltr'>ET</span> <span class='ocrx_word' id='word_1_124' title='bbox 854 1433 1274 1473; x_wconf 73' lang='lat' dir='ltr'>possNiTJ-:NTIAM</span> <span class='ocrx_word' id='word_1_125' title='bbox 1311 1432 1633 1471; x_wconf 86' lang='lat' dir='ltr'>VENIALIUM.</span> <span class='ocrx_word' id='word_1_126' title='bbox 1678 1419 1682 1422; x_wconf 79' lang='grc'><strong><em>’</em></strong></span> 
     </span>
    </p>
   </div>
   <div class='ocr_carea' id='block_1_8' title="bbox 528 1557 1851 1618">
    <p class='ocr_par' dir='ltr' id='par_1_8' title="bbox 528 1557 1851 1618">
     <span class='ocr_line' id='line_1_18' title="bbox 528 1557 1851 1618; baseline -0.001 -16"><span class='ocrx_word' id='word_1_127' title='bbox 528 1558 592 1615; x_wconf 90' lang='grc'>(4.</span> <span class='ocrx_word' id='word_1_128' title='bbox 614 1558 725 1602; x_wconf 83' lang='lat' dir='ltr'>Dist.</span> <span class='ocrx_word' id='word_1_129' title='bbox 748 1557 815 1603; x_wconf 87' lang='lat'>16.</span> <span class='ocrx_word' id='word_1_130' title='bbox 842 1573 881 1617; x_wconf 84' lang='lat' dir='ltr'>q.</span> <span class='ocrx_word' id='word_1_131' title='bbox 908 1574 943 1604; x_wconf 77' lang='grc' dir='ltr'>Ι.</span> <span class='ocrx_word' id='word_1_132' title='bbox 967 1564 1048 1602; x_wconf 84' lang='lat' dir='ltr'>art.</span> <span class='ocrx_word' id='word_1_133' title='bbox 1071 1573 1111 1603; x_wconf 89' lang='lat'>2.</span> <span class='ocrx_word' id='word_1_134' title='bbox 1138 1573 1176 1617; x_wconf 87' lang='lat' dir='ltr'>q.</span> <span class='ocrx_word' id='word_1_135' title='bbox 1208 1571 1245 1601; x_wconf 92' lang='lat'>1.</span> <span class='ocrx_word' id='word_1_136' title='bbox 1273 1565 1311 1603; x_wconf 84' lang='lat' dir='ltr'>et</span> <span class='ocrx_word' id='word_1_137' title='bbox 1330 1573 1367 1617; x_wconf 88' lang='lat'>5.</span> <span class='ocrx_word' id='word_1_138' title='bbox 1395 1566 1508 1618; x_wconf 84' lang='lat' dir='ltr'>corp.</span> <span class='ocrx_word' id='word_1_139' title='bbox 1535 1565 1575 1603; x_wconf 83' lang='lat' dir='ltr'>et</span> <span class='ocrx_word' id='word_1_140' title='bbox 1599 1558 1755 1603; x_wconf 82' lang='lat' dir='ltr'>Matth.</span> <span class='ocrx_word' id='word_1_141' title='bbox 1776 1558 1851 1617; x_wconf 83' lang='lat'>3.).</span> 
     </span>
    </p>
   </div>
   <div class='ocr_carea' id='block_1_9' title="bbox 201 1682 2177 3346">
    <p class='ocr_par' dir='ltr' id='par_1_9' title="bbox 201 1682 2177 2012">
     <span class='ocr_line' id='line_1_19' title="bbox 292 1682 2177 1745; baseline 0.002 -18"><span class='ocrx_word' id='word_1_142' title='bbox 292 1682 370 1728; x_wconf 87' lang='lat' dir='ltr'>AD</span> <span class='ocrx_word' id='word_1_143' title='bbox 396 1696 634 1734; x_wconf 73' lang='lat' dir='ltr'><strong>QUARTUM</strong></span> <span class='ocrx_word' id='word_1_144' title='bbox 661 1684 725 1728; x_wconf 91' lang='lat' dir='ltr'>sic</span> <span class='ocrx_word' id='word_1_145' title='bbox 752 1685 1025 1743; x_wconf 89' lang='lat' dir='ltr'>proceditur.</span> <span class='ocrx_word' id='word_1_146' title='bbox 1052 1685 1257 1739; x_wconf 90' lang='lat' dir='ltr'>Videtur,</span> <span class='ocrx_word' id='word_1_147' title='bbox 1284 1685 1408 1744; x_wconf 92' lang='lat' dir='ltr'>quod</span> <span class='ocrx_word' id='word_1_148' title='bbox 1433 1685 1809 1730; x_wconf 88' lang='lat' dir='ltr'>inconvenienter</span> <span class='ocrx_word' id='word_1_149' title='bbox 1826 1684 2051 1729; x_wconf 89' lang='lat' dir='ltr'>dividatur</span> <span class='ocrx_word' id='word_1_150' title='bbox 2066 1700 2177 1745; x_wconf 91' lang='lat' dir='ltr'>poe—</span> 
     </span>
     <span class='ocr_line' id='line_1_20' title="bbox 202 1749 2176 1811; baseline 0.002 -18"><span class='ocrx_word' id='word_1_151' title='bbox 202 1749 391 1794; x_wconf 89' lang='lat' dir='ltr'>nitentia</span> <span class='ocrx_word' id='word_1_152' title='bbox 405 1750 452 1793; x_wconf 91' lang='lat' dir='ltr'>in</span> <span class='ocrx_word' id='word_1_153' title='bbox 464 1751 792 1808; x_wconf 89' lang='lat' dir='ltr'>poenitentiam</span> <span class='ocrx_word' id='word_1_154' title='bbox 825 1762 928 1796; x_wconf 87' lang='lat' dir='ltr'>ante</span> <span class='ocrx_word' id='word_1_155' title='bbox 961 1752 1254 1810; x_wconf 88' lang='lat' dir='ltr'>baptismum,</span> <span class='ocrx_word' id='word_1_156' title='bbox 1280 1752 1611 1811; x_wconf 86' lang='lat' dir='ltr'>poenitentiam</span> <span class='ocrx_word' id='word_1_157' title='bbox 1643 1751 1922 1807; x_wconf 84' lang='lat' dir='ltr'>mortalium,</span> <span class='ocrx_word' id='word_1_158' title='bbox 1951 1762 1995 1796; x_wconf 91' lang='lat' dir='ltr'>et</span> <span class='ocrx_word' id='word_1_159' title='bbox 2019 1754 2176 1810; x_wconf 90' lang='lat' dir='ltr'>poeni-</span> 
     </span>
     <span class='ocr_line' id='line_1_21' title="bbox 202 1817 2175 1878; baseline 0.002 -18"><span class='ocrx_word' id='word_1_160' title='bbox 202 1817 391 1860; x_wconf 83' lang='lat' dir='ltr'>tentiam</span> <span class='ocrx_word' id='word_1_161' title='bbox 418 1817 691 1862; x_wconf 82' lang='lat' dir='ltr'>venialium:</span> <span class='ocrx_word' id='word_1_162' title='bbox 719 1819 1001 1878; x_wconf 87' lang='lat' dir='ltr'>poenitentia</span> <span class='ocrx_word' id='word_1_163' title='bbox 1027 1820 1151 1864; x_wconf 86' lang='lat' dir='ltr'>enim</span> <span class='ocrx_word' id='word_1_164' title='bbox 1179 1830 1246 1863; x_wconf 89' lang='lat' dir='ltr'>est</span> <span class='ocrx_word' id='word_1_165' title='bbox 1267 1820 1467 1864; x_wconf 90' lang='lat' dir='ltr'>secunda</span> <span class='ocrx_word' id='word_1_166' title='bbox 1493 1819 1647 1863; x_wconf 85' lang='lat' dir='ltr'>tabula</span> <span class='ocrx_word' id='word_1_167' title='bbox 1676 1829 1781 1878; x_wconf 91' lang='lat' dir='ltr'>post</span> <span class='ocrx_word' id='word_1_168' title='bbox 1805 1819 2109 1878; x_wconf 87' lang='lat' dir='ltr'>naufragium,</span> <span class='ocrx_word' id='word_1_169' title='bbox 2126 1831 2175 1864; x_wconf 90' lang='lat' dir='ltr'>ut</span> 
     </span>
     <span class='ocr_line' id='line_1_22' title="bbox 201 1884 2170 1946; baseline 0.002 -20"><span class='ocrx_word' id='word_1_170' title='bbox 201 1893 336 1942; x_wconf 85' lang='lat' dir='ltr'>supra</span> <span class='ocrx_word' id='word_1_171' title='bbox 366 1884 539 1928; x_wconf 91' lang='lat' dir='ltr'>dictum</span> <span class='ocrx_word' id='word_1_172' title='bbox 566 1895 634 1928; x_wconf 87' lang='lat' dir='ltr'>est</span> <span class='ocrx_word' id='word_1_173' title='bbox 657 1885 719 1944; x_wconf 92' lang='lat' dir='ltr'>(q.</span> <span class='ocrx_word' id='word_1_174' title='bbox 746 1887 817 1943; x_wconf 89' lang='lat'>84.</span> <span class='ocrx_word' id='word_1_175' title='bbox 850 1894 931 1930; x_wconf 84' lang='lat' dir='ltr'>art.</span> <span class='ocrx_word' id='word_1_176' title='bbox 965 1886 1031 1943; x_wconf 84' lang='lat'>6.)</span> <span class='ocrx_word' id='word_1_177' title='bbox 1042 1902 1058 1938; x_wconf 89' lang='lat'><em>;</em></span> <span class='ocrx_word' id='word_1_178' title='bbox 1093 1887 1344 1945; x_wconf 88' lang='lat' dir='ltr'>baptismus</span> <span class='ocrx_word' id='word_1_179' title='bbox 1379 1896 1531 1931; x_wconf 91' lang='lat' dir='ltr'>autem</span> <span class='ocrx_word' id='word_1_180' title='bbox 1565 1886 1736 1945; x_wconf 83' lang='lat' dir='ltr'>prima3</span> <span class='ocrx_word' id='word_1_181' title='bbox 1763 1885 1876 1930; x_wconf 92' lang='lat' dir='ltr'>illud</span> <span class='ocrx_word' id='word_1_182' title='bbox 1908 1899 2020 1945; x_wconf 90' lang='lat' dir='ltr'>ergo</span> <span class='ocrx_word' id='word_1_183' title='bbox 2046 1887 2170 1946; x_wconf 90' lang='lat' dir='ltr'>quod</span> 
     </span>
     <span class='ocr_line' id='line_1_23' title="bbox 203 1951 1683 2012; baseline 0.003 -19"><span class='ocrx_word' id='word_1_184' title='bbox 203 1959 271 1994; x_wconf 89' lang='lat' dir='ltr'>est</span> <span class='ocrx_word' id='word_1_185' title='bbox 287 1960 391 1994; x_wconf 89' lang='lat' dir='ltr'>ante</span> <span class='ocrx_word' id='word_1_186' title='bbox 416 1951 709 2010; x_wconf 91' lang='lat' dir='ltr'>baptismum,</span> <span class='ocrx_word' id='word_1_187' title='bbox 736 1966 830 1996; x_wconf 93' lang='lat' dir='ltr'>non</span> <span class='ocrx_word' id='word_1_188' title='bbox 863 1953 998 1997; x_wconf 89' lang='lat' dir='ltr'>debet</span> <span class='ocrx_word' id='word_1_189' title='bbox 1022 1953 1133 2011; x_wconf 91' lang='lat' dir='ltr'>poni</span> <span class='ocrx_word' id='word_1_190' title='bbox 1159 1953 1333 2012; x_wconf 89' lang='lat' dir='ltr'>species</span> <span class='ocrx_word' id='word_1_191' title='bbox 1358 1953 1683 2012; x_wconf 81' lang='lat' dir='ltr'>poenitentiae.</span> 
     </span>
    </p>

    <p class='ocr_par' dir='ltr' id='par_1_10' title="bbox 203 2018 2175 2277">
     <span class='ocr_line' id='line_1_24' title="bbox 294 2018 2172 2080; baseline 0.002 -18"><span class='ocrx_word' id='word_1_192' title='bbox 294 2030 335 2061; x_wconf 87' lang='lat'>2.</span> <span class='ocrx_word' id='word_1_193' title='bbox 353 2018 652 2063; x_wconf 76' lang='lat' dir='ltr'>PRAETEREA.</span> <span class='ocrx_word' id='word_1_194' title='bbox 672 2018 813 2071; x_wconf 85' lang='lat' dir='ltr'>Quod</span> <span class='ocrx_word' id='word_1_195' title='bbox 830 2030 982 2079; x_wconf 89' lang='lat' dir='ltr'>potest</span> <span class='ocrx_word' id='word_1_196' title='bbox 1003 2021 1231 2064; x_wconf 89' lang='lat' dir='ltr'>destruere</span> <span class='ocrx_word' id='word_1_197' title='bbox 1245 2022 1408 2080; x_wconf 89' lang='lat' dir='ltr'>majus,</span> <span class='ocrx_word' id='word_1_198' title='bbox 1422 2030 1573 2079; x_wconf 87' lang='lat' dir='ltr'>potest</span> <span class='ocrx_word' id='word_1_199' title='bbox 1593 2020 1733 2064; x_wconf 87' lang='lat' dir='ltr'>etiam</span> <span class='ocrx_word' id='word_1_200' title='bbox 1747 2021 1977 2065; x_wconf 91' lang='lat' dir='ltr'>destruere</span> <span class='ocrx_word' id='word_1_201' title='bbox 1996 2021 2172 2066; x_wconf 90' lang='lat' dir='ltr'>minus:</span> 
     </span>
     <span class='ocr_line' id='line_1_25' title="bbox 204 2083 2170 2147; baseline 0.002 -19"><span class='ocrx_word' id='word_1_202' title='bbox 204 2083 283 2128; x_wconf 89' lang='lat' dir='ltr'>sed</span> <span class='ocrx_word' id='word_1_203' title='bbox 310 2084 507 2129; x_wconf 89' lang='lat' dir='ltr'>mortale</span> <span class='ocrx_word' id='word_1_204' title='bbox 535 2096 602 2130; x_wconf 88' lang='lat' dir='ltr'>est</span> <span class='ocrx_word' id='word_1_205' title='bbox 627 2087 775 2144; x_wconf 89' lang='lat' dir='ltr'>majus</span> <span class='ocrx_word' id='word_1_206' title='bbox 801 2097 1058 2145; x_wconf 89' lang='lat' dir='ltr'>peccatum,</span> <span class='ocrx_word' id='word_1_207' title='bbox 1085 2101 1223 2145; x_wconf 89' lang='lat' dir='ltr'>quam</span> <span class='ocrx_word' id='word_1_208' title='bbox 1248 2087 1449 2132; x_wconf 89' lang='lat' dir='ltr'>veniale:</span> <span class='ocrx_word' id='word_1_209' title='bbox 1476 2087 1555 2130; x_wconf 91' lang='lat' dir='ltr'>illa</span> <span class='ocrx_word' id='word_1_210' title='bbox 1580 2101 1690 2131; x_wconf 89' lang='lat' dir='ltr'>vero</span> <span class='ocrx_word' id='word_1_211' title='bbox 1724 2086 2020 2145; x_wconf 87' lang='lat' dir='ltr'>poenitentia,</span> <span class='ocrx_word' id='word_1_212' title='bbox 2054 2102 2170 2147; x_wconf 88' lang='lat' dir='ltr'>quae</span> 
     </span>
     <span class='ocr_line' id='line_1_26' title="bbox 205 2150 2175 2213; baseline 0.002 -19"><span class='ocrx_word' id='word_1_213' title='bbox 205 2160 273 2194; x_wconf 91' lang='lat' dir='ltr'>est</span> <span class='ocrx_word' id='word_1_214' title='bbox 298 2150 354 2195; x_wconf 91' lang='lat' dir='ltr'>de</span> <span class='ocrx_word' id='word_1_215' title='bbox 381 2151 664 2206; x_wconf 88' lang='lat' dir='ltr'>mortalibus,</span> <span class='ocrx_word' id='word_1_216' title='bbox 692 2153 854 2196; x_wconf 89' lang='lat' dir='ltr'>eadem</span> <span class='ocrx_word' id='word_1_217' title='bbox 880 2154 1020 2197; x_wconf 88' lang='lat' dir='ltr'>etiarn</span> <span class='ocrx_word' id='word_1_218' title='bbox 1046 2165 1116 2198; x_wconf 90' lang='lat' dir='ltr'>est</span> <span class='ocrx_word' id='word_1_219' title='bbox 1140 2153 1196 2198; x_wconf 91' lang='lat' dir='ltr'>de</span> <span class='ocrx_word' id='word_1_220' title='bbox 1222 2154 1497 2208; x_wconf 87' lang='lat' dir='ltr'>venialibus;</span> <span class='ocrx_word' id='word_1_221' title='bbox 1519 2168 1615 2198; x_wconf 91' lang='lat' dir='ltr'>non</span> <span class='ocrx_word' id='word_1_222' title='bbox 1642 2168 1752 2213; x_wconf 88' lang='lat' dir='ltr'>ergo</span> <span class='ocrx_word' id='word_1_223' title='bbox 1780 2153 1946 2198; x_wconf 89' lang='lat' dir='ltr'>debent</span> <span class='ocrx_word' id='word_1_224' title='bbox 1970 2157 2080 2213; x_wconf 92' lang='lat' dir='ltr'>poni</span> <span class='ocrx_word' id='word_1_225' title='bbox 2113 2155 2175 2198; x_wconf 90' lang='lat' dir='ltr'>di·</span> 
     </span>
     <span class='ocr_line' id='line_1_27' title="bbox 203 2219 911 2277; baseline 0.007 -18"><span class='ocrx_word' id='word_1_226' title='bbox 203 2230 361 2262; x_wconf 90' lang='lat' dir='ltr'>versae</span> <span class='ocrx_word' id='word_1_227' title='bbox 386 2219 563 2277; x_wconf 92' lang='lat' dir='ltr'>species</span> <span class='ocrx_word' id='word_1_228' title='bbox 589 2219 911 2277; x_wconf 84' lang='lat' dir='ltr'>poenitentiae.</span> 
     </span>
    </p>

    <p class='ocr_par' dir='ltr' id='par_1_11' title="bbox 201 2284 2173 2547">
     <span class='ocr_line' id='line_1_28' title="bbox 295 2284 2170 2346; baseline 0.002 -18"><span class='ocrx_word' id='word_1_229' title='bbox 295 2297 334 2342; x_wconf 85' lang='lat'>3.</span> <span class='ocrx_word' id='word_1_230' title='bbox 360 2284 660 2331; x_wconf 72' lang='lat' dir='ltr'>PRAETEREA.</span> <span class='ocrx_word' id='word_1_231' title='bbox 689 2286 818 2330; x_wconf 91' lang='lat' dir='ltr'>Sicut</span> <span class='ocrx_word' id='word_1_232' title='bbox 849 2297 953 2346; x_wconf 91' lang='lat' dir='ltr'>post</span> <span class='ocrx_word' id='word_1_233' title='bbox 977 2287 1255 2346; x_wconf 88' lang='lat' dir='ltr'>baptismum</span> <span class='ocrx_word' id='word_1_234' title='bbox 1281 2297 1497 2346; x_wconf 87' lang='lat' dir='ltr'>peccatur</span> <span class='ocrx_word' id='word_1_235' title='bbox 1530 2287 1783 2341; x_wconf 88' lang='lat' dir='ltr'>venialiter,</span> <span class='ocrx_word' id='word_1_236' title='bbox 1820 2298 1865 2332; x_wconf 86' lang='lat' dir='ltr'>et</span> <span class='ocrx_word' id='word_1_237' title='bbox 1901 2288 2170 2342; x_wconf 90' lang='lat' dir='ltr'>mortaliter,</span> 
     </span>
     <span class='ocr_line' id='line_1_29' title="bbox 201 2351 2173 2413; baseline 0.002 -17"><span class='ocrx_word' id='word_1_238' title='bbox 201 2352 265 2396; x_wconf 89' lang='lat' dir='ltr'>ita</span> <span class='ocrx_word' id='word_1_239' title='bbox 290 2351 429 2395; x_wconf 86' lang='lat' dir='ltr'>etiam</span> <span class='ocrx_word' id='word_1_240' title='bbox 456 2362 560 2396; x_wconf 89' lang='lat' dir='ltr'>ante</span> <span class='ocrx_word' id='word_1_241' title='bbox 586 2352 889 2412; x_wconf 82' lang='lat' dir='ltr'>baptismum3</span> <span class='ocrx_word' id='word_1_242' title='bbox 922 2355 959 2398; x_wconf 85' lang='lat' dir='ltr'>si</span> <span class='ocrx_word' id='word_1_243' title='bbox 982 2368 1092 2412; x_wconf 88' lang='lat' dir='ltr'>ergo</span> <span class='ocrx_word' id='word_1_244' title='bbox 1125 2363 1229 2413; x_wconf 91' lang='lat' dir='ltr'>post</span> <span class='ocrx_word' id='word_1_245' title='bbox 1258 2355 1536 2412; x_wconf 86' lang='lat' dir='ltr'>baptismum</span> <span class='ocrx_word' id='word_1_246' title='bbox 1572 2354 1861 2412; x_wconf 88' lang='lat' dir='ltr'>distinguitur</span> <span class='ocrx_word' id='word_1_247' title='bbox 1893 2355 2173 2413; x_wconf 89' lang='lat' dir='ltr'>poenitentia</span> 
     </span>
     <span class='ocr_line' id='line_1_30' title="bbox 201 2417 2171 2480; baseline 0.002 -19"><span class='ocrx_word' id='word_1_248' title='bbox 201 2417 466 2472; x_wconf 88' lang='lat' dir='ltr'>venialium,</span> <span class='ocrx_word' id='word_1_249' title='bbox 489 2429 534 2463; x_wconf 88' lang='lat' dir='ltr'>et</span> <span class='ocrx_word' id='word_1_250' title='bbox 558 2419 839 2474; x_wconf 89' lang='lat' dir='ltr'>mortalium,</span> <span class='ocrx_word' id='word_1_251' title='bbox 865 2420 962 2480; x_wconf 90' lang='lat' dir='ltr'>pari</span> <span class='ocrx_word' id='word_1_252' title='bbox 983 2421 1159 2465; x_wconf 91' lang='lat' dir='ltr'>ratione</span> <span class='ocrx_word' id='word_1_253' title='bbox 1193 2421 1327 2465; x_wconf 91' lang='lat' dir='ltr'>debet</span> <span class='ocrx_word' id='word_1_254' title='bbox 1358 2421 1573 2480; x_wconf 88' lang='lat' dir='ltr'>distingui</span> <span class='ocrx_word' id='word_1_255' title='bbox 1606 2430 1710 2465; x_wconf 89' lang='lat' dir='ltr'>ante</span> <span class='ocrx_word' id='word_1_256' title='bbox 1741 2421 2045 2480; x_wconf 82' lang='lat' dir='ltr'>baptismum3</span> <span class='ocrx_word' id='word_1_257' title='bbox 2077 2436 2171 2466; x_wconf 88' lang='lat' dir='ltr'>non</span> 
     </span>
     <span class='ocr_line' id='line_1_31' title="bbox 203 2486 1633 2547; baseline 0.001 -18"><span class='ocrx_word' id='word_1_258' title='bbox 203 2498 314 2544; x_wconf 86' lang='lat' dir='ltr'>ergo</span> <span class='ocrx_word' id='word_1_259' title='bbox 337 2486 665 2530; x_wconf 89' lang='lat' dir='ltr'>convenienter</span> <span class='ocrx_word' id='word_1_260' title='bbox 690 2487 902 2531; x_wconf 90' lang='lat' dir='ltr'>dividitur</span> <span class='ocrx_word' id='word_1_261' title='bbox 924 2488 1205 2545; x_wconf 90' lang='lat' dir='ltr'>poenitentia</span> <span class='ocrx_word' id='word_1_262' title='bbox 1229 2502 1309 2547; x_wconf 92' lang='lat' dir='ltr'>per</span> <span class='ocrx_word' id='word_1_263' title='bbox 1335 2488 1418 2532; x_wconf 89' lang='lat' dir='ltr'>has</span> <span class='ocrx_word' id='word_1_264' title='bbox 1444 2489 1633 2547; x_wconf 89' lang='lat' dir='ltr'>species.</span> 
     </span>
    </p>

    <p class='ocr_par' dir='ltr' id='par_1_12' title="bbox 203 2551 2170 2681">
     <span class='ocr_line' id='line_1_32' title="bbox 293 2551 2170 2615; baseline 0.001 -19"><span class='ocrx_word' id='word_1_265' title='bbox 293 2551 389 2596; x_wconf 76' lang='lat' dir='ltr'>SED</span> <span class='ocrx_word' id='word_1_266' title='bbox 417 2565 614 2598; x_wconf 79' lang='lat' dir='ltr'>CONTRA</span> <span class='ocrx_word' id='word_1_267' title='bbox 640 2563 722 2607; x_wconf 92' lang='lat' dir='ltr'>est,</span> <span class='ocrx_word' id='word_1_268' title='bbox 749 2553 871 2612; x_wconf 89' lang='lat' dir='ltr'>quod</span> <span class='ocrx_word' id='word_1_269' title='bbox 898 2554 1091 2613; x_wconf 88' lang='lat' dir='ltr'>August.</span> <span class='ocrx_word' id='word_1_270' title='bbox 1118 2555 1165 2598; x_wconf 92' lang='lat' dir='ltr'>in</span> <span class='ocrx_word' id='word_1_271' title='bbox 1191 2554 1268 2599; x_wconf 90' lang='lat' dir='ltr'>lib.</span> <span class='ocrx_word' id='word_1_272' title='bbox 1286 2555 1342 2599; x_wconf 91' lang='lat' dir='ltr'>de</span> <span class='ocrx_word' id='word_1_273' title='bbox 1360 2555 1538 2599; x_wconf 89' lang='lat' dir='ltr'>Poenit.</span> <span class='ocrx_word' id='word_1_274' title='bbox 1558 2555 1854 2611; x_wconf 82' lang='lat' dir='ltr'>(scilicethom.</span> <span class='ocrx_word' id='word_1_275' title='bbox 1873 2556 1948 2600; x_wconf 88' lang='lat' dir='ltr'>ult.</span> <span class='ocrx_word' id='word_1_276' title='bbox 1975 2557 2084 2600; x_wconf 84' lang='lat' dir='ltr'>inter</span> <span class='ocrx_word' id='word_1_277' title='bbox 2104 2570 2170 2615; x_wconf 88' lang='lat'>50.</span> 
     </span>
     <span class='ocr_line' id='line_1_33' title="bbox 203 2619 1660 2681; baseline 0.002 -18"><span class='ocrx_word' id='word_1_278' title='bbox 203 2625 294 2677; x_wconf 85' lang='lat' dir='ltr'>cap.</span> <span class='ocrx_word' id='word_1_279' title='bbox 319 2632 360 2663; x_wconf 84' lang='lat'>2.</span> <span class='ocrx_word' id='word_1_280' title='bbox 381 2633 418 2677; x_wconf 82' lang='lat'>3.</span> <span class='ocrx_word' id='word_1_281' title='bbox 439 2625 479 2663; x_wconf 76' lang='lat' dir='ltr'>et</span> <span class='ocrx_word' id='word_1_282' title='bbox 502 2619 568 2676; x_wconf 92' lang='lat'>4.)</span> <span class='ocrx_word' id='word_1_283' title='bbox 590 2620 720 2679; x_wconf 90' lang='lat' dir='ltr'>ponit</span> <span class='ocrx_word' id='word_1_284' title='bbox 744 2621 998 2680; x_wconf 89' lang='lat' dir='ltr'>praedictas</span> <span class='ocrx_word' id='word_1_285' title='bbox 1024 2631 1114 2665; x_wconf 88' lang='lat' dir='ltr'>tres</span> <span class='ocrx_word' id='word_1_286' title='bbox 1136 2621 1444 2679; x_wconf 90' lang='lat' dir='ltr'>poenitentiae</span> <span class='ocrx_word' id='word_1_287' title='bbox 1472 2624 1660 2681; x_wconf 89' lang='lat' dir='ltr'>species.</span> 
     </span>
    </p>

    <p class='ocr_par' dir='ltr' id='par_1_13' title="bbox 203 2684 2172 3346">
     <span class='ocr_line' id='line_1_34' title="bbox 304 2684 2172 2748; baseline 0.003 -20"><span class='ocrx_word' id='word_1_288' title='bbox 304 2684 594 2731; x_wconf 77' lang='lat' dir='ltr'>RESPONDEO</span> <span class='ocrx_word' id='word_1_289' title='bbox 612 2686 872 2742; x_wconf 87' lang='lat' dir='ltr'>dicendum,</span> <span class='ocrx_word' id='word_1_290' title='bbox 890 2688 1012 2747; x_wconf 93' lang='lat' dir='ltr'>quod</span> <span class='ocrx_word' id='word_1_291' title='bbox 1034 2688 1149 2732; x_wconf 89' lang='lat' dir='ltr'>haec</span> <span class='ocrx_word' id='word_1_292' title='bbox 1169 2688 1332 2732; x_wconf 85' lang='lat' dir='ltr'>divisio</span> <span class='ocrx_word' id='word_1_293' title='bbox 1351 2699 1419 2733; x_wconf 91' lang='lat' dir='ltr'>est</span> <span class='ocrx_word' id='word_1_294' title='bbox 1434 2689 1758 2747; x_wconf 89' lang='lat' dir='ltr'>poenitentiae,</span> <span class='ocrx_word' id='word_1_295' title='bbox 1776 2688 2031 2732; x_wconf 90' lang='lat' dir='ltr'>secundum</span> <span class='ocrx_word' id='word_1_296' title='bbox 2049 2690 2172 2748; x_wconf 92' lang='lat' dir='ltr'>quod</span> 
     </span>
     <span class='ocr_line' id='line_1_35' title="bbox 204 2750 2171 2814; baseline 0.003 -20"><span class='ocrx_word' id='word_1_297' title='bbox 204 2760 273 2795; x_wconf 91' lang='lat' dir='ltr'>est</span> <span class='ocrx_word' id='word_1_298' title='bbox 286 2750 451 2795; x_wconf 86' lang='lat' dir='ltr'>virtus:</span> <span class='ocrx_word' id='word_1_299' title='bbox 470 2761 538 2795; x_wconf 87' lang='lat' dir='ltr'>est</span> <span class='ocrx_word' id='word_1_300' title='bbox 554 2762 707 2797; x_wconf 87' lang='lat' dir='ltr'>autem</span> <span class='ocrx_word' id='word_1_301' title='bbox 725 2755 1123 2809; x_wconf 91' lang='lat' dir='ltr'>considerandum,</span> <span class='ocrx_word' id='word_1_302' title='bbox 1142 2755 1264 2814; x_wconf 91' lang='lat' dir='ltr'>quod</span> <span class='ocrx_word' id='word_1_303' title='bbox 1282 2755 1511 2814; x_wconf 89' lang='lat' dir='ltr'>quaelibet</span> <span class='ocrx_word' id='word_1_304' title='bbox 1525 2756 1666 2799; x_wconf 88' lang='lat' dir='ltr'>virtus</span> <span class='ocrx_word' id='word_1_305' title='bbox 1684 2765 1899 2814; x_wconf 88' lang='lat' dir='ltr'>operatur</span> <span class='ocrx_word' id='word_1_306' title='bbox 1919 2756 2171 2799; x_wconf 88' lang='lat' dir='ltr'>secundum</span> 
     </span>
     <span class='ocr_line' id='line_1_36' title="bbox 205 2817 2171 2878; baseline 0.004 -18"><span class='ocrx_word' id='word_1_307' title='bbox 205 2817 552 2876; x_wconf 87' lang='lat' dir='ltr'>congruentiam</span> <span class='ocrx_word' id='word_1_308' title='bbox 579 2820 815 2878; x_wconf 88' lang='lat' dir='ltr'>temporis,</span> <span class='ocrx_word' id='word_1_309' title='bbox 841 2821 959 2865; x_wconf 89' lang='lat' dir='ltr'>sicut</span> <span class='ocrx_word' id='word_1_310' title='bbox 985 2832 1030 2865; x_wconf 89' lang='lat' dir='ltr'>et</span> <span class='ocrx_word' id='word_1_311' title='bbox 1047 2822 1300 2866; x_wconf 89' lang='lat' dir='ltr'>secundum</span> <span class='ocrx_word' id='word_1_312' title='bbox 1318 2821 1430 2866; x_wconf 88' lang='lat' dir='ltr'>alias</span> <span class='ocrx_word' id='word_1_313' title='bbox 1453 2822 1626 2866; x_wconf 90' lang='lat' dir='ltr'>debitas</span> <span class='ocrx_word' id='word_1_314' title='bbox 1645 2822 2032 2868; x_wconf 88' lang='lat' dir='ltr'>circumstantias:</span> <span class='ocrx_word' id='word_1_315' title='bbox 2052 2822 2171 2867; x_wconf 91' lang='lat' dir='ltr'>unde</span> 
     </span>
     <span class='ocr_line' id='line_1_37' title="bbox 205 2884 2171 2948; baseline 0.003 -21"><span class='ocrx_word' id='word_1_316' title='bbox 205 2894 250 2928; x_wconf 91' lang='lat' dir='ltr'>et</span> <span class='ocrx_word' id='word_1_317' title='bbox 273 2884 414 2928; x_wconf 90' lang='lat' dir='ltr'>virtus</span> <span class='ocrx_word' id='word_1_318' title='bbox 446 2885 753 2943; x_wconf 89' lang='lat' dir='ltr'>poenitentiae</span> <span class='ocrx_word' id='word_1_319' title='bbox 787 2897 939 2930; x_wconf 89' lang='lat' dir='ltr'>actum</span> <span class='ocrx_word' id='word_1_320' title='bbox 972 2901 1106 2931; x_wconf 90' lang='lat' dir='ltr'>suum</span> <span class='ocrx_word' id='word_1_321' title='bbox 1139 2888 1274 2932; x_wconf 89' lang='lat' dir='ltr'>habet</span> <span class='ocrx_word' id='word_1_322' title='bbox 1305 2889 1352 2932; x_wconf 87' lang='lat' dir='ltr'>in</span> <span class='ocrx_word' id='word_1_323' title='bbox 1386 2889 1477 2932; x_wconf 92' lang='lat' dir='ltr'>hoc</span> <span class='ocrx_word' id='word_1_324' title='bbox 1510 2898 1732 2946; x_wconf 88' lang='lat' dir='ltr'>tempore,</span> <span class='ocrx_word' id='word_1_325' title='bbox 1764 2889 2015 2932; x_wconf 90' lang='lat' dir='ltr'>secundum</span> <span class='ocrx_word' id='word_1_326' title='bbox 2049 2890 2171 2948; x_wconf 88' lang='lat' dir='ltr'>quod</span> 
     </span>
     <span class='ocr_line' id='line_1_38' title="bbox 205 2951 2171 3014; baseline 0.003 -20"><span class='ocrx_word' id='word_1_327' title='bbox 205 2951 420 2995; x_wconf 88' lang='lat' dir='ltr'>convenit</span> <span class='ocrx_word' id='word_1_328' title='bbox 444 2965 593 2996; x_wconf 87' lang='lat' dir='ltr'>novae</span> <span class='ocrx_word' id='word_1_329' title='bbox 620 2951 727 3010; x_wconf 90' lang='lat' dir='ltr'>legi.</span> <span class='ocrx_word' id='word_1_330' title='bbox 749 2953 951 2997; x_wconf 89' lang='lat' dir='ltr'>Pertinet</span> <span class='ocrx_word' id='word_1_331' title='bbox 976 2964 1130 2998; x_wconf 85' lang='lat' dir='ltr'>autern</span> <span class='ocrx_word' id='word_1_332' title='bbox 1157 2955 1213 2999; x_wconf 90' lang='lat' dir='ltr'>ad</span> <span class='ocrx_word' id='word_1_333' title='bbox 1244 2955 1589 3014; x_wconf 88' lang='lat' dir='ltr'>poenitentiam,</span> <span class='ocrx_word' id='word_1_334' title='bbox 1622 2964 1670 2998; x_wconf 90' lang='lat' dir='ltr'>ut</span> <span class='ocrx_word' id='word_1_335' title='bbox 1704 2955 1950 2999; x_wconf 91' lang='lat' dir='ltr'>detestetur</span> <span class='ocrx_word' id='word_1_336' title='bbox 1982 2966 2171 3014; x_wconf 85' lang='lat' dir='ltr'>peccata</span> 
     </span>
     <span class='ocr_line' id='line_1_39' title="bbox 205 3018 2172 3081; baseline 0.003 -20"><span class='ocrx_word' id='word_1_337' title='bbox 205 3018 443 3076; x_wconf 85' lang='lat' dir='ltr'>praeterita</span> <span class='ocrx_word' id='word_1_338' title='bbox 471 3032 575 3062; x_wconf 89' lang='lat' dir='ltr'>cum</span> <span class='ocrx_word' id='word_1_339' title='bbox 602 3020 838 3078; x_wconf 89' lang='lat' dir='ltr'>proposito</span> <span class='ocrx_word' id='word_1_340' title='bbox 865 3020 1139 3065; x_wconf 85' lang='lat' dir='ltr'>immutandi</span> <span class='ocrx_word' id='word_1_341' title='bbox 1165 3022 1307 3066; x_wconf 90' lang='lat' dir='ltr'>vitam</span> <span class='ocrx_word' id='word_1_342' title='bbox 1334 3023 1380 3065; x_wconf 90' lang='lat' dir='ltr'>in</span> <span class='ocrx_word' id='word_1_343' title='bbox 1408 3021 1595 3075; x_wconf 80' lang='lat' dir='ltr'>melius3</span> <span class='ocrx_word' id='word_1_344' title='bbox 1623 3021 1743 3080; x_wconf 89' lang='lat' dir='ltr'>quod</span> <span class='ocrx_word' id='word_1_345' title='bbox 1773 3031 1842 3065; x_wconf 92' lang='lat' dir='ltr'>est</span> <span class='ocrx_word' id='word_1_346' title='bbox 1868 3022 1998 3080; x_wconf 85' lang='lat' dir='ltr'>quasi</span> <span class='ocrx_word' id='word_1_347' title='bbox 2019 3024 2172 3081; x_wconf 88' lang='lat' dir='ltr'>poeni-</span> 
     </span>
     <span class='ocr_line' id='line_1_40' title="bbox 203 3084 2169 3147; baseline 0.002 -19"><span class='ocrx_word' id='word_1_348' title='bbox 203 3085 371 3128; x_wconf 88' lang='lat' dir='ltr'>tentiae</span> <span class='ocrx_word' id='word_1_349' title='bbox 404 3084 529 3138; x_wconf 82' lang='lat' dir='ltr'>finis3</span> <span class='ocrx_word' id='word_1_350' title='bbox 565 3095 608 3129; x_wconf 89' lang='lat' dir='ltr'>et</span> <span class='ocrx_word' id='word_1_351' title='bbox 634 3085 740 3144; x_wconf 90' lang='lat' dir='ltr'>quia</span> <span class='ocrx_word' id='word_1_352' title='bbox 776 3086 970 3131; x_wconf 88' lang='lat' dir='ltr'>moralia</span> <span class='ocrx_word' id='word_1_353' title='bbox 1003 3089 1227 3147; x_wconf 88' lang='lat' dir='ltr'>recipiunt</span> <span class='ocrx_word' id='word_1_354' title='bbox 1258 3088 1459 3147; x_wconf 88' lang='lat' dir='ltr'>speciem</span> <span class='ocrx_word' id='word_1_355' title='bbox 1492 3087 1746 3131; x_wconf 90' lang='lat' dir='ltr'>secundum</span> <span class='ocrx_word' id='word_1_356' title='bbox 1782 3087 1936 3142; x_wconf 90' lang='lat' dir='ltr'>finem,</span> <span class='ocrx_word' id='word_1_357' title='bbox 1971 3098 2018 3132; x_wconf 93' lang='lat' dir='ltr'>ut</span> <span class='ocrx_word' id='word_1_358' title='bbox 2050 3089 2095 3132; x_wconf 89' lang='lat' dir='ltr'>in</span> <span class='ocrx_word' id='word_1_359' title='bbox 2129 3102 2169 3132; x_wconf 87' lang='lat'>2.</span> 
     </span>
     <span class='ocr_line' id='line_1_41' title="bbox 203 3151 2169 3214; baseline 0.003 -20"><span class='ocrx_word' id='word_1_360' title='bbox 203 3151 411 3195; x_wconf 90' lang='lat' dir='ltr'>habitum</span> <span class='ocrx_word' id='word_1_361' title='bbox 440 3161 507 3195; x_wconf 89' lang='lat' dir='ltr'>est</span> <span class='ocrx_word' id='word_1_362' title='bbox 528 3152 632 3209; x_wconf 84' lang='lat'>(1-2.</span> <span class='ocrx_word' id='word_1_363' title='bbox 659 3166 698 3210; x_wconf 87' lang='lat' dir='ltr'>q.</span> <span class='ocrx_word' id='word_1_364' title='bbox 729 3165 767 3196; x_wconf 84' lang='lat'>1.</span> <span class='ocrx_word' id='word_1_365' title='bbox 804 3159 884 3198; x_wconf 87' lang='lat' dir='ltr'>art.</span> <span class='ocrx_word' id='word_1_366' title='bbox 916 3169 952 3212; x_wconf 89' lang='grc'>3.</span> <span class='ocrx_word' id='word_1_367' title='bbox 989 3161 1025 3199; x_wconf 83' lang='lat' dir='ltr'>et</span> <span class='ocrx_word' id='word_1_368' title='bbox 1062 3170 1099 3213; x_wconf 89' lang='lat' dir='ltr'>q.</span> <span class='ocrx_word' id='word_1_369' title='bbox 1133 3158 1196 3200; x_wconf 83' lang='lat'>18.</span> <span class='ocrx_word' id='word_1_370' title='bbox 1230 3162 1312 3198; x_wconf 87' lang='lat' dir='ltr'>art.</span> <span class='ocrx_word' id='word_1_371' title='bbox 1344 3168 1387 3211; x_wconf 86' lang='lat'>4.</span> <span class='ocrx_word' id='word_1_372' title='bbox 1426 3160 1462 3198; x_wconf 86' lang='lat' dir='ltr'>et</span> <span class='ocrx_word' id='word_1_373' title='bbox 1498 3154 1579 3212; x_wconf 84' lang='lat'>6.),</span> <span class='ocrx_word' id='word_1_374' title='bbox 1618 3155 1896 3199; x_wconf 86' lang='lat' dir='ltr'>conveniens</span> <span class='ocrx_word' id='word_1_375' title='bbox 1930 3164 2010 3207; x_wconf 91' lang='lat' dir='ltr'>est,</span> <span class='ocrx_word' id='word_1_376' title='bbox 2048 3157 2169 3214; x_wconf 91' lang='lat' dir='ltr'>quod</span> 
     </span>
     <span class='ocr_line' id='line_1_42' title="bbox 205 3217 2170 3280; baseline 0.003 -19"><span class='ocrx_word' id='word_1_377' title='bbox 205 3217 408 3262; x_wconf 92' lang='lat' dir='ltr'>diversae</span> <span class='ocrx_word' id='word_1_378' title='bbox 441 3218 614 3277; x_wconf 90' lang='lat' dir='ltr'>species</span> <span class='ocrx_word' id='word_1_379' title='bbox 644 3219 951 3276; x_wconf 86' lang='lat' dir='ltr'>poenitentiae</span> <span class='ocrx_word' id='word_1_380' title='bbox 982 3221 1261 3280; x_wconf 85' lang='lat' dir='ltr'>accipiantur</span> <span class='ocrx_word' id='word_1_381' title='bbox 1293 3221 1545 3265; x_wconf 89' lang='lat' dir='ltr'>secundum</span> <span class='ocrx_word' id='word_1_382' title='bbox 1579 3221 1779 3265; x_wconf 89' lang='lat' dir='ltr'>diversas</span> <span class='ocrx_word' id='word_1_383' title='bbox 1810 3221 2170 3276; x_wconf 86' lang='lat' dir='ltr'>immutationes,</span> 
     </span>
     <span class='ocr_line' id='line_1_43' title="bbox 204 3285 2168 3346; baseline 0.002 -18"><span class='ocrx_word' id='word_1_384' title='bbox 204 3299 316 3343; x_wconf 89' lang='lat' dir='ltr'>quas</span> <span class='ocrx_word' id='word_1_385' title='bbox 347 3285 587 3343; x_wconf 87' lang='lat' dir='ltr'>poenitens</span> <span class='ocrx_word' id='word_1_386' title='bbox 612 3285 816 3330; x_wconf 83' lang='lat' dir='ltr'>intendit.</span> <span class='ocrx_word' id='word_1_387' title='bbox 849 3286 928 3331; x_wconf 88' lang='lat' dir='ltr'>Est</span> <span class='ocrx_word' id='word_1_388' title='bbox 960 3299 1112 3331; x_wconf 86' lang='lat' dir='ltr'>autem</span> <span class='ocrx_word' id='word_1_389' title='bbox 1146 3288 1295 3346; x_wconf 77' lang='lat' dir='ltr'>triplex</span> <span class='ocrx_word' id='word_1_390' title='bbox 1324 3287 1585 3331; x_wconf 90' lang='lat' dir='ltr'>immutatio</span> <span class='ocrx_word' id='word_1_391' title='bbox 1619 3302 1644 3331; x_wconf 91' lang='lat' dir='ltr'>a</span> <span class='ocrx_word' id='word_1_392' title='bbox 1678 3289 1940 3346; x_wconf 88' lang='lat' dir='ltr'>poenitente</span> <span class='ocrx_word' id='word_1_393' title='bbox 1972 3288 2168 3333; x_wconf 88' lang='lat' dir='ltr'>intenta:</span> 
     </span>
    </p>
   </div>
   <div class='ocr_carea' id='block_1_10' title="bbox 198 3352 2169 3414">
    <p class='ocr_par' dir='ltr' id='par_1_14' title="bbox 198 3352 2169 3414">
     <span class='ocr_line' id='line_1_44' title="bbox 198 3352 2169 3414; baseline 0.002 -19"><span class='ocrx_word' id='word_1_394' title='bbox 198 3353 345 3410; x_wconf 84' lang='lat' dir='ltr'>prima</span> <span class='ocrx_word' id='word_1_395' title='bbox 387 3352 570 3410; x_wconf 91' lang='lat' dir='ltr'>quidem</span> <span class='ocrx_word' id='word_1_396' title='bbox 612 3366 692 3410; x_wconf 91' lang='lat' dir='ltr'>per</span> <span class='ocrx_word' id='word_1_397' title='bbox 729 3355 1123 3411; x_wconf 85' lang='lat' dir='ltr'>regenerationem</span> <span class='ocrx_word' id='word_1_398' title='bbox 1157 3355 1201 3397; x_wconf 89' lang='lat' dir='ltr'>in</span> <span class='ocrx_word' id='word_1_399' title='bbox 1235 3368 1407 3398; x_wconf 89' lang='lat' dir='ltr'>novam</span> <span class='ocrx_word' id='word_1_400' title='bbox 1438 3354 1602 3408; x_wconf 82' lang='lat' dir='ltr'>vitam3</span> <span class='ocrx_word' id='word_1_401' title='bbox 1643 3364 1685 3398; x_wconf 89' lang='lat' dir='ltr'>et</span> <span class='ocrx_word' id='word_1_402' title='bbox 1718 3354 1833 3399; x_wconf 90' lang='lat' dir='ltr'>haec</span> <span class='ocrx_word' id='word_1_403' title='bbox 1876 3356 2071 3414; x_wconf 89' lang='lat' dir='ltr'>pertinet</span> <span class='ocrx_word' id='word_1_404' title='bbox 2113 3357 2169 3399; x_wconf 90' lang='lat' dir='ltr'>ad</span> 
     </span>
    </p>
   </div>
   <div class='ocr_carea' id='block_1_11' title="bbox 204 3419 2171 3681">
    <p class='ocr_par' dir='ltr' id='par_1_15' title="bbox 204 3419 2171 3681">
     <span class='ocr_line' id='line_1_45' title="bbox 205 3419 2170 3482; baseline 0.002 -20"><span class='ocrx_word' id='word_1_405' title='bbox 205 3419 550 3476; x_wconf 88' lang='lat' dir='ltr'>poenitentiam,</span> <span class='ocrx_word' id='word_1_406' title='bbox 578 3434 693 3478; x_wconf 90' lang='lat' dir='ltr'>quae</span> <span class='ocrx_word' id='word_1_407' title='bbox 731 3430 799 3463; x_wconf 91' lang='lat' dir='ltr'>est</span> <span class='ocrx_word' id='word_1_408' title='bbox 834 3430 937 3464; x_wconf 88' lang='lat' dir='ltr'>ante</span> <span class='ocrx_word' id='word_1_409' title='bbox 969 3421 1271 3480; x_wconf 88' lang='lat' dir='ltr'>baptismum:</span> <span class='ocrx_word' id='word_1_410' title='bbox 1302 3420 1477 3465; x_wconf 82' lang='lat' dir='ltr'>secunda</span> <span class='ocrx_word' id='word_1_411' title='bbox 1510 3432 1664 3464; x_wconf 89' lang='lat' dir='ltr'>autem</span> <span class='ocrx_word' id='word_1_412' title='bbox 1695 3421 1956 3466; x_wconf 88' lang='lat' dir='ltr'>immutatio</span> <span class='ocrx_word' id='word_1_413' title='bbox 1990 3433 2058 3466; x_wconf 91' lang='lat' dir='ltr'>est</span> <span class='ocrx_word' id='word_1_414' title='bbox 2090 3437 2170 3482; x_wconf 90' lang='lat' dir='ltr'>per</span> 
     </span>
     <span class='ocr_line' id='line_1_46' title="bbox 205 3483 2171 3548; baseline 0.003 -20"><span class='ocrx_word' id='word_1_415' title='bbox 205 3483 580 3530; x_wconf 85' lang='lat' dir='ltr'>reformationem</span> <span class='ocrx_word' id='word_1_416' title='bbox 606 3485 726 3529; x_wconf 88' lang='lat' dir='ltr'>vitae</span> <span class='ocrx_word' id='word_1_417' title='bbox 761 3487 1027 3545; x_wconf 89' lang='lat' dir='ltr'>praeteritae</span> <span class='ocrx_word' id='word_1_418' title='bbox 1058 3489 1150 3546; x_wconf 86' lang='lat' dir='ltr'>jam</span> <span class='ocrx_word' id='word_1_419' title='bbox 1186 3497 1448 3547; x_wconf 88' lang='lat' dir='ltr'>corruptae;</span> <span class='ocrx_word' id='word_1_420' title='bbox 1482 3496 1526 3532; x_wconf 92' lang='lat' dir='ltr'>et</span> <span class='ocrx_word' id='word_1_421' title='bbox 1556 3488 1671 3532; x_wconf 90' lang='lat' dir='ltr'>haec</span> <span class='ocrx_word' id='word_1_422' title='bbox 1703 3488 1898 3546; x_wconf 89' lang='lat' dir='ltr'>pertinet</span> <span class='ocrx_word' id='word_1_423' title='bbox 1930 3489 1986 3533; x_wconf 89' lang='lat' dir='ltr'>ad</span> <span class='ocrx_word' id='word_1_424' title='bbox 2017 3490 2171 3548; x_wconf 88' lang='lat' dir='ltr'>poeni-</span> 
     </span>
     <span class='ocr_line' id='line_1_47' title="bbox 204 3552 2167 3613; baseline 0.002 -17"><span class='ocrx_word' id='word_1_425' title='bbox 204 3552 391 3596; x_wconf 87' lang='lat' dir='ltr'>tentiam</span> <span class='ocrx_word' id='word_1_426' title='bbox 419 3553 686 3597; x_wconf 89' lang='lat' dir='ltr'>mortalium</span> <span class='ocrx_word' id='word_1_427' title='bbox 712 3563 816 3612; x_wconf 92' lang='lat' dir='ltr'>post</span> <span class='ocrx_word' id='word_1_428' title='bbox 836 3553 1138 3612; x_wconf 84' lang='lat' dir='ltr'>baptismum:</span> <span class='ocrx_word' id='word_1_429' title='bbox 1167 3557 1294 3599; x_wconf 77' lang='lat' dir='ltr'>tertia</span> <span class='ocrx_word' id='word_1_430' title='bbox 1320 3564 1474 3598; x_wconf 86' lang='lat' dir='ltr'>autem</span> <span class='ocrx_word' id='word_1_431' title='bbox 1492 3555 1684 3598; x_wconf 87' lang='lat' dir='ltr'>mutatio</span> <span class='ocrx_word' id='word_1_432' title='bbox 1703 3565 1770 3598; x_wconf 92' lang='lat' dir='ltr'>est</span> <span class='ocrx_word' id='word_1_433' title='bbox 1785 3555 1831 3599; x_wconf 93' lang='lat' dir='ltr'>in</span> <span class='ocrx_word' id='word_1_434' title='bbox 1847 3554 2167 3613; x_wconf 88' lang='lat' dir='ltr'>perfectiorem</span> 
     </span>
     <span class='ocr_line' id='line_1_48' title="bbox 207 3619 2171 3681; baseline 0.002 -19"><span class='ocrx_word' id='word_1_435' title='bbox 207 3619 521 3676; x_wconf 89' lang='lat' dir='ltr'>operationem</span> <span class='ocrx_word' id='word_1_436' title='bbox 546 3622 688 3674; x_wconf 80' lang='lat' dir='ltr'>vitae3</span> <span class='ocrx_word' id='word_1_437' title='bbox 716 3630 759 3664; x_wconf 91' lang='lat' dir='ltr'>et</span> <span class='ocrx_word' id='word_1_438' title='bbox 780 3620 895 3664; x_wconf 91' lang='lat' dir='ltr'>haec</span> <span class='ocrx_word' id='word_1_439' title='bbox 922 3621 1117 3679; x_wconf 88' lang='lat' dir='ltr'>pertinet</span> <span class='ocrx_word' id='word_1_440' title='bbox 1138 3622 1193 3664; x_wconf 90' lang='lat' dir='ltr'>ad</span> <span class='ocrx_word' id='word_1_441' title='bbox 1220 3621 1549 3680; x_wconf 87' lang='lat' dir='ltr'>poenitentiam</span> <span class='ocrx_word' id='word_1_442' title='bbox 1580 3621 1845 3677; x_wconf 87' lang='lat' dir='ltr'>venialium,</span> <span class='ocrx_word' id='word_1_443' title='bbox 1872 3636 1988 3681; x_wconf 84' lang='lat' dir='ltr'>quae</span> <span class='ocrx_word' id='word_1_444' title='bbox 2021 3623 2171 3666; x_wconf 88' lang='lat' dir='ltr'>remit·</span> 
     </span>
    </p>
   </div>
   <div class='ocr_carea' id='block_1_12' title="bbox 389 3720 1983 3768">
    <p class='ocr_par' dir='ltr' id='par_1_16' title="bbox 389 3720 1983 3768">
     <span class='ocr_line' id='line_1_49' title="bbox 389 3720 1983 3768; baseline 0.006 -15"><span class='ocrx_word' id='word_1_445' title='bbox 389 3720 423 3754; x_wconf 86' lang='lat' dir='ltr'>S.</span> <span class='ocrx_word' id='word_1_446' title='bbox 450 3721 603 3755; x_wconf 67' lang='lat' dir='ltr'>&#39;suomet</span> <span class='ocrx_word' id='word_1_447' title='bbox 629 3721 760 3755; x_wconf 75' lang='lat' dir='ltr'>summa</span> <span class='ocrx_word' id='word_1_448' title='bbox 793 3721 995 3767; x_wconf 73' lang='lat' dir='ltr'>Theologiea.</span> <span class='ocrx_word' id='word_1_449' title='bbox 1021 3721 1102 3756; x_wconf 79' lang='lat' dir='ltr'>vol.</span> <span class='ocrx_word' id='word_1_450' title='bbox 1129 3721 1191 3758; x_wconf 91' lang='lat' dir='ltr'>IV.</span> <span class='ocrx_word' id='word_1_451' title='bbox 1946 3735 1983 3768; x_wconf 87' lang='lat'>53</span> 
     </span>
    </p>
   </div>
  </div>
 </body>
</html>
