2352 3926
627 226 906 273 QuAEsrto
946 226 1107 264 Lxxv.
1149 226 1458 267 ARTICULus
1498 227 1569 265 1v.
1965 213 2066 267 661

206 324 496 371 RESPONDEO
530 326 788 383 dicendum,
820 328 958 387 quod,
984 328 1100 372 sicut
1116 342 1248 388 supra
1266 329 1438 373 dictum
1461 338 1528 373 est
1555 328 1656 384 (art.
1683 342 1718 374 1.
1746 328 1832 387 huj.
1856 342 1880 386 q
1885 327 1936 384 .)‚
1964 341 2070 370 cum

113 392 163 437 in
177 391 268 439 hoc
287 404 575 438 sacramento
592 394 650 438 sit
669 409 828 439 verum
855 409 1020 454 corpus
1049 396 1232 448 Christi,
1258 410 1344 441 nec
1370 396 1556 455 incipiat
1571 395 1633 439 ibi
1658 408 1757 440 esse
1783 394 1839 439 de
1856 407 1979 438 novo
1997 407 2076 452 per

114 443 294 505 motum
312 458 525 514 localem,
545 475 647 505 cum
669 462 805 506 etiam
824 477 907 507 nec
932 476 1096 522 corpus
1116 462 1289 507 Christi
1314 463 1370 507 sit
1387 463 1447 506 ibi
1464 463 1582 507 sicut
1597 463 1643 506 in
1660 461 1782 516 loco,
1800 471 1849 506 ut
1870 475 1923 506 ex
1945 460 2075 504 dictis

0 328 27 364 a}

170 535 238 571 et
257 527 359 584 (art.
386 541 426 572 π.
454 529 541 587 huj.
563 544 588 588 q
592 530 638 584 .)‚
666 543 853 574 necesse
880 540 947 573 est
972 530 1137 584 dicere,
1155 531 1276 588 quod
1293 530 1478 589 incipiat
1504 530 1564 574 ibi
1592 543 1688 574 esse
1714 543 1795 588 per
1819 527 2078 573 conversio·

55 590 222 663 {nem
253 593 528 639 substantiae
564 596 692 654 panis
724 596 772 639 in
797 596 960 655 ipsum.
990 596 1114 640 Haec
1136 606 1291 640 tamen
1319 597 1557 641 conversio
1577 611 1670 640 non
1703 607 1770 641 est
1787 594 1948 640 similis
1971 607 2077 638 con-

0 663 17 717 ῥ’
79 640 396 704 versionibus
409 661 701 716 naturalibus,
718 662 796 707 sed
815 672 882 707 est
900 663 1091 706 omnino
1109 663 1477 721 supernaturalis,
1491 663 1587 707 sola
1605 663 1692 707 Dei
1709 663 1873 707 virtute
1891 661 2074 715 effecta3

0 722 5 730 '
118 725 243 770 unde
270 726 485 772 Ambros.
506 729 640 772 dicit
630 744 674 772 m
694 729 768 773 lib.
787 729 843 774 de
862 729 1171 773 Sacramentis
1194 730 1311 787 (hab.
1330 731 1400 774 lib.
1420 730 1465 774 de
1487 730 1691 775 Initiand.
1714 738 1804 789 cap.
1823 745 1864 790 9.
1887 727 2020 774 amad
2023 728 2076 786 .).·

0 802 9 822 ·
53 795 143 855 *a
168 792 346 852 Liquet,
373 796 494 853 quod
521 806 697 855 praeter
718 806 904 839 naturae
932 796 1140 840 ordinem
1166 797 1309 854 Virgo
1338 798 1594 855 generavit3
1621 808 1665 842 et
1691 798 1780 841 hoc
1813 795 1936 856 quod
1969 809 2073 839 con·

0 847 85 934 ἒξ
114 858 308 915 ficimus,
335 875 498 920 corpus
517 876 571 906 ex
596 862 783 921 Virgine
803 872 881 906 est.
903 862 1028 914 Quid
1055 876 1164 921 ergo
1193 864 1370 921 quaeris
1396 873 1583 907 naturae
1602 864 1846 908 ordinem'
1836 878 1881 906 m
1901 861 2073 907 Christi

116 939 326 987 corpore,
353 941 456 972 cum
485 938 661 987 praeter
685 939 895 972 naturam
922 929 979 973 sit
1003 929 1099 988 ipse
1125 929 1354 973 Dominus
1375 930 1505 987 Jesus
1531 941 1682 990 partus
1706 945 1759 974 ex
1782 928 2006 989 Virgine?
2022 944 2073 983 »;

115 1002 161 1038 et
186 1007 321 1053 super
349 993 461 1039 illud
480 996 611 1053 Joan.
638 993 702 1041 6.:
738 996 888 1050 Verba,
917 1009 1021 1054 quae
1051 1011 1122 1054 ego
1150 997 1305 1040 locutus
1330 1012 1420 1040 sum
1444 999 1578 1052 vobis,
1607 997 1780 1041 scilicet
1812 997 1866 1040 de
1892 996 1983 1040 hoc
2011 1009 2077 1040 sa-

82 1067 367 1119 eramento,
397 1063 570 1121 spiritus
600 1068 636 1107 et
652 1064 745 1107 vita
775 1068 881 1116 sunt,
916 1062 1025 1106 dicit
1052 1062 1290 1122 Chrysost.
1318 1065 1447 1121 (hom.
1474 1064 1547 1121 46.
1575 1066 1619 1107 in
1640 1065 1763 1120 Joan.
1796 1069 1890 1108 ante
1922 1062 2076 1119 med).-

68 1131 85 1151 *
117 1141 142 1168 «
167 1126 290 1172 Idest
309 1128 557 1187 spiritualia
585 1138 702 1183 sunt,
743 1129 856 1173 nihil
892 1129 1107 1173 habentia
1144 1129 1341 1184 carnale,
1367 1145 1515 1189 neque
1543 1130 1919 1189 consequentiam
1950 1138 2077 1173 natu-

114 1192 283 1248 ralem3
308 1195 386 1239 sed
414 1204 538 1239 eruta
565 1206 670 1240 sunt
696 1196 750 1240 ab
785 1198 913 1240 omni
938 1196 1019 1240 tali
1046 1197 1334 1251 necessitate,
1361 1211 1477 1256 quae
1504 1197 1550 1240 in
1588 1207 1721 1251 terra,
1750 1207 1794 1241 et
1827 1211 1852 1240 a
1883 1196 2076 1255 legibus,

115 1273 231 1331 quae
257 1261 333 1306 hic
358 1262 506 1321 posita
532 1273 636 1307 sunt
661 1279 702 1306 ιι.
729 1262 1025 1307 Manifestum
1044 1273 1111 1308 est
1127 1264 1264 1318 enim,
1291 1264 1414 1323 quod
1433 1278 1572 1308 omne
1596 1278 1736 1323 agens
1761 1263 1866 1322 agit,
1889 1263 2077 1322 inquan—

111 1338 211 1373 tum
235 1338 306 1373 est
329 1339 449 1374 actu,
476 1329 726 1382 Quodlibet
751 1340 904 1374 autem
932 1345 1071 1389 agens
1094 1341 1297 1375 creatum
1320 1341 1387 1375 est
1413 1331 1794 1375 determinatum'
1783 1345 1830 1374 m
1853 1344 1936 1374 suo
1955 1338 2075 1384 actu,

0 1414 48 1489 ᾗ,
62 1446 73 1452 „
115 1409 222 1439 cum
243 1396 302 1441 sit
326 1397 612 1441 determinati
638 1398 832 1456 generis,
861 1407 906 1442 et
927 1398 1118 1456 speciei:
1143 1408 1187 1442 et
1211 1398 1316 1442 ideo
1345 1398 1584 1456 cujuslibet
1606 1398 1781 1456 agentis
1799 1397 1938 1442 creati
1956 1397 2075 1440 actio

47 1475 72 1527 ³4,
113 1461 252 1507 fertur
276 1477 413 1522 super
438 1463 1014 1524 aliquemldeterminatum
1042 1475 1210 1519 actum,
1229 1465 1547 1510 determinatio
1576 1475 1729 1509 autem
1753 1463 1993 1523 cujuslibet
2009 1463 2078 1507 rei

113 1528 160 1572 in
186 1542 285 1574 esse
311 1530 479 1575 actuali
504 1540 571 1576 est
595 1545 675 1590 per
699 1532 801 1590 ejus·
820 1530 1045 1587 formam3
1073 1532 1192 1576 unde
1218 1531 1397 1576 nullum
1424 1545 1564 1591 agens
1596 1531 1815 1585 naturale,
1842 1545 1922 1575 seu
1957 1544 2078 1574 crea-

112 1604 210 1640 tum
237 1606 386 1656 potest
410 1611 560 1656 agere,
585 1598 672 1642 nisi
698 1598 754 1642 ad
779 1598 1151 1643 immutationem
1179 1598 1369 1656 formae,
1399 1609 1442 1642 et
1468 1608 1651 1658 propter
1676 1598 1766 1642 hoc
1794 1597 1945 1642 omnis
1969 1611 2077 1641 con-

112 1663 279 1718 versio,
304 1677 421 1724 quae
446 1664 497 1709 fit
521 1665 772 1710 secundum
808 1665 931 1724 leges
970 1675 1172 1720 naturae,
1200 1676 1268 1710 est
1302 1665 1532 1710 formalis:
1576 1666 1654 1709 sed
1688 1665 1815 1709 Deus
1849 1674 1916 1709 est
1949 1673 2075 1707 actus

113 1729 329 1785 infinitus,
357 1740 406 1775 ut
424 1732 472 1776 in
504 1745 539 1777 1.
562 1732 767 1776 habiturn
794 1742 861 1776 est
888 1732 945 1791 (q.
973 1746 1011 1791 7.
1051 1739 1131 1777 art.
1159 1748 1193 1777 1.
1227 1739 1266 1777 et
1291 1748 1328 1791 q.
1360 1746 1421 1792 25.
1451 1739 1531 1776 art.
1561 1732 1640 1789 2.)‚
1671 1732 1790 1775 unde
1825 1732 1919 1790 ejus
1955 1730 2074 1774 actio

115 1811 164 1843 se
190 1798 389 1843 extendit
415 1799 470 1843 ad
496 1808 644 1843 totam
674 1809 885 1844 naturam
917 1799 1043 1844 entis.
1077 1800 1185 1843 Non
1206 1799 1342 1857 igitur
1368 1799 1519 1844 solum
1547 1809 1697 1859 potest
1721 1798 1938 1859 perficere
1971 1811 2077 1842 con-

112 1865 372 1910 versionem
413 1864 671 1920 formalem,
715 1876 764 1910 ut
795 1865 970 1910 scilicet
1006 1866 1209 1911 diversae
1249 1866 1426 1911 formae
1468 1867 1552 1910 sibi
1588 1868 1633 1910 in
1667 1865 2074 1923 eodem*subjecto

0 1933 19 1993 ζ
113 1933 382 1987 succedant;
409 1934 487 1977 sed
521 1934 869 1978 conversionem
902 1934 1039 1978 totius
1074 1934 1203 1987 entis,
1241 1944 1291 1978 ut
1325 1933 1628 1978 scilicet'tota
1665 1934 1914 1977 substantia
1939 1933 2075 1990 hujus

0 1995 20 2100 ξ
48 2012 60 2028 ·
115 2009 404 2046 convertatur
427 1999 474 2043 in
500 2009 646 2044 totam
673 2001 971 2044 substantiam
996 1999 1146 2055 illius;
1173 2010 1216 2045 et
1241 2001 1332 2044 hoc
1366 2001 1512 2059 agitur
1538 2001 1689 2044 divina
1716 2001 1878 2044 virtute
1905 2001 1951 2043 in
1982 1999 2074 2043 hoc

113 2076 416 2120 sacramento,
441 2080 550 2110 nam
575 2076 672 2111 tota
694 2067 943 2111 substantia
966 2067 1094 2125 panis
1118 2070 1397 2112 convertitur
1419 2070 1465 2112 in
1486 2078 1632 2111 totam
1658 2067 1957 2111 substantiam
1980 2080 2077 2111 cor-

35 2152 45 2163 ·
113 2132 237 2191 poris
264 2132 450 2187 Christi,
477 2143 522 2176 et
544 2142 641 2177 tota
666 2133 914 2177 substantia
940 2133 1034 2176 vini
1059 2133 1105 2175 in
1130 2142 1276 2177 totam
1295 2134 1594 2178 substantiam
1621 2134 1853 2192 sanguinis
1877 2133 2075 2187 Christi;

113 2199 235 2244 unde
258 2199 373 2243 haec
401 2201 640 2243 conversio
666 2213 760 2243 non
789 2209 855 2243 est
875 2198 1095 2253 formalis,
1118 2200 1196 2243 sed
1223 2200 1550 2244 substantialis:
1572 2214 1658 2244 nec
1682 2199 1938 2244 continetur
1959 2200 2076 2244 inter

112 2265 287 2325 species
314 2275 467 2310 motus
492 2265 724 2319 naturalis,
750 2266 828 2309 sed
856 2266 1040 2325 proprio
1067 2266 1256 2310 nomine
1283 2277 1433 2326 potest
1459 2266 1550 2310 dici
1580 2267 2014 2311 transubstantiatio.

202 2333 278 2377 AD
303 2345 491 2377 PRIMUM
518 2346 628 2391 ergo
656 2332 914 2387 dicendum,
933 2333 1055 2391 quod
1075 2333 1273 2392 objectio
1291 2334 1497 2392 procedit
1514 2334 1569 2377 de
1587 2335 1839 2378 mutatione
1857 2332 2041 2377 formali
2061 2349 2072 2388 ;

113 2400 219 2460 quia
251 2398 429 2444 formae
461 2400 696 2458 proprium
729 2409 796 2443 est
826 2399 872 2444 in
905 2400 1110 2453 materia,
1142 2399 1215 2444 vel
1246 2401 1449 2459 subjecto
1477 2413 1596 2445 esse:
1629 2414 1723 2444 non
1756 2410 1908 2444 autem
1939 2400 2077 2444 habet

113 2466 271 2511 locum
295 2467 342 2510 in
369 2466 670 2511 conversione
696 2467 834 2510 totius
861 2467 1159 2512 substantiae:
1190 2467 1310 2511 unde
1338 2481 1443 2511 cum
1469 2468 1583 2511 haec
1608 2467 1848 2511 conversio
1875 2467 2077 2511 substan-

113 2534 233 2580 tialis
258 2533 475 2592 importet
505 2533 733 2592 quendam
767 2533 974 2578 ordinem
1007 2534 1374 2588 substantiarum,
1402 2549 1593 2594 quarum
1620 2549 1710 2578 una
1738 2535 2015 2579 convertitur
2027 2534 2074 2578 in

116 2600 321 2658 alteram,
347 2609 415 2645 est
438 2600 555 2644 sicut
578 2600 626 2644 in
652 2600 856 2658 subjecto
882 2601 929 2644 in
951 2610 1140 2660 utraque
1167 2601 1428 2656 substantia,
1456 2602 1573 2646 sicut
1599 2601 1728 2655 ordo,
1756 2610 1799 2645 et
1820 2615 2051 2646 numerus.

206 2667 283 2711 AD
310 2679 570 2711 SECUNDUM
595 2666 854 2722 dicendum,
871 2667 995 2727 quod
1020 2667 1099 2711 illa
1125 2668 1324 2726 objectio
1350 2670 1557 2727 procedit
1583 2669 1637 2712 de
1665 2668 1963 2713 conversione
1988 2666 2075 2711 for-

117 2734 243 2790 mali,
267 2748 350 2779 seu
376 2735 652 2778 mutatione:
679 2734 784 2793 quia
816 2744 1010 2793 oportet,
1043 2735 1159 2779 sicut
1190 2735 1362 2779 dictum
1395 2746 1463 2779 est
1496 2736 1559 2792 (in
1586 2744 1700 2795 corp.
1728 2742 1765 2780 et
1791 2741 1872 2780 art.
1892 2737 2072 2794 praec),

116 2801 317 2848 formam
344 2815 444 2846 esse
476 2801 521 2844 in
554 2802 757 2855 materia,
787 2801 862 2845 vel
893 2802 1120 2861 subJecto:
1155 2817 1248 2846 non
1283 2813 1435 2847 autem
1468 2803 1604 2848 habet
1635 2802 1790 2846 locum
1817 2803 1862 2845 in
1890 2815 2076 2847 conver-

119 2869 250 2915 sione
276 2869 415 2914 totius
442 2868 730 2922 substantiae,
758 2870 884 2927 cujus
910 2883 1003 2913 non
1031 2880 1098 2914 est
1124 2870 1331 2928 accipere
1358 2870 1541 2929 aliquod
1569 2870 1836 2929 subjectum.

207 2937 284 2982 AD
307 2948 523 2981 TERTmM
549 2935 807 2988 dicendum,
839 2937 959 2995 quod
993 2937 1156 2981 virtute
1190 2938 1363 2996 agentis
1395 2937 1510 2981 finiti
1540 2951 1635 2981 non
1667 2947 1817 2996 potest
1847 2935 1995 2980 forma
2027 2936 2074 2979 in

119 3003 316 3049 formam
343 3003 521 3056 mutari,
547 3015 632 3046 nec
659 3002 849 3046 materia
870 3003 917 3046 in
944 3006 1205 3048 materiam:
1241 3005 1320 3048 sed
1352 3004 1515 3048 virtute
1549 3004 1722 3062 agentis
1749 3002 1925 3057 infiniti,
1951 3002 2074 3062 quod

119 3070 256 3115 habet
291 3070 519 3116 actionem
546 3069 592 3113 in
627 3078 776 3113 totum
802 3082 896 3123 ens,
929 3078 1077 3128 potest
1107 3071 1209 3115 talis
1237 3071 1475 3115 conversio
1502 3070 1621 3114 fieri:
1650 3070 1754 3128 quia
1782 3069 1957 3128 utrique
1990 3068 2076 3113 for-

121 3151 238 3192 mae,
263 3148 309 3183 et
333 3138 507 3196 utrique
533 3135 750 3179 materiae
776 3145 844 3180 est
869 3137 1127 3182 communis
1153 3148 1314 3182 natura
1341 3140 1478 3191 entis;
1507 3147 1551 3181 et
1576 3137 1620 3180 id
1648 3136 1768 3195 quod
1793 3146 1860 3180 est
1876 3136 2074 3181 entitatis

119 3205 167 3249 in
192 3218 297 3259 una,
322 3214 472 3263 potest
498 3212 656 3246 auctor
680 3202 795 3246 entis
822 3213 1086 3248 convertere
1112 3204 1159 3247 in
1184 3205 1228 3248 id
1255 3205 1377 3264 quod
1405 3214 1473 3248 est
1498 3204 1696 3248 entitatis
1723 3203 1766 3246 in
1797 3203 1949 3258 altera,
1977 3203 2075 3248 sub-

121 3271 215 3316 lato
238 3285 310 3327 eo,
336 3285 416 3331 per
441 3269 563 3330 quod
591 3268 644 3313 ab
671 3268 749 3312 illa
775 3268 1142 3327 distinguebatur.
