2352 3926
5 2874 25 3029 urta-efferrem
4 2810 7 2814 ‘

16 3700 19 3708 -
16 3649 29 3666 ,μ
16 3634 22 3643 t,
14 3509 28 3615 namqui-x
12 3381 26 3503 fferam-offla
14 3344 26 3375 su*
7 3031 26 3335 zwwzzffiwstmcmsz¹wss

650 248 930 324 Quansno
973 264 1122 314 Lx'xr.
1164 273 1472 315 An’rrcums
1510 273 1583 313 1v.
1986 262 2020 313 6
2033 276 2090 330 ¹9

818 473 1254 532 ARTICULUS
1294 473 1392 529 1v.
2009 498 2093 545 413

387 611 579 651 UTRUM
618 611 704 650 SIT
745 611 1011 650 OFFICIUM
1050 610 1385 649 SACERDOTIS
1428 610 1843 662 CATECHIZARE,

651 693 724 732 ET
764 692 1104 731 EXORCIZARE
1150 691 1557 731 BAPTIZANDUM.

754 801 816 859 (4.
842 802 954 846 Dist.
981 801 1023 846 6.
1050 815 1088 860 q.
1115 815 1140 846 2
1164 806 1245 845 art.
1263 816 1300 860 3.
1323 815 1361 859 q.
1393 801 1469 857 L).

225 913 300 959 Ao
333 926 570 965 QUARTUM
602 913 666 958 sic
707 912 980 973 proceditur.
1006 911 1209 966 Videtur,
1243 911 1365 971 quod
1397 925 1492 956 non
1533 911 1589 955 sit
1615 910 1864 956 sacerdotis
1902 908 2099 955 catechi-

133 994 251 1035 zare,
269 990 314 1025 et
340 982 596 1025 exorcizare
622 979 968 1039 baptizandum:
998 980 1052 1023 ad
1076 978 1280 1023 officium
1307 979 1429 1023 enim
1457 979 1771 1022 ministrorum
1804 978 1998 1037 pertinet
2021 977 2101 1020 ha·

133 1048 242 1092 bere
277 1048 592 1107 operationem
621 1062 756 1106 super
786 1046 1065 1100 immundos,
1084 1056 1132 1090 ut
1156 1047 1348 1105 Dionys.
1380 1045 1488 1089 dicit
1528 1059 1564 1103 ς.
1593 1060 1690 1103 cap.
1729 1044 1852 1090 Eccl.
1877 1042 2097 1088 Herarch.

135 1114 267 1172 (inter
286 1117 424 1174 princ.
456 1122 494 1160 et
511 1115 653 1173 med.).·
680 1115 759 1160 sed
787 1115 1119 1168 catechumeni,
1140 1115 1216 1174 qui
1233 1115 1513 1158 instruuntur
1528 1115 1574 1157 in
1593 1113 1890 1166 catechismo,
1915 1122 1959 1156 et
1977 1125 2100 1156 ener-

135 1182 336 1239 gumeni,
362 1182 440 1241 qui
461 1192 708 1241 purgantur
731 1182 778 1226 in
796 1182 1069 1236 exorcismo,
1097 1190 1417 1241 computantur
1431 1181 1548 1225 inter
1564 1180 1842 1235 immundos,
1860 1189 1909 1223 ut
1930 1178 2098 1223 ibidem

134 1248 386 1309 Dionysius
428 1249 537 1293 dicit
574 1249 629 1306 (et
661 1257 750 1308 cap.
773 1264 810 1308 3.
844 1256 939 1294 ante
975 1249 1132 1307 med.),·
1167 1262 1277 1308 ergo
1312 1248 1608 1302 catechizare,
1645 1257 1691 1292 et
1722 1247 1979 1292 exorcizare
2004 1259 2100 1290 non

134 1316 328 1376 pertinet
353 1315 408 1360 ad
434 1315 639 1360 officium
670 1316 934 1370 sacerdotis,
962 1316 1040 1360 sed
1067 1315 1216 1374 potius
1249 1315 1577 1360 ministrorum.

226 1395 266 1427 2.
298 1382 596 1428 PRAETEREA.
621 1382 958 1428 Catechumeni
988 1382 1268 1427 instruuntur
1294 1382 1349 1444 de
1372 1381 1460 1427 fide
1487 1396 1567 1442 per
1598 1395 1778 1427 sacram
1796 1380 2095 1440 Scripturam‚

135 1463 253 1509 quae
273 1449 321 1494 in
347 1449 552 1494 Ecclesia
578 1463 658 1509 per
682 1450 915 1495 ministros
948 1450 1185 1495 recitatur:
1212 1450 1329 1494 sicut
1355 1449 1476 1494 enim
1504 1463 1585 1509 per
1599 1447 1795 1494 lectores
1820 1448 1869 1492 in
1893 1446 2101 1492 Ecclesia

135 1517 301 1577 legitur
324 1526 454 1561 vetus
487 1515 852 1571 Testamentum,
883 1517 946 1561 ita
984 1517 1123 1561 etiam
1148 1531 1230 1576 per
1256 1517 1490 1571 diaconos,
1523 1526 1568 1561 et
1604 1516 1912 1561 subdiaconos
1937 1514 2104 1574 legitur

137 1598 335 1629 novum:
365 1593 410 1628 et
433 1584 498 1628 sic
532 1583 587 1628 ad
614 1584 845 1628 ministros
871 1584 1066 1644 pertinet
1101 1583 1407 1628 catechizare:
1429 1582 1638 1628 similiter
1664 1584 1801 1627 etiam
1829 1581 2102 1636 exorcizare,

139 1661 189 1696 ut
207 1650 399 1705 videtur,
425 1652 482 1696 ad
514 1651 747 1695 ministros
774 1651 990 1711 pertinet:
1018 1651 1126 1695 dicit
1153 1651 1275 1695 enim
1301 1650 1462 1695 Isidor.
1480 1650 1526 1694 in
1549 1650 1746 1710 quadam
1775 1650 1903 1709 epist.
1930 1649 2105 1708 (scilicet

138 1718 194 1763 ad
215 1718 464 1775 Laudefred.
497 1733 600 1777 quae
625 1718 719 1763 hab.
758 1725 851 1778 post
879 1719 1039 1764 Concil.
1066 1718 1310 1762 Toletanum
1341 1719 1379 1763 8.
1379 1717 1434 1776 ):
1461 1734 1485 1759 «
1503 1717 1577 1762 Ad
1609 1717 1882 1761 exorcistam
1908 1716 2105 1775 pertinet

141 1785 423 1830 exorcismos
462 1785 730 1830 memoriter
754 1786 961 1840 retinere,
988 1799 1241 1844 manusque
1274 1799 1406 1844 super
1439 1798 1790 1844 energumenos,
1817 1792 1860 1828 et
1893 1782 2103 1828 catechu-

142 1866 306 1897 menos
331 1852 378 1896 in
411 1852 668 1897 exorcismo
694 1852 932 1911 imponere
959 1868 1011 1907 »;
1044 1866 1138 1896 non
1166 1865 1276 1911 ergo
1310 1852 1504 1911 pertinet
1537 1851 1592 1896 ad
1626 1850 1829 1897 officium
1856 1850 2103 1895 sacerdotis

141 1918 438 1976 catechizare,
465 1929 510 1963 et
535 1920 809 1964 exorcizare.
1151 1921 1154 1924 ⁴

230 1998 268 2045 3.
295 1985 591 2031 PRAETEREA.
620 1985 917 2031 Catechizare
937 1986 1058 2030 idem
1077 1996 1157 2040 est,
1180 1986 1303 2045 quod
1321 1986 1510 2041 docere;
1534 1996 1578 2030 et
1602 1986 1694 2030 hoc
1721 1985 1844 2038 idem
1871 1994 1951 2039 est,
1979 1985 2102 2044 quod

137 2051 375 2112 perficere,
413 2052 536 2112 quod
573 2053 628 2097 ad
655 2052 860 2097 officium
892 2053 1213 2113 episcoporum
1240 2054 1448 2113 pertinet,
1486 2063 1535 2098 ut
1572 2053 1681 2097 dicit
1711 2053 1905 2112 Dionys.
1938 2066 1974 2110 5.
2003 2066 2100 2112 cap.

140 2118 265 2170 Eccl.
291 2119 528 2164 Hierarch.
554 2119 726 2180 (parum
745 2127 838 2165 ante
866 2120 1013 2179 med.),·
1046 2135 1140 2164 non
1168 2135 1279 2180 ergo
1306 2121 1503 2180 pertinet
1524 2121 1579 2164 ad
1607 2119 1810 2164 officium
1837 2119 2101 2163 sacerdotis.

229 2185 323 2231 SED
350 2199 546 2232 CONTRA
573 2197 653 2241 est,
680 2187 802 2246 quod
827 2186 1049 2232 Nicolaus
1067 2188 1100 2231 Ι.
1124 2202 1241 2247 papa
1268 2188 1375 2232 dicit
1395 2187 1509 2244 (hab.
1528 2189 1636 2232 inter
1653 2190 1737 2245 ejus
1754 2186 1931 2241 decreta,
1953 2188 2016 2231 tit.
2035 2186 2101 2231 16.

143 2253 272 2300 Cone.
294 2260 332 2298 et
357 2261 448 2313 cap.
475 2267 540 2313 57.
566 2253 613 2298 de
641 2253 879 2300 Consecrat.
905 2255 1018 2300 Dist.
1045 2256 1128 2313 4.).·
1159 2271 1182 2296 <‹
1202 2255 1487 2299 Catechismi
1513 2254 1890 2314 baptizandorum
1918 2268 1942 2298 a
1961 2267 2103 2298 sacer-

138 2319 319 2365 dotibus
344 2320 697 2380 uniuscujusque
731 2321 952 2365 ecclesiae
985 2321 1082 2365 fieri
1109 2331 1300 2380 possunt
1325 2338 1376 2376 »;
1414 2321 1534 2366 unde
1563 2321 1757 2379 Gregor.
1794 2323 1932 2364 etiam
1965 2335 2101 2380 super

138 2387 312 2446 Evang.
324 2387 536 2446 (hom.29.
550 2394 642 2432 ante
660 2387 787 2446 med.)
806 2388 937 2434 dicit:
955 2389 1277 2442 «Sacerdotes,
1301 2403 1406 2432 cum
1428 2403 1508 2447 per
1535 2389 1776 2433 exorcismi
1795 2388 1989 2447 gratiam
2014 2401 2106 2431 ma-

138 2468 252 2499 num
267 2454 552 2499 credentibus
564 2450 821 2514 imponunt,
838 2455 945 2515 quid
964 2455 1086 2500 aliud
1103 2454 1289 2510 faciunt,
1309 2457 1396 2500 nisi
1424 2455 1546 2515 quod
1565 2455 1810 2500 daemonia
1827 2454 2049 2514 ejiciunt?
2078 2471 2101 2496 »

228 2520 516 2566 RESPONDEO
543 2521 802 2576 dicendum,
836 2522 958 2582 quod
985 2522 1192 2567 minister
1219 2532 1511 2582 comparatur
1553 2523 1610 2566 ad
1656 2522 1958 2575 sacerdotem,
1989 2522 2106 2566 sicut

140 2587 473 2643 secundarium,
499 2598 544 2634 et
566 2589 911 2634 instrumentale
939 2604 1078 2649 agens
1105 2590 1160 2634 ad
1193 2589 1456 2650 principale,
1483 2599 1532 2634 ut
1553 2590 1724 2634 indicat
1755 2590 1903 2649 ipsum
1930 2602 2104 2632 nomen

132 2653 357 2699 ministri:
385 2668 525 2713 agens
551 2665 704 2700 autem
726 2657 1048 2701 secundarium
1074 2671 1168 2701 non
1196 2657 1289 2716 agit
1315 2658 1412 2701 sine
1439 2656 1676 2717 principali
1695 2666 1871 2716 agente,
1890 2655 1968 2700 sed
1996 2669 2106 2700 coo·

143 2723 324 2780 petatur
354 2721 592 2781 principali
634 2723 785 2781 agenti
809 2723 857 2767 in
889 2723 1149 2782 operando:
1183 2734 1354 2782 quanto
1398 2733 1551 2768 autem
1593 2723 1745 2783 potior
1778 2733 1846 2767 est
1878 2722 2101 2780 operatio,

145 2798 270 2832 tanto
297 2788 544 2847 principale
572 2803 711 2848 agens
737 2790 989 2849 potioribus
1015 2791 1188 2849 indiget
1222 2791 1548 2845 instrumentis,
1575 2806 1654 2835 seu
1688 2790 1926 2843 ministris3
1953 2789 2105 2848 potior

145 2865 297 2900 autern
321 2864 386 2898 est
404 2855 608 2914 operatio
636 2856 899 2911 sacerdotis,
926 2858 1195 2917 inquantum
1223 2857 1399 2902 confert
1423 2858 1575 2917 ipsum
1593 2867 1946 2910 sacramentum,
1965 2870 2104 2914 quam

143 2923 191 2966 in
216 2921 572 2982 praeparationis
598 2923 654 2967 ad
686 2934 1045 2968 sacramentum:
1083 2935 1127 2969 et
1166 2925 1271 2969 ideo
1305 2926 1505 2984 supremi
1536 2925 1744 2978 ministri,
1785 2924 1862 2982 qui
1895 2923 2104 2967 dicuntur

145 2989 341 3043 diaconi,
366 2998 670 3047 cooperantur
696 2990 920 3035 sacerdoti
945 2990 992 3034 in
1013 2991 1110 3049 ipsa
1138 2991 1383 3036 collatione
1407 3002 1822 3036 sacramentorum:
1851 2990 1959 3033 dicit
1981 2990 2104 3033 enim

145 3056 346 3101 Isidorus
368 3055 463 3112 (loc.
492 3057 561 3100 cit.
589 3057 634 3099 in
660 3070 749 3114 arg.
777 3058 855 3115 2.),
879 3058 1000 3116 quod
1035 3074 1059 3099 «
1087 3058 1142 3101 ad
1170 3058 1418 3102 diaconum
1446 3060 1637 3117 pertinet
1670 3057 1875 3100 assistere
1899 3057 2107 3100 sacerdo-

144 3123 277 3177 tibus,
305 3132 349 3167 et
375 3122 629 3166 ministrare
662 3122 706 3166 in
735 3123 946 3167 omnibus
974 3139 1089 3183 quae
1124 3135 1317 3183 aguntur
1343 3126 1388 3168 in
1428 3124 1722 3169 sacramentis
1752 3123 1938 3177 Christi,
1965 3123 2011 3166 in
2033 3123 2107 3166 ba-

146 3190 313 3248 ptismo
357 3188 544 3242 scilicet,
575 3188 622 3234 in
654 3189 914 3244 chrismate,
952 3201 1130 3250 patena,
1172 3203 1215 3236 et
1243 3192 1409 3237 calice:
1438 3193 1672 3235 inferiores
1715 3201 1868 3234 autem
1912 3189 2106 3234 ministri

146 3266 450 3316 cooperantur
476 3255 783 3300 sacerdotibus
805 3256 852 3300 in
876 3257 964 3311 his,
990 3273 1106 3317 quae
1133 3269 1236 3303 sunt
1261 3258 1598 3318 praeparatoria
1617 3257 1671 3300 ad
1700 3266 2037 3301 sacramentum
2066 3272 2106 3311 »;

144 3323 260 3368 sicut
284 3322 479 3367 lectores
512 3322 558 3365 in
586 3323 883 3377 catechismo,
910 3335 954 3368 et
980 3325 1228 3369 exorcistae
1255 3326 1301 3368 in
1330 3326 1602 3369 exorcismo.

235 3389 309 3433 An
336 3402 523 3433 PRIMUM
551 3402 660 3447 ergo
689 3389 945 3444 dicendum,
980 3393 1100 3450 quod
1129 3406 1261 3451 super
1288 3392 1550 3435 immundos
1585 3390 1777 3434 ministri
1803 3390 1974 3435 habent
1999 3405 2105 3450 ope-

144 3455 372 3501 rationem
398 3455 758 3510 ministerialem,
785 3466 829 3500 et
854 3459 981 3515 quasi
1007 3458 1414 3512 instrumentalem,
1441 3458 1518 3502 scd
1547 3458 1758 3501 sacerdos
1792 3457 2103 3517 principalem.

236 3522 312 3566 AD
348 3534 609 3567 SECUNDUM
641 3521 899 3578 dicendum,
926 3524 1047 3582 quod
1084 3523 1293 3580 lectores,
1332 3535 1375 3569 et
1408 3526 1659 3568 exorcistae
1691 3523 1861 3568 habent
1902 3522 2105 3568 officium
2166 3573 2168 3576 y

150 3588 473 3643 catechizandi,
500 3598 545 3633 et
571 3589 872 3645 exorcizandi,
897 3604 990 3635 non
1017 3590 1200 3651 quidem
1223 3591 1543 3652 principaliter,
1560 3591 1639 3636 sed
1661 3591 1777 3635 sicut
1798 3591 1843 3634 in
1866 3590 1936 3636 his
1962 3605 2107 3636 sacer·

149 3655 245 3701 doti
271 3654 590 3700 ministrantes.
