2352 3926
308 259 407 315 134
847 258 1121 306 QUAESTIO
1159 259 1276 299 xm.
1317 258 1624 301 ARTICULUS
1664 261 1701 301 1.

293 360 531 404 scientiam
550 362 811 438 practicam,
829 371 878 405 ut
898 361 1072 406 scilicet
1097 363 1209 407 sciat
1243 361 1393 408 facere
1414 377 1468 408 ea
1485 377 1603 423 quae
1622 363 1731 418 scit;
1758 373 1803 408 et
1827 363 1891 408 sic
1917 362 2110 415 videtur,
2129 363 2252 422 quod

292 428 449 471 omnia
474 427 623 471 facere
649 428 807 486 possit

383 495 476 539 SED
501 508 709 539 CONTRA.
736 494 852 539 Illud
880 474 1001 554 quod
1029 505 1096 540 est
1120 497 1356 556 proprium
1397 497 1499 552 Dei,
1540 512 1631 542 non
1666 507 1816 557 potest
1857 496 1993 541 alicui
2018 506 2253 543 creaturae

293 563 558 607 convenire:
578 562 654 606 sed
671 563 904 621 proprium
923 573 988 607 est
1001 564 1089 608 Dei
1106 578 1203 609 esse
1217 566 1596 624 omnipotentem,
1609 565 1860 609 secundum
1877 563 1989 608 illud
2006 563 2251 622 Exod.15,:

291 631 370 674 Iste
395 631 510 675 Deus
540 645 666 684 meus,
700 637 738 675 et
756 631 998 690 glorificabo
1020 647 1140 684 eum,·
1169 642 1214 677 et
1238 641 1397 691 postea
1423 632 1649 677 subditur:
1676 632 1944 707 Omnipotens
1964 645 2113 676 nomen
2136 632 2253 691 sius-5

291 711 401 755 ergo
429 697 580 740 anima
607 697 794 752 Christi,
822 712 928 742 cum
954 698 1011 743 sit
1037 709 1255 754 creatura,
1282 713 1375 743 non
1401 699 1538 743 habet
1565 697 1970 756 omnipotentiam.

378 763 666 808 Respoumso
693 764 952 819 dicendum,
979 766 1116 824 quod,
1142 766 1259 811 sicut
1283 781 1425 843 supra
1444 766 1615 810 dictum
1650 775 1717 809 est
1747 766 1804 823 (q.
1837 779 1877 810 2.
1902 771 1987 810 art.
2019 780 2055 811 ι.
2097 770 2135 810 et
2167 765 2252 822 3.),

289 831 335 874 in
362 831 581 890 mysterio
608 832 938 877 Incarnationis
963 833 1025 876 ita
1051 832 1172 877 facta
1194 843 1260 878 est
1282 834 1390 879 unio
1414 834 1461 876 in
1488 846 1696 892 persona,
1720 831 1843 890 quod
1864 841 2019 876 tamen
2036 832 2255 877 remansit

289 898 518 942 distinctio
545 908 823 953 naturarum,
850 909 1038 959 utraque
1065 900 1238 944 scilicet
1268 910 1428 944 natura
1460 900 1680 943 retinente
1707 899 1752 942 id
1779 898 1902 958 quod
1936 898 2024 943 sibi
2054 908 2256 958 estpro-

288 965 459 1022 prium:
487 966 689 1024 potentia
706 975 860 1010 autem
887 967 1034 1011 activa
1061 966 1300 1026 cujuslibet
1322 968 1389 1011 rei
1415 967 1615 1026 sequitur
1639 965 1840 1010 formam
1865 965 2021 1025 ipsius,
2047 979 2164 1024 quae
2187 974 2255 1010 est

288 1033 560 1092 principium
590 1034 776 1093 agendi:
801 1033 950 1078 forma
977 1044 1131 1079 autern
1156 1035 1223 1079 vel
1248 1045 1316 1079 est
1340 1035 1438 1092 ipsa
1462 1044 1622 1078 natura
1644 1033 1724 1087 rei,
1746 1033 1862 1078 sicut
1881 1033 1928 1077 in
1950 1031 2254 1092 simplicibus;

287 1101 354 1145 vel
376 1110 443 1145 est
469 1103 747 1146 constituens
774 1101 923 1162 ipsam
945 1102 1010 1146 rei
1035 1113 1260 1156 naturam,
1286 1102 1333 1146 in
1354 1102 1425 1145 his
1448 1100 1622 1145 scilicet
1648 1115 1764 1159 quae
1790 1109 1896 1144 sunt
1920 1099 2178 1159 composita
2197 1112 2254 1144 ex

288 1168 494 1223 materia,
523 1178 568 1212 et
592 1168 763 1224 forma3
791 1169 909 1213 unde
936 1169 1228 1214 manifestum
1256 1179 1338 1223 est,
1365 1169 1487 1228 quod
1514 1168 1717 1227 potentia
1744 1167 1891 1211 activa
1918 1165 2158 1225 cujuslibet
2186 1165 2255 1212 rei

289 1235 582 1294 consequitur
606 1245 818 1280 naturam
844 1237 1010 1295 ipsius;
1039 1247 1082 1280 et
1108 1251 1187 1296 per
1208 1236 1330 1279 hunc
1354 1236 1545 1280 modum
1569 1234 1901 1292 omnipotentia
1923 1242 2256 1293 consequenter

287 1316 334 1346 se
365 1302 503 1347 habet
530 1303 584 1346 ad
619 1304 819 1347 divinam
847 1313 1078 1347 naturam:
1114 1303 1219 1362 quia
1246 1303 1368 1347 enim
1394 1313 1554 1346 natura
1581 1302 1733 1345 divina
1760 1311 1827 1346 est
1851 1301 2002 1360 ipsum
2036 1314 2134 1345 esse
2165 1300 2253 1344 Dei

287 1370 744 1428 incircumscriptum,
772 1381 820 1415 ut
846 1381 969 1430 patet
994 1385 1074 1429 per
1098 1371 1236 1414 Dion.
1260 1383 1295 1428 5.
1316 1385 1412 1429 cap.
1442 1370 1496 1414 de
1528 1370 1632 1413 Div.
1659 1369 1799 1413 Nom.
1825 1368 1936 1426 (lect.
1958 1369 2031 1427 1.),
2055 1368 2161 1412 inde
2187 1377 2255 1412 est

288 1437 409 1495 quod
436 1437 572 1481 habet
597 1438 849 1496 potentiam
892 1438 1088 1481 activam
1129 1448 1336 1496 respectu
1374 1437 1598 1491 omnium,
1632 1451 1747 1496 quae
1779 1446 1971 1499 possunt
1995 1435 2163 1480 habere
2188 1449 2255 1479 ra-

285 1505 459 1548 tionem
487 1505 627 1560 entis;
653 1505 774 1564 quod
803 1515 870 1549 est
894 1506 1062 1549 habere
1105 1505 1509 1563 omnipotentiam:
1552 1504 1668 1548 sicut
1709 1514 1754 1548 et
1793 1502 2022 1562 quaelibet
2062 1501 2152 1547 alia
2183 1515 2254 1547 res

286 1571 423 1615 habet
453 1572 702 1630 potentiam
732 1573 928 1616 activam
954 1582 1161 1631 respectu
1185 1586 1358 1625 eorum,
1388 1572 1442 1615 ad
1470 1585 1585 1630 quae
1612 1586 1659 1615 se
1682 1571 1882 1615 extendit
1903 1569 2122 1648 perfectio
2144 1583 2253 1615 suae

285 1649 496 1693 naturae3
524 1639 640 1683 sicut
673 1639 871 1683 calidum
898 1639 953 1683 ad
981 1638 1366 1694 calefaciendum3
1395 1653 1501 1683 curn
1527 1640 1662 1693 igitur
1689 1639 1842 1683 anima
1869 1638 2044 1686 Christi
2067 1638 2125 1685 sit
2148 1650 2253 1698 pars

286 1705 514 1749 humanae
540 1716 742 1760 naturae,
769 1706 1049 1765 impossibile
1077 1717 1144 1751 est
1169 1707 1291 1765 quod
1318 1706 1699 1766 omnipotentiam
1724 1706 1905 1750 habeat.

373 1773 449 1816 AD
475 1786 663 1818 PRIMUM
690 1787 800 1833 ergo
827 1773 1085 1828 dicendum,
1112 1775 1233 1832 quod
1261 1773 1406 1818 homo
1435 1774 1612 1833 accepit
1639 1788 1695 1818 ex
1727 1783 1936 1833 tempore
1963 1772 2251 1832 omnipoten-

286 1839 412 1893 tiam,
440 1854 578 1898 quam
604 1839 742 1884 Filius
767 1841 856 1885 Dei
881 1840 1040 1885 habuit
1067 1841 1119 1884 ab
1149 1851 1334 1885 aeterno
1361 1855 1442 1900 per
1472 1841 1621 1900 ipsam
1653 1842 1874 1884 unionem
1904 1850 2160 1900 personae3
2191 1852 2247 1884 ex

288 1922 376 1966 qua
400 1906 573 1951 factum
606 1917 686 1962 est,
721 1918 770 1952 ut
800 1908 918 1953 sicut
947 1908 1093 1952 homo
1126 1906 1290 1952 dicitur
1321 1908 1463 1962 Deus,
1503 1908 1565 1951 ita
1597 1907 1772 1951 dicatur
1808 1907 2122 1967 omnipotens3
2153 1919 2248 1950 non

286 1975 415 2033 quasi
440 1975 497 2018 sit
519 1975 607 2018 alia
628 1975 963 2035 omnipotentia
982 1975 1200 2029 hominis,
1223 1989 1363 2034 quam
1385 1974 1487 2019 Filii
1508 1975 1611 2029 Dei,
1629 1975 1745 2019 sicut
1762 1989 1847 2019 nec
1871 1974 1959 2019 alia
1981 1973 2146 2029 deitas;
2163 1972 2244 2018 sed

284 2056 340 2086 eo
368 2043 489 2101 quod
516 2053 584 2086 est
608 2057 697 2087 una
723 2057 919 2102 persona
944 2043 1047 2097 Dei,
1082 2052 1126 2086 et
1150 2042 1366 2088 hominis

374 2110 449 2153 An
483 2123 743 2155 SECUNDUM
778 2109 1040 2164 dicendum,
1068 2109 1191 2169 quod
1219 2109 1308 2153 alia
1333 2109 1449 2153 ratio
1478 2119 1545 2153 est
1570 2109 1625 2153 de
1651 2109 1856 2163 scientia,
1882 2118 1928 2153 et
1959 2108 2015 2153 de
2046 2107 2252 2168 potentia

286 2177 457 2231 activa3
484 2177 601 2221 sicut
626 2177 811 2236 quidam
839 2177 1014 2221 dicunt:
1042 2191 1150 2220 nam
1169 2177 1372 2236 potentia
1396 2177 1542 2220 activa
1562 2176 1857 2235 consequitur
1873 2176 2023 2235 ipsam
2038 2185 2250 2223 naturam

284 2244 373 2298 rei;
401 2258 456 2287 eo
483 2244 606 2303 quod
633 2244 753 2288 actio
781 2244 1094 2288 consideratur
1125 2254 1175 2288 ut
1197 2244 1434 2303 egrediens
1461 2244 1514 2288 ab
1543 2253 1731 2303 agente:
1758 2243 1951 2288 scientia
1977 2252 2131 2288 autem
2154 2255 2251 2287 non

287 2324 468 2369 semper
492 2311 683 2355 habetur
708 2325 787 2370 per
811 2311 958 2370 ipsam
986 2311 1231 2355 essentiam
1255 2311 1330 2355 vel
1354 2310 1553 2355 formam
1580 2311 1777 2365 scientis,
1804 2311 1883 2356 sed
1914 2318 2067 2371 potest
2089 2308 2252 2355 haberi

290 2392 369 2437 per
397 2377 773 2422 assimilationem
815 2378 997 2422 scientis
1025 2379 1080 2422 ad
1107 2392 1178 2422 res
1204 2379 1340 2423 scitas
1366 2379 1619 2422 secundum
1646 2378 1965 2423 similitudines
1991 2386 2249 2437 susceptas:

290 2446 369 2489 sed
395 2445 509 2489 haec
537 2445 652 2489 ratio
678 2459 772 2489 non
797 2445 975 2489 videtur
1002 2444 1229 2500 sufficere3
1257 2446 1363 2504 quia
1381 2446 1498 2490 sicut
1514 2446 1676 2505 aliquis
1693 2455 1845 2506 potest
1866 2459 2149 2505 cognoscere
2166 2439 2247 2503 per

287 2512 631 2557 similitudinem
654 2523 913 2572 susceptam
941 2513 993 2556 ab
1023 2513 1129 2566 alio,
1155 2513 1217 2556 ita
1244 2513 1380 2557 etiam
1408 2523 1556 2572 potest
1585 2528 1719 2572 agere
1745 2528 1825 2573 per
1849 2512 2050 2574 formam
2076 2512 2130 2556 ab
2155 2511 2246 2556 alio

288 2589 571 2639 susceptam:
598 2580 713 2624 sicut
740 2594 870 2639 aqua,
896 2579 970 2624 vel
995 2579 1163 2624 ferrum
1188 2579 1394 2624 calefacit
1417 2595 1497 2639 per
1523 2581 1726 2625 calorem
1747 2590 2009 2641 susceptum
2037 2580 2092 2624 ab
2114 2580 2246 2638 igne3

282 2661 377 2691 non
416 2661 526 2706 ergo
554 2661 633 2706 per
656 2647 746 2691 hoc
788 2646 1065 2706 prohibetur,
1107 2647 1229 2706 quin,
1267 2649 1382 2691 sicut
1419 2648 1569 2691 anima
1604 2647 1776 2692 Christi
1815 2661 1895 2707 per
1924 2644 2245 2695 similitudines

285 2715 494 2759 omnium
520 2729 672 2759 rerum
698 2715 783 2758 sibi
810 2729 834 2758 a
852 2715 955 2758 Deo
987 2714 1150 2759 inditas
1177 2725 1326 2773 potest
1352 2716 1507 2759 omnia
1535 2729 1832 2775 cognoscere,
1863 2716 1927 2760 ita
1953 2728 2033 2775 per
2057 2713 2243 2759 easdem

283 2781 602 2827 similitudines
619 2782 761 2841 possit
777 2796 830 2825 ea
848 2781 1018 2835 facere;
1038 2792 1104 2826 est
1125 2782 1261 2858 igitur
1278 2781 1464 2826 ulterius
1488 2782 1887 2837 considerandum,
1910 2781 2032 2843 quod
2053 2778 2100 2826 id
2122 2780 2246 2841 quod

282 2863 309 2893 a
334 2849 556 2908 superiori
578 2859 739 2893 natura
764 2849 810 2892 in
838 2848 1040 2893 inferiori
1065 2849 1293 2908 recipitur,
1320 2850 1511 2894 habetur
1532 2865 1612 2909 per
1633 2850 1896 2895 inferiorem
1923 2849 2130 2903 modum,
2151 2861 2247 2893 non

282 2912 405 2962 enim
434 2917 595 2961 calor'
585 2931 630 2960 m
649 2916 810 2961 eadem
828 2916 1125 2977 perfectione,
1149 2927 1192 2961 et
1214 2918 1377 2962 virtute
1401 2918 1614 2977 recipitur
1632 2919 1685 2962 ab
1709 2932 1841 2978 aqua,
1859 2931 1961 2978 qua
1965 2918 2096 2962 estin
2115 2915 2245 2976 igne3

281 2986 386 3045 quia
411 2985 548 3044 igitur
574 2986 726 3028 anima
754 2984 927 3028 Christi
954 2984 1178 3028 inferioris
1210 2995 1399 3028 naturae
1426 2995 1506 3039 est,
1534 3000 1671 3044 quam
1698 2996 1862 3030 natura
1894 2985 2061 3039 divina,
2093 2982 2249 3029 simili·

279 3053 457 3098 tudines
482 3066 634 3096 rerum
660 3066 754 3095 non
781 3052 1061 3111 recipiuntur
1086 3051 1132 3095 in
1150 3052 1247 3111 ipsa
1275 3052 1427 3095 anima
1451 3052 1623 3097 Christi
1642 3052 1897 3098 secundum
1918 3051 2131 3097 eamdem
2151 3064 2248 3111 per-

278 3119 539 3173 fectionem,
567 3129 612 3163 et
635 3119 865 3173 virtutem,
893 3118 1146 3163 secundum
1180 3133 1317 3178 quam
1350 3129 1454 3164 sunt
1484 3119 1530 3163 in
1563 3129 1723 3163 natura
1756 3120 1932 3164 divina:
1965 3129 2012 3164 et
2040 3117 2157 3164 inde<
2179 3126 2247 3163 est

280 3187 401 3246 quod
428 3186 618 3231 scientia
645 3186 824 3230 animae
853 3185 1026 3230 Christi
1052 3196 1119 3230 est
1141 3185 1328 3230 inferior
1351 3187 1540 3230 scientia
1557 3187 1723 3241 divina,
1741 3196 1962 3246 quantum
1979 3185 2037 3231 ad
2053 3184 2244 3231 modum

280 3254 616 3314 cognoscendi;
649 3254 754 3313 quia
786 3254 914 3298 Deus
945 3253 1186 3313 perfectius
1220 3254 1460 3312 cognoscit
1491 3268 1577 3307 res,
1610 3269 1749 3313 quam
1786 3253 1939 3300 anima
1973 3252 2171 3307 Christi;
2200 3259 2247 3297 et

279 3332 499 3381 quantum
527 3321 665 3366 etiam
694 3321 748 3365 ad
776 3334 1022 3364 numerum
1055 3321 1301 3375 scitorum3
1335 3321 1439 3379 quia
1473 3321 1626 3365 anima
1668 3321 1840 3366 Christi
1873 3335 1970 3367 non
2005 3317 2247 3398 cognoscit

278 3389 449 3444 omnia,
477 3403 592 3448 quae
623 3387 750 3433 Deus
782 3398 931 3447 potest
966 3387 1133 3442 facere,
1160 3402 1275 3447 quae
1312 3397 1467 3432 tamen
1500 3388 1626 3433 Deus
1654 3391 1896 3448 cognoscit
1925 3388 2118 3434 scientia
2140 3386 2246 3432 sim-

278 3456 406 3516 plicis
439 3455 790 3515 intelligentiae
824 3454 932 3500 licet
966 3464 1218 3514 cognoscat
1245 3455 1400 3499 omnia
1428 3456 1697 3515 praesentia,
1724 3455 1981 3515 praeterita,
2007 3464 2052 3501 et
2075 3453 2245 3509 futura,

282 3538 396 3582 quae
415 3524 541 3568 Deus
565 3523 804 3583 cognoscit
825 3522 1013 3567 scientia
1035 3522 1247 3578 visionis;
1276 3532 1320 3566 et
1337 3522 1544 3567 similiter
1557 3522 1874 3568 similitudines
1892 3536 2045 3568 rerum
2062 3521 2244 3567 animae

280 3590 453 3635 Christi
479 3591 647 3635 inditae
674 3604 767 3635 non
803 3589 1059 3649 adaequant
1089 3589 1304 3633 virtutem
1336 3589 1536 3633 divinam
1562 3590 1608 3633 in
1637 3590 1840 3649 agendo;
1866 3599 1916 3635 ut
1940 3588 2116 3635 scilicet
2143 3601 2246 3649 pos·

285 3658 373 3701 sint
409 3658 565 3702 omnia
600 3671 734 3717 agere
771 3671 886 3717 quae
913 3658 1039 3702 Deus
1066 3666 1228 3716 potest,
1253 3655 1328 3701 vel
1355 3657 1491 3701 etiam
1527 3671 1582 3701 eo
1621 3657 1762 3701 modo
1796 3670 1932 3716 agere
1964 3656 2083 3703 sicut
2112 3654 2240 3701 Deus

2324 3372 2350 3577 ὲ

2320 3574 2340 3606 {f
