2352 3926
273 209 383 278 456
825 219 1101 266 QUAEsrio
1140 219 1246 258 mv.
1287 218 1596 259 Alimentus
1635 219 1673 257 1.

270 333 426 368 tamen
451 322 611 367 habuit
636 321 846 366 Christus
867 335 963 365 non
985 320 1136 364 solum
1159 334 1215 364 ex
1241 319 1503 365 conditione
1530 319 1735 379 corporis
1761 319 1966 379 gloriosi,
1986 319 2066 364 sed
2090 320 2230 364 etiam

273 405 327 434 ex
352 391 516 433 virtute
544 389 802 441 divinitatis,
828 402 907 446 per
933 402 1072 446 quam
1103 386 1202 431 fieri
1231 397 1395 446 potest,
1427 397 1477 431 ut
1509 387 1646 430 etiam
1679 386 1873 444 corpora
1903 400 1999 430 non
2030 385 2231 445 gloriosa

274 457 546 501 miraculose
572 470 666 499 non
692 455 954 509 videantur3
981 455 1099 499 sicut
1119 455 1384 513 praestitum
1406 453 1491 497 fuit
1510 454 1645 498 beato
1663 453 2023 498 Bartholomaeo
2042 454 2230 503 miracu-

273 524 385 578 lose,
412 533 460 566 ut
485 524 523 567 si
548 522 699 575 vellet,
725 522 966 579 videretur,
991 536 1087 565 non
1114 532 1266 566 autem
1293 521 1534 574 videretur,
1556 521 1596 564 si
1620 535 1716 564 non
1740 519 1899 564 vellet:
1923 514 2086 565 dicitur
2106 531 2228 581 ergo,

273 591 395 650 quod
419 589 629 634 Christus
657 589 711 632 ab
740 588 884 633 oculis
912 587 1239 648 discipulorum
1271 589 1468 642 evanuit,
1501 602 1596 631 non
1622 588 1728 646 quia
1754 596 2141 646 corrumperetur,
2157 594 2230 631 aut

274 657 576 702 resolveretur
601 657 647 699 in
675 655 826 715 aliqua
852 655 1119 711 invisibilia3
1146 657 1224 700 sed
1253 656 1358 715 quia
1384 670 1465 699 sua
1490 655 1727 699 voluntate
1756 654 1888 699 desiit
1913 654 1967 698 ab
1995 654 2060 698 eis
2075 651 2228 705 videri,

272 724 348 769 vel
374 738 429 768 eo
457 732 709 783 praesente,
735 723 811 767 vel
833 723 971 767 etiam
999 738 1054 767 eo
1083 723 1354 767 abscedente
1379 722 1599 767 velociter
1625 736 1703 781 per
1731 722 1887 765 dotem
1913 719 2136 780 agilitatis.

363 793 439 835 AD
468 804 684 835 TERTIUM
702 790 960 844 dicendum,
984 790 1121 849 quod,
1140 790 1257 834 sicut
1284 790 1554 834 Severianus
1582 789 1689 833 dicit
1701 789 1748 832 in
1780 802 1993 833 sermone
2018 785 2229 832 paschali

276 858 338 916 (id
369 860 462 903 hab.
485 860 572 904 Pet.
599 858 786 917 Chrysol.
813 860 858 902 in
879 874 1000 903 serm.
1028 859 1096 903 82.
1120 858 1173 902 ad
1186 859 1263 917 fin.
1271 857 1313 908 ).·
1345 857 1537 902 «Nemo
1565 867 1692 916 putet
1720 856 1957 900 Christum
1989 869 2067 900 sua
2091 867 2234 898 resur·

275 928 478 971 rectione
505 926 574 970 sui
597 925 747 970 vultus
771 925 969 984 effigiem
995 935 1304 969 commutasse
1322 941 1372 969 »ε
1402 925 1524 983 quod
1551 934 1618 968 est
1642 923 1992 982 intelligendum
2017 930 2233 980 quantum

276 994 331 1038 ad
363 994 643 1038 lineamenta
675 993 1010 1047 membrorum3
1049 993 1156 1051 quia
1190 991 1304 1035 nihil
1339 991 1667 1045 inordinatum,
1701 1000 1745 1035 et
1777 989 1982 1034 deforme
2012 987 2165 1033 fuerat·
2184 987 2232 1031 in

277 1075 470 1120 corpore
498 1061 669 1105 Christi
696 1074 775 1119 per
803 1060 1022 1118 Spiritum
1050 1059 1270 1103 Sanctum
1301 1069 1541 1118 concepto,
1567 1058 1690 1117 quod
1716 1059 1763 1102 in
1789 1057 2117 1102 resurrectione
2135 1068 2231 1100 cor-

276 1128 518 1188 rigendum
545 1138 686 1183 esset;
715 1127 891 1186 accepit
906 1137 1061 1170 tamen
1078 1129 1124 1170 in
1143 1126 1473 1170 resurrectione
1493 1125 1689 1184 gloriam
1713 1124 1953 1179 claritatis;
1973 1121 2090 1167 unde
2106 1121 2231 1166 idem

278 1197 446 1240 ibidem
464 1196 635 1240 subdit:
665 1212 690 1237 «
709 1195 800 1239 Sed
827 1205 1028 1239 mutatur
1046 1193 1233 1252 effigies,
1251 1194 1361 1237 dum
1379 1192 1570 1237 efficitur
1588 1206 1640 1236 ex
1657 1191 1842 1236 mortali
1865 1188 2136 1235 immortalis
2154 1204 2166 1244 ;
2188 1197 2235 1231 ut

278 1264 370 1308 hoc
397 1264 452 1307 sit
478 1263 771 1322 acquisivisse
796 1261 947 1306 vultus
971 1261 1182 1320 gloriam,
1200 1274 1294 1304 non
1319 1259 1470 1304 vultus
1492 1259 1791 1303 substantiam
1816 1257 2062 1318 perdidisse
2077 1273 2101 1299 ³³
2117 1271 2129 1310 ;
2148 1269 2235 1300 nec

278 1342 433 1376 tamen
459 1329 548 1374 illis
581 1329 813 1388 discipulis
838 1329 884 1372 in
911 1328 1063 1387 specie
1096 1327 1297 1386 gloriosa
1331 1327 1560 1385 apparuit:
1586 1326 1665 1370 sed
1692 1325 1810 1370 sicut
1834 1325 1880 1368 in
1902 1333 2125 1384 potestate
2142 1323 2239 1382 ejus

279 1408 389 1452 erat,
415 1408 464 1442 ut
491 1411 656 1456 corpus
679 1411 814 1440 suum
839 1395 1079 1448 videretur,
1106 1394 1181 1438 vel
1207 1409 1301 1438 non
1323 1394 1577 1447 videretur3
1603 1393 1667 1436 ita
1691 1393 1739 1435 in
1764 1401 1988 1450 potestate
2014 1391 2112 1449 ejus
2129 1399 2238 1443 erat,

279 1476 328 1510 ut
353 1480 407 1510 ex
434 1466 528 1523 ejus
556 1474 742 1524 aspectu
784 1462 1059 1507 formaretur
1084 1463 1130 1505 in
1159 1461 1304 1506 oculis
1335 1461 1609 1505 intuentium
1635 1459 1710 1504 vel
1739 1459 1890 1503 forma
1921 1457 2136 1518 gloriosa,
2166 1455 2241 1500 vel

280 1547 375 1578 non
402 1532 621 1591 gloriosa,
656 1541 733 1575 aut
765 1531 903 1575 etiam
937 1530 1201 1582 commixta,
1233 1528 1308 1572 vel
1339 1527 1715 1587 qualitercunque
1747 1541 1795 1571 se
1826 1526 2022 1570 habens:
2055 1523 2241 1569 modica

279 1611 434 1645 tamen
444 1599 696 1644 differentia
713 1597 878 1643 sufficit
895 1598 950 1642 ad
967 1598 1073 1651 hoc,
1087 1597 1209 1656 quod
1223 1595 1384 1655 aliquis
1396 1595 1539 1640 videat
1553 1609 1604 1638 ur
1616 1595 1664 1638 in
1677 1593 1827 1638 aliena
1843 1591 1992 1653 effigie
2009 1605 2240 1652 apparere.

1000 1773 1435 1831 ARTICULUS
1477 1774 1549 1828 II.
2105 1834 2109 1835 ⁷
2137 1801 2242 1849 „1299

519 1911 712 1950 UTRUM
753 1910 972 1949 CHRISTI
1015 1910 1225 1948 CORPUS
1267 1909 1673 1948 RESURREXERIT
1714 1909 2019 1949 INTEGRUM.

1007 2021 1152 2079 (Locis
1181 2028 1270 2079 sup.
1302 2020 1519 2079 inductis).

373 2135 449 2179 AD
476 2147 739 2179 SECUNDUM
775 2133 839 2178 sic
872 2133 1145 2191 proceditur.
1178 2133 1384 2187 Videtur,
1416 2133 1538 2192 quod
1572 2147 1736 2192 corpus
1771 2132 1944 2177 Christi
1975 2146 2070 2178 non
2103 2146 2249 2178 resur-

284 2201 447 2246 rexerit
471 2201 725 2260 integrum:
752 2210 856 2245 sunt
882 2201 1005 2244 enim
1032 2200 1086 2244 de
1104 2201 1362 2259 integritate
1379 2200 1573 2244 humani
1595 2200 1800 2259 corporis
1823 2214 1945 2255 caro,
1969 2211 2014 2245 et
2035 2199 2250 2259 sanguis3·

287 2283 403 2328 quae
431 2268 641 2312 Christus
667 2282 761 2311 non
787 2267 964 2312 videtur
995 2267 1227 2311 habuisse:
1257 2268 1420 2311 dicitur
1447 2267 1568 2311 enim
1603 2283 1637 2312 1.
1672 2267 1727 2310 ad
1755 2267 1967 2312 Corinth.
1999 2279 2090 2325 15.:
2115 2266 2248 2323 Caro,

286 2342 325 2381 et
349 2329 514 2393 sdnguis
531 2349 703 2393 regnum
714 2336 799 2379 Dei
819 2350 902 2379 non
913 2335 1200 2394 possidebunt:
1225 2334 1435 2378 Christus
1454 2344 1608 2378 autem
1628 2335 1871 2379 resurrexit
1885 2335 1934 2379 in
1950 2334 2100 2394 gloria
2115 2334 2247 2395 regni

287 2403 399 2458 Dei;
426 2402 603 2446 videtur
629 2416 754 2460 ergo,
782 2403 906 2461 quod
931 2417 1025 2446 non
1051 2402 1260 2446 habuerit
1286 2416 1486 2456 carnem,
1514 2412 1559 2445 et
1580 2403 1865 2461 sanguinem.

377 2482 418 2514 2.
445 2469 742 2514 PRAETEREA.
772 2469 968 2528 Sanguis
996 2479 1064 2513 est
1089 2483 1204 2514 unus
1233 2470 1287 2513 de
1315 2478 1509 2527 quatuor
1524 2469 1818 2524 humoribus3
1845 2469 1883 2514 si
1904 2483 2016 2528 ergo
2038 2469 2248 2514 Christus

285 2536 444 2581 habuit
457 2535 1036 2594 sanguinem,pariratione
1058 2536 1216 2580 habuit
1234 2545 1278 2580 et
1290 2535 1404 2579 alios
1422 2535 1656 2591 humores,
1669 2550 1723 2580 ex
1740 2536 1901 2596 quibus
1920 2546 2132 2582 causatur
2152 2549 2250 2581 cor·
2292 2534 2295 2538 ’

287 2603 438 2663 ruptio
465 2603 512 2646 in
541 2602 806 2660 corporibus
839 2602 1131 2657 animalium3
1164 2603 1227 2646 sic
1263 2615 1373 2660 ergo
1412 2612 1689 2660 sequeretur,
1721 2602 1845 2661 quod
1878 2617 2044 2663 corpus
2077 2603 2250 2649 Christi

286 2671 422 2716 fuerit
443 2669 751 2729 corruptibile,
769 2670 892 2728 quod
911 2681 979 2714 est
995 2670 1348 2724 inconveniens;
1375 2683 1469 2713 non
1486 2669 1624 2727 igitur
1642 2670 1852 2715 Christus
1874 2670 2033 2716 habuit
2049 2684 2250 2727 carnem,

289 2748 334 2783 et
357 2737 643 2796 sanguinem.

337 2847 340 2850 Α
383 2819 420 2864 3.
447 2804 745 2849 PRAETEREA.
775 2805 955 2861 Corpus
986 2804 1172 2857 Christi,
1199 2804 1321 2863 quod
1349 2804 1604 2858 resurrexit,
1631 2805 1678 2848 in
1706 2804 1888 2849 coelum
1916 2805 2141 2851 ascendit:
2169 2805 2248 2851 sed

291 2871 460 2931 aliquid
488 2871 543 2915 de
570 2871 791 2930 sanguine
816 2872 911 2928 ejus
937 2872 982 2914 in
998 2872 1269 2930 quibusdam
1295 2871 1511 2915 Ecclesiis
1539 2883 1795 2917 reservatur
1811 2887 1893 2932 pro
1912 2872 2136 2934 reliquiis;
2153 2887 2248 2918 non

291 2952 401 2998 ergo
429 2938 673 2983 resurrexit
699 2952 863 2997 corpus
892 2938 1063 2982 Christi
1090 2953 1195 2982 cum
1220 2938 1477 2997 integritate
1505 2940 1714 2983 omnium
1740 2954 1926 2984 suarum
1951 2939 2160 3000 partium.

383 3006 477 3050 SED
505 3018 701 3051 CONTRA
729 3016 809 3059 est,
837 3005 959 3064 quod
985 3006 1216 3050 Dominus
1243 3006 1351 3049 dicit
1377 3006 1529 3050 Lucae
1558 3006 1634 3052 ult.
1662 3018 1766 3066 post
1791 3009 2169 3053 resurrectionem
2189 3008 2252 3053 di-

291 3072 475 3132 scipulis
502 3070 718 3132 loquens:
750 3073 932 3132 Spiritus
958 3088 1138 3126 car-nam,
1167 3080 1205 3117 et
1230 3088 1315 3117 ossa
1348 3088 1431 3117 non
1464 3075 1595 3127 habet,
1621 3076 1725 3119 sicut
1745 3090 1808 3120 me
1838 3075 1985 3121 videtis
2009 3076 2171 3120 habero.

382 3140 670 3185 RESPONm-:o
699 3139 957 3193 dicendum,
984 3139 1120 3198 quod,
1148 3140 1264 3184 sicut
1289 3155 1422 3199 supra
1450 3141 1621 3185 dictum
1649 3152 1716 3186 est
1741 3143 1844 3200 (art.
1869 3143 2052 3202 praec),
2086 3155 2252 3203 corpus

294 3207 467 3251 Christi
491 3208 537 3251 in
564 3207 894 3251 resurrectione
920 3206 1004 3251 fuit
1025 3206 1229 3264 ejusdem
1247 3218 1449 3261 naturae,
1473 3209 1550 3252 sed
1571 3208 1752 3253 alterius
1770 3208 1968 3267 gloriae3
1989 3209 2108 3254 unde
2131 3208 2255 3269 quid-

293 3274 398 3333 quid
427 3274 482 3318 ad
508 3285 717 3318 naturam
747 3274 949 3333 corporis
975 3273 1166 3317 humani
1192 3275 1397 3333 pertinet,
1420 3285 1568 3327 totum
1595 3275 1678 3320 fuit
1703 3276 1748 3319 in
1777 3289 1968 3336 corpore
1995 3275 2167 3322 Christi
2189 3288 2255 3322 re·

295 3342 533 3400 surgentis.
560 3341 854 3386 Manifestum
882 3352 949 3386 est
975 3351 1126 3385 autem
1147 3341 1268 3399 quod
1293 3342 1346 3385 ad
1370 3352 1579 3386 naturam
1599 3343 1802 3402 corporis
1819 3343 2011 3388 humani
2031 3343 2255 3403 pertinent

294 3423 467 3463 carnes,
495 3418 538 3453 et
565 3423 683 3462 ossa,
711 3418 755 3453 et
779 3408 980 3467 sanguis,
1007 3418 1051 3453 et
1078 3407 1165 3451 alia
1192 3409 1475 3465 hujusmodi;
1502 3419 1544 3453 et
1570 3410 1673 3453 ideo
1702 3410 1858 3454 omnia
1883 3411 1968 3455 ista
1992 3410 2040 3455 in
2062 3423 2254 3470 corpore

298 3476 469 3520 Christi
494 3476 768 3535 resurgentis
794 3475 988 3529 fuerunt,
1016 3485 1060 3520 et
1086 3475 1223 3519 etiam
1257 3475 1534 3533 integraliter
1567 3478 1734 3536 absque
1767 3477 1896 3521 omni
1927 3477 2252 3522 diminutione:

297 3542 501 3602 alioquin
527 3558 621 3588 non
647 3542 804 3588 fuisset
830 3542 1026 3602 perfecta
1053 3543 1336 3595 resurrectio,
1369 3543 1407 3586 si
1437 3558 1531 3587 non
1564 3542 1719 3588 fuisset
1751 3542 2256 3604 redintegratumquid-

295 3610 402 3668 quid
429 3625 508 3670 per
534 3621 732 3656 mortem
758 3609 1010 3665 ceciderat;
1036 3609 1154 3654 unde
1181 3618 1224 3655 et
1250 3609 1479 3655 Dominus
1505 3610 1711 3656 fidelibus
1733 3611 1825 3657 suis
1847 3611 2084 3671 promittit,
2098 3610 2254 3657 dicens

2331 3368 2347 3418 «ἓν
2328 3195 2352 3357 &33:225‘02422
2342 3150 2345 3152 .
2334 3117 2352 3134 ¹.
2345 3049 2346 3052 „
2343 2977 2352 3034 ..,.
