2352 3926
279 235 343 288 14

272 344 301 376 5.
328 332 450 367 Utrum
474 343 533 377 per
555 332 623 365 hoc
646 337 896 364 sacramentum
919 331 1112 362 remittatur
1133 338 1208 363 tota

380 395 492 429 poena
508 385 652 428 peccati.

267 437 298 469 6.
325 435 447 470 Utrum
472 436 538 468 hoc
555 441 803 467 sacramentum
819 441 1013 478 praeservet
1029 433 1205 466 hominem

379 499 398 520 a
414 487 564 532 peccatis
580 486 715 518 futuris.

266 550 299 583 7.
326 538 446 572 Utrum
478 539 545 571 hoc
572 544 821 571 sacramentum
846 537 957 581 prosit
978 536 1070 579 aliis,
1103 548 1204 582 quam

377 590 602 623 sumentibus.
1058 627 1061 629 ι

265 643 298 675 8.
324 641 445 676 Utrum
472 652 532 686 per
561 648 739 685 peccatum
767 640 901 674 veniale
925 641 1131 686 impediatur
1152 641 1202 673 ef·

375 693 486 726 fectus
504 693 603 736 hujus
620 694 838 726 sacramenti.

529 818 770 858 QUAESTIO
793 819 940 853 LXXX.

352 899 402 933 De
424 909 490 940 usu,
514 900 578 932 sive
600 900 774 946 sumptione
798 900 888 946 hujus
911 899 1109 934 Sacramenti

617 963 651 984 m
675 963 844 986 commum.

286 1043 316 1067 1.
344 1032 466 1067 Utrum
478 1034 548 1067 sint
563 1034 632 1067 duo
649 1035 744 1067 modi
760 1034 988 1067 manducandi
1001 1034 1069 1068 hoc
1086 1046 1198 1069 sacra-

393 1094 561 1127 mentum,
578 1085 712 1119 scilicet
729 1086 1034 1128 sacramentaliter,
1053 1096 1086 1120 et
1103 1089 1199 1132 spiri-

393 1137 543 1171 tualiter.

282 1199 315 1221 2.
340 1188 462 1222 Utrum
479 1189 547 1222 soli
562 1190 695 1222 homini
711 1191 895 1224 conveniat
911 1191 1114 1226 manducare
1132 1193 1198 1236 spi-

392 1241 559 1274 ritualiter
575 1241 642 1274 hoc
659 1250 919 1275 sacramentum.

283 1303 311 1334 3.
340 1292 462 1325 Utrum
477 1293 587 1326 solius
603 1294 754 1326 hominis
767 1294 851 1338 justi
864 1295 908 1327 sit
921 1295 1126 1328 manducare
1143 1306 1196 1328 sa-

393 1344 654 1378 cramentaliter.

279 1407 310 1438 4.
338 1395 460 1429 Utrum
490 1405 654 1441 peccator
677 1398 886 1431 manducans
904 1399 1198 1433 sacramentaliter

388 1458 521 1493 peccet.

281 1511 310 1543 5.
337 1500 460 1534 Utrum
484 1501 552 1535 hoc
576 1502 621 1534 sit
644 1503 883 1547 gravissimum
897 1503 1052 1536 omnium
1077 1514 1195 1548 pecca-

388 1560 516 1586 torum.

270 1604 302 1637 6.
330 1603 453 1637 Utrum
481 1614 645 1649 peccator
666 1607 835 1640 accedens
849 1607 892 1640 ad
907 1607 975 1640 hoc
1002 1618 1194 1641 sacramen-

386 1665 458 1690 tum
475 1658 521 1690 sit
536 1658 766 1703 repellendus.

277 1718 309 1751 7.
336 1707 458 1741 Utrum
481 1718 650 1743 nocturna
672 1710 822 1755 pollutio
838 1711 1002 1756 impediat
1018 1712 1195 1746 hominem

388 1772 407 1793 a
425 1763 620 1806 sumptione
637 1762 738 1806 hujus
755 1763 972 1796 sacramenti.

276 1812 309 1845 8.
334 1811 456 1845 Utrum
481 1814 527 1846 sit
543 1813 656 1847 solum
673 1825 692 1847 a
705 1815 831 1859 jejunis
848 1815 1066 1849 sumendum.

274 1874 306 1907 9.
333 1864 456 1897 Utrum
471 1866 515 1898 sit
524 1867 756 1911 recipiendum
767 1878 867 1900 anon
878 1867 1085 1901 habentibus
1094 1879 1194 1902 usum

385 1919 540 1951 rationis.

257 1978 309 2002 xo.
334 1967 457 2001 Utrum
482 1970 526 2002 sit
543 1970 697 2014 quotidie
713 1970 930 2004 sumendum.

257 2030 309 2053 11.
334 2020 457 2053 Utrum
481 2020 584 2054 liceat
601 2022 745 2055 omnino
762 2022 948 2055 abstinere.

257 2082 309 2106 υ.
333 2070 457 2106 Utrum
469 2072 573 2106 liceat
584 2074 759 2118 percipere
777 2085 902 2118 corpus
918 2075 993 2107 sine
1010 2075 1191 2120 sanguine.

506 2195 748 2236 QUAESTIO
772 2197 938 2233 LXXXI.

626 2278 677 2312 De
707 2279 813 2321 modo,

370 2340 431 2374 quo
457 2327 600 2363 Chri-trus
619 2341 690 2363 mus
712 2337 757 2365 est
777 2332 836 2367 ino
860 2332 1075 2368 Sacramenta.

254 2413 282 2437 1.
309 2402 431 2437 Utrum
455 2404 528 2448 ipse
553 2403 712 2438 Christus
737 2407 921 2451 sumpserit
937 2418 1062 2453 corpus
1078 2418 1191 2450 suum,

360 2463 395 2488 et
411 2457 627 2500 sanguinem.

250 2517 279 2541 2.
307 2506 430 2541 Utrum
448 2508 580 2542 dederit
595 2519 636 2542 ea
646 2509 768 2555 Judae.

250 2569 282 2602 3.
308 2558 431 2592 Utrum
456 2560 600 2602 dederit,
625 2567 661 2593 et
683 2563 906 2607 assumpserit
934 2573 1058 2608 corpus
1082 2565 1191 2609 passi-

360 2611 442 2653 bile,
461 2611 517 2646 vel
535 2613 758 2657 impassibile.

247 2673 281 2705 4.
307 2662 497 2702 Quomodo
522 2674 558 2696 se
582 2664 760 2698 habuisset
782 2665 940 2699 Christus
964 2667 1027 2700 sub
1046 2667 1113 2700 hoc
1137 2679 1190 2701 sa-

359 2723 550 2756 cramento,
569 2718 598 2749 si
616 2716 739 2750 fuisset
756 2718 792 2750 in
808 2718 924 2751 triduo
943 2720 1065 2752 mortis
1080 2729 1190 2753 reser-
1202 2755 1210 2763 .
1242 2729 1243 2732 ’

357 2774 487 2808 vntum,
504 2775 563 2801 aut
579 2776 832 2803 consecratum.

494 2890 736 2931 QUAESTIO
758 2890 944 2927 LXXXII.

370 2957 373 2960 Ι
427 2971 478 3006 Da
501 2972 662 3006 Minimas
683 2972 773 3018 bulas
797 2971 1007 3007 Sacrammss.

270 3058 301 3083 ι.
327 3047 450 3083 Utrum
467 3057 669 3082 consecrare
685 3046 755 3082 hoc
771 3055 1024 3082 sacramentum
1040 3048 1084 3082 sit
1107 3059 1188 3093 pro-

376 3100 486 3145 prium
503 3099 705 3133 sacerdotis.

266 3162 299 3186 s.
324 3150 447 3186 Utrum
470 3150 585 3197 plures
608 3150 806 3185 sacerdotes
822 3150 925 3185 simul
944 3152 1079 3197 possint
1095 3162 1187 3186 eam·

377 3203 453 3236 dem
471 3202 620 3237 hostiam
638 3213 853 3238 consecrare.

268 3266 297 3299 3.
324 3254 447 3289 Utrum
459 3254 671 3299 dispensatio
684 3254 785 3300 hujus
797 3255 1000 3288 sacramenti
1018 3256 1186 3300 pertineat

374 3306 417 3339 ad
433 3306 546 3340 solum
564 3306 791 3340 sacerdotem.

263 3369 297 3400 4.
323 3356 445 3392 Utrum
470 3356 573 3392 liceat
595 3358 766 3391 sacerdoti
795 3359 1013 3392 consecranti
1045 3370 1065 3392 a
1089 3369 1184 3392 com-

374 3410 539 3443 munione
556 3410 740 3446 abstinere.

267 3470 297 3504 ς.
323 3460 444 3495 Utrum
458 3462 619 3496 sacerdos
632 3470 795 3507 peccator
807 3462 919 3507 possit
932 3462 1103 3496 conficere
1116 3461 1183 3496 boc

375 3521 636 3547 sacramentum.

264 3564 297 3598 6.
324 3563 445 3598 Utrum
470 3564 574 3598 Missa
598 3565 679 3599 mali
703 3565 894 3599 sacerdotis
921 3566 1034 3598 minus
1057 3564 1182 3606 valeat,

374 3626 474 3661 quam
492 3616 586 3650 boni.

888 230 1057 268 INDEX
1097 228 1332 268 TERTIAE
1373 229 1581 268 PARTIS.

1298 340 1332 374 7.
1357 329 1481 364 Utrum
1505 330 1685 374 haeretici,
1703 339 1739 364 et
1758 331 1987 376 schismatici,
1997 335 2072 371 vel
2069 345 2222 375 uuum-

1409 383 1577 415 municati
1598 382 1736 427 possint
1761 383 1932 418 conficere
1945 385 2014 420 hoc
2028 396 2223 423 sacramen-

1409 442 1496 467 tum.

1295 486 1327 518 8.
1355 484 1478 518 Utrum
1503 486 1691 530 degradati.

1294 547 1328 579 9.
1354 536 1478 570 Utrum
1500 545 1648 582 peccent
1669 549 1691 571 a
1711 536 1840 572 talibus
1863 539 2223 582 commum·

1408 589 1589 633 CIPienteS.

1275 650 1326 673 10.
1353 640 1477 674 Utrum
1491 640 1595 674 liceat
1608 642 1784 676 sacerdoti
1797 644 1944 678 omnino
1955 655 1978 678 a
1986 644 2223 686 εώὺιαίοιε

1408 703 1555 726 cessare.

1442 817 1743 859 QUAEsTm
1781 812 2048 859 Lxxxtn.

1500 900 1551 934 De
1573 902 1639 934 rim
1662 901 1989 946 injussum-menti.
2030 921 2032 923 >
2088 876 2101 881 Ἰ

1273 986 1301 1008 1.
1328 975 1474 1008 Utrum
1465 988 1500 1009 m
1519 975 1754 1010 celebratione
1769 976 1871 1022 hujus
1887 978 2045 1027 mysterii
2058 974 2219 1032 Christus

1379 1027 1589 1061 immoletur.

1269 1090 1300 1113 2.
1326 1080 1378 1112 De
1395 1088 1550 1125 tempore
1569 1079 1828 1115 celebrationis.

1269 1143 1298 1175 3.
1325 1132 1377 1164 De
1394 1131 1490 1174 loco,
1507 1141 1542 1165 et
1557 1133 1648 1174 aliis,
1666 1144 1752 1177 quae
1769 1134 1943 1179 pertinent
1959 1134 2003 1168 ad
2018 1142 2217 1180 apparatum

1378 1184 1480 1228 hujus
1499 1185 1756 1218 celebrationis.

1265 1246 1299 1278 4.
1325 1236 1377 1268 De
1402 1236 1469 1277 his,
1495 1247 1581 1281 quae
1606 1237 1641 1269 in
1670 1237 1903 1271 celebratione
1931 1237 2034 1284 hujus
2061 1240 2219 1284 mysterii

1377 1288 1548 1322 dicuntur.

1268 1349 1298 1382 5.
1324 1341 1376 1373 De
1392 1341 1460 1381 his,
1478 1352 1564 1386 quae
1589 1342 1680 1375 circa
1701 1341 1954 1377 celebrationes
1970 1342 2074 1388 hujus
2089 1350 2217 1389 myste-

1376 1394 1417 1425 rii
1434 1393 1531 1426 fiunt.

1265 1444 1297 1478 6.
1322 1444 1375 1477 De
1392 1445 1599 1486 defectibus,
1624 1447 1681 1491 qui
1708 1447 1800 1479 circa
1823 1445 2096 1485 celebrationem
2109 1444 2216 1494 huius

1376 1498 1531 1541 mysterii
1547 1499 1826 1533 committuntur.

1508 1622 1751 1663 QUAESTIO
1775 1618 1975 1658 LXXXIV.
2022 1592 2026 1599 Ι

1472 1703 1523 1738 De
1544 1710 1741 1739 sacramento
1765 1704 1996 1742 Paenitentia.

1312 1806 1319 1813 .
1346 1779 1471 1814 Utrum
1494 1780 1712 1824 poenitentia
1728 1780 1774 1813 sit
1789 1786 2056 1816 sacramentnm.

1344 1832 1397 1864 De
1413 1832 1558 1864 materia
1573 1831 1675 1875 hujus
1692 1832 1915 1866 sacramenti.

1310 1909 1318 1917 .
1343 1883 1396 1916 De
1412 1883 1525 1916 forma
1540 1883 1661 1928 ipsius.

1343 1935 1467 1969 Utrum
1491 1936 1671 1979 impositio
1693 1946 1816 1969 manus
1842 1937 2037 1982 requiratur
2065 1937 2111 1972 ad
2139 1937 2212 1973 hoc

1398 1995 1663 2021 sacramentum.

1341 2039 1467 2073 Utrum
1488 2039 1556 2072 hoc
1574 2048 1825 2074 sacramentum
1853 2041 1899 2075 sit
1926 2041 1969 2075 de
1995 2042 2209 2082 necessitate

1401 2090 1535 2124 salutis.

1284 1790 1318 1979 ..ῥωξδκ

1308 2168 1316 2176 .
1342 2143 1394 2176 De
1411 2143 1532 2176 ordine
1549 2145 1623 2188 ejus
1640 2144 1683 2177 ad
1697 2143 1766 2178 alia
1780 2153 2007 2185 sacramenta.

1308 2219 1317 2228 .
1342 2194 1395 2227 De
1411 2195 1634 2229 institutione
1651 2197 1739 2241 ejus.

1308 2272 1316 2280 .
1342 2246 1395 2279 De
1413 2247 1595 2280 duratione
1610 2249 1732 2293 ipsius.

1308 2323 1316 2331 .
1343 2298 1395 2331 De
1413 2299 1678 2333 continuatione
1695 2300 1782 2344 ejus.

1341 2349 1465 2384 Utrum
1491 2351 1604 2396 possit
1618 2352 1747 2385 iterari.

1282 2143 1315 2386 ρκοοοκιω
1286 2049 1317 2082 »9

1503 2474 1746 2514 QUAESTIO
1779 2476 1961 2513 LXXXV.

1342 2556 1392 2589 De
1415 2555 1625 2597 Poenioentia,
1649 2557 1817 2591 secandum
1841 2558 1925 2604 qaod
1947 2566 1992 2593 est
2013 2561 2126 2596 virtus.

1284 2656 1290 2663 .
1317 2630 1439 2663 Utrum
1464 2631 1679 2675 poenitentia
1694 2633 1740 2664 sit
1755 2633 1877 2667 virtus.

1284 2708 1291 2715 .
1318 2682 1441 2715 Utrum
1458 2683 1503 2715 sit
1519 2684 1628 2716 virtus
1645 2684 1820 2728 specialis.

1317 2733 1387 2767 Sub
1411 2745 1477 2778 qua
1501 2736 1615 2778 specie
1639 2736 1776 2769 virtutis
1801 2737 2033 2783 contineatur.

1316 2785 1367 2818 De
1383 2786 1539 2830 subjecto
1558 2787 1644 2830 ejus.

1281 2862 1290 2871 .
1315 2837 1368 2870 De
1386 2848 1489 2871 causa
1505 2839 1592 2881 ejus.

1282 2914 1289 2922 .
1317 2889 1369 2922 De
1386 2890 1507 2923 ordine
1524 2890 1598 2934 ejus
1614 2890 1657 2923 ad
1672 2890 1760 2924 alias
1774 2891 1934 2927 virtutes.

1257 2641 1290 2922 oxma-*spu*

1492 2962 1736 3032 QUAESTIO
1763 2993 1964 3031 Lxxxvl.

1514 3072 1564 3107 De
1580 3074 1690 3120 effectu
1705 3073 1938 3115 Paenitentia.

1259 3158 1288 3183 ι.
1307 3147 1428 3181 Utrum
1446 3148 1565 3182 omnia
1586 3157 1729 3194 peccata
1750 3149 1913 3187 mortalia
1934 3162 1996 3198 par
2016 3154 2204 3199 poeniten·

1364 3201 1447 3233 tiam
1464 3199 1674 3235 auferantur.

1255 3262 1287 3285 2.
1306 3251 1429 3286 Utrum
1452 3253 1588 3298 possint
1603 3253 1680 3287 sine
1694 3254 1913 3299 poenitentia
1928 3255 2021 3293 tom.

1255 3315 1287 3347 3.
1307 3303 1428 3337 Utrum
1445 3305 1556 3349 possit
1573 3315 1679 3338 unum
1692 3313 1873 3350 peccatum
1884 3308 2016 3343 remitti
2027 3309 2104 3349 sine
2116 3308 2200 3344 alio.

1253 3367 1286 3398 4.
1304 3355 1428 3389 Utrum
1444 3356 1659 3400 poenitentia
1683 3357 1815 3392 auferat
1834 3358 1985 3405 culpam,
2002 3369 2204 3403 remansae

1364 3415 1472 3441 rentu.

1256 3469 1284 3502 5.
1303 3459 1425 3493 Utrum
1450 3468 1649 3493 remaneant
1667 3460 1833 3506 reliquiae
1848 3471 2088 3509 peccatorum,

1253 3513 1284 3544 6.
1303 3511 1425 3545 Utrum
1449 3511 1582 3544 auferre
1600 3521 1781 3557 peccatum
1797 3514 1843 3547 sit
1858 3514 2005 3553 effectus
2016 3514 2200 3563 psalten·

1362 3564 1443 3604 tiae,
1469 3564 1669 3608 inquantum
1694 3573 1747 3598 est
1771 3566 1892 3609 virtus,
1916 3565 1973 3602 vel
1995 3568 2199 3615 inquantum

1364 3622 1418 3649 est
1433 3623 1698 3650 sacramentum.
