2352 3926
269 212 339 267 82
819 209 1098 271 Quansno
1137 222 1232 263 vu.
1271 221 1579 264 armemus
1618 222 1654 262 1.

988 460 1421 520 ARTICULUS
1462 462 1505 517 1.
2166 487 2221 537 43

324 615 517 654 UTRUM
550 614 605 652 IN
637 613 811 653 ANIMA
844 612 1063 653 CHRISTI
1093 613 1290 652 FUERIT
1330 612 1541 658 ALIQUA
1581 611 1784 652 GRATIA
1816 599 2164 657 HABITUALIS',

447 741 499 798 (3.
526 739 638 784 Dist.
660 754 715 799 13.
739 752 777 798 q.
803 753 838 784 r.
866 745 949 784 art.
974 754 1010 784 Ι.
1038 745 1075 783 et
1107 739 1217 785 Veri.
1235 753 1272 797 q.
1299 751 1362 797 27.
1386 744 1467 782 art.
1494 752 1529 782 1.
1552 742 1589 781 et
1614 744 1749 796 opusc.
1775 750 1815 781 2.
1843 741 1938 795 cap.
1961 749 2046 793 213.

1012 812 1050 851 et
1070 806 1194 863 Joan.
1216 821 1253 865 3.
1281 806 1370 850 lect.
1399 805 1478 862 6.).

358 933 435 978 An
460 946 649 978 PRIMUM
675 933 738 977 sic
761 932 1032 992 proceditur.
1052 931 1256 985 Videtur,
1275 931 1398 990 quod
1415 931 1461 974 in
1480 930 1632 975 anima
1650 938 1882 988 assumpta
1908 944 1934 974 a
1958 929 2115 975 Verbo
2129 943 2226 975 non

268 1000 402 1044 fuerit
428 1001 571 1059 gratia
597 999 860 1044 habitualis:
888 1000 1032 1059 gratia
1070 1000 1192 1043 enim
1226 1008 1293 1043 est
1325 998 1549 1057 quaedam
1586 997 1873 1056 participatio
1909 997 2154 1042 divinitatis
2178 997 2226 1042 in

270 1077 475 1111 creatura
500 1066 726 1121 rationali,
753 1067 1004 1111 secundum
1026 1065 1138 1110 illud
1166 1079 1205 1109 2.
1233 1066 1379 1109 Pretri
1411 1078 1472 1109 1.:
1505 1065 1587 1109 Per
1612 1079 1731 1122 quem
1756 1065 1961 1119 maxima,
1987 1070 2024 1110 et
2043 1066 2227 1125 pretiosa

265 1136 470 1194 promissa
499 1135 616 1178 nobis
640 1134 826 1187 donavit,
855 1141 902 1179 ut
927 1134 1095 1177 divinae
1120 1134 1246 1177 simus
1272 1138 1474 1176 consortes
1505 1138 1709 1176 naturae:
1739 1130 1949 1176 Christus
1975 1141 2129 1176 autem
2155 1141 2225 1177 est

268 1201 393 1246 Deus
419 1215 512 1245 non
538 1201 863 1260 participative,
889 1200 967 1244 sed
994 1200 1248 1245 secundum
1268 1199 1532 1253 veritatem3
1561 1212 1671 1258 ergo
1697 1198 1745 1242 in
1771 1212 1828 1243 eo
1853 1211 1950 1243 non
1970 1197 2055 1244 fuit
2079 1198 2223 1258 gratia

269 1267 525 1312 habitualis.
1959 1303 1964 1307 .

359 1348 398 1379 2.
426 1335 722 1380 PRAETEREA.
744 1335 902 1379 Gratia
929 1334 984 1378 ad
1001 1334 1092 1378 hoc
1119 1343 1188 1378 est
1213 1334 1472 1378 necessaria
1492 1332 1686 1386 homini,
1712 1342 1762 1377 ut
1776 1347 1857 1392 per
1874 1347 1978 1378 eam
1992 1333 2108 1378 bene
2125 1347 2230 1394 ope·

271 1413 405 1457 retur,
431 1403 679 1447 secundum
707 1401 818 1446 illud
850 1416 886 1448 1.
914 1402 1023 1446 Cor.
1052 1414 1142 1459 15.:
1171 1401 1466 1446 Abundantius
1491 1402 1683 1444 omnibus
1714 1400 1926 1457 laboravi,
1953 1415 2037 1446 non
2061 1415 2131 1460 ego
2153 1415 2230 1446 au-

272 1477 365 1524 tem,
392 1469 457 1514 sed
479 1471 621 1528 gratia
647 1471 730 1514 Dei
755 1484 943 1521 mecum,·
972 1479 1016 1513 et
1048 1470 1185 1513 etiam
1219 1469 1274 1511 ad
1306 1469 1396 1513 hoc
1421 1467 1543 1528 quod
1575 1467 1721 1512 homo
1755 1477 2058 1527 consequatur
2087 1470 2231 1531 vitam

271 1547 518 1591 aeternam,
546 1537 797 1580 secundum
823 1535 935 1580 illud
961 1535 1097 1580 Rom.
1125 1533 1190 1579 6.:
1223 1536 1378 1580 Gratia
1404 1536 1488 1580 Dei
1512 1537 1606 1580 vita
1631 1541 1827 1580 aeterna:
1855 1534 1935 1580 sed
1961 1534 2149 1581 Christo
2174 1550 2230 1580 ex

269 1605 360 1648 hoc
386 1603 487 1648 solo
515 1604 636 1662 quod
660 1613 754 1647 erat
778 1603 994 1647 naturalis
1027 1603 1144 1646 filius
1171 1603 1274 1656 Dei,
1302 1603 1547 1646 debebatur
1569 1601 1824 1646 haereditas
1846 1603 1966 1647 vitae
1993 1611 2229 1648 aeternae:

275 1685 328 1715 ex
353 1671 443 1715 hoc
472 1671 609 1715 etiam
628 1670 750 1728 quod
769 1680 865 1714 erat
896 1671 1085 1722 Verbum,
1118 1683 1197 1728 per
1219 1669 1341 1728 quod
1359 1671 1483 1728 facta
1506 1676 1601 1714 sunt
1627 1671 1783 1724 omnia,
1807 1670 1962 1714 aderat
1977 1669 2021 1714 ei
2038 1669 2231 1715 facultas

272 1739 427 1782 omnia
452 1738 566 1781 bene
589 1737 831 1796 operandi3
858 1751 952 1780 non
975 1751 1084 1796 ergo
1113 1737 1366 1781 secundum
1382 1737 1635 1781 humanam
1651 1748 1863 1782 naturam
1887 1737 2120 1796 indigebat
2141 1737 2229 1782 a'lia

271 1805 429 1864 gratia,
455 1805 542 1848 nisi
563 1797 731 1848 unione
759 1804 814 1848 ad
841 1803 1058 1847 Verbum.

364 1887 401 1931 3.
428 1872 725 1916 PRAETEREA.
752 1871 868 1915 Illud
896 1873 1019 1930 quod
1047 1880 1259 1931 operatur
1284 1886 1364 1931 per
1395 1872 1587 1916 modum
1613 1871 1916 1926 instrumenti,
1941 1885 2036 1916 non
2057 1872 2232 1932 indiget

272 1940 427 1983 habitu
455 1939 510 1982 ad
536 1939 739 1998 proprias
773 1939 1086 1997 operationes;
1113 1939 1218 1997 quia
1243 1939 1423 1983 habitus
1454 1938 1668 1983 fundatur
1699 1939 1746 1982 in
1777 1938 2018 1999 principali
2043 1940 2230 1999 agente:

270 2008 472 2050 humana
499 2016 652 2050 autem
678 2018 837 2049 natura
871 2006 916 2049 in
951 2006 1138 2050 Christo
1170 2005 1255 2050 fuit
1284 2009 1391 2050 sicut
1415 2008 1738 2051 instrumentum
1769 2006 2020 2060 divinitatis,
2048 2017 2098 2051 ut
2123 2006 2233 2052 dicit

270 2075 486 2118 Damaso
505 2074 550 2116 in
572 2088 607 2132 3.
626 2073 700 2117 lib.
717 2073 864 2131 (Orth.
887 2074 981 2118 Fid.
1010 2081 1098 2132 cap.
1125 2076 1201 2132 15.)
1215 2089 1232 2126 ,·
1262 2087 1372 2132 ergo
1390 2087 1484 2117 non
1510 2073 1663 2118 debuit
1680 2074 1726 2117 in
1745 2073 1932 2118 Christo
1957 2086 2057 2119 esse
2079 2073 2231 2134 aliqua

271 2143 414 2199 gratia
439 2140 694 2184 habitualis.

362 2208 456 2252 SED
484 2220 680 2252 CONTRA
707 2217 787 2261 est,
820 2207 941 2267 quod
975 2208 1136 2252 dicitur
1168 2208 1253 2252 Isa.
1293 2221 1384 2252 11.:
1419 2209 1650 2266 Requiescet
1678 2215 1801 2267 super
1830 2220 1923 2252 eum
1953 2209 2123 2267 spiritus
2141 2209 2234 2253 'Do-

270 2277 402 2319 mini:
436 2275 513 2334 qui
544 2275 729 2334 quidem
759 2275 806 2318 in
838 2275 1028 2319 homine
1061 2289 1158 2319 esse
1191 2275 1353 2319 dicitur
1384 2290 1464 2335 per
1497 2275 1691 2334 gratiam
1717 2273 2015 2330 habitualem,
2041 2286 2091 2320 ut
2114 2275 2163 2320 in
2193 2290 2230 2322 1.

270 2342 442 2386 dictum
469 2351 536 2386 est
560 2342 621 2400 (q.
644 2343 685 2387 8.
712 2348 791 2386 art.
811 2358 846 2401 3.
865 2348 900 2386 et
916 2357 954 2400 q.
971 2356 1033 2401 43.
1053 2348 1133 2387 art.
1153 2343 1216 2399 6.)
1227 2358 1243 2395 ‚·
1273 2357 1383 2401 ergo
1411 2343 1457 2386 in
1485 2342 1671 2388 Christo
1697 2341 1782 2387 fuit
1803 2342 1949 2402 gratia
1972 2342 2232 2403 habitualis.

358 2409 648 2454 Rsssponmso
667 2408 924 2462 dicendum,
951 2409 1073 2468 quod
1100 2423 1288 2453 necesse
1316 2419 1383 2454 est
1407 2423 1578 2468 ponere
1604 2409 1650 2453 in
1678 2409 1866 2454 Christo
1892 2409 2087 2469 gratiam
2110 2409 2234 2455 habi-

269 2475 455 2530 tualem,
473 2485 656 2535 propter
672 2477 784 2520 tria:
797 2477 939 2534 primo
957 2476 1140 2534 quidem
1168 2485 1352 2535 propter
1378 2477 1599 2521 unionem
1623 2478 1803 2522 animae
1829 2475 1950 2522 illius
1967 2476 2024 2522 ad
2043 2477 2234 2523 verbum

270 2543 381 2587 Dei:
404 2552 574 2602 quanto
596 2542 718 2586 enim
747 2542 931 2601 aliquod
958 2543 1240 2601 receptivum
1267 2553 1334 2587 est
1359 2543 1655 2603 propinquius
1679 2557 1843 2588 causae
1859 2542 2080 2599 influenti,
2103 2552 2233 2605 tanto

270 2610 417 2669 magis
448 2609 685 2668 participat
717 2610 772 2653 de
805 2609 1035 2653 influentia
1070 2610 1223 2668 ipsius.
1255 2610 1454 2654 Influxus
1488 2620 1640 2654 autem
1667 2611 1838 2669 gratiae
1870 2620 1939 2656 est
1964 2625 1990 2655 a
2014 2611 2136 2667 Deo,
2165 2625 2233 2657 se·

272 2678 472 2722 cundum
504 2676 615 2720 illud
647 2676 720 2720 Ps.
756 2676 849 2734 83.:
887 2677 1099 2729 Gratiam,
1134 2683 1169 2720 et
1197 2677 1379 2735 gloriam
1411 2677 1529 2722 dabit
1550 2679 1760 2722 Dominus
1769 2692 1786 2730 ;
1820 2685 1864 2722 et
1894 2677 2000 2722 ideo
2031 2672 2234 2724 maixime

269 2744 353 2789 fuit
379 2744 670 2797 conveniens,
697 2753 746 2787 ut
772 2743 924 2786 anima
949 2742 1027 2786 illa
1050 2744 1270 2802 reciperet
1286 2744 1506 2788 influxum
1525 2745 1703 2789 divinae
1721 2745 1918 2802 gratiae:
1943 2744 2117 2791 secundo
2134 2760 2235 2805 pro·

270 2822 368 2872 pter
398 2810 683 2855 nobilitatem
715 2809 835 2854 illius
869 2810 1062 2863 animae,
1097 2811 1223 2867 cujus
1257 2812 1547 2870 operationes
1580 2811 1820 2870 oportebat
1850 2812 2233 2872 propinquissime

273 2880 493 2938 attingere
522 2879 576 2922 ad
610 2878 762 2922 Deum
789 2892 867 2941 per
895 2877 1223 2935 cognitionem,
1257 2889 1302 2922 et
1334 2893 1566 2923 amorem:
1602 2879 1657 2923 ad
1685 2879 1808 2938 quod
1832 2893 2020 2925 necesse
2051 2890 2120 2926 est
2143 2880 2234 2926 ele-

272 2946 369 2991 vari
386 2946 635 2990 humanam
654 2955 864 2989 naturam
881 2959 960 3003 per
976 2944 1166 3003 gratiam
1185 2961 1194 2990 ε
1218 2948 1334 2989 tertio
1353 2955 1536 3004 propter
1555 2946 1869 2991 habitudinem
1895 2946 2035 3006 ipsius
2061 2947 2235 2994 Christi

274 3014 329 3057 ad
357 3027 499 3072 genus
524 3012 803 3056 humanum:
840 3011 1049 3056 Christus
1082 3012 1218 3065 enim,
1251 3012 1521 3071 inquantum
1553 3013 1714 3065 homo,
1746 3019 1801 3058 est
1831 3013 2039 3060 mediator
2068 3016 2166 3071 Dei,
2197 3022 2236 3062 et

272 3082 502 3134 hominum,
530 3089 578 3123 ut
603 3079 765 3123 dicitur
797 3093 830 3122 1.
860 3080 915 3122 ad
944 3078 1150 3123 Timoth.
1178 3091 1243 3133 2.;
1278 3089 1320 3123 et
1347 3079 1450 3123 ideo
1484 3080 1737 3139 oportebat,
1770 3081 1893 3140 quod
1925 3080 2114 3127 haberet
2138 3097 2236 3143 gra·

271 3148 383 3191 tiam
407 3147 544 3192 etiam
564 3146 609 3190 in
628 3145 740 3190 alios
759 3146 1103 3199 redundantem,
1123 3147 1373 3190 secundum
1400 3146 1510 3190 illud
1531 3147 1660 3205 Joan.
1695 3161 1754 3192 1.:
1782 3149 1848 3192 De
1864 3149 2121 3209 plenitudine
2143 3153 2230 3209 ejus

272 3229 410 3259 omnes
431 3215 676 3273 accepimus,
703 3219 740 3258 et
763 3215 947 3271 gratiam
963 3221 1044 3272 pro
1064 3215 1218 3270 gratia.
1247 3213 1405 3271 (Hebr.
1434 3227 1472 3272 7.
1495 3213 1658 3273 legitur
1685 3228 1890 3275 quoque:
1926 3216 2040 3261 Talis
2065 3216 2232 3265 decebat

272 3288 316 3327 ut
336 3283 454 3326 nobis
474 3288 568 3326 esset
587 3282 778 3341 pontifex
802 3287 979 3335 sanctus,
1004 3283 1210 3335 innocens,
1239 3282 1494 3339 impollutus,
1521 3289 1774 3340 segregratus
1799 3298 1825 3328 a
1846 3285 2169 3343 peccatoribus).

362 3349 438 3393 AD
471 3361 660 3394 PRIMUM
686 3362 796 3407 ergo
824 3348 1082 3402 dicendum,
1110 3348 1231 3407 quod
1257 3347 1466 3392 Christus
1485 3359 1553 3393 est
1568 3364 1700 3394 verus
1726 3350 1852 3395 Deus
1868 3352 2121 3396 secundum
2136 3365 2233 3411 per-

272 3430 448 3469 sonam,
476 3426 520 3460 et
545 3426 755 3460 naturam
781 3415 1006 3459 divinam:
1034 3415 1112 3459 sed
1141 3416 1244 3474 quia
1272 3430 1378 3459 curn
1407 3416 1576 3460 unitate
1604 3431 1826 3475 personae
1850 3428 2060 3464 remanet
2082 3418 2233 3464 distin-

273 3483 363 3527 ctio
385 3493 664 3536 naturarum,
692 3493 740 3527 ut
766 3497 818 3527 ex
845 3482 1112 3541 supradictis
1139 3492 1259 3541 patet
1285 3484 1343 3541 (q.
1366 3497 1406 3527 2.
1433 3489 1515 3527 art.
1542 3499 1576 3528 ι.
1605 3490 1642 3527 et
1663 3485 1739 3540 2.)‚
1765 3485 1917 3529 anima
1939 3483 2113 3531 Christi
2136 3498 2232 3531 non

273 3560 341 3595 est
365 3564 445 3609 per
471 3564 602 3594 suam
625 3550 870 3594 essentiam
897 3549 1072 3594 divina:
1101 3548 1219 3593 unde
1246 3559 1440 3609 oportet,
1467 3549 1589 3609 quod
1612 3549 1690 3595 fiat
1715 3551 1867 3596 divina
1893 3565 1973 3611 per
1996 3551 2232 3613 participa·

277 3617 468 3671 tionem,
494 3631 610 3677 quae
642 3627 710 3662 est
730 3616 980 3663 secundum
1006 3616 1212 3676 gratiam.
