2352 3926
641 207 927 274 ,φηςι-ιο
967 208 1018 260 ι..
1059 207 1369 259 Αιιτῐουιυε,
1407 208 1483 247 ιιι.
1945 209 2052 264 427

93 311 234 375 φυᾷ
250 324 419 371 eorpus
441 311 845 371 animmtponere
880 310 1041 369 possit,
1074 324 1179 356 eam
1205 324 1230 355 a
1255 324 1306 356 se
1331 309 1609 370 separand03
1644 310 1750 369 quia
1774 310 1928 362 anima
1959 323 2053 353 non

92 378 328 438 subiicitur
345 377 559 438 potestati
583 377 804 437 emporia,
826 378 905 423 sed
927 378 1078 437 poti-us
1105 393 1131 422 e
1154 391 1403 423 converso:
1431 389 1477 423 et
1494 380 1558 423 sic
1577 378 1767 433 videtur,
1785 377 1906 436 quod
1925 376 2056 422 Chri-

90 445 451 500 mucundum
477 444 602 505 quod
627 454 696 491 est
719 444 924 498 Verbum
957 445 1059 498 Dei,
1086 445 1328 490 conveniat
1355 445 1560 490 animam
1594 459 1724 490 suam
1742 458 1937 503 ponere:
1963 444 2054 488 hoc

7 527 45 575 ῥ’
93 521 248 562 autem
269 521 339 557 est
361 526 465 557 eam
490 526 518 556 a
549 526 598 557 se
624 526 860 572 separare3
885 525 997 571 ergo
1024 526 1104 571 per
1131 522 1328 556 mortem
1353 512 1504 556 anima
1536 514 1632 569 ejus
1654 511 1740 556 fuit
1771 526 1797 557 a
1822 512 2055 556 divinitate

7 586 38 623 ss-
92 587 313 639 separatas

94 660 113 699 j·
138 673 141 675 >
171 643 233 698 320,-
253 646 551 692 PRAETEREA.
591 645 869 691 Athanasius
901 645 1010 690 dicit
1036 645 1210 705 (implic.
1238 645 1309 689 lib.
1347 645 1388 690 6.
1426 646 1471 690 de
1498 645 1699 691 Beatitud.
1732 646 1856 691 Verbi
1886 646 1971 695 Dei
2001 646 2056 690 ad

88 711 311 773 *ffbeopbih
335 728 363 759 a
387 714 531 769 med.).·
561 729 586 755 et
612 712 925 765 Maledictum,
957 713 1035 771 qui
1066 722 1215 756 totum
1242 712 1498 766 hominem,
1531 713 1669 771 quem
1699 713 1942 771 assumpsit
1967 713 2057 757 Dei

90 779 244 836 Filius,
270 781 423 826 denuo
449 790 746 839 assumptum,
762 779 838 823 vel
852 778 1108 833 liberatum,
1125 780 1255 823 tertia
1283 779 1354 823 die
1383 794 1408 822 a
1435 780 1627 823 mortuis
1649 781 1944 824 resurrexisse
1960 794 2053 824 non

91 847 334 899 confitetur
357 861 408 891 »ε
434 848 513 892 sed
533 861 628 891 non
654 847 800 906 potuit
823 857 946 891 totus
971 847 1117 890 homo
1144 846 1295 889 denuo
1324 847 1509 903 assumi,
1535 847 1623 890 nisi
1656 847 1899 906 aliquando
1922 846 2056 891 fuerit

0 917 11 1004 ὲ
88 923 216 960 totus
233 914 586 961 homoaVerbo
598 914 686 958 Dei
702 923 949 970 separatus:
966 923 1088 958 totus
1107 923 1257 957 autem
1277 914 1422 957 homo
1442 914 1734 971 componitur
1747 929 1807 958 -ex
1825 914 1999 967 anima,
2010 923 2056 958 et

87 994 300 1041 conpote,
313 994 427 1040 ergo
446 980 691 1039 aliquando
703 979 785 1024 fuit
802 980 919 1023 facta
933 981 1158 1039 separatio
1173 980 1416 1023 divinitatis
1435 990 1479 1024 et
1497 995 1520 1023 a
1535 994 1740 1039 corpore,
1755 991 1797 1024 et
1812 982 1864 1024 ab
1885 981 2052 1030 anima,

162 1062 221 1108 3
236 1048 536 1097 PmTEREA.
551 1048 743 1107 Propter
760 1048 979 1091 unionem
1002 1047 1058 1091 ad
1081 1056 1230 1090 toturn
1248 1047 1487 1091 hominem
1504 1046 1643 1090 Filius
1660 1047 1749 1091 Dei
1765 1061 1871 1091 vere
1893 1047 2054 1091 dicitur

0 1092 16 1160 k
90 1114 263 1170 ὴαωος
285 1113 326 1161 si
349 1129 476 1174 ergo,
502 1114 653 1160 soluta
678 1115 848 1159 unione
873 1115 1068 1167 animae,
1095 1124 1141 1159 et
1166 1116 1373 1172 corporis
1400 1127 1481 1172 per
1507 1124 1721 1167 mortem,
1741 1113 1945 1157 Verbum
1965 1114 2055 1159 Dei

0 1163 17 1299 ἓ
86 1181 310 1227 remansit
333 1182 511 1226 unitum
535 1182 730 1235 animae,
748 1191 1012 1240 sequeretur
1027 1181 1150 1240 quod
1172 1195 1279 1224 vere
1311 1181 1400 1224 dici
1421 1181 1642 1256 potuisset
1663 1179 1828 1224 Filium
1847 1181 1935 1224 Dei
1956 1194 2053 1224 esse

13 1260 15 1262 ’
91 1249 318 1293 animam:
345 1249 436 1293 hoc
464 1258 616 1292 autem
643 1259 711 1292 est
734 1247 924 1302 falsum;
952 1249 1056 1306 quia
1083 1262 1189 1291 cum
1218 1247 1369 1291 anima
1396 1248 1453 1291 sit
1477 1247 1626 1291 forma
1653 1247 1873 1306 corporis,
1896 1262 2052 1305 seque-

89 1325 213 1360 retur
237 1316 359 1375 quod
385 1315 588 1360 Verbum
610 1315 699 1359 Dei
723 1314 858 1360 fuerit
880 1315 1085 1374 corporis
1111 1314 1274 1367 forma,
1298 1314 1420 1373 quod
1447 1325 1515 1358 est
1535 1314 1846 1373 impossibile3
1874 1328 1984 1372 ergo
2006 1314 2054 1357 in

90 1392 240 1429 morte
266 1381 440 1427 Christi
465 1385 618 1426 anima
642 1382 728 1426 fuit
752 1397 776 1426 a
803 1380 956 1426 Verbo
982 1382 1074 1426 Dei
1102 1391 1324 1439 separata.

178 1461 222 1504 4.
248 1449 546 1495 PRAETEREA.
568 1449 753 1506 Anima,
771 1459 814 1493 et
831 1463 996 1508 corpus
1019 1449 1105 1492 ab
1094 1449 1292 1493 invicem
1319 1458 1524 1515 separata
1550 1463 1644 1492 non
1671 1459 1776 1493 sunt
1797 1463 1886 1492 una
1912 1448 2056 1508 hypo-

9 1550 15 1573 4
89 1516 235 1570 stasis,
261 1517 358 1560 sed
363 1514 504 1561 duae.
531 1514 570 1560 si
595 1515 732 1575 igitur
755 1515 958 1560 Verbum
990 1514 1079 1560 Dei
1104 1516 1321 1560 remansit
1354 1515 1552 1559 unitum
1550 1525 1657 1560 tam
1686 1516 1883 1574 corpori,
1915 1531 2054 1575 quam

8 1586 11 1594 '
91 1584 270 1642 animae
298 1583 487 1638 Christi,
512 1583 729 1642 separatis
756 1584 820 1628 eis
849 1584 901 1627 ab
929 1583 1128 1627 invicem
1162 1597 1242 1642 per
1268 1594 1464 1628 mortem
1493 1582 1680 1636 Christi,
1706 1583 1882 1629 videtur
1907 1586 2050 1646 sequi,

89 1650 213 1709 quod
235 1635 440 1695 'Verbum
466 1650 569 1704 Dei,
597 1650 786 1694 durante
814 1660 961 1694 morte
989 1650 1174 1702 Christi,
1206 1649 1340 1694 fuerit
1372 1651 1487 1694 duae
1513 1650 1806 1708 hypostases;
1835 1651 1958 1708 quod
1985 1660 2052 1694 est

90 1716 440 1762 inconveniens:
467 1731 563 1760 non
589 1731 700 1775 ergo
727 1727 830 1775 post
856 1726 1051 1760 mortem
1072 1716 1243 1761 Christi
1264 1718 1482 1761 remansit
1507 1731 1660 1760 amma
1675 1714 1830 1761 Verbo
1854 1718 1993 1761 unita.

0 1842 8 1849 ‚
180 1784 493 1837 Snucou’rna
524 1794 605 1838 est,
638 1785 759 1842 quod
793 1785 902 1828 dicit
926 1785 1244 1828 Damascenus
1270 1785 1315 1827 in
1345 1798 1382 1840 3.
1409 1783 1485 1827 lib.
1513 1785 1662 1841 (Orth.
1698 1784 1790 1828 fid.
1815 1792 1908 1843 cap.
1935 1799 2001 1843 27.
2027 1798 2053 1828 α

0 1874 15 1908 ς
90 1850 235 1909 mod-Q·
254 1850 388 1897 «Etsi
407 1850 615 1896 Christus
642 1861 847 1895 mortuus
877 1861 943 1896 est
969 1861 1017 1896 ut
1042 1852 1202 1904 homo,
1226 1861 1270 1895 et
1290 1860 1446 1895 sancta
1470 1852 1564 1909 ejus
1592 1851 1744 1896 anima
1770 1851 1824 1894 ab
1852 1852 2055 1895 inconta-

89 1918 265 1973 minato
287 1917 430 1970 divisa
447 1927 516 1963 est
531 1932 749 1976 corpore;
767 1917 977 1962 divinitas
998 1929 1153 1963 tamen
1169 1917 1479 1976 inseparabilis
1500 1918 1554 1962 ad
1573 1919 1774 1977 utrisque
1790 1919 2053 1978 permansit,

88 1985 147 2037 ab
173 1987 326 2038 anima
350 1985 474 2040 dico,
499 1994 544 2029 et
568 1999 760 2043 corpore
786 2003 828 2029 ».

177 2051 467 2098 RESPONDEO
499 2052 760 2106 dicendum,
787 2053 909 2112 quod
938 2053 1090 2096 anima
1115 2053 1242 2096 unita
1268 2062 1334 2096 est
1360 2053 1514 2096 Verbo
1546 2053 1635 2097 Dei
1661 2053 1984 2108 immediatius,
2010 2063 2055 2098 et

87 2118 493 2180 persprius,.quam
521 2133 702 2178 corpus,
730 2134 834 2164 cum
863 2134 1028 2178 corpus
1054 2120 1232 2171 unitum
1255 2120 1312 2163 sit
1333 2119 1486 2164 Verbo
1515 2120 1602 2163 Dei
1629 2120 1857 2164 mediante
1886 2123 2053 2175 anima,

21 2191 31 2214 ·,
88 2195 138 2239 ut
161 2198 295 2246 supra
321 2185 494 2235 dictum
520 2196 589 2233 est
613 2187 674 2245 (q.
701 2187 742 2232 6.
766 2193 848 2231 art.
874 2188 949 2243 1.):
977 2201 1083 2231 cum
1110 2200 1220 2245 ergo
1246 2186 1450 2230 Verbum
1475 2187 1565 2231 Dei
1591 2201 1684 2230 non
1710 2188 1767 2231 sit
1792 2198 2054 2245 separatum

16 2262 23 2313 ζ
88 2253 311 2305 immone
335 2267 594 2313 axcorpore‚
617 2253 764 2298 multo
787 2254 939 2298 minus
963 2264 1220 2312 separatum
1240 2264 1307 2298 est
1324 2255 1377 2297 ab
1398 2255 1569 2307 anima3
1590 2255 1709 2298 unde
1733 2255 1848 2298 sicut
1865 2255 1920 2299 de
1935 2255 2051 2299 Filio

11 2327 18 2333 '
89 2320 179 2368 Dei
203 2320 489 2379 praedicatur
505 2320 563 2375 id,
581 2321 702 2380 quod
731 2321 946 2364 convenit
978 2321 1159 2379 corpori
1186 2321 1238 2364 ab
1269 2322 1422 2364 anima
1448 2332 1673 2379 separato,
1700 2321 1875 2366 scilicet
1899 2337 1976 2366 esse
2001 2338 2054 2367 sc-

11 2395 19 2417 2'
82 2387 266 2447 pultum,
293 2387 356 2431 ita
381 2387 437 2432 de
463 2401 520 2432 eo
546 2387 591 2431 in
620 2387 844 2447 Symbolo
871 2388 1046 2441 dicitur,
1081 2388 1202 2446 quod
1230 2388 1432 2433 descendit
1462 2389 1516 2432 ad
1555 2388 1712 2445 inferos
1722 2405 1738 2440 ;
1765 2389 1870 2447 quia
1903 2389 2055 2433 anima

88 2455 189 2514 ejus
206 2468 247 2499 a
265 2467 458 2514 corpore
484 2465 692 2514 separata
717 2455 950 2499 descendit
976 2456 1030 2499 ad
1058 2455 1242 2500 inferos

132 2559 137 2565 .
163 2521 470 2578 ‚AD‘PmMUM
495 2532 609 2580 ergo
644 2522 904 2577 dicendum,
929 2522 1061 2581 *quod
1089 2523 1283 2580 August.
1311 2522 1452 2578 (tract.
1477 2536 1546 2581 47.
1580 2524 1623 2566 in
1650 2523 1774 2579 Joan.
1793 2530 1890 2582 post
1921 2523 2048 2580 med.)

91 2603 323 2648 exponens
348 2587 460 2633 illud
485 2589 675 2634 verbum
695 2589 883 2647 Joannis
910 2589 1107 2648 inquirit,
1136 2604 1241 2633 cum
1261 2589 1470 2635 Christus
1495 2590 1553 2634 sit
1573 2589 1790 2646 Verbum,
1815 2590 1982 2644 anima,
2011 2600 2056 2635 et

90 2669 215 2712 cato,
234 2665 444 2709 ¹(rutrum
470 2670 529 2700 ex·
551 2669 606 2701 eo
641 2656 763 2715 quod
797 2666 864 2701 est
889 2655 1108 2710 Verbum,
1135 2668 1277 2715 ponat
1302 2657 1517 2710 animam,
1560 2671 1617 2700 an
1660 2671 1712 2700 ex
1739 2671 1795 2701 eo
1837 2658 1959 2715 quod
1988 2667 2056 2700 est

91 2721 272 2776 athima,
284 2735 346 2769 an
371 2722 538 2767 iterum
562 2735 621 2767 ex
643 2736 700 2768 eo
726 2723 848 2782 quod
876 2732 941 2767 est
969 2733 1090 2768 caro
1103 2739 1151 2777 »ς
1180 2733 1224 2767 et
1250 2724 1373 2776 dicit,
1395 2724 1516 2782 quod
1544 2739 1567 2764 «
1590 2724 1627 2767 si
1653 2724 1914 2776 dixerimus,
1931 2724 2054 2782 quod

90 2788 296 2842 Verbum
311 2788 402 2833 Dei
426 2788 629 2834 animam
644 2790 810 2848 posuit,
827 2790 1028 2849 sequitur
1054 2791 1175 2848 quod
1204 2789 1448 2849 aliquando
1476 2790 1630 2834 anima
1655 2789 1733 2833 illa
1759 2802 1965 2850 separata
1989 2800 2055 2834 est

93 2870 118 2900 a
144 2854 318 2900 Verbo:
347 2855 468 2914 quod
497 2865 564 2899 est
588 2854 778 2910 falsum3
801 2871 925 2901 mors
959 2857 1082 2901 enim
1115 2871 1279 2933 corpus
1308 2858 1360 2902 ab
1390 2858 1541 2901 anima
1574 2858 1820 2916 separavit:
1851 2873 1874 2902 a
1901 2858 2053 2901 Verbo

18 2934 26 2969 ,ῑ
95 2933 251 2978 autem
282 2922 487 2974 animam
517 2932 775 2981 separatam
808 2937 905 2968 esse
937 2937 1031 2968 non
1058 2924 1188 2968 dico.
1219 2925 1258 2968 si
1288 2938 1398 2968 vero
1431 2925 1691 2979 dixerimus,
1723 2925 1844 2983 quod
1877 2925 1974 2982 ipsa
2006 2938 2054 2967 se

91 2989 247 3048 anima
259 2999 414 3049 ponat,
425 2989 627 3048 sequitur
642 2990 766 3048 quod
792 2990 947 3035 anima
963 2991 1060 3050 ipsa
1079 3005 1103 3035 a
1122 3005 1170 3035 se
1187 3001 1395 3049 separata
1410 2992 1488 3035 sit:
1510 2992 1631 3049 quod
1655 3001 1723 3035 est
1745 2992 1989 3035 absurdum
2007 3007 2048 3035 ».

90 3055 376 3115 Relinquitur
403 3070 528 3114 ergo,
556 3057 676 3114 quod
705 3057 799 3115 ipsa
822 3071 928 3101 caro
962 3058 1164 3101 animam
1198 3072 1325 3101 suam
1353 3058 1494 3116 ponit,
1519 3068 1562 3102 ct
1589 3060 1750 3101 iterum
1778 3072 1879 3100 eam
1902 3057 2054 3111 sumit,

91 3136 189 3167 non
217 3132 442 3181 potestate
473 3137 571 3178 sua,
596 3123 675 3167 sed
708 3133 930 3181 potestate
958 3123 1095 3168 Verbi
1128 3125 1419 3168 inhabitantis
1454 3139 1654 3179 carnem,
1688 3125 1806 3182 quia,
1838 3124 1954 3167 sicut
1986 3138 2056 3167 su·

89 3204 170 3249 pra
195 3189 368 3236 dictum
394 3200 465 3235 est
488 3190 554 3247 (in
570 3197 682 3250 corp.
706 3197 788 3235 art.
813 3197 853 3236 et
871 3197 952 3235 art.
966 3191 1151 3250 praem),
1175 3206 1255 3249 per
1276 3202 1473 3236 mortem
1500 3206 1593 3236 non
1623 3202 1690 3235 est
1715 3200 1923 3248 separata
1948 3190 2055 3235 divi-

91 3257 209 3303 nitas
234 3255 374 3309 V-erbi
399 3270 426 3300 a
452 3271 600 3303 carne.

183 3323 260 3369 AD
295 3335 556 3374 secuuntur
582 3324 851 3378 dicendum,
881 3324 1004 3383 quod
1036 3326 1081 3369 in
1107 3325 1256 3369 verbis
1282 3325 1368 3369 illis
1396 3325 1674 3369 Athanasius
1699 3338 1794 3367 non
1820 3323 2053 3380 intellexit,

93 3389 217 3448 quod
232 3399 357 3442 totus
379 3388 525 3434 homo
550 3390 702 3447 denuo
724 3391 780 3435 sit
796 3402 1068 3450 assumptus,
1086 3392 1202 3436 idest
1229 3407 1389 3437 omnes
1406 3402 1555 3451 partes
1573 3393 1682 3449 ejus,
1701 3392 1829 3450 quasi
1850 3390 2052 3436 Verbum

92 3455 181 3502 Dei
206 3465 357 3514 partes
380 3455 608 3503 humanae
634 3466 820 3503 naturae
845 3458 1109 3517 deposuerit
1134 3473 1213 3517 per
1241 3469 1459 3511 morten13
1487 3459 1565 3502 sed
1599 3459 1719 3516 quod
1754 3459 1916 3502 iterato
1941 3468 2055 3502 tota-

16 3521 28 3575 }
91 3522 197 3569 litas
209 3528 397 3572 naturae
414 3532 673 3580 assumptae
688 3523 747 3569 sit
765 3523 1158 3580 int-esurrectione
1186 3525 1487 3582 redintegrata
1507 3539 1586 3583 per
1604 3527 1809 3568 iteratam
1835 3525 2048 3570 unionem

92 3589 294 3643 animae,
314 3597 360 3635 et
383 3589 603 3647 corporis.
671 3623 673 3625 .

2 2787 15 2857 mr
3 2755 7 2763 ³
12 2651 14 2653 .
15 2590 17 2592 ¹
21 2526 23 2528 ι
16 2490 18 2493 ⁴

12 3301 21 3334 Μ’
13 3279 28 3296 31
9 3153 24 3273 :mes-m,
23 3132 26 3134 ⁴
21 3111 25 3116 Α,
23 3062 25 3064 ,

22 3514 24 3519 =
13 3366 31 3506 ··,†⁴wz·-v÷u
17 3352 21 3358 -
14 3336 19 3342 ·-
