2352 3926
333 208 438 264 542
814 207 1095 254 QUAESTIO
1137 208 1283 249 LXIV.
1324 208 1634 250 ARTICULUS
1673 211 1748 250 1x.

331 322 380 356 ut
396 311 512 355 nihil
529 325 705 364 eorum,
724 324 841 369 quae
864 309 932 353 illi
949 311 1185 369 gesserint,
1213 325 1239 354 a
1258 310 1390 355 nobis
1416 311 1598 371 probari
1613 313 1780 358 debeat
1794 329 1837 368 »,
1856 324 1902 360 et
1925 315 2023 361 Leo
2041 317 2165 377 Papa
2181 317 2297 364 dicit

330 379 378 422 in
404 379 529 436 epist.
557 378 613 421 ad
642 378 847 421 Leonem
866 377 1127 436 Augustum
1153 381 1281 436 (quae
1306 385 1362 423 est
1387 392 1447 438 75.
1475 387 1565 439 cap.
1586 394 1623 438 5.
1664 381 1710 423 in
1731 381 1922 440 princ.).·
1949 398 1974 423 α
1999 383 2296 430 Manifestum

331 456 399 490 est
424 460 502 502 per
530 443 909 498 crudelissimam,
940 454 984 488 et
1009 445 1349 489 insanissimam
1366 446 1602 489 vesaniam
1627 446 1674 490 in
1696 446 2003 493 Alexandrina
2024 451 2131 496 sede
2155 456 2296 497 omne

335 511 603 555 coelestium
627 521 1019 554 sacramentorum
1037 510 1195 555 lumen
1212 512 1482 556 extinctum:
1506 513 1755 572 intercepta
1774 523 1843 558 est
1866 515 2077 560 sacrificii
2099 516 2293 565 oblatio:

333 577 496 621 defecit
523 577 780 621 chrismatis
812 578 1130 633 sanctificatio,
1167 589 1212 623 et
1242 579 1582 638 parricidalibus
1616 581 1826 625 manibus
1858 582 2108 641 impiorum
2139 585 2299 630 or‘nnia

330 659 377 688 se
395 646 655 689 subtraxere
673 646 890 704 mysteria
907 662 949 699 »3
970 659 1080 704 ergo
1097 660 1205 690 vera
1223 645 1333 690 fides
1353 646 1546 690 ministri
1564 657 1632 691 est
1649 648 1704 691 de
1718 649 1991 693 necessitate
2006 652 2297 696 sacramenti.

423 712 773 770 3.PRAETEREA.
793 711 865 756 Illi
887 714 964 771 qui
989 727 1084 757 non
1110 713 1281 757 habent
1303 727 1460 757 veram
1489 713 1641 768 fidem,
1659 715 1870 759 videntur
1891 730 1990 761 esse
2013 731 2093 776 per
2118 731 2300 764 excom-

329 780 691 823 municationem
719 780 772 823 ab
802 779 1006 824 Ecclesia
1035 781 1249 839 separati:
1279 781 1440 825 dicitur
1461 781 1583 825 enim
1612 782 1658 825 in
1686 795 1725 825 2.
1757 781 1998 827 Canonica
2013 783 2223 842 Joannis:
2251 787 2298 831 Si

329 848 419 905 quis
438 848 553 891 venit
575 847 629 890 ad
653 861 742 902 vos,
760 853 796 891 et
816 848 923 892 hanc
949 847 1182 892 doctrinam
1207 862 1291 892 non-
1316 849 1451 906 affert,
1479 849 1604 893 nolite
1636 864 1728 893 eum
1749 851 1930 909 recipere
1945 852 1991 894 in
2013 850 2198 906 domum,
2224 867 2298 898 nec

330 914 423 958 Ave
455 914 646 959 dixeritis
671 916 736 967 ei;
775 924 820 959 et
845 915 901 958 ad
930 914 1020 959 Tit.
1053 929 1111 974 3.:
1135 915 1408 960 Haereticam
1441 916 1646 960 hominem
1668 923 1762 976 post
1778 918 1985 976 primam,
2012 923 2048 962 et
2078 919 2297 964 secundam

326 983 621 1026 correctionem
667 982 832 1026 devita:
866 982 943 1026 sed
978 983 1403 1027 excommunicatus
1444 997 1539 1027 non
1576 984 1753 1028 videtur
1795 998 1929 1042 posse
1971 984 2178 1030 conferre
2207 985 2295 1030 Ec-

327 1047 492 1092 clesiae
528 1059 880 1103 sacramentum,
915 1064 1020 1093 curn
1054 1050 1107 1092 ab
1141 1049 1348 1094 Ecclesia
1382 1050 1439 1094 sit
1469 1061 1714 1110 separatus,
1747 1051 1803 1095 ad
1839 1053 1968 1111 cujus
1993 1051 2298 1109 ministerium

328 1116 523 1175 pertinet
554 1127 950 1161 sacramentorum
985 1117 1286 1176 dispensatim
1320 1131 1430 1176 ergo
1463 1118 1653 1172 videtur,
1687 1119 1810 1178 quod
1835 1133 1943 1163 vera
1969 1119 2079 1164 fides
2104 1120 2298 1165 ministri

328 1184 387 1228 sit
410 1184 465 1229 de
491 1185 762 1229 necessitate
788 1185 1074 1229 sacramenti.

423 1251 517 1296 SED
546 1265 743 1296 CONTRA
771 1262 852 1305 est,
871 1252 993 1310 quod
1017 1252 1212 1310 August.
1233 1251 1342 1295 dicit
1360 1261 1518 1295 contra
1535 1251 1812 1296 Petilianum
1829 1253 2122 1298 Donatistam
2144 1254 2238 1312 (lib.
2255 1269 2297 1300 2.

327 1326 419 1378 cap.
444 1333 514 1378 47.
540 1321 613 1363 sub
621 1320 702 1378 fin.
701 1320 757 1376 ).·
780 1336 803 1360 «
821 1319 1120 1373 Mementote,
1139 1319 1436 1362 sacramentis
1458 1319 1546 1363 Dei
1568 1319 1683 1363 nihil
1705 1320 1866 1364 obesse
1886 1333 2041 1365 mores
2066 1320 2297 1366 malorum

327 1386 589 1440 hominum,
617 1401 708 1445 quo
736 1386 814 1430 illa
836 1400 930 1429 non
958 1386 1060 1441 sint,
1077 1385 1151 1429 vel
1177 1386 1328 1430 minus
1356 1396 1513 1430 sancta
1540 1388 1628 1430 sint
1653 1402 1693 1430 ».

417 1454 707 1498 RESPONDEO
727 1453 989 1507 dicendum,
1018 1453 1155 1512 quod,
1183 1453 1300 1497 sicut
1321 1467 1456 1512 supra
1483 1453 1655 1497 dictum
1678 1463 1744 1498 est
1761 1454 1867 1512 (art.
1884 1467 1922 1514 5.
1941 1454 2029 1514 huj.
2048 1469 2086 1514 q.
2109 1461 2146 1500 et
2164 1469 2204 1514 q.
2224 1455 2296 1502 62.

327 1527 408 1566 art.
435 1537 471 1566 ι.
499 1527 534 1565 et
550 1522 631 1579 4.),
650 1522 756 1580 quia
782 1521 989 1564 minister
1014 1521 1062 1564 in
1084 1521 1381 1564 sacramentis
1408 1521 1812 1566 instrumentaliter
1835 1529 2064 1583 operatur,
2086 1536 2181 1567 non
2204 1523 2300 1583 agit

327 1588 375 1632 in
401 1588 565 1632 virtute
593 1588 790 1647 propria,
818 1588 897 1632 sed
923 1588 971 1631 in
998 1589 1160 1632 virtute
1194 1588 1390 1642 Christi;
1416 1589 1535 1632 sicut
1567 1598 1719 1632 autem
1753 1588 1946 1647 pertinet
1977 1588 2033 1633 ad
2065 1589 2298 1649 propriam

327 1655 541 1699 virtutem
565 1655 767 1699 hominis
795 1655 1006 1708 charitas,
1028 1655 1091 1699 ita
1118 1666 1162 1699 et
1187 1655 1323 1710 fides;
1350 1655 1470 1698 unde
1487 1655 1603 1700 sicut
1619 1669 1713 1699 non
1731 1656 1975 1715 requiritur
1991 1657 2046 1700 ad
2063 1656 2300 1716 perfectio·

326 1737 434 1766 nem
461 1723 750 1775 sacramenti,
777 1723 900 1781 quod
928 1723 1132 1766 minister
1158 1723 1214 1766 sit
1239 1723 1285 1766 in
1314 1722 1547 1777 charitate,
1571 1723 1649 1767 sed
1665 1733 1857 1783 possunt
1874 1723 2012 1768 etiarn
2031 1732 2296 1784 peccatores
2350 1733 2352 1736 ⁴

328 1799 615 1834 sacramenta
642 1789 863 1844 conferre,
886 1800 935 1834 ut
956 1804 1090 1849 supra
1113 1790 1287 1834 dictum
1315 1799 1382 1833 est
1409 1790 1508 1846 (art.
1527 1805 1564 1849 5.
1594 1791 1680 1849 huj.
1711 1792 1770 1850 q.)
1783 1806 1800 1843 ,·
1834 1791 1898 1834 ita
1928 1804 2024 1835 non
2056 1791 2298 1851 requiritur

328 1858 384 1901 ad
396 1856 726 1917 perfectionem
743 1858 1019 1902 sacramenti
1040 1857 1151 1901 fides
1170 1859 1265 1915 ejus
1280 1874 1289 1902 :
1308 1858 1386 1901 sed
1408 1857 1602 1902 infidelis
1617 1868 1766 1917 potest
1781 1872 1942 1902 verum
1956 1853 2297 1903 sacramentum
2346 1866 2352 1920 2

326 1925 559 1985 praebere,
588 1925 843 1969 dummodo
872 1935 1050 1969 caetera
1078 1925 1239 1979 adsint,
1268 1939 1384 1984 quae
1411 1935 1515 1970 sunt
1541 1926 1596 1969 de
1618 1926 1887 1970 necessitate
1908 1926 2196 1971 sacramenti.
2342 1921 2352 1981 ἱ,

417 1993 493 2036 AD
519 2006 708 2037 PmMUM
736 2006 846 2051 ergo
874 1993 1133 2047 dicendum,
1161 1993 1284 2051 quod
1312 2003 1461 2051 potest
1481 1993 1762 2052 contingere,
1780 1993 1903 2052 quod
1923 1993 2086 2053 aliquis
2102 1993 2298 2054 patiatur
2338 1992 2352 2093 ἒ

328 2059 556 2103 defectum
583 2059 688 2103 fidei
715 2061 835 2104 circa
859 2059 1042 2118 aliquid,
1070 2070 1114 2104 et
1134 2074 1228 2103 non
1247 2060 1367 2104 circa
1383 2061 1623 2104 veritatem
1641 2061 1929 2116 sacramenti,
1951 2061 2073 2120 quod
2091 2060 2296 2117 exhibet;
2341 2094 2352 2129 ἶ

326 2137 436 2186 puta
461 2127 500 2171 si
525 2127 687 2186 aliquis
716 2127 868 2171 credat
884 2129 1193 2186 juramentum
1212 2141 1309 2171 esse
1326 2127 1371 2171 in
1390 2128 1519 2171 omni
1541 2142 1649 2172 casu
1666 2127 1893 2182 illicitum,
1911 2138 1956 2172 et
1970 2137 2128 2173 tamen
2144 2129 2299 2173 credat
2343 2130 2352 2175 3

326 2194 606 2253 baptismum
633 2193 885 2238 efficaciam
913 2195 1080 2238 habere
1107 2196 1162 2239 ad
1189 2195 1409 2239 salutem:
1438 2205 1483 2239 et
1508 2195 1572 2239 sic
1599 2195 1701 2239 talis
1727 2194 1970 2240 infidelitas
1994 2209 2091 2240 non
2106 2195 2299 2256 impedit
2341 2198 2352 2250 ἶ

325 2262 629 2306 intentionem
657 2261 921 2306 conferendi
948 2272 1308 2306 sacramentum:
1337 2263 1375 2306 si
1399 2276 1510 2307 vero
1543 2263 1739 2321 patiatur
1774 2262 1880 2307 fidei
1913 2262 2144 2308 defectum
2175 2262 2298 2308 circa
2344 2271 2352 2324 1

326 2330 479 2387 ipsum
505 2340 858 2384 sacramentum,
885 2330 1007 2388 quod
1035 2329 1231 2383 exhibet,
1255 2329 1362 2374 licet
1388 2330 1542 2373 credat
1563 2344 1641 2389 per
1668 2330 1711 2373 id
1745 2329 1868 2389 quod
1901 2330 2050 2388 agitur
2085 2329 2297 2385 exterius,

327 2396 507 2440 nullum
529 2397 658 2455 sequi
678 2397 943 2440 interiorem
973 2396 1201 2450 effectum,
1224 2411 1318 2440 non
1344 2407 1499 2440 tamen
1526 2397 1721 2455 ignorat,
1748 2396 1871 2456 quod
1903 2396 2111 2441 Ecclesia
2142 2396 2299 2442 catho·
2346 2391 2350 2399 ⁹

326 2464 415 2508 lica
441 2464 634 2508 intendit
659 2478 738 2522 per
762 2464 1042 2521 hujusmodi,
1070 2478 1187 2522 quae
1215 2464 1409 2508 exterius
1438 2474 1645 2522 aguntur,
1682 2464 1899 2522 praebere
1929 2473 2294 2509 sacramentum:
2336 2477 2342 2482 ·

328 2532 463 2586 unde,
489 2545 584 2575 non
607 2531 814 2574 obstante
833 2530 1110 2585 infidelitate,
1131 2541 1280 2589 potest
1296 2531 1527 2574 intendere
1554 2529 1704 2574 facere
1726 2531 1785 2585 id,
1812 2531 1934 2590 quod
1951 2530 2059 2576 facit
2074 2530 2295 2587 Ecclesia,

326 2599 436 2643 licet
463 2599 671 2643 aestimet
697 2598 741 2642 id
768 2598 883 2642 nihil
910 2612 1031 2642 esse:
1057 2609 1100 2642 et
1126 2598 1227 2642 talis
1253 2598 1443 2642 intentio
1482 2597 1646 2642 sufficit
1683 2598 1738 2642 ad
1775 2610 2140 2654 sacramentum;
2174 2600 2295 2660 quia,
2334 2636 2342 2656 ,

326 2668 445 2713 sicut
469 2682 604 2726 supra
631 2667 804 2710 dictum
832 2677 899 2710 est
928 2667 1028 2722 (art.
1051 2674 1194 2726 praec.
1222 2666 1275 2710 ad
1300 2667 1378 2724 2.)‚
1403 2666 1608 2710 minister
1625 2666 1898 2711 sacramenti
1920 2668 2015 2725 agit
2036 2667 2082 2711 in
2099 2681 2295 2726 persona
2327 2727 2328 2730 Ἰ

326 2737 466 2781 totius
490 2734 738 2788 Ecclesiae,
766 2748 819 2778 ex
846 2735 973 2792 cujus
1000 2733 1087 2777 fide
1113 2733 1345 2792 suppletur
1367 2734 1425 2787 id,
1454 2734 1576 2792 quod
1605 2734 1729 2778 deest
1755 2733 1861 2779 fidei
1886 2734 2097 2780 ministri.
2332 2733 2333 2737 ’

419 2803 495 2847 AD
523 2814 784 2847 SECUNDUM
811 2801 1072 2854 dicendum,
1099 2801 1221 2859 quod
1243 2801 1582 2845 haereticorum
1609 2802 1795 2860 quidam
1821 2801 1866 2845 in
1885 2801 2132 2847 collatione
2149 2816 2295 2847 sacra·
2332 2814 2337 2834 ³

328 2880 591 2915 mentorum
616 2867 814 2913 formam
842 2867 1075 2911 Ecclesiae
1101 2881 1196 2911 non
1223 2878 1427 2911 servant:
1455 2879 1499 2913 et
1524 2867 1637 2912 tales
1664 2882 1812 2927 neque
1830 2879 2167 2914 sacramentum
2185 2883 2296 2915 con·
2319 2902 2334 2915 2

324 2936 488 2991 ferunt,
514 2950 662 2995 neque
689 2950 785 2980 rem
819 2935 1116 2979 sacramenti:
1155 2934 1341 2994 quidam
1367 2950 1476 2979 vero
1512 2946 1695 2980 servant
1726 2935 1962 2981 Ecclesiae
1997 2935 2222 2992 formam;
2250 2947 2294 2983 et
2328 2947 2333 2958 ”

326 3004 440 3049 tales
467 3002 708 3048 conferunt
733 3002 918 3062 quidem
946 3012 1299 3055 sacramentum,
1327 3003 1406 3047 sed
1432 3017 1526 3047 non
1553 3003 1795 3048 conferunt
1819 3017 1916 3048 rem
1929 3004 2220 3049 sacramenti.
2238 3004 2335 3063 Et

326 3073 419 3117 hoc
446 3071 566 3124 dico,
594 3070 631 3115 si
657 3079 762 3114 sunt
784 3068 1024 3114 manifeste
1043 3069 1096 3112 ab
1116 3068 1322 3113 Ecclesia
1339 3071 1528 3129 praecisi
1544 3087 1554 3124 ;
1573 3071 1678 3130 quia
1697 3085 1750 3115 ex
1766 3070 1857 3116 hoc
1873 3071 1974 3131 ipso
1991 3071 2115 3131 quod
2131 3070 2295 3132 aliquis
2310 3076 2313 3081 ”

328 3139 493 3197 accipit
515 3146 805 3183 sacramenta
832 3136 885 3180 ab
916 3138 994 3190 eis,
1022 3145 1201 3195 peccat;
1230 3146 1273 3180 et
1295 3151 1373 3195 per
1399 3137 1490 3181 hoc
1523 3138 1782 3197 impeditur,
1813 3151 1872 3182 ne
1904 3137 2119 3183 effectum
2149 3132 2329 3184 sacra-7

328 3207 472 3251 menti
499 3217 829 3264 consequatur;
856 3204 975 3248 unde
1002 3203 1196 3262 August.
1225 3203 1333 3247 dicit
1358 3204 1404 3248 in
1431 3204 1506 3248 lib.
1533 3205 1604 3249 De
1631 3204 1740 3249 Fide
1767 3205 1822 3249 ad
1847 3205 2037 3250 Petrum
2060 3206 2168 3265 (cap.
2183 3204 2323 3266 36¹.)rf

330 3291 353 3315 «
380 3274 661 3318 Firmissime
686 3283 806 3326 tene,
841 3281 884 3315 et
910 3269 1167 3315 nullatenus
1201 3270 1391 3325 dubites,
1424 3282 1547 3315 extra
1585 3271 1841 3316 Ecclesiam
1875 3271 2125 3332 baptizatis,
2151 3273 2205 3319 εἰ
2227 3278 2231 3290 ²
2271 3295 2311 3312 ⁶2-
2351 3291 2352 3294 ¹

326 3342 583 3386 Ecclesiam
606 3355 700 3385 non
728 3339 956 3393 redierint,
982 3338 1209 3397 baptismo
1227 3338 1449 3382 cumulari
1473 3339 1720 3397 perniciem
1738 3348 1850 3394 ›>;et
1865 3352 1946 3400 per
1961 3339 2083 3384 hunc
2101 3339 2312 3386 modmii?⁴
2340 3355 2344 3365 ³

327 3410 436 3454 dicit
462 3410 558 3454 Leo
582 3410 705 3468 Papa
732 3425 754 3450 t<
772 3408 817 3452 in
835 3408 942 3452 sede
961 3405 1267 3450 Alexandrina
1285 3416 1678 3451 sacramentorum
1695 3406 1851 3452 lumen
1867 3420 1966 3452 esse
1984 3407 2231 3453 extinctum

328 3477 505 3522 scilicet
531 3486 753 3536 quantum
782 3474 837 3519 ad
864 3488 962 3518 rem
987 3473 1276 3526 sacramenti,
1302 3487 1396 3517 non
1430 3484 1582 3518 autem
1620 3484 1840 3533 quantum
1873 3473 1929 3518 ad
1962 3473 2112 3534 ipsum
2146 3468 2335 3534 .«3α<ει·ὲᾷ”ῑ’4

330 3554 552 3588 mentum.
593 3543 852 3603 Cyprianus
889 3549 1043 3586 autem
1079 3538 1206 3583 nullo
1242 3541 1383 3584 modo
1418 3551 1755 3585 sacramentum
1793 3539 2001 3587 conferre
2035 3540 2303 3588 haeretidui‘

328 3625 463 3671 posse
490 3609 721 3656 credebat:
744 3609 824 3655 sed
856 3608 903 3653 in
934 3607 1026 3653 hoc
1058 3607 1154 3666 ejus
1186 3607 1410 3652 sententia
1441 3621 1536 3653 non
1573 3618 1774 3652 tenetur:
1803 3607 1925 3654 unde
1956 3608 2151 3668 August.
2181 3607 2290 3655 dicit
2327 3604 2330 3607 ’
