2352 3926
290 186 401 255 406
804 198 1083 243 QUAESTIO
1123 197 1290 236 xtvn.
1332 190 1639 237 ART1cuLus
1678 195 1751 235 1v.

297 302 378 345 sed
404 300 619 360 lapidare,
635 299 757 358 quod
783 299 831 343 in
859 299 1095 358 Stephano
1121 299 1346 343 fecerunt:
1373 297 1449 343 vel
1473 297 1638 342 melius
1664 296 1910 342 dicendum
1931 306 2014 356 est,
2029 294 2154 356 quod
2178 309 2259 358 per

297 368 551 422 Romanos,
578 367 739 426 quibus
765 377 893 411 erant
918 366 1123 425 subjecti,
1150 376 1247 411 erat
1271 366 1337 411 eis
1362 375 1563 424 potestas
1594 363 1835 409 occidendi
1852 363 2115 419 interdicta..

941 591 944 593 ,
1004 543 1438 617 ARTICULUS
1479 545 1548 599 v.
1664 632 1666 634 ,
2168 553 2260 602 ‚262

518 680 713 719 UTRUM
753 680 972 718 CHRISTI
1013 681 1431 720 PERSECUTORES
1473 680 1588 717 EUM
1629 678 2045 718 COGNOVERINT.

622 791 798 849 (Opusc.
833 791 905 836 60.
933 799 1025 851 cap.
1052 795 1117 837 18.
1149 792 1284 850 infin.
1319 798 1357 836 et
1388 807 1423 837 Ι.
1452 789 1505 834 ad
1540 789 1641 835 Cor.
1667 804 1708 834 2.
1742 789 1830 834 lect.
1852 788 1932 847 2.).

385 902 461 947 AD
489 915 717 953 QUINTUM
743 903 807 947 sic
835 903 1108 962 proceditur.
1135 902 1342 957 Videtur,
1370 902 1491 962 quod
1518 911 1831 961 persecutores
1859 898 2032 944 Christi
2058 907 2172 944 eum·
2190 911 2265 943 co-

293 972 557 1029 gnoverint:
582 970 745 1014 dicitur
772 971 894 1014 enim
920 971 1081 1015 Matth.
1125 983 1195 1015 21.
1224 971 1346 1029 quod
1362 969 1611 1029 ‘agricolae
1636 969 1841 1013 videntes
1865 966 2034 1013 Filium⁴
2058 966 2264 1012 dixerunt

288 1039 405 1081 inter
426 1052 497 1082 se:
528 1039 613 1082 Hic
644 1045 701 1083 est
732 1039 869 1083 haeres
879 1054 895 1090 ,·
923 1040 1072 1092 venite,
1108 1038 1342 1083 occidamus
1368 1053 1484 1090 eum;
1513 1037 1588 1080 ubi
1621 1036 1730 1080 dicit
1754 1036 1944 1080 Hieron.
1964 1034 2033 1093 (id
2054 1034 2150 1079 hab.
2182 1035 2265 1080 Ra-

289 1107 420 1150 banus
446 1113 484 1151 et
513 1106 644 1151 Gloss.
679 1106 766 1150 ord.
794 1107 837 1150 in
870 1106 976 1150 hunc
1003 1106 1130 1163 loc.):
1167 1123 1190 1147 «
1209 1104 1448 1149 Manifeste
1481 1104 1710 1149 Dominus
1742 1102 1903 1162 probat
1935 1116 1989 1147 ex
2014 1101 2086 1147 his
2110 1100 2260 1149 verbis

289 1172 586 1230 Judaeorum,
613 1173 838 1232 principes
864 1187 958 1217 non
985 1187 1063 1231 per
1089 1173 1411 1231 ignorantiam,
1431 1172 1615 1247 sed'per
1639 1170 1856 1214 invidiam
1875 1170 1964 1213 Dei
1979 1168 2148 1214 Filium
2168 1182 2265 1212 cru—

295 1239 504 1294 cifixisse;
531 1240 850 1284 intellexerunt
875 1240 998 1283 enim
1025 1254 1130 1283 eum
1164 1254 1262 1284 esse
1294 1239 1440 1292 illum,
1474 1238 1548 1282 cui
1574 1238 1708 1281 Pater
1739 1251 1818 1295 per
1849 1236 2133 1295 Prophetam
2157 1234 2266 1280 dicit

291 1307 377 1365 (Ps.
397 1307 483 1363 2.).
501 1308 670 1352 Postula
695 1322 721 1352 a
748 1323 825 1361 me,
849 1314 884 1352 et
901 1307 1005 1351 dabo
1033 1308 1110 1351 tibi
1133 1313 1267 1365 gentes
1293 1306 1588 1350 haereditatem
1611 1310 1785 1357 tuam»;
1805 1303 2118 1386 ergovidetur‚
2140 1302 2265 1362 quod

294 1375 597 1432 cognoverint
622 1389 727 1418 eum
753 1389 850 1418 esse
870 1374 1120 1427 Christum,
1139 1373 1214 1417 vel
1237 1373 1404 1417 Filium
1430 1373 1534 1416 Dei.

387 1454 427 1484 2.
451 1441 749 1486 PRAETEREA.
766 1441 896 1499 Joan
930 1454 1011 1498 15„
1034 1440 1264 1484 Dominus
1287 1440 1418 1484 dicit.
1447 1441 1574 1484 Nunc
1592 1445 1728 1483 autem
1744 1437 2004 1493 avida-unt,
2023 1405 2074 1481 ct
2093 1417 2267 1487 adunant

295 1515 334 1552 et
365 1524 443 1561 me,
463 1515 501 1552 et
526 1509 695 1552 Patrem
726 1524 884 1552 meum:
913 1508 1034 1566 quod
1058 1518 1212 1551 autem
1237 1508 1429 1561 videtur,
1457 1505 1696 1550 manifeste
1720 1505 2036 1564 cognoscitur3
2062 1518 2175 1564 ergo
2193 1503 2267 1584 Ju-

295 1575 398 1618 daei
421 1586 753 1633 cognoscentes
782 1575 1019 1619 Christum
1047 1589 1099 1618 ex
1123 1589 1261 1619 causa
1288 1575 1381 1618 odii
1414 1575 1456 1618 ei
1477 1574 1738 1632 passionem
1763 1572 2026 1617 intulerunt.
2079 1595 2082 1599 ·

389 1658 425 1701 3
453 1643 751 1687 PRAETEREA.
778 1643 830 1686 In
854 1644 1056 1702 quodam
1074 1657 1207 1686 serm.
1227 1642 1444 1701 Ephesini
1462 1642 1609 1686 Conc.
1627 1642 1716 1699 (cit
1734 1656 1772 1700 q.
1786 1649 1934 1701 praec.
1957 1645 2038 1684 art.
2050 1638 2116 1685 ra.
2133 1638 2265 1697 ada.)

297 1711 486 1754 dicitur:
528 1711 698 1754 «Sicut
730 1711 806 1769 qui
844 1711 1049 1754 chartam
1078 1709 1363 1769 imperialem
1391 1709 1691 1768 discerpserit,
1723 1720 1942 1767 tanquam
1973 1705 2266 1766 imperatoris

289 1778 576 1835 disrumpens
594 1778 798 1832 verbum,
818 1778 872 1821 ad
892 1788 1090 1821 mortem
1118 1777 1358 1821 addicitur:
1379 1777 1442 1821 sic
1464 1776 1955 1835 crucifigensJudaeus‚
1984 1787 2120 1834 quern
2143 1773 2267 1819 vide-

296 1856 377 1899 rat,
397 1859 568 1904 poenas
591 1845 712 1889 dabit
729 1855 949 1903 tanquam
967 1845 1011 1887 in
1029 1845 1180 1904 ipsum
1197 1845 1351 1888 Deum
1369 1843 1571 1888 Verbum
1591 1843 1984 1902 praesumptiones
1999 1841 2206 1900 injiciens
2223 1856 2266 1895 »3

297 1913 388 1956 hoc
424 1922 578 1956 autem
604 1926 699 1956 non
733 1922 865 1966 esset,
897 1912 936 1956 si
959 1926 1064 1955 eum
1092 1926 1189 1956 esse
1216 1912 1303 1955 Dei
1320 1911 1486 1955 Filium
1519 1925 1612 1955 non
1640 1907 1984 1969 cognovissent3
2008 1903 2270 1968 quia-igno-

295 1979 443 2023 rantia
471 1993 550 2022 eos
577 1989 859 2034 excusasset;
888 1993 999 2036 ergo
1026 1980 1218 2033 videtur,
1248 1979 1371 2038 quod
1398 1978 1558 2036 Judaei
1591 1977 1905 2037 crucifigentes
1932 1975 2168 2021 Christum
2195 1988 2270 2020 co-

297 2055 554 2105 gnoverunt
582 2060 687 2089 eum
716 2060 814 2090 esse
841 2045 1007 2089 Filium
1035 2046 1136 2089 Dei.

389 2113 482 2157 SED
512 2125 707 2158 CONTRA
735 2123 815 2167 est,
844 2113 966 2171 quod
994 2112 1157 2156 dicitur
1188 2127 1222 2157 1.
1251 2113 1307 2156 ad
1327 2113 1536 2157 Corinth.
1557 2126 1619 2157 2.:
1650 2112 1696 2157 Si
1722 2112 2016 2170 cognovissent,
2043 2123 2264 2170 nunquam

302 2181 539 2224 Dominum
564 2180 723 2238 gloriae
764 2181 1074 2235 crucifixissent,
1104 2190 1148 2224 et
1173 2180 1276 2224 Act.
1307 2193 1344 2236 3.
1374 2180 1482 2223 dicit
1507 2179 1668 2223 Petrus
1689 2178 1872 2237 Judaeis
1902 2177 2121 2255 loquens:
2152 2177 2266 2232 Scio,

301 2250 403 2308 quia
433 2256 514 2307 per
550 2249 837 2306 ignorantiam
869 2249 1041 2306 fecistis,
1076 2250 1181 2292 sicut
1212 2255 1250 2292 et
1281 2249 1497 2308 principes
1521 2249 1651 2292 vestri
1661 2261 1679 2304 ‚·
1709 2256 1752 2291 et
1786 2245 2016 2291 Dominus
2052 2245 2101 2292 in
2132 2258 2267 2293 cruce

300 2315 503 2375 pendens
530 2314 662 2358 dicit:
692 2316 833 2369 Pater,
862 2315 1020 2360 dimitte
1042 2315 1124 2359 illis
1133 2330 1148 2367 ,⁴
1164 2330 1257 2358 -non
1282 2316 1392 2359 enim
1416 2316 1568 2369 sciunt,
1596 2314 1696 2373 quid
1702 2314 1877 2372 faciunt
1901 2312 2077 2370 (Lucae
2099 2311 2203 2372 113.).
2232 2359 2236 2362 ,

391 2382 681 2426 RESPONDEO
696 2382 955 2434 dicendum,
970 2382 1092 2440 quod
1117 2382 1438 2441 apudJudaeos
1451 2381 1635 2440 quidam
1656 2390 1783 2424 erant
1800 2381 2012 2438 majores,
2024 2379 2267 2439 etquidam

301 2452 525 2503 minores;
548 2451 820 2508 «majores»
839 2450 1022 2508 quidem
1054 2467 1077 2491 <c
1096 2450 1173 2508 qui
1199 2464 1360 2494 eorum
1382 2450 1607 2508 principes
1634 2448 1898 2492 dicebantur
1914 2464 1956 2503 n,
1973 2456 2023 2492 ut
2038 2445 2201 2511 dicitur
2219 2446 2266 2492 in

297 2517 373 2560 lib.
420 2516 608 2568 Quaest.
643 2526 797 2570 veter„
838 2527 881 2560 et
903 2517 1012 2560 novi
1041 2517 1243 2561 Testam.
1271 2518 1332 2576 (q.
1373 2517 1445 2562 66.
1480 2531 1506 2560 a
1538 2515 1641 2560 med.
1676 2517 1786 2560 inter
1821 2522 1886 2574 op.
1913 2515 2064 2574 Augu),
2102 2531 2127 2556 «
2148 2513 2268 2562 sicut

300 2594 345 2628 et
387 2585 636 2627 daemones
675 2595 991 2642 cognoverunt
1028 2599 1133 2628 eum
1170 2599 1268 2629 esse
1292 2584 1532 2628 Christum
1558 2583 1835 2642 promissum
1866 2581 1915 2625 in
1945 2580 2087 2641 leget
2108 2580 2267 2629 omnia

304 2651 428 2695 enim
455 2652 585 2710 signa
602 2651 816 2695 videbant
833 2652 878 2694 in
899 2666 969 2705 eo,
988 2666 1103 2710 quae
1122 2652 1329 2696 dixerunt
1345 2650 1492 2695 futura
1514 2650 1794 2708 Prophetae:
1814 2649 2082 2708 mysterium
2111 2658 2265 2693 autem

301 2718 547 2762 divinitatis
575 2719 669 2775 ejus
702 2718 975 2777 ignorabant
1000 2734 1048 2763 »z
1093 2729 1135 2763 et
1167 2719 1272 2763 ideo
1307 2717 1556 2778 Apostolus
1590 2717 1713 2771 dicit,
1748 2717 1870 2775 quod
1901 2717 1936 2762 si
1967 2716 2263 2775 cognovissent,

300 2800 517 2844 nunquam
560 2786 799 2829 Dominum
847 2786 1007 2843 gloriae
1059 2787 1364 2844 crucifixissent.
1410 2783 1659 2829 Sciendum
1710 2793 1880 2838 tamen,
1913 2782 2068 2842 quod
2106 2792 2267 2831 eorum

298 2852 558 2911 ignorantia
585 2866 678 2912 non
706 2866 785 2909 eos
810 2853 1053 2896 excusabat
1081 2867 1105 2895 a
1135 2853 1347 2907 crimine;
1376 2852 1480 2911 quia
1507 2862 1602 2897 erat
1628 2849 1976 2910 quodammodo
2006 2849 2266 2909 ignorantia

299 2919 531 2963 affectata·
562 2902 775 2963 videbant
809 2920 931 2963 enim
965 2920 1190 2963 evidentia
1225 2921 1353 2978 signa
1381 2919 1624 2963 divinitatis
1661 2918 1815 2977 ipsius,
1847 2917 1927 2962 sed
1958 2930 2026 2966 ex
2057 2916 2181 2971 odie,
2220 2924 2266 2960 et
2342 2906 2352 2945 f

292 2987 470 3030 invidia
499 2986 670 3031 Christi
693 3001 746 3030 ea
769 2987 1108 3045 pervertebant3
1137 2998 1180 3030 et
1196 2987 1344 3031 verbis
1363 2989 1472 3045 ejus,
1499 2987 1660 3045 quibus
1677 3000 1726 3030 se
1742 2985 1832 3030 Dei
1847 2984 2014 3030 Filium
2029 2983 2265 3039 fatebatur,

301 3054 484 3098 credere
511 3053 781 3098 noluerunt.
800 3053 947 3098 unde
936 3067 1031 3112 ipse
1055 3055 1108 3097 de
1138 3054 1201 3098 eis
1224 3054 1332 3098 dicit
1347 3054 1508 3112 Joann.
1533 3067 1625 3109 15.:
1646 3053 1694 3098 Si
1708 3067 1794 3097 non
1818 3054 2030 3106 venissem,
2057 3051 2268 3101 atheneus
2340 3100 2347 3106 ,

300 3124 356 3166 cis
383 3137 464 3165 non
504 3122 693 3180 fuissem,
711 3127 926 3180 peccatum
954 3136 1036 3163 non
1066 3122 1284 3165 haberent:
1312 3137 1421 3165 nunc
1448 3127 1584 3165 autem
1610 3121 1911 3165 excusationem
1933 3133 2018 3164 non
2042 3118 2196 3166 habent
2215 3116 2268 3167 ,dt

296 3195 466 3248 peccato
493 3203 590 3242 suo;
621 3198 664 3231 et
685 3197 842 3247 postea
868 3187 1038 3231 subdit:
1068 3189 1112 3231 Si
1134 3196 1259 3246 opera
1283 3191 1364 3231 tlon
1382 3188 1601 3246 fecissem
1586 3203 1630 3231 m
1651 3189 1720 3240 eis,
1749 3200 1854 3246 quac
1872 3199 1996 3232 namo
2016 3186 2128 3230 alius
2139 3178 2260 3245 fecit,

292 3262 512 3314 peccatum
538 3270 622 3299 non
656 3256 878 3300 haberent:
919 3265 961 3298 et
986 3254 1049 3298 sic
1079 3269 1131 3298 ex
1165 3268 1357 3313 persona
1387 3269 1548 3299 eorum
1577 3254 1719 3331 accipi
1755 3262 1919 3312 potest,
1945 3252 2069 3312 quod
2103 3251 2266 3299 dicitur
2334 3248 2352 3278 '‘²‘'

291 3323 376 3380 Job
422 3336 515 3366 21.:
550 3324 763 3367 Dixeritnt
790 3323 912 3367 Deo:
955 3321 1102 3366 Recede
1155 3336 1180 3365 a
1227 3324 1355 3374 nobis,
1397 3324 1610 3367 scientiam
1645 3323 1815 3366 viarum
1841 3326 2013 3366 tuarum
2042 3319 2260 3372 nolumus&
2337 3327 2349 3342 ⁸

301 3390 503 3433 minores
529 3404 655 3444 vero,
680 3390 794 3433 idest
825 3387 1083 3448 populares,
1116 3388 1193 3446 qui
1234 3389 1449 3447 mysteria
1484 3389 1744 3446 Scripturae
1769 3401 1865 3432 non
1896 3395 2134 3449 noverant,
2164 3399 2260 3432 non

299 3457 432 3516 plene
460 3467 778 3516 cognoverunt
804 3457 951 3516 ipsum
972 3470 1068 3500 esse
1086 3469 1170 3499 nec
1190 3455 1442 3510 Christum,
1455 3470 1540 3500 nec
1558 3455 1722 3500 Filium
1740 3455 1844 3509 Dei;
1860 3452 1968 3500 licet
1984 3453 2108 3501 enim
2126 3451 2264 3512 aliqui

298 3539 459 3567 eorum
488 3525 532 3568 in
570 3539 675 3568 eum
704 3523 998 3578 crediderint3
1025 3522 1270 3567 multitudo
1304 3533 1459 3567 tamen
1498 3537 1591 3567 non
1621 3521 1831 3568 credidit:
1859 3531 1904 3566 et
1937 3520 1977 3566 si
2012 3518 2259 3580 aliquando

298 3591 629 3646 dubitaverunt,
658 3605 713 3636 an
742 3591 837 3649 ipse
866 3599 987 3636 esset
1010 3589 1235 3643 Christus,
1253 3599 1436 3648 propter
1463 3589 1700 3648 signorum
1726 3587 2080 3643 multitudinem,
2105 3582 2265 3637 etteffi-
