2352 3926
654 194 934 240 QUAESTIO
976 194 1201 233 cxxxvi.
1243 194 1552 234 Alimentus
1593 194 1629 232 1.
2029 179 2130 235 801

258 296 548 342 RESPONDEO
575 296 832 350 dicendum,
855 295 977 355 quod
995 295 1085 340 hoc
1104 295 1227 355 quod
1245 295 1429 355 aliquod
1453 307 1696 356 peccatum
1712 310 1792 356 per
1808 297 2137 356 poenitentiam

166 362 269 409 tolli
294 378 389 408 non
414 364 572 422 possit,
598 373 747 422 potest
773 363 1041 421 contingere
1068 362 1316 423 dupliciter:
1339 378 1421 407 uno
1448 363 1586 418 modo,
1619 363 1725 423 quia
1758 363 1919 423 aliquis
1952 364 2007 408 de
2039 378 2140 424 pec-

167 440 272 475 cato
298 430 531 490 poenitere
556 444 650 475 non
676 439 853 490 posset:
882 429 966 474 alio
985 428 1119 481 modo,
1138 429 1243 488 quia
1270 430 1550 488 poenitentia
1572 444 1665 474 non
1690 440 1845 490 posset
1861 429 2013 476 delere
2036 444 2138 491 pec·

167 507 344 542 catum:
365 498 507 557 primo
534 496 718 556 quidem
742 495 863 541 modo
889 509 983 540 non
1006 506 1196 555 possunt
1218 510 1299 554 per
1319 496 1651 555 poenitentiam
1670 496 1812 542 deleri
1827 508 2018 557 peccata
2037 498 2138 543 dae-

166 578 375 618 monum,
398 573 442 608 et
467 565 605 608 etiam
626 563 868 608 hominum
887 563 1227 617 damnatorum,
1245 563 1351 622 quia
1369 562 1557 607 affectus
1577 578 1738 608 eorum
1757 574 1860 609 sunt
1876 564 2138 610 confirmati

165 629 212 675 in
238 629 378 684 malo,
403 631 466 674 ita
493 631 615 690 quod
640 644 736 674 non
762 639 912 689 potest
937 630 1002 674 eis
1030 629 1271 689 displicere
1298 639 1555 688 peccatum,
1588 630 1861 690 inquantum
1890 642 1957 676 est
1983 631 2134 691 culpa,

166 696 245 743 sed
270 696 423 742 solum
450 696 659 757 displicet
684 697 747 741 eis
773 710 938 756 poena,
964 711 1103 756 quam
1128 697 1374 756 patiuntur,
1400 697 1577 742 ratione
1601 699 1727 756 cujus
1752 698 1955 757 aliquam
1982 700 2139 758 poeni-

165 763 370 816 tentiam,
411 764 490 808 sed
530 762 877 817 infructuosam,
910 763 1094 817 habent,
1127 763 1380 807 secundum
1422 763 1534 808 illud
1577 764 1683 823 Sap.
1731 779 1791 822 5.:
1832 766 2137 811 Poenitentiam

165 837 338 890 agentes,
358 836 395 876 et
412 838 521 891 prae
545 832 739 890 angustia
758 832 929 890 spiritus
951 836 1150 888 gementes
1159 845 1176 882 ;
1211 830 1330 874 unde
1362 831 1464 875 talis
1499 831 1781 890 poenitentia
1806 846 1901 876 non
1929 843 1994 877 est
2027 846 2136 877 cum

165 911 245 958 spe
269 897 446 951 veniae,
468 897 546 942 sed
574 912 680 941 cum
707 897 1040 956 desperatione.
1071 895 1189 941 Tale
1216 907 1370 942 autem
1396 913 1491 942 non
1518 907 1668 958 potest
1694 913 1793 943 esse
1821 899 2006 959 aliquod
2033 914 2136 960 pec-

166 974 321 1010 catum
345 964 547 1008 hominis
572 964 774 1018 viatoris,
801 965 930 1023 cujus
956 964 1151 1009 liberum
1186 964 1420 1009 arbitrium
1453 965 1648 1010 flexibile
1681 976 1750 1011 est
1781 967 1837 1011 ad
1868 967 2061 1023 bonum,
2094 978 2138 1012 et

166 1031 223 1076 ad
248 1029 448 1086 malum;
475 1030 594 1075 unde
620 1030 772 1076 dicere
799 1031 922 1090 quod
950 1030 1135 1090 aliquod
1162 1042 1405 1092 peccatum
1431 1032 1489 1077 sit
1513 1033 1561 1076 in
1587 1033 1674 1077 hac
1697 1034 1804 1087 vita,
1832 1034 1887 1079 de
1914 1048 2006 1093 quo
2034 1034 2135 1094 quis

164 1097 400 1158 poenitere
426 1111 521 1142 non
547 1098 704 1157 possit,
731 1112 976 1142 erroneum
1004 1109 1094 1143 est:
1117 1101 1261 1159 primo
1289 1099 1490 1159 quidem,
1523 1102 1627 1159 quia
1661 1115 1740 1160 per
1771 1101 1863 1145 hoc
1897 1100 2135 1146 tolleretur

164 1163 348 1211 libertas
375 1164 567 1209 arbitrii:
594 1164 783 1219 secundo,
812 1165 918 1224 quia
944 1179 1025 1224 per
1045 1166 1136 1210 hoc
1165 1167 1462 1224 derogaretur
1487 1166 1641 1211 virtuti
1674 1168 1862 1226 gratiae,
1890 1182 1970 1228 per
1996 1182 2137 1227 quarn

166 1231 343 1276 moveri
367 1242 518 1290 potest
543 1246 623 1277 cor
650 1233 979 1291 cujuscumque
1005 1234 1259 1292 peccatoris
1287 1233 1342 1278 'ad
1365 1234 1710 1292 poenitendum,
1737 1236 1991 1279 secundum
2023 1234 2137 1279 illud

165 1298 381 1343 Proverb.
409 1311 504 1344 21.:
535 1299 623 1344 Cor
647 1300 753 1358 regis
778 1301 822 1343 in
847 1314 979 1343 manu
1005 1301 1103 1354 Dei,
1131 1307 1168 1344 et
1193 1315 1449 1360 quocumque
1470 1301 1666 1358 voluerit,
1693 1307 1822 1347 vertet
1847 1302 1964 1348 illud.
1995 1301 2138 1354 Quod

167 1374 323 1410 autem
346 1365 519 1411 secundo
546 1365 667 1410 modo
704 1380 799 1410 non
831 1366 975 1426 possit
1011 1381 1091 1426 per
1115 1382 1274 1412 veram
1307 1368 1638 1427 poenitentiam
1673 1367 1859 1428 aliquod
1895 1379 2138 1428 peccatum

164 1432 348 1487 remitti,
376 1443 443 1477 est
475 1433 612 1478 etiam
647 1447 913 1478 erroneum:
947 1436 1091 1493 primo
1120 1435 1320 1494 quidem,
1347 1435 1453 1494 quia
1489 1446 1714 1495 repugnat
1749 1437 1930 1481 divinae
1967 1437 2140 1482 miseri-

167 1499 368 1554 cordiae,
395 1499 451 1544 de
478 1515 565 1559 qua
592 1500 755 1544 dicitur
773 1499 888 1558 Joel.
918 1515 974 1555 2.,
1001 1502 1124 1560 quod
1152 1504 1361 1560 benignus,
1389 1510 1429 1548 et
1459 1504 1695 1548 misericors
1725 1510 1796 1560 est,
1829 1511 1869 1550 et
1892 1507 2073 1564 patiem,
2101 1511 2137 1550 et

164 1566 320 1612 multae
334 1566 660 1622 misericordiae,
679 1573 718 1613 et
735 1568 1001 1626 praestabilis
1015 1576 1136 1628 super
1151 1570 1317 1614 malitia
1327 1585 1344 1622 ;
1371 1571 1630 1615 vinceretur
1647 1572 1771 1615 enim
1787 1572 2135 1631 quodammodo

166 1633 294 1678 Deus
331 1633 385 1678 ab
418 1633 626 1688 homine,
661 1634 700 1678 si
733 1634 880 1678 homo
916 1645 1162 1694 peccatum
1193 1635 1331 1680 vellet
1356 1636 1513 1691 deleri,
1540 1638 1663 1696 quod
1696 1638 1825 1683 Deus
1857 1638 2009 1684 delere
2041 1653 2137 1684 non

165 1699 326 1745 vellet:
347 1700 538 1755 secundo,
567 1701 672 1760 quia
697 1700 788 1746 hoc
815 1700 1058 1761 derogaret
1082 1703 1235 1747 virtuti
1268 1704 1492 1763 passionis
1521 1703 1706 1759 Christi,
1739 1720 1821 1764 per
1853 1721 1992 1765 quam
2025 1721 2136 1766 poe-

163 1767 353 1812 nitentia
383 1777 609 1828 operatur,
639 1768 756 1813 sicut
787 1778 831 1813 et
856 1779 1033 1814 caetera
1061 1780 1364 1826 sacramenta,
1392 1785 1499 1815 cum
1531 1772 1751 1831 scriptum
1774 1773 1831 1817 sit
1856 1787 1896 1818 1.
1915 1773 2046 1831 Joan.
2071 1786 2135 1820 2.:

162 1835 254 1895 Ipse
278 1842 334 1881 est
356 1837 603 1896 propitiatio
622 1844 704 1896 pro
720 1838 901 1896 peccatis
925 1838 1093 1892 nostris,
1120 1852 1205 1882 non
1229 1838 1363 1883 solum
1387 1841 1552 1894 nostris,
1575 1839 1642 1884 sed
1663 1842 1792 1885 etiam
1814 1842 1936 1885 totius
1957 1841 2107 1886 mundi
2118 1857 2133 1894 ;

163 1903 284 1947 u'nde
310 1902 576 1962 simpliciter
593 1903 837 1947 dicendum
865 1913 946 1958 est,
973 1903 1096 1963 quod
1130 1919 1269 1949 omne
1301 1915 1544 1964 peccatum
1570 1906 1617 1949 in
1643 1906 1730 1952 hac
1757 1907 1850 1951 vita
1875 1922 1956 1966 per
1981 1908 2136 1968 poeni-

163 1969 356 2014 tentiam
382 1984 538 2015 veram
566 1970 708 2015 deleri
733 1980 896 2029 potest.

254 2036 331 2082 AD
362 2049 551 2083 PRIMUM
577 2050 688 2096 ergo
715 2036 974 2092 dicendum,
1008 2038 1131 2097 quod
1156 2038 1276 2082 Esau
1307 2053 1402 2083 non
1434 2054 1540 2084 vere
1573 2041 1820 2100 poenituit;
1857 2042 1979 2101 quod
2012 2052 2138 2101 patet

165 2117 219 2148 ex
249 2102 342 2148 hoc
374 2103 496 2163 quod
530 2104 639 2148 dixit
670 2104 800 2162 (Gen.
833 2104 942 2164 27.).·
987 2105 1155 2149 Venient
1179 2105 1262 2150 dies
1287 2105 1418 2151 luctus
1436 2108 1573 2166 patris
1598 2109 1694 2161 mei,
1727 2114 1762 2153 et
1794 2109 1982 2154 occidam
2001 2110 2134 2166 Jacob

153 2169 342 2229 fratrem
367 2186 532 2216 meum:
559 2170 766 2215 similiter
793 2170 932 2215 etiam
962 2185 1050 2216 nec
1082 2172 1342 2217 Antiochus
1366 2188 1475 2218 vere
1507 2175 1761 2233 poenituit;
1795 2176 1979 2220 dolebat
2012 2177 2136 2221 enim

164 2236 220 2281 de
247 2235 382 2296 culpa
406 2237 662 2298 praeterita,
688 2251 781 2282 non
809 2247 993 2297 propter
1020 2237 1245 2284 offensam
1271 2239 1375 2294 Dei,
1398 2241 1477 2285 sed
1499 2251 1685 2301 propter
1701 2242 2016 2288 infirmitatem
2040 2258 2138 2288 cor-

147 2302 388 2364 -poralem,
415 2318 554 2363 quam
580 2304 847 2363 patiebatur.
1813 2322 1821 2328 ·

253 2370 331 2416 AD
353 2383 615 2416 SECUNDUM
632 2371 891 2425 dicendum,
915 2371 1038 2430 quod
1064 2370 1178 2417 illud
1204 2374 1394 2418 verbum
1420 2375 1668 2434 Augustini
1693 2376 1757 2421 sic
1783 2376 2134 2437 intelligendum

163 2446 258 2483 est:
286 2453 310 2478 ε(
330 2435 482 2482 Tanta
507 2447 576 2483 est
600 2437 725 2482 labes
750 2437 872 2483 illius
898 2440 1092 2498 peccati,
1126 2449 1175 2484 ut
1201 2440 1477 2500 deprecandi
1512 2442 1821 2488 humilitatem
1857 2444 2007 2489 subire
2040 2459 2135 2489 non

164 2503 309 2563 possit
328 2521 371 2559 n,
397 2504 572 2550 sc'ilicet
596 2504 652 2549 de
677 2504 816 2559 facili,
842 2506 1095 2550 secundum
1122 2507 1246 2566 quod
1273 2508 1436 2553 dicitur
1467 2509 1544 2554 ille
1576 2525 1671 2555 non
1698 2525 1832 2570 posse
1866 2512 2032 2566 sanari,
2059 2514 2136 2572 qui

163 2584 259 2616 non
284 2580 434 2629 potest
458 2571 514 2616 de
539 2570 663 2616 facili
688 2572 866 2616 sanari:
893 2582 1046 2631 potest
1070 2582 1228 2619 tamen
1253 2574 1346 2620 hoc
1372 2575 1469 2620 fieri
1496 2590 1576 2636 per
1603 2578 1783 2622 divinae
1811 2578 1984 2637 gratiae
2001 2579 2138 2623 virtu-

164 2646 275 2692 tem,
302 2651 419 2696 quae
444 2637 584 2683 etiam
609 2638 838 2683 interdum
859 2641 905 2683 in
922 2640 1188 2699 profundum
1208 2644 1341 2688 maris
1363 2645 1581 2698 convertit,
1605 2655 1653 2688 ut
1675 2644 1839 2689 dicitur
1855 2645 1901 2688 in
1919 2644 2038 2689 Psal.
2062 2643 2134 2703 67.

254 2703 332 2748 AD
359 2716 576 2749 TERTmM
603 2704 867 2765 dicendum,
896 2706 1019 2765 quod
1051 2706 1162 2751 illud
1189 2710 1394 2764 verbum,
1422 2709 1497 2755 vel
1529 2710 1814 2769 blasphemia
1847 2722 2006 2756 contra
2040 2711 2137 2772 Spi-

166 2769 306 2814 ritum
339 2770 561 2815 Sanctum
589 2781 657 2815 est
681 2770 828 2816 finalis
859 2772 1219 2832 impoenitentia,
1253 2786 1302 2820 ut
1332 2777 1527 2837 August.
1563 2777 1671 2822 dicit
1702 2778 1748 2822 in
1780 2778 1855 2822 lib.
1883 2778 1940 2823 de
1967 2779 2131 2824 Verbis

164 2835 356 2881 Domini
384 2837 527 2895 (serm.
552 2853 612 2883 11.
652 2846 743 2898 cap.
770 2853 833 2883 12.
866 2845 904 2884 et
929 2839 1024 2899 13.),
1058 2855 1174 2900 quae
1211 2843 1391 2902 penitus
1423 2844 1744 2888 irremissibilis
1778 2855 1858 2903 est,
1893 2846 1998 2904 quia
2029 2856 2134 2905 post

164 2901 305 2948 finem
331 2903 466 2963 hujus
491 2904 611 2949 vitae
636 2918 732 2949 non
759 2914 827 2948 est
850 2906 1061 2951 remissio
1094 2920 1420 2966 peccatorum:
1445 2909 1520 2954 vel
1545 2911 1583 2954 si
1609 2910 1888 2970 intelligatur
1914 2926 1994 2971 per
2019 2911 2136 2958 blas-

164 2969 400 3030 phemiam
429 2970 622 3029 Spiritus
640 2970 796 3015 Sancti
824 2982 1079 3031 peccatum,
1098 2975 1220 3033 quod
1247 2975 1296 3020 fit
1322 2990 1376 3020 ex
1403 2987 1527 3021 certa
1554 2976 1743 3032 malitia,
1770 2977 1845 3022 vel
1872 2978 2012 3023 etiam
2034 2979 2133 3039 ipsa

163 3035 449 3096 blasphemia
486 3037 679 3097 Spiritus
707 3037 878 3092 Sancti,
905 3038 1069 3083 dicitur
1100 3055 1194 3085 non
1228 3043 1411 3097 remitti,
1447 3043 1622 3088 scilicet
1654 3043 1709 3089 de
1740 3043 1892 3090 facili:
1919 3044 1995 3090 vel
2026 3046 2133 3105 quia

164 3102 255 3148 tale
287 3114 529 3163 peccatum
561 3118 655 3148 non
689 3103 828 3148 habet
857 3104 905 3148 in
931 3119 979 3150 se
1007 3120 1195 3152 causam
1233 3109 1559 3154 excusationis:
1587 3110 1661 3156 vel
1688 3113 1794 3171 quia
1819 3126 1902 3172 pro
1929 3111 2008 3157 tali
2034 3127 2137 3172 pec-

166 3180 270 3216 cato
295 3171 479 3231 p‘unitur
504 3170 666 3231 aliquis
699 3180 745 3216 et
774 3170 822 3215 in
853 3170 945 3216 hoc
978 3173 1179 3229 saeculo,
1207 3185 1251 3219 et
1282 3176 1328 3220 in
1360 3174 1528 3231 futuro,
1554 3186 1603 3221 ut
1634 3178 1681 3221 in
1714 3190 1755 3225 2.
1783 3179 2041 3238 expositum
2068 3190 2136 3224 est

165 3237 271 3296 (3-2.
297 3252 337 3298 q.
363 3237 467 3296 ιφ).

346 3694 382 3730 S.
406 3694 561 3730 Tuom
587 3695 719 3730 summa
750 3697 952 3743 Theologica.
979 3699 1060 3734 Vol.
1086 3699 1149 3735 IV.
1912 3715 1949 3747 51
