2352 3926
292 223 401 278 344
850 222 1126 267 QUAEsT1o
1167 222 1256 260 Χῖ..
1290 220 1598 263 ARTIcuLus
1637 223 1713 262 111.

291 320 433 364 ralem
461 319 726 377 assumpsit3
753 329 801 363 ut
826 319 959 364 nobis
985 320 1127 364 vitam
1152 319 1391 380 largiretur
1417 321 1721 380 spiritualem;
1747 323 1809 366 ita
1831 320 2125 381 corporalem
2147 331 2255 380 pau·

288 397 510 445 pertatem
536 386 760 440 sustinuit,
787 396 837 430 ut
861 387 992 439 nobis
1036 387 1214 432 divitias
1255 388 1510 447 spirituales
1551 388 1804 447 largiretur,
1843 389 2095 435 secundum
2141 386 2253 433 illud

292 467 332 498 2.
357 454 411 504 ad
440 453 648 498 Corinth.
677 453 717 496 8.
737 469 746 497 :
770 454 891 498 Scitis
909 456 1096 512 gratiam
1117 456 1298 499 Domini
1319 457 1451 500 nostri
1466 457 1561 512 Jesu
1587 456 1757 510 Christi,
1777 458 1973 514 quoniam
1989 460 2165 516 propiori
2182 470 2256 500 vos

290 536 432 578 egenus
457 522 590 574 factus
621 527 688 572 est,
720 528 766 565 ut
797 521 909 565 illias
941 523 1088 581 inopia
1113 522 1259 567 divites
1281 525 1407 567 essetis
1418 539 1433 575 ;
1459 525 1593 576 tertio,
1617 537 1675 567 ne
1698 523 1737 567 si
1758 522 1936 568 divitias
1956 523 2159 576 haberet,
2181 535 2255 567 cu-

288 587 463 646 piditati
490 588 585 645 ejus
617 588 896 645 praedicatio
930 588 1281 644 adscriberetur3
1314 590 1433 633 unde
1467 590 1654 634 Hieron.
1689 589 1798 634 dicit
1833 604 1967 649 super
2001 588 2163 634 Matth.
2190 590 2256 646 (in

289 654 392 698 illud
425 662 513 714 cap.
548 671 636 700 10..·
671 655 810 700 Nolite
835 655 1039 714 possidere
1071 658 1255 713 aarum),
1295 657 1418 716 quod
1464 675 1487 699 «
1523 657 1561 701 si
1601 656 1811 716 discipuli
1843 659 1937 716 ejus
1970 656 2150 703 divitias
2182 656 2258 701 ha·

288 722 504 775 buissent,
530 722 788 768 viderentur
809 737 904 766 non
930 738 1066 767 causa
1083 723 1239 768 salutis
1260 724 1520 778 hominum,
1542 725 1620 768 sed
1644 738 1780 769 causa
1801 722 1916 768 lucri
1936 723 2197 783 praedicare
2213 738 2256 776 »3

291 799 334 832 et
366 789 526 832 eadem
559 790 674 833 ratio
710 799 777 833 est
808 790 864 834 de
899 790 1110 846 Christ03
1143 798 1307 850 quarto,
1336 801 1384 835 ut
1409 802 1537 835 tanto
1560 793 1711 851 major
1732 793 1872 836 virtus
1894 790 2145 841 divinitatis
2161 791 2257 849 ejus

292 856 619 910 ostenderetur,
653 867 823 915 quanto
856 871 935 916 per
966 869 1279 917 paupertatem
1311 859 1547 903 videbatur
1580 858 1821 918 abjectior:
1855 858 1975 903 unde
2017 857 2180 902 dicitur
2209 856 2257 901 in

291 923 495 982 quodam
541 923 766 968 Sermone
807 924 1027 983 Ephesini
1069 925 1268 971 Concilii
1310 926 1360 983 (a
1399 925 1501 972 med.
1537 932 1573 970 et
1606 927 1701 970 hab.
1731 928 1776 970 in
1808 940 1853 970 eo
1887 925 2048 970 Concil.
2074 930 2257 985 parts3.

291 999 380 1050 cap.
414 991 497 1050 9.).·
535 991 761 1036 «Omnia
792 1005 1007 1050 paupera,
1041 1002 1085 1036 et
1115 992 1223 1036 vilia
1267 992 1418 1051 elegit,
1461 994 1616 1036 omnia
1659 992 1924 1047 mediocria,
1967 1003 2012 1036 et
2052 990 2258 1052 plurimis

291 1059 498 1113 obscura,
521 1068 570 1102 ut
591 1058 800 1103 divinitas
823 1069 1180 1117 cognosceretur
1201 1060 1359 1104 orbern
1381 1059 1728 1104 transformasse
1751 1070 1996 1104 terrarum:
2020 1068 2258 1119 propterea

290 1125 618 1185 pauperculam
646 1125 784 1186 elegit
815 1137 1027 1181 matrem,
1059 1128 1378 1187 pauperiorem
1409 1127 1626 1187 patriam3
1669 1141 1808 1185 egens
1849 1125 1934 1171 fuit
1964 1126 2183 1186 pecuniis,
2215 1135 2261 1169 et

289 1195 381 1239 hoc
407 1194 488 1238 tibi
520 1193 706 1253 exponit
735 1209 951 1254 praesepe
977 1211 1018 1238 ».

382 1261 458 1306 AD
484 1274 673 1306 PRIMUM
702 1275 811 1320 ergo
839 1261 1100 1316 dicendum,
1133 1261 1256 1320 quod
1288 1260 1699 1320 superabundantia
1721 1260 1996 1315 divitiarum,
2019 1269 2064 1305 et
2085 1251 2261 1304 mendi-

293 1328 404 1373 citas
430 1328 614 1372 vitanda
638 1328 847 1372 videntur
875 1329 928 1372 ab
956 1329 1041 1383 his,
1069 1331 1144 1388 qui
1176 1328 1338 1372 volunt
1359 1329 1512 1373 vivere
1545 1327 1798 1372 secundum
1819 1329 2048 1383 virtutem,
2073 1329 2262 1387 inquan-

292 1407 390 1440 tum
422 1406 526 1440 sunt
559 1397 826 1440 occasiones
858 1396 1103 1455 peccandi;
1146 1395 1421 1440 abundantia
1464 1410 1663 1455 namque
1705 1394 1966 1440 divitiarum
2007 1404 2076 1440 est
2107 1409 2259 1471 super-

292 1463 445 1508 biendi
468 1464 675 1508 occasio:
702 1463 968 1507 mendicitas
992 1474 1144 1507 autem
1167 1474 1236 1508 est
1257 1464 1441 1507 occasio
1464 1462 1657 1517 furandi,
1675 1473 1719 1508 et
1741 1463 2005 1517 mentiendi,
2024 1471 2103 1506 aut
2121 1462 2262 1509 etiam

292 1531 575 1591 perjurandi3
603 1531 708 1590 quia
730 1545 839 1575 vero
868 1531 1076 1576 Christus
1100 1531 1277 1590 peccati
1299 1545 1441 1590 capax
1462 1545 1556 1574 non
1579 1541 1688 1585 erat,
1710 1541 1894 1590 propter
1914 1530 2034 1575 hanc
2058 1543 2262 1584 causam,

294 1614 348 1643 ex
381 1613 469 1658 qua
493 1598 718 1643 Salomon
739 1599 830 1642 hoc
852 1599 1036 1653 vitabat,
1066 1599 1251 1643 Christo
1277 1597 1462 1642 vitanda
1483 1612 1577 1642 non
1601 1607 1740 1642 erant.
1763 1597 1925 1657 Neque
1950 1607 2107 1643 tamen
2129 1611 2264 1656 quae-

293 1667 402 1711 libet
433 1667 703 1711 mendicitas
736 1677 803 1711 est
833 1666 1027 1721 furandi,
1061 1676 1106 1711 et
1136 1666 1397 1726 perjurandi
1419 1666 1630 1720 occasio3
1654 1675 1702 1710 ut
1722 1665 1892 1710 ibidem
1916 1663 2142 1709 Salomon
2163 1663 2264 1713 sub·

293 1734 399 1778 dere
431 1734 632 1788 videtur;
664 1733 743 1778 sed
775 1733 875 1778 sola
905 1733 998 1788 illa,
1032 1748 1148 1793 quae
1181 1743 1249 1778 est
1280 1734 1508 1777 contraria
1529 1732 1766 1788 voluntati,
1790 1733 1846 1777 ad
1868 1746 2008 1792 quam
2028 1730 2262 1778 vitandam

293 1802 440 1845 homo
456 1801 643 1856 furatur,
662 1812 707 1846 et
722 1803 940 1860 perjurat:
961 1802 1039 1845 sed
1062 1810 1303 1860 paupertas
1324 1799 1582 1844 voluntaria
1603 1801 1695 1845 hoc
1717 1798 1972 1859 periculum
1993 1812 2089 1844 non
2103 1797 2262 1852 habet3

296 1879 341 1913 et
370 1868 510 1913 talem
542 1878 859 1928 paupertatem
887 1869 1095 1913 Christus
1129 1869 1279 1928 elegit.

384 1937 459 1980 AD
488 1950 748 1981 SECUNDUM
775 1936 1033 1990 dicendum,
1061 1937 1183 1995 quod
1219 1935 1457 1981 communi
1487 1935 1580 1979 vita
1611 1935 1689 1989 uti,
1723 1944 1944 1994 quantum
1985 1934 2041 1978 ad
2072 1933 2262 1987 victum,

296 2013 340 2047 et
365 2003 595 2058 vestitum,
628 2014 778 2063 potest
810 2004 971 2063 aliquis
1003 2018 1098 2047 non
1131 2003 1283 2048 solum
1315 2003 1492 2047 divitias
1526 2002 1816 2061 possidendo,
1848 2002 1927 2046 sed
1960 2001 2099 2045 etiarn
2122 2015 2148 2045 a
2170 2014 2266 2044 mu-

295 2070 495 2125 lieribus,
529 2081 572 2115 et
605 2072 816 2116 divitibus
848 2071 1105 2115 necessaria
1133 2071 1425 2130 accipiendo:
1454 2071 1576 2129 quod
1610 2070 1749 2114 etiam
1783 2070 1904 2113 circa
1938 2068 2174 2113 Christum
2204 2066 2266 2111 fa-

298 2148 422 2182 ctum
456 2149 541 2183 est:
576 2139 738 2183 dicitur
770 2141 891 2183 enim
924 2139 1077 2183 Lucae
1112 2139 1168 2193 8.,
1203 2139 1325 2197 quod
1356 2138 1546 2182 mulieres
1579 2137 1782 2195 quaedam
1813 2133 2268 2196 sequebantur-Chri-

297 2215 433 2260 stum,
466 2221 569 2264 quae
601 2208 900 2251 ministrabant
925 2208 962 2251 ei
993 2206 1039 2251 de
1062 2206 1339 2265 facultatibus
1359 2206 1454 2249 suis.
1478 2204 1543 2248 Ut
1565 2205 1686 2248 enim
1712 2203 1981 2262 Hieronym.
2005 2202 2114 2254 dicit
2131 2214 2267 2260 super

298 2274 460 2318 Matth.
494 2280 604 2334 (sup.
631 2274 736 2318 illud
767 2282 856 2333 cap.
889 2288 984 2333 27..·
1017 2275 1157 2318 Erant
1188 2274 1247 2317 ibi
1279 2271 1493 2329 mulieres)
1520 2271 1908 2315 «consuetudinis
1939 2269 2147 2329 judaicae
2167 2266 2268 2323 fuit,

297 2355 382 2384 nec
416 2340 663 2384 ducebatur
694 2341 741 2384 in
775 2340 957 2400 culpam
990 2354 1120 2395 more
1153 2340 1301 2399 gentis
1335 2339 1538 2398 antiquo,
1572 2348 1621 2382 ut
1661 2337 1876 2383 mulieres
1918 2336 1974 2383 de
2005 2335 2269 2396 {substantia

299 2422 379 2452 sua
404 2408 593 2462 victum,
627 2418 760 2466 atque
791 2410 1005 2452 vestitum
1039 2406 1408 2467 praeceptoribus
1441 2405 1533 2449 suis
1567 2405 1894 2451 ministrarent}
1928 2403 2007 2449 sed
2038 2402 2146 2462 quia
2174 2402 2267 2448 hoc

299 2474 566 2520 scandalum
599 2474 748 2519 facere
780 2485 959 2534 poterat
989 2475 1035 2518 in
1062 2474 1337 2527 nationibus,
1360 2472 1529 2516 Paulus
1551 2486 1599 2516 se
1624 2472 1844 2530 abJecisse
1866 2479 2206 2523 commem-orat
2223 2484 2268 2525 »3

299 2542 364 2588 sic
398 2556 508 2601 ergo
542 2542 802 2586 communis
835 2542 980 2585 victus
1013 2550 1191 2600 poterat
1224 2554 1322 2584 esse
1354 2539 1451 2583 sine
1483 2539 1774 2583 solicitudine
1798 2538 2074 2598 impediente
2094 2536 2270 2598 praedi·

302 2609 494 2654 cationis
529 2609 747 2663 officium,
774 2623 868 2652 non
897 2618 1049 2652 autem
1076 2608 1336 2651 divitiarum
1369 2606 1612 2682 possessio.

392 2677 468 2722 AD
496 2689 712 2722 TERTruM
740 2676 999 2730 dicendum,
1028 2675 1149 2734 quod
1181 2675 1228 2718 in
1256 2688 1325 2750 eo,
1351 2674 1427 2732 qui
1454 2687 1508 2716 ex
1533 2672 1804 2717 necessitate
1829 2685 2001 2731 pauper
2022 2681 2104 2727 est,
2120 2670 2269 2716 humi

300 2744 402 2789 litas
428 2758 523 2788 non
550 2743 747 2788 multum
774 2743 1148 2787 commendatur:
1175 2742 1255 2786 sed
1281 2742 1326 2784 in
1354 2754 1425 2794 eo,
1454 2740 1531 2799 qui
1551 2739 1806 2783 voluntarie
1832 2752 2002 2799 pauper
2027 2748 2095 2785 est
2131 2738 2270 2797 (sicut

301 2809 386 2863 fuit
413 2811 697 2869 Christus),
686 2825 784 2870 ipsa
811 2820 1050 2869 paupertas
1078 2818 1145 2854 est
1170 2808 1398 2853 maximae
1426 2807 1694 2852 humilitatis
1720 2806 1954 2851 indicium.

999 2981 1433 3038 ARTICULUS
1476 2981 1567 3035 tv.
2180 3005 2265 3053 225

565 3119 758 3158 UTRUM
798 3118 1063 3157 CHRISTUS
1107 3119 1161 3155 IN
1201 3117 1312 3155 HAC
1352 3117 1484 3156 VITA
1525 3116 1825 3154 SECUNDUM
1864 3115 2048 3154 LEGEM

961 3191 1356 3231 CONVERSATUS
1400 3191 1613 3229 FUERIT.

307 3308 451 3366 (Supr.
479 3322 516 3365 q.
541 3320 602 3366 37.
620 3314 699 3365 per
724 3311 869 3357 totam,
898 3311 935 3348 et
959 3303 1061 3362 infr.
1089 3317 1126 3360 q.
1153 3317 1222 3361 47.
1246 3308 1326 3346 art.
1359 3316 1398 3346 2.
1427 3302 1479 3345 ad
1496 3317 1530 3346 r.
1558 3308 1595 3346 et
1613 3317 1648 3361 3.
1672 3303 1784 3346 Dist.
1802 3314 1867 3358 14.
1884 3306 1967 3346 art.
1987 3314 2025 3360 3.
2042 3313 2081 3359 q.
2100 3298 2142 3345 6.
2161 3298 2216 3345 ad
2231 3313 2267 3359 3.

635 3379 674 3418 et
698 3387 739 3430 4.
767 3373 879 3416 D1'st.
906 3385 945 3416 2.
973 3385 1010 3429 q.
1038 3384 1077 3415 2.
1105 3375 1184 3413 art.
1212 3383 1251 3414 2.
1278 3385 1316 3427 q.
1335 3384 1372 3428 3.
1399 3375 1437 3413 et
1463 3377 1597 3427 opusc.
1626 3369 1696 3414 60.
1730 3377 1823 3428 cap.
1849 3367 1941 3427 13.).

398 3486 472 3529 An
501 3497 738 3536 QUARTUM
771 3483 834 3528 sic
862 3481 1133 3542 proceditur.
1161 3480 1364 3534 Videtur,
1397 3480 1518 3539 quod
1547 3479 1756 3525 Christus
1789 3492 1883 3523 non
1903 3460 2049 3522 'fuerit
2079 3490 2269 3523 convet-

309 3563 430 3597 satus
458 3552 710 3597 secundum
743 3550 924 3610 legem:
958 3548 1029 3594 lex
1062 3548 1184 3592 enim
1217 3547 1535 3624 praecipiebat,
1576 3557 1624 3591 ut
1664 3546 1777 3590 nihil
1803 3545 1953 3606 operis
1993 3545 2041 3589 in
2081 3544 2268 3591 sabbato

309 3620 450 3675 fieret,
478 3620 594 3664 sicut
619 3620 745 3663 Deus
772 3618 836 3664 die
865 3618 1032 3677 septimo
1067 3617 1234 3674 requissz
1239 3615 1350 3659 itaab
1379 3616 1492 3659 omni
1515 3622 1584 3673 ope
1590 3630 1630 3659 νε
1612 3643 1648 3669 ,
1675 3612 1783 3672 quod
1803 3618 2007 3674 patrarat
2035 3600 2160 3669 (Gen.
2186 3611 2274 3672 2.).·
