2352 3926
726 266 1001 315 QuAnsno
1039 267 1128 307 Lx.
1168 258 1477 308 Amemus
1515 267 1572 308 11.
2018 269 2119 323 501

265 370 343 415 At>
367 381 584 416 'rt-:Rntm
609 369 869 425 dicendum,
901 370 1024 430 quod
1050 384 1123 416 res
1155 370 1481 415 denominatur
1506 384 1531 413 a
1564 367 1668 424 fine,
1696 376 1740 414 et
1765 366 2132 427 complement03

176 437 416 496 dispositio
443 447 595 482 autem
621 450 715 482 non
742 448 810 483 est
834 437 949 492 finis,
967 451 1116 498 neque
1133 437 1374 497 perfectio:
1401 438 1444 482 e‘t
1461 437 1564 481 ideo
1583 450 1698 496 quae
1715 435 1973 495 significant
1989 435 2135 495 dispo-

176 504 389 549 sitionem
407 505 461 549 ad
479 506 780 559 sanctitatem,
797 520 891 550 non
910 506 1118 549 dicuntur
1134 515 1435 559 sacramenta,
1447 505 1501 548 de
1521 504 1680 563 quibus
1698 504 1903 564 procedit
1921 503 2136 562 objectio,

178 570 255 615 sed
282 570 432 615 solum
459 586 512 616 ea
539 586 655 631 quae
681 571 938 631 significant
964 571 1291 632 perfectionem
1319 572 1567 616 sanctitatis
1593 571 1838 615 humanae.

882 771 1315 829 ARTICULUS
1357 771 1456 828 111.
2005 835 2008 838 Α
2053 783 2136 844 328

337 922 528 961 UTRUM
569 921 977 961 SACRAMENTUM
1017 922 1102 960 SIT
1144 922 1352 960 SIGNUM
1393 922 1555 962 UNIUS
1596 922 1683 962 REI
1723 921 1974 961 TANTUM.
2131 937 2193 998 »ἶ-

536 1047 597 1104 (4.
624 1047 737 1091 Dist.
763 1061 798 1091 1.
821 1060 859 1106 q.
892 1063 926 1092 1.
960 1053 1042 1093 art.
1070 1063 1104 1092 ι.
1128 1062 1167 1106 q.
1194 1062 1228 1092 1.
1256 1046 1310 1091 ad
1334 1060 1377 1103 4.
1405 1052 1442 1091 et
1465 1052 1547 1091 art.
1570 1061 1607 1106 3.
1635 1047 1783 1106 corp).

270 1172 347 1217 AD
373 1184 589 1218 'rr-:nrum
616 1173 681 1218 sic
706 1174 980 1233 proceditur.
1004 1174 1210 1228 Videtur,
1245 1175 1367 1234 quod
1392 1182 1731 1218 sacramentum
1756 1187 1850 1217 non
1877 1172 1934 1217 sit
1960 1172 2143 1230 signum

180 1238 269 1286 nisi
289 1239 423 1284 unius
449 1240 534 1285 rei:
562 1240 778 1297 idhenim,
805 1255 896 1300 quo
925 1241 1067 1286 multa
1099 1241 1427 1300 significantur,
1461 1250 1528 1285 est
1562 1241 1747 1299 signum
1785 1239 2066 1298 ambiguum,
2100 1248 2144 1283 et

181 1320 262 1366 per
287 1319 571 1365 consequens
598 1306 784 1351 fallendi
811 1308 1023 1363 occasio;
1056 1309 1172 1352 sicut
1197 1318 1320 1368 patet
1353 1309 1409 1352 de
1442 1307 1707 1352 nominibus
1742 1306 2029 1366 aequivocis:
2065 1305 2143 1350 sed

182 1374 334 1418 omnis
357 1372 540 1418 fallacia
565 1374 698 1418 debet
722 1377 948 1419 removeri
987 1389 1013 1419 a
1052 1375 1314 1420 Christiana
1349 1374 1588 1433 religione,
1622 1373 1876 1418 secundum
1908 1372 2019 1416 illud
2054 1371 2143 1416 Co-

181 1440 287 1485 loss.
315 1453 372 1487 2.:
401 1439 552 1495 Videte,
570 1456 620 1485 ne
639 1443 729 1500 quis
753 1455 827 1486 vos
854 1442 1018 1487 seducat
1041 1450 1119 1501 per
1135 1443 1457 1502 philosophiam,
1492 1448 1529 1486 et
1560 1444 1726 1486 inanem
1750 1441 2002 1500 fallaciam;
2031 1452 2142 1498 ergo

183 1507 374 1561 videtur,
401 1508 522 1567 quod
549 1519 888 1552 sacramentum
913 1523 1009 1553 non
1037 1510 1094 1553 sit
1125 1509 1307 1568 signum
1335 1509 1532 1568 plurium
1560 1522 1725 1552 rerum.

274 1586 315 1621 2.
341 1575 638 1620 Puni-snm.
666 1575 795 1620 Sicut
812 1576 985 1620 dictum
1011 1586 1079 1620 est
1105 1577 1210 1634 (art.
1223 1577 1403 1636 praec),
1428 1586 1769 1621 sacramentum
1797 1573 2024 1634 significat
2044 1587 2144 1617 rem

185 1641 659 1701 sacram,.inquantum
678 1653 744 1687 est
760 1643 990 1687 humanae
1003 1643 1376 1688 sanctificationis
1394 1657 1555 1688 causa:
1583 1642 1662 1687 sed
1689 1656 1778 1686 una
1796 1641 1896 1686 sola
1918 1651 1985 1686 est
2007 1654 2144 1684 causa

186 1709 418 1754 humanae
439 1707 820 1764 sanctificationis,
847 1710 1022 1755 scilicet
1045 1710 1228 1769 sanguis
1258 1710 1446 1764 Christi,
1473 1710 1726 1755 secundum
1748 1708 1859 1752 illud
1886 1708 2023 1752 Hebr.
2051 1707 2148 1753 ult.:

182 1774 311 1833 Jews,
335 1782 384 1820 ut
396 1777 673 1835 sanctificaret
691 1784 772 1836 per
794 1790 915 1821 suum
940 1779 1181 1836 sanguinem
1202 1777 1421 1837 populum,
1439 1783 1558 1832 extra
1572 1783 1744 1836 portam
1754 1785 1900 1836 passus
1925 1782 2004 1830 esu
2032 1787 2143 1833 ergo

184 1842 374 1896 videtur,
401 1843 523 1902 quod
550 1853 887 1887 sacramentum
912 1858 1006 1888 non
1034 1844 1259 1903 significet
1281 1844 1422 1904 plura.
2182 1843 2188 1846 ’

277 1922 315 1967 3.
338 1907 636 1954 Pit‘AETEREA.
663 1910 851 1954 Dictum
879 1921 946 1955 est
977 1911 1082 1969 (art.
1109 1919 1251 1970 praec.
1278 1911 1333 1955 izd
1354 1914 1428 1971 3.),
1448 1911 1570 1970 quod
1598 1920 1937 1954 sacramentum
1959 1909 2141 1968 proprie

185 1975 411 2036 significat
435 1976 585 2035 ipsum
611 1976 752 2021 finem
779 1977 1174 2022 sanctificationis:
1215 1978 1292 2023 sed
1320 1978 1422 2022 finis
1449 1978 1822 2022 sanctificationis
1847 1987 1916 2021 est
1946 1978 2038 2020 vita
2071 1990 2144 2020 ae-

184 2053 328 2097 tmu,
354 2043 606 2087 secundum
632 2043 744 2087 illud
766 2044 902 2088 Rom.
931 2043 986 2090 6.:
1006 2045 1182 2090 Habe-tis
1195 2046 1388 2104 fructum
1405 2052 1585 2090 vestrum
1607 2047 1651 2088 in
1667 2045 2005 2098 sanctificatione,
2021 2044 2146 2100 finem

183 2123 288 2156 vero
300 2112 436 2155 vitam
457 2117 698 2164 aeternam;
719 2125 828 2170 ergo
847 2112 1038 2166 videtur,
1056 2113 1178 2172 quod
1196 2123 1535 2157 sacramentum
1547 2126 1642 2157 non
1663 2110 1887 2170 significet
1902 2112 1988 2155 nisi
2005 2124 2144 2154 unam

187 2192 300 2231 rem,
326 2176 500 2222 scilicet
530 2178 671 2222 vitam
699 2190 947 2223 aeternam.

276 2244 372 2289 SED
398 2256 594 2290 CONTRA
621 2254 702 2299 est,
729 2245 891 2305 quod'
879 2261 925 2290 m
953 2257 1243 2291 sacramento
1272 2246 1426 2291 altaris
1453 2257 1522 2291 est
1557 2245 1724 2305 duplex
1760 2259 1831 2289 res
1868 2244 2145 2304 significata;

183 2311 360 2356 scilicet
385 2325 549 2371 corpus
572 2312 745 2356 Christi
769 2327 946 2368 verum,
972 2324 1017 2358 et
1042 2315 1304 2374 mysticum,
1331 2325 1380 2359 ut
1406 2315 1600 2373 August.
1628 2313 1770 2358 dicit
1760 2328 1806 2357 m
1823 2313 1938 2357 libro
1958 2313 2148 2358 Senten-

184 2379 287 2424 tias.
310 2378 523 2438 Prosperi
549 2378 665 2435 (hab.
692 2389 783 2440 cap.
806 2381 901 2426 Hoc
926 2387 996 2436 est,
1020 2381 1066 2427 de
1101 2382 1339 2427 Consecrat
1373 2382 1463 2426 dist.
1491 2383 1567 2440 2)

274 2445 564 2492 Rnsronneo
591 2447 851 2502 dicendum,
879 2449 1016 2507 quod,
1043 2449 1160 2493 sicut
1185 2448 1357 2493 dictum
1384 2459 1452 2493 est
1478 2451 1580 2506 (art.
1600 2448 1783 2508 praec),
1811 2457 2149 2492 sacramentum

182 2512 368 2574 proprie
405 2513 569 2558 dicitur
600 2514 723 2573 quod
750 2515 986 2560 ordinatur
1011 2515 1067 2559 ad
1099 2516 1446 2575 significandam
1478 2525 1684 2560 nostram
1723 2515 2148 2569 sanctificationem,

187 2579 234 2624 in
259 2593 349 2639 qua
373 2582 458 2629 tria
483 2592 674 2640 possunt
700 2582 1002 2628 considerari:
1029 2582 1244 2628 videlicet
1267 2584 1366 2643 ipsa
1393 2598 1520 2628 causa
1551 2581 1925 2627 sanctificationis
1951 2592 2151 2635 nostrae,

188 2647 308 2706 quae
331 2656 400 2693 est
423 2648 574 2707 passio
603 2648 798 2703 Christi3
836 2659 881 2694 et
906 2650 1056 2709 forma
1082 2660 1265 2695 nostrae
1297 2649 1686 2703 sanctificationis,
1715 2663 1830 2708 quae
1864 2649 2071 2693 consistit
2101 2648 2148 2691 in

191 2712 349 2773 gratia,
380 2723 427 2759 et
455 2715 718 2770 virtutibus;
760 2726 804 2760 et
843 2716 1030 2761 ultimus
1067 2718 1162 2770 finis
1197 2716 1570 2761 sanctificationis
1606 2727 1805 2770 nostrae,
1848 2715 1924 2775 qui
1957 2725 2024 2759 est
2058 2717 2151 2759 vita
2182 2738 2184 2776 j

191 2790 386 2826 aeterna.
413 2779 469 2826 Et
492 2781 608 2826 haec
636 2784 791 2828 omnia
817 2798 896 2843 per
921 2795 1210 2829 sacramenta
1228 2784 1565 2844 significantur3
1593 2783 1711 2827 unde
1730 2793 2064 2828 sacramentum
2085 2792 2153 2826 est

192 2856 237 2891 et
260 2846 443 2904 signum
464 2850 868 2895 rememorativum
895 2852 992 2909 ejus
1013 2852 1135 2910 quod
1163 2852 1423 2910 praecessit,
1446 2851 1619 2896 scilicet
1646 2849 1870 2910 passionis
1900 2849 2084 2902 Christi,
2103 2858 2153 2893 et

193 2914 604 2959 demonstrativum
630 2917 724 2974 ejus
758 2918 880 2976 quod
912 2919 958 2962 in
983 2919 1115 2962 nobis
1142 2918 1334 2963 efficitur
1360 2933 1439 2978 per
1468 2918 1642 2963 Christi
1668 2918 1944 2977 passionem,
1977 2915 2152 2959 scilicet

192 2980 375 3039 gratiae,
402 2991 447 3024 et
470 2983 829 3040 prognosticum,
858 2984 974 3028 idest
1004 2986 1417 3044 praenuntiativum
1444 2985 1620 3030 futurae
1648 2984 1834 3043 gloriae.
1910 2994 1923 3003 ·
2115 3013 2119 3018 ⁸

281 3047 359 3091 An
399 3059 587 3092 patmum
620 3061 732 3107 ergo
757 3050 1018 3105 dicendum,
1045 3053 1165 3111 quod
1192 3063 1299 3096 tunc
1327 3063 1395 3097 est
1421 3053 1604 3112 signum
1632 3051 1898 3109 ambiguum
1927 3049 2148 3108 praebens

194 3113 488 3158 occasionem
513 3112 714 3169 fallendi,
740 3118 921 3175 quando
948 3118 1174 3177 significat
1201 3119 1359 3174 multa,
1392 3134 1587 3179 quorum
1625 3132 1767 3161 unum
1797 3131 1891 3160 non
1919 3116 2152 3160 ordinatur

194 3181 250 3225 ad
279 3180 426 3224 aliud:
458 3181 536 3224 sed
563 3182 745 3240 quando
767 3182 992 3241 significat
1024 3185 1182 3239 multa,
1209 3187 1462 3231 secundum
1481 3185 1601 3244 quod
1621 3199 1673 3228 ex
1692 3185 1755 3227 eis
1773 3183 1973 3242 quodam
1993 3182 2152 3226 ordine

197 3248 390 3294 efficitur
415 3263 571 3302 unum,
597 3259 705 3294 tunc
730 3263 824 3295 non
851 3261 919 3296 est
943 3253 1126 3311 signum
1153 3255 1436 3312 ambiguum,
1464 3254 1541 3297 sed
1570 3262 1769 3304 certum;
1804 3251 1921 3294 sicut
1946 3250 2036 3293 hoc
2070 3262 2152 3293 no-

196 3330 303 3361 men
330 3316 450 3360 homo
477 3315 704 3374 significat
730 3317 947 3372 animam,
974 3330 1019 3363 et
1045 3333 1224 3379 corpus,
1256 3331 1390 3379 prout
1427 3335 1480 3364 ex
1515 3320 1579 3363 eis
1621 3318 1910 3362 constituitur
1950 3317 2153 3361 humana

194 3393 369 3436 natura,
397 3393 442 3427 et
466 3383 556 3427 hoc
584 3383 728 3427 modo
753 3395 1090 3430 sacramentum
1122 3387 1350 3446 significat
1374 3388 1459 3431 tria
1486 3385 1729 3445 praedicta,
1753 3384 2006 3428 secundum
2028 3383 2151 3443 quod
2199 3398 2211 3410 ·

194 3449 396 3508 quodam
422 3450 580 3493 ordine
607 3460 710 3494 sunt
736 3463 892 3494 unum.

283 3516 370 3560 Ao·
388 3528 648 3561 SECUNDUM
674 3516 933 3571 dicendum,
959 3519 1081 3578 quod
1104 3529 1458 3572 sacramentum,
1482 3521 1525 3562 in
1552 3518 1643 3561 hoc
1661 3517 1783 3575 quod
1811 3515 2036 3575 significat
2057 3529 2154 3560 rem

195 3581 570 3637 sanctificantem,
597 3593 778 3643 oportet
803 3584 926 3643 quod
953 3585 1178 3644 significet
1204 3586 1435 3640 effectum,
1453 3585 1530 3645 qui
1556 3584 1821 3643 intelligitur
1843 3584 1889 3627 in
1906 3584 2003 3643 ipsa
2017 3597 2155 3629 causa

196 3650 524 3706 sanctificante,
550 3661 685 3711 prout
710 3662 778 3696 est
803 3651 1107 3698 sanctificans.
2140 3671 2143 3674 ⁴
