2352 3926
280 222 387 276 530
808 218 1088 266 QUAESTIO
1129 219 1281 258 LXIII.
1320 218 1631 259 ARTICULUS
1668 220 1744 261 VI.

978 435 1415 494 ARTICULUS
1449 436 1550 492 VI.
2140 468 2245 518 ‚349

571 588 764 628 UTRUM
802 585 904 627 PER
946 588 1125 627 OMNIA
1165 588 1528 627 SACRAMENTA
1566 588 1755 627 NOVAE
1792 588 1950 629 LEGIS

899 671 1239 723 IMPRIMATUR
1283 671 1630 710 CHARACTER.

281 798 411 857 (Infr.
439 811 477 855 q.
519 810 586 855 72.
620 802 700 840 art.
734 810 773 856 5.
799 802 836 841 et
871 809 915 854 4.
942 797 1054 841 Dist.
1091 810 1133 853 4.
1162 811 1200 855 q.
1243 812 1278 841 1.
1306 803 1388 841 art.
1415 809 1457 853 4.
1484 811 1523 854 q.
1560 811 1600 841 2.
1627 802 1667 840 et
1688 811 1725 855 3.
1751 802 1790 841 et
1814 811 1856 855 q.
1879 811 1915 856 3.
1953 803 2036 842 art.
2073 812 2114 843 2.
2146 812 2187 858 q.
2207 813 2244 859 3.

399 870 435 909 et
451 865 564 909 Dist.
588 877 626 922 7.
646 878 684 922 q.
706 878 745 908 2.
765 870 846 908 art.
869 876 906 908 1.
933 879 972 923 q.
990 880 1026 910 1.
1044 870 1080 909 et
1095 879 1132 923 q.
1147 879 1182 923 3.
1202 870 1281 909 art.
1295 879 1331 923 3.
1350 879 1389 923 q.
1402 879 1437 923 3.
1457 870 1495 908 et
1510 865 1621 908 Dist.
1639 878 1699 923 23.
1718 878 1756 922 q.
1777 878 1810 909 1.
1835 870 1918 909 art.
1934 879 1976 910 2.
1993 878 2032 923 q.
2050 865 2126 924 3.).

366 992 443 1038 AD
470 1005 663 1038 SEXTUM
695 992 760 1037 sic
787 992 1060 1051 proceditur.
1094 992 1300 1046 Videtur,
1334 991 1457 1050 quod
1489 1005 1569 1050 per
1595 991 1752 1035 omnia
1783 1001 2072 1036 sacramenta
2095 1005 2245 1038 novae

277 1059 391 1119 legis
417 1060 708 1119 imprimatur
734 1060 993 1104 character:
1022 1074 1101 1119 per
1128 1060 1283 1104 omnia
1306 1059 1429 1103 enim
1456 1068 1742 1103 sacramenta
1767 1072 1917 1103 novae
1943 1058 2059 1118 legis
2089 1059 2139 1104 fit
2167 1059 2244 1104 ali·

277 1128 376 1187 quis
403 1128 629 1187 particeps
656 1127 900 1172 sacerdotii
929 1127 1122 1172 Christi:
1145 1127 1225 1171 sed
1253 1126 1490 1170 character
1511 1125 1854 1170 sacramentalis
1869 1125 1985 1170 nihil
2013 1136 2081 1171 est
2107 1125 2245 1181 aliud,

278 1210 417 1254 quam
443 1196 730 1254 participatio
748 1195 991 1239 sacerdotii
1015 1194 1203 1247 Christi,
1221 1204 1268 1238 ut
1286 1194 1459 1238 dictum
1486 1203 1553 1237 est
1579 1194 1682 1251 (art.
1703 1194 1865 1252 praec.)
1879 1208 1897 1248 ,·
1917 1206 2028 1251 ergo
2053 1193 2244 1251 videtur,

277 1263 400 1322 quod
427 1277 507 1322 per
534 1263 691 1306 omnia
717 1271 1004 1306 sacramenta
1030 1275 1178 1305 novae
1205 1260 1318 1319 legis
1346 1261 1632 1319 imprimatur
1659 1260 1908 1306 character.

366 1343 407 1374 2.
439 1329 739 1375 PRAETEREA.
775 1329 1027 1374 Character
1059 1343 1108 1372 se
1133 1328 1272 1372 habet
1304 1328 1358 1371 ad
1388 1329 1605 1381 animam,
1632 1328 1679 1371 in
1711 1341 1800 1386 qua
1827 1336 1908 1382 est,
1940 1327 2058 1372 sicut
2090 1341 2249 1372 conse-

276 1397 493 1442 cratio'ad
526 1412 596 1441 res
625 1406 938 1441 consecratas:
973 1395 1051 1440 sed
1069 1409 1148 1455 per
1173 1395 1408 1454 quodlibet
1425 1404 1763 1438 sacramentum
1785 1407 1936 1439 novae
1957 1393 2073 1452 legis
2100 1394 2245 1440 homo

274 1467 436 1526 recipit
467 1467 663 1526 gratiam
686 1465 1067 1518 sanctificantem,
1099 1474 1148 1508 ut
1179 1478 1316 1523 supra
1339 1462 1514 1507 dictum
1553 1471 1620 1506 est
1646 1463 1706 1520 (q.
1733 1469 1878 1522 praec.
1913 1468 1997 1507 art.
2019 1461 2106 1519 1.),·
2133 1474 2246 1522 ergo
2278 1512 2281 1516 ⁴

276 1535 468 1588 videtur,
495 1534 618 1594 quod
644 1548 723 1593 per
745 1533 982 1592 quodlibet
1007 1540 1347 1576 sacramentum
1372 1544 1522 1574 novae
1544 1529 1660 1588 legis
1685 1529 1975 1588 imprimatur
1993 1529 2243 1576 character.

368 1615 405 1658 3.
432 1602 730 1647 PRAETEREA.
761 1601 1012 1645 Character
1040 1608 1106 1643 est
1132 1613 1219 1654 res,
1246 1607 1291 1643 et
1317 1607 1679 1651 sacramentum3
1706 1597 1753 1640 in
1779 1595 1984 1656 quolibet
2004 1605 2159 1641 autem
2181 1610 2248 1642 sa-

275 1679 512 1714 cramento
540 1683 689 1713 novae
716 1667 831 1726 legis
860 1677 928 1711 est
955 1666 1139 1725 aliquid,
1166 1665 1289 1724 quod
1317 1674 1386 1709 est
1416 1679 1487 1708 res
1513 1674 1708 1718 tantum,
1737 1673 1781 1708 et
1813 1663 1998 1723 aliquid,
2025 1662 2147 1723 quod
2180 1673 2249 1709 est

274 1747 614 1781 sacramentum
647 1745 840 1789 tantum,
869 1745 913 1779 et
939 1733 1125 1793 aliquid,
1159 1733 1281 1792 quod
1319 1742 1388 1776 est
1427 1747 1513 1787 res,
1556 1742 1601 1776 et
1638 1741 1999 1786 sacramentum3
2025 1745 2137 1791 ergo
2167 1746 2248 1792 per

275 1804 511 1865 quodlibet
536 1813 875 1849 sacramentum
898 1815 1048 1846 novae
1076 1801 1191 1859 legis
1217 1800 1490 1859 imprimitur
1517 1800 1766 1843 character.

365 1871 460 1916 SED
489 1884 687 1916 CONTRA
721 1880 802 1924 est,
830 1869 952 1929 quod
979 1878 1281 1921 sacramenta,
1307 1868 1355 1911 in
1382 1867 1543 1926 quibus
1569 1866 1846 1926 imprimitur
1871 1866 2121 1920 character,
2150 1879 2246 1911 non

274 1939 567 1994 reiterantur;
601 1937 813 1997 eoquod
851 1937 1087 1980 character
1123 1945 1190 1979 est
1226 1934 1495 1988 indelebilis,
1529 1945 1578 1978 ut
1610 1935 1784 1979 dictum
1817 1943 1886 1979 est
1920 1934 2025 1992 (art.
2050 1935 2246 1994 praec.).·

274 2007 501 2066 quaedam
544 2015 699 2050 autem
731 2014 1020 2050 sacramenta
1046 2005 1282 2056 iterantur,
1325 2002 1442 2047 sicut
1473 2011 1598 2061 patet
1623 2003 1679 2046 de
1706 2002 2002 2060 poenitentia,
2028 2012 2074 2047 et
2097 2002 2248 2047 matri·

275 2075 461 2127 monio;
489 2088 601 2133 ergo
627 2087 723 2118 non
750 2073 908 2117 omnia
935 2081 1223 2116 sacramenta
1249 2071 1520 2130 imprimunt
1546 2070 1875 2115 characterem.

363 2141 654 2186 RESPONDEO
682 2140 943 2194 dicendum,
971 2139 1110 2198 quod,
1137 2139 1253 2183 sicut
1280 2152 1415 2196 supra
1443 2139 1616 2182 dictum
1650 2147 1719 2182 est
1752 2137 1810 2196 (q.
1843 2137 1916 2183 62.
1941 2144 2025 2183 art.
2049 2153 2087 2183 ι.
2112 2143 2151 2182 et
2168 2137 2245 2198 5.),

273 2218 562 2253 sacramenta
600 2222 749 2252 novae
775 2207 890 2266 legis
917 2207 972 2251 ad
999 2207 1079 2251 duo
1107 2207 1388 2259 ordinantur,
1414 2204 1591 2250 scilicet
1615 2207 1660 2249 in
1695 2204 1954 2249 remedium
1980 2206 2171 2264 peccati,
2203 2214 2248 2250 et

274 2277 327 2320 acl
354 2276 527 2320 cultum
551 2275 779 2320 divinum:
809 2285 877 2319 est
903 2285 1056 2319 autem
1078 2274 1296 2318 -omnibus
1319 2273 1617 2317 sacramentis
1646 2286 1910 2326 commune,
1935 2272 2060 2332 quod
2087 2285 2168 2332 per
2191 2286 2246 2316 ea

274 2345 510 2388 exhibetur
537 2344 722 2403 aliquod
750 2343 1005 2388 remedium
1034 2352 1194 2386 contra
1220 2351 1478 2401 peccatum,
1519 2355 1598 2400 per
1633 2341 1723 2384 hoc
1757 2340 1880 2399 quod
1913 2340 2107 2398 gratiam
2140 2353 2247 2385 con-

272 2411 445 2457 ferunt:
473 2426 568 2456 non
595 2421 750 2455 autem
778 2411 934 2455 omnia
961 2418 1247 2455 sacramenta
1267 2409 1534 2453 ordinantur
1551 2408 1720 2452 directe
1742 2408 1798 2451 ad
1824 2407 2030 2451 divinum
2058 2406 2246 2461 cultum,

274 2480 391 2524 sicut
416 2489 541 2537 patet
566 2479 621 2523 de
649 2478 944 2537 poenitentia,
971 2484 1051 2537 per
1077 2491 1215 2536 quam
1241 2477 1388 2520 homo
1414 2475 1628 2520 liberatur
1657 2489 1682 2518 a
1714 2483 1931 2533 peccato:
1962 2489 2058 2519 non
2091 2483 2247 2519 autem

274 2562 354 2607 per
378 2548 469 2592 hoc
498 2557 837 2592 sacramentum
856 2546 1093 2590 exhibetur
1108 2545 1287 2588 homini
1311 2543 1481 2602 aliquid
1504 2543 1559 2586 de
1582 2556 1704 2586 novo
1723 2543 1952 2600 pertinens
1971 2541 2025 2585 ad
2043 2541 2247 2586 divinum

275 2614 463 2673 cultum,
491 2615 571 2659 sed
610 2614 858 2659 restituitur
898 2613 945 2656 in
979 2623 1148 2656 statum
1180 2611 1434 2671 pristinum.
1462 2610 1663 2654 Pertinet
1700 2619 1852 2653 autem
1891 2608 2076 2668 aliquod
2103 2622 2250 2653 sacra-

275 2693 484 2727 mentum
511 2682 568 2726 ad
595 2681 802 2726 divinum
831 2679 1004 2724 cultum
1033 2679 1281 2739 tripliciter:
1306 2693 1388 2722 uno
1411 2677 1532 2721 modo
1555 2691 1635 2735 per
1657 2676 1850 2720 modum
1871 2676 2012 2735 ipsius
2029 2675 2246 2721 actionis:

275 2751 360 2796 alio
387 2750 508 2795 modo
535 2765 615 2809 per
648 2749 840 2794 modum
868 2747 1066 2806 agentis:
1096 2748 1217 2791 tertio
1249 2745 1370 2789 modo
1398 2759 1477 2803 per
1503 2744 1695 2788 modum
1721 2743 1994 2802 recipientis.
2031 2743 2120 2788 Per
2151 2756 2248 2788 mo-

274 2818 383 2863 dum
410 2818 598 2878 quidem
623 2817 762 2875 ipsius
790 2815 983 2859 actionis
1010 2814 1205 2874 pertinet
1231 2813 1286 2856 ad
1314 2812 1519 2856 divinum
1548 2810 1722 2854 cultum
1748 2810 2050 2865 Eucharistia,
2074 2810 2126 2855 in
2157 2823 2247 2870 qua

274 2885 584 2947 principaliter
610 2872 964 2929 divinus⁰cultus
991 2882 1212 2935 consistit,
1231 2880 1500 2938 inquantum
1529 2888 1596 2923 est
1618 2877 1854 2922 Ecclesiae
1873 2877 2178 2922 sacrificiumz
2201 2886 2248 2922 et

274 2969 354 3013 per
379 2954 471 2998 hoc
497 2953 622 2997 idern
648 2958 987 2996 sacramentum
1010 2963 1104 2992 non
1131 2947 1408 3007 imprimitur
1433 2945 1614 2990 homini
1636 2946 1896 2990 character:
1918 2945 2027 3004 quia
2051 2958 2134 3005 per
2152 2945 2246 2990 hoc

275 3030 617 3067 sacramentum
652 3033 747 3063 non
775 3018 1010 3062 ordinatur
1049 3016 1195 3060 homo
1233 3014 1288 3059 ad
1323 3014 1492 3073 aliquid
1527 3013 1649 3058 aliud
1681 3012 1870 3058 ulterius
1894 3012 2140 3072 agendum,
2172 3011 2247 3057 vel

274 3088 588 3149 recipiendum
615 3087 661 3131 in
689 3086 1001 3138 sacramentis,
1029 3098 1135 3127 cum
1162 3083 1312 3142 potius
1339 3083 1396 3126 sit
1426 3081 1583 3135 «finis,
1607 3091 1652 3126 et
1673 3080 2013 3126 consummatio
2036 3080 2246 3125 omnium

275 3166 730 3208 sacramentorum»,
748 3163 797 3198 ut
823 3151 1075 3211 Dionysius
1098 3151 1207 3194 dicit
1237 3165 1272 3209 3.
1299 3164 1394 3208 cap.
1424 3149 1686 3193 Ecclesiast.
1715 3148 1953 3194 Hierarch.
1970 3148 2035 3205 (in
2048 3148 2214 3209 princ.)
2229 3162 2247 3194 .·

276 3224 480 3269 continet
505 3233 660 3267 tamen
687 3222 734 3266 in
761 3235 808 3266 se
835 3220 985 3279 ipsum
1011 3218 1263 3270 Christum,
1286 3218 1330 3260 in
1349 3231 1440 3276 quo
1467 3231 1562 3261 non
1589 3227 1656 3261 est
1683 3216 1932 3271 character,
1958 3215 2037 3261 sed
2062 3225 2162 3260 tota
2180 3229 2248 3261 sa-

277 3292 466 3337 cerdotii
492 3289 743 3350 plenitudo.
764 3288 854 3333 Sed
882 3287 938 3332 ad
966 3296 1152 3345 agentes
1186 3286 1230 3329 in
1259 3284 1556 3329 sacramentis
1589 3284 1783 3343 pertinet
1806 3293 2148 3328 sacramentum
2173 3296 2247 3328 or.-

277 3360 417 3413 dinis;
445 3359 550 3418 quia
578 3372 658 3417 per
683 3357 775 3401 hoc
803 3364 1142 3400 sacramentum
1172 3353 1443 3411 deputantur
1483 3352 1697 3396 homines
1735 3351 1789 3395 ad
1831 3362 2120 3396 sacramenta
2145 3349 2246 3395 aliis

276 3426 510 3472 tradenda.
539 3425 630 3470 Sed
659 3424 714 3468 ad
741 3422 1011 3483 recipientes
1037 3421 1230 3480 pertinet
1258 3429 1597 3464 sacramentum
1617 3418 1851 3478 baptismi;
1869 3417 1976 3477 quia
2000 3417 2244 3477 peripsum

276 3495 422 3548 homo
442 3492 608 3551 accipit
624 3500 899 3551 potestatem
917 3487 1163 3547 recipiendi
1186 3486 1274 3530 alia
1292 3486 1525 3531 Ecclesiae
1543 3495 1844 3540 sacramenta,
1858 3485 1977 3530 unde
1993 3484 2245 3544 baptismus

278 3562 442 3606 dicitur
474 3574 573 3606 esse
610 3561 746 3619 janua
774 3557 984 3603 omnium
1010 3564 1420 3601 sacramentorum.
1454 3554 1526 3598 Ad
1563 3554 1686 3598 idem
1714 3553 1852 3597 etiam
1879 3552 2114 3597 ordinatur
2137 3565 2246 3611 quo—

279 3629 531 3674 dammodo
558 3626 863 3681 confirmatio,
889 3634 941 3671 ut
963 3622 1080 3669 infra
1106 3636 1190 3668 suo
1217 3621 1325 3667 loco
1353 3622 1528 3666 dicetur
1553 3622 1612 3680 (q.
1646 3634 1712 3679 72.
1739 3626 1823 3666 art.
1842 3620 1932 3680 7.).·
1958 3628 2004 3665 et
2027 3618 2133 3665 ideo
2163 3632 2245 3679 per
