2352 3926
2082 94 2134 132 ἰ..
2174 117 2179 144 ⁴,

290 224 400 279 224
830 222 1109 267 QUAESTIO
1149 222 1278 261 xxv.
1319 223 1628 269 ARthuLus
1667 224 1723 262 11.
2141 204 2237 287 ‘³3⁵'

290 327 386 383 ejus
419 325 534 368 sicut
559 324 624 367 rei
653 324 888 368 adoratae:
917 334 961 367 et
987 324 1051 368 sic
1080 323 1271 369 adorare
1299 339 1485 370 carnem
1513 325 1687 371 Christi
1711 326 1826 371 nihil
1852 336 1921 371 est
1946 325 2083 383 aliud,
2115 340 2255 387 quam

292 393 481 436 adorare
504 392 708 434 Verbum
734 391 824 434 Dei
848 391 1163 436 incarnatum:
1197 393 1314 435 sicut
1339 392 1530 437 adorare
1555 403 1730 437 vestem
1756 393 1877 452 regis
1901 393 2017 439 nihil
2033 403 2102 439 est
2118 393 2256 453 agiud,
2332 445 2335 449 ,

290 474 428 519 quam
452 459 641 502 adorare
664 472 821 516 regem
839 459 1077 502 vestitum:
1101 469 1146 503 et
1162 459 1415 512 secundum
1433 459 1524 503 hoc
1543 460 1748 504 adoratio
1766 459 2064 520 humanitatis
2082 455 2257 522 Christi

291 538 357 571 est
384 526 590 570 adoratio
618 525 799 569 latriae:
828 527 911 570 alio
945 526 1065 570 modo
1092 536 1243 586 potest
1265 525 1459 586 intelligi
1497 527 1704 571 adoratio
1736 527 2037 572 humanitatis
2068 524 2257 585 Christi,

290 609 405 652 quae
431 593 480 636 fit
504 593 679 636 ratione
706 593 1002 637 humanitatis
1026 592 1198 638 Christi
1219 593 1447 652 perfectae
1465 594 1594 638 omni
1612 607 1801 638 munere
1825 593 2098 652 gratiarum:
2122 604 2168 640 et
2187 594 2256 640 sic

291 660 496 703 adoratio
524 660 819 703 humanitatis
862 660 1034 704 Christi
1068 674 1162 704 non
1196 671 1264 704 est
1299 661 1505 704 adoratio
1532 660 1706 714 latriae,
1739 660 1818 704 sed
1851 661 2058 705 adoratio
2090 659 2256 716 duliae,

287 727 350 770 ita
376 726 551 770 scilicet
576 726 698 784 quod
726 741 816 770 una
843 737 887 771 et
917 727 1079 771 eadem
1110 741 1307 786 persona
1333 727 1506 771 Christi
1541 727 1754 772 adoretur
1791 727 2060 772 adoratione
2092 727 2253 777 latriae

290 804 473 852 propter
499 807 627 836 suam
657 793 954 848 divinitatem,
978 804 1021 838 et
1048 795 1314 838 adoratione
1342 793 1492 839 duliae
1524 804 1708 853 propter
1740 793 2069 853 perfectionem
2099 794 2259 839 huma-

291 861 465 904 nitatis:
493 874 577 903 nec
605 860 694 903 hoc
719 870 786 904 est
810 861 1162 905 inconveniens:
1192 861 1298 919 quia
1322 861 1409 919 ipsi
1434 862 1536 904 Deo
1563 861 1686 904 Patri
1713 861 1900 905 debetur
1922 861 2074 905 honor
2098 860 2258 906 latriae

290 937 476 985 propter
502 927 733 981 deitatem,
762 937 806 971 et
841 928 993 971 honor
1019 926 1168 971 duliae
1195 937 1378 986 propter
1410 927 1683 981 dominium,
1717 941 1808 986 quo
1836 928 2062 987 gubernat
2086 937 2261 972 creatu·
2293 969 2300 975 ,

291 1010 413 1038 ram:
441 995 560 1038 unde
588 1009 721 1053 super
747 994 858 1038 illud
885 994 1005 1038 Psal.
1036 1008 1098 1052 7.:
1131 996 1315 1039 Domine
1347 996 1462 1039 Deus
1494 1010 1620 1049 meus,
1655 997 1700 1038 in
1733 1001 1767 1039 te
1787 997 1968 1054 speravi,
1994 995 2102 1039 dicit
2124 994 2256 1040 Glos.

291 1062 472 1119 (interl.)
492 1075 503 1103 :
558 1077 580 1102 ‹<
614 1062 844 1106 Dominus
887 1065 1096 1106 omniurn
1143 1076 1224 1120 per
1267 1061 1536 1120 potentiam,
1585 1061 1658 1105 cui
1706 1061 1894 1107 debetur
1935 1061 2089 1111 dulia:
2130 1062 2259 1107 Deus

291 1129 499 1173 omnium
528 1143 607 1187 per
634 1129 930 1182 creationem,
958 1129 1029 1173 cui
1057 1128 1244 1172 debetur
1269 1128 1459 1172 latria».

379 1196 456 1240 AD
492 1209 680 1240 PRIMUM
707 1210 817 1254 ergo
856 1196 1114 1249 dicendum,
1142 1195 1264 1254 quod
1293 1194 1462 1240 Glossa
1497 1195 1574 1239 illa
1610 1210 1705 1240 non
1741 1205 1808 1240 est
1843 1195 1909 1242 sic
1941 1190 2259 1254 intelligenda,

292 1263 421 1321 quasi
447 1277 658 1307 seorsum
685 1262 897 1306 adoretur
924 1277 1032 1307 caro
1061 1262 1234 1307 Christi
1251 1262 1304 1306 ab
1325 1264 1420 1321 ejus
1443 1262 1696 1306 divinitate:
1724 1263 1816 1306 hoc
1840 1263 1965 1307 enim
1984 1271 2138 1321 posset
2156 1276 2262 1307 con-

290 1330 466 1387 tingere
494 1329 646 1373 solum
672 1330 762 1373 hoc
790 1330 948 1384 modo,
975 1330 1013 1374 si
1039 1339 1159 1374 esset
1183 1329 1272 1372 alia
1297 1330 1559 1388 hypostasis
1584 1329 1687 1383 Dei,
1715 1339 1760 1373 et
1784 1329 2008 1378 hominis:
2035 1329 2116 1374 sed
2138 1329 2260 1388 quia,

291 1406 341 1440 ut
365 1397 580 1440 Damasc.
608 1397 717 1440 dicit
743 1397 842 1454 (loc
867 1405 956 1456 sup.
985 1398 1088 1454 cit),
1120 1414 1144 1438 «
1167 1397 1201 1440 si
1230 1397 1403 1440 dividas
1429 1396 1668 1440 subtilibus
1698 1394 2031 1455 intelligentiis,
2051 1395 2176 1455 quod
2199 1396 2262 1440 vi·

293 1463 422 1507 detur
445 1463 497 1506 ab
518 1477 572 1507 eo
592 1464 714 1522 quod
737 1463 1016 1522 intelligitur,
1033 1463 1326 1507 inadorabilis
1349 1473 1429 1517 est,
1448 1473 1496 1507 ut
1514 1471 1721 1507 creatura
1737 1480 1779 1518 ›>,
1797 1461 1973 1507 scilicet
1986 1462 2261 1526 ‚adoratione

291 1529 473 1574 latriae:
503 1540 547 1574 et
571 1541 678 1574 tunc
706 1531 770 1574 sic
797 1530 1069 1584 intellectae,
1096 1541 1146 1574 ut
1168 1539 1404 1589 separatae
1433 1545 1459 1573 a
1483 1531 1573 1574 Dei
1598 1530 1768 1583 Verbo,
1791 1529 2028 1575 deberetur
2049 1529 2135 1574 sibi
2156 1529 2262 1575 ado-

292 1598 407 1641 ratio
431 1597 596 1651 duliae,
622 1612 717 1641 non
745 1599 1087 1656 cujuscumque,
1114 1607 1221 1656 puta
1248 1612 1363 1656 quae
1398 1598 1706 1641 communiter
1740 1597 1976 1642 exhibetur
2010 1596 2109 1641 aliis
2142 1610 2263 1642 crea-

291 1665 416 1717 turis,
444 1664 522 1708 sed
550 1664 788 1723 cujusdam
814 1664 1162 1718 excellentioris,
1190 1679 1328 1723 quarn
1355 1664 1676 1724 hyperduliam
1700 1674 1883 1710 vocant.

382 1731 438 1774 Et
463 1746 543 1790 per
567 1732 658 1775 hoc
686 1732 824 1775 etiam
851 1741 973 1790 patet
997 1732 1234 1790 responsio
1260 1745 1325 1776 AD
1360 1745 1636 1785 SECUNDUM,
1664 1741 1708 1775 et
1734 1744 1975 1776 TER-rrum:
2009 1732 2116 1791 quia
2148 1730 2258 1791 ado—

292 1798 407 1841 ratio
441 1798 600 1843 latriae
626 1812 719 1842 non
747 1799 983 1843 exhibetur
1007 1799 1282 1843 humanitati
1306 1799 1479 1843 Christi
1504 1799 1680 1843 ratione
1707 1799 1778 1843 sui
1797 1792 1954 1857 ipsius,
1979 1798 2059 1843 sed
2085 1798 2262 1844 ratione

294 1865 554 1919 divinitatis,
582 1866 656 1909 cui
682 1865 848 1926 unitur,
874 1866 1127 1910 secundum
1155 1881 1294 1924 quam
1322 1866 1530 1909 Christus
1557 1880 1652 1909 non
1678 1876 1746 1910 est
1770 1867 1923 1910 minor
1947 1865 2097 1910 Patre.

1003 2014 1438 2070 ARTICULUS
1479 2014 1581 2068 III.
2180 2028 2262 2086 146

380 2134 574 2173 UTRUM
607 2135 783 2172 IMAGo
819 2135 1038 2174 efflusrt
1072 2136 1158 2173 srr
1191 2135 1499 2175 ADORANDA
1535 2135 1900 2175 ADORATIONE
1933 2136 2187 2177 LATRIAE.

295 2229 404 2287 (2-2.
432 2243 470 2287 q.
498 2230 561 2274 81.
588 2236 667 2274 art.
691 2245 727 2289 3.
756 2230 809 2274 ad
825 2245 860 2289 3.
890 2237 926 2274 et
951 2246 988 2289 q.
1015 2245 1087 2290 49.
1116 2238 1195 2275 art.
1224 2248 1258 2276 r.
1287 2231 1340 2275 ad
1366 2246 1404 2276 2.
1429 2237 1464 2275 et
1484 2232 1587 2290 infr.
1610 2239 1692 2277 art.
1719 2245 1761 2289 4.
1789 2240 1902 2292 corp.
1925 2239 1964 2278 et
1979 2239 2061 2278 art.
2082 2247 2119 2293 5.
2146 2233 2202 2278 ad
2220 2247 2264 2281 2.

890 2305 926 2342 et
945 2314 982 2358 3.
1010 2300 1120 2343 Dist.
1149 2314 1189 2358 9.
1217 2315 1254 2358 q.
1282 2315 1317 2344 1.
1345 2306 1425 2343 art.
1453 2314 1493 2344 2.
1521 2315 1558 2358 q.
1586 2299 1665 2357 2.).

383 2401 459 2444 AD
488 2414 704 2447 TERTmM
727 2403 790 2446 sic
818 2403 1090 2462 proceditur.
1110 2403 1314 2457 Videtur,
1332 2403 1455 2462 quod
1473 2403 1630 2462 imago
1652 2402 1826 2448 Christi
1841 2417 1936 2448 non
1953 2403 2012 2449 sit
2029 2404 2264 2450 adoranda

296 2468 562 2513 adoratione
598 2469 779 2513 latriae:
818 2470 979 2514 dicitur
1016 2471 1139 2514 enim
1175 2470 1319 2515 Exod.
1361 2483 1456 2514 20.:
1495 2471 1593 2515 Non
1619 2471 1758 2529 facies
1795 2471 1873 2515 tibi
1902 2471 2102 2531 sculptile,
2136 2486 2264 2531 neque

295 2550 457 2579 omnem
486 2536 828 2581 similitudinem:
855 2538 934 2581 sed
960 2537 1084 2581 nulla
1113 2537 1318 2581 adoratio
1343 2547 1410 2581 est
1430 2537 1638 2581 facienda
1659 2547 1818 2581 contra
1834 2537 1923 2582 Dei
1943 2548 2262 2598 praeceptum3

295 2615 406 2661 ergo
432 2603 588 2661 imago
618 2603 790 2653 Christi
814 2618 908 2647 non
937 2613 1003 2648 est
1030 2604 1262 2648 adoranda
1289 2605 1556 2648 adoratione
1581 2604 1755 2648 latriae.
2346 2644 2352 2650 ..

385 2682 426 2712 2.
452 2670 750 2714 PRAETEREA.
777 2670 1004 2728 Operibus
1026 2671 1278 2715 Gentilium
1299 2685 1393 2714 non
1417 2671 1635 2714 debemus
1653 2670 2014 2725 communicare,
2029 2679 2079 2716 ut
2099 2671 2263 2730 Apost.
2336 2670 2352 2724 ,ἶ

294 2736 403 2780 dicit
427 2737 593 2796 Ephes.
626 2751 687 2795 5.:
720 2739 798 2781 sed
828 2737 1032 2782 Gentiles
1059 2738 1114 2782 de
1146 2738 1237 2782 hoc
1271 2738 1514 2797 praecipue
1546 2737 1848 2796 inculpantur,
1880 2737 2006 2796 quod
2037 2744 2265 2783 commuta·

293 2809 445 2848 verunt
467 2805 650 2862 gloriam
675 2806 1005 2863 incorruptibilis
1030 2806 1115 2849 Dei
1140 2807 1184 2848 in
1208 2805 1520 2849 similitudinem
1546 2805 1744 2862 imaginis
1769 2804 2052 2863 corruptibilis
2067 2805 2261 2860 hominis,

295 2880 345 2914 ut
370 2871 532 2915 dicitur
558 2872 693 2915 Rom.
726 2885 785 2925 1.;
813 2885 922 2929 ergo
949 2872 1105 2930 imago
1134 2871 1307 2916 Christi
1331 2886 1425 2915 non
1453 2881 1522 2915 est
1544 2871 1775 2914 adoranda
1797 2870 2066 2915 adoratione
2088 2870 2263 2917 latriae.

390 2952 426 2996 3.
459 2938 757 2982 PRAETEREA.
792 2937 979 2982 Christo
1012 2939 1199 2982 debetur
1231 2938 1436 2982 adoratio
1469 2937 1626 2981 latriae
1657 2937 1832 2981 ratione
1875 2937 2138 2992 divinitatis,
2167 2951 2263 2983 non

294 3004 471 3048 ratione
498 3005 816 3049 humanitatis:
851 3005 930 3049 sed
963 3005 1152 3063 imagini
1179 3005 1423 3048 divinitatis
1451 3006 1562 3063 ejus,
1589 3018 1705 3062 quae
1739 3013 1807 3048 est
1838 3004 2020 3049 animae
2050 3004 2264 3051 rationali

294 3071 530 3131 impressa,
556 3086 651 3116 non
678 3072 863 3116 debetur
892 3071 1013 3115 ador
1007 3072 1098 3115 ttio
1125 3071 1308 3125 latriae;
1336 3085 1445 3129 ergo
1470 3070 1616 3114 multo
1635 3071 1785 3115 minus
1806 3071 2002 3130 imagini
2017 3070 2262 3131 corporali,

295 3153 412 3197 quae
439 3148 745 3199 repraesentat
770 3139 1102 3182 humanitatem
1131 3138 1283 3197 ipsius

364 3220 427 3261 4.
461 3206 758 3251 PRAETEREA.
791 3204 919 3249 Nihil
950 3205 1127 3249 videtur
1159 3218 1256 3249 esse
1288 3205 1334 3247 in
1368 3204 1491 3248 cultu
1526 3205 1680 3248 divino
1712 3203 1989 3259 faciendum,
2019 3205 2109 3250 nisi
2139 3204 2262 3264 quod

297 3283 363 3317 est
390 3287 416 3317 a
442 3274 545 3317 Deo
572 3273 842 3326 institutum,
870 3271 988 3315 unde
1016 3282 1061 3315 et
1085 3272 1245 3330 Apost.
1279 3285 1313 3315 1.
1334 3272 1389 3315 ad
1408 3271 1619 3316 Corinth.
1647 3286 1661 3315 1
1678 3286 1712 3316 1.
1739 3272 1983 3321 traditurus
2005 3272 2262 3321 doctrinam
2315 3266 2352 3338 2:³¹

298 3341 352 3384 de
379 3340 604 3384 sacrificio
631 3339 865 3383 Ecclesiae
893 3338 1023 3382 dicit:
1052 3339 1140 3396 Ego
1166 3340 1305 3397 accepi
1337 3352 1363 3382 a
1388 3339 1590 3392 Domino,
1619 3338 1727 3397 quod
1756 3346 1793 3384 et
1818 3337 1978 3385 tradidi
2005 3340 2151 3385 vobis:
2181 3339 2262 3385 sed
2320 3352 2325 3387 ξ
2348 3339 2352 3352 “

296 3407 421 3450 nulla
446 3406 627 3451 traditio
664 3406 711 3450 in
751 3406 982 3464 Scriptura
1008 3405 1235 3449 invenitur
1272 3404 1326 3448 de
1366 3406 1608 3450 adorandis
1634 3405 1934 3464 imaginibus;
1959 3418 2072 3465 ergo
2102 3405 2260 3464 imago
2314 3413 2335 3470 ᾗ

298 3474 471 3518 Christi
496 3489 589 3518 non
617 3483 684 3519 est
711 3472 942 3517 adoranda
969 3472 1235 3516 adoratione
1262 3471 1434 3515 latriae.
1969 3519 1970 3522 Ἴ

388 3542 482 3586 SED
510 3554 706 3586 CONTRA
740 3550 821 3594 est,
848 3539 971 3599 quod
992 3539 1209 3583 Damasc.
1236 3539 1327 3596 (lib.
1354 3553 1396 3596 4.
1427 3539 1548 3584 Orth.
1576 3540 1670 3584 Fid.
1697 3548 1787 3599 cap.
1821 3553 1884 3599 17.
1908 3539 2263 3600 ciraprianin·

298 3609 422 3652 ducit
448 3608 668 3653 Basilium
695 3608 947 3651 dicentem:
978 3622 1001 3647 «
1024 3605 1242 3664 Imaginis
1269 3604 1420 3649 honor
1446 3605 1501 3649 ad
1528 3616 1825 3665 prototypum
1846 3605 2053 3666 pervenit
2072 3605 2262 3660 »sidest
