2352 3926
225 162 331 216 812
683 173 957 221 QUAESTIO
997 170 1240 211 LXXXVII.
1281 170 1590 209 ARTICULUS
1630 169 1708 208 111.

911 360 1347 418 ARTICULUS
1387 358 1488 415 III.
2108 385 2192 444 537}

598 476 792 514 UTRUM
829 475 1089 514 VENIALIA
1128 474 1384 513 PECCATA
1421 472 1820 513 REMITTANTUR
2144 487 2191 511 *202¹*

243 553 343 591 PER
383 550 760 589 ASPERSIONEM
798 549 986 596 AQUAE
1025 549 1393 601 BENEDICTAE,
1434 549 1506 587 ET
1547 547 1799 586 CAETERA
1837 546 2180 602 HUJUSMODI.

283 640 431 698 (Supr.
450 654 488 697 q.
507 639 569 697 65
589 643 668 682 art.
686 653 721 683 1.
739 637 849 683 ad6.
867 638 959 683 et8.
978 643 1070 696 etq.
1087 638 1148 697 83.
1167 643 1299 697 art..3
1317 635 1418 696 ad3.
1439 641 1536 694 et4.
1553 636 1667 681 Dist.
1684 635 1752 681 16.
1770 649 1808 694 q.
1826 649 1866 681 2.
1883 640 1965 681 ari.
1979 648 2022 681 3.
2037 648 2077 694 q.
2093 646 2137 692 4.

503 711 543 750 et
569 706 682 749 Dist.
709 718 772 764 17.
791 719 838 764 q.
860 719 896 764 3.
921 710 1003 748 art.
1025 718 1063 763 3.
1090 718 1128 763 q.
1150 719 1187 764 3.
1214 709 1251 748 et
1275 703 1390 748 Dist.
1415 715 1486 748 31.
1513 717 1550 762 q.
1578 716 1618 747 2.
1645 707 1727 747 art.
1752 717 1788 747 1.
1814 707 1854 747 et
1877 715 1918 747 2.

898 777 935 816 et
959 771 1006 815 de
1033 771 1138 815 Mal.
1167 786 1206 831 q.
1233 783 1273 831 7.
1299 775 1382 815 art.
1407 769 1509 828 12).

315 876 392 920 AD
423 888 641 920 TERTIUM
673 875 738 920 sic
771 875 1045 934 proceditur.
1077 874 1285 929 Videtur,
1316 874 1440 934 quod
1472 873 1669 920 venialia
1700 882 1891 934 peccata
1921 885 2016 917 non
2047 872 2200 918 remit-

226 954 377 987 tantur
403 958 483 1002 per
510 943 822 1002 aspersionem
848 957 993 1002 aquae
1013 943 1296 998 benedictae,
1322 952 1368 987 et
1393 941 1702 1002 episcopalem
1734 940 2118 996 benedictionem,
2150 949 2195 985 et

226 1010 315 1054 alia
341 1010 627 1068 hujusmodi:
654 1020 843 1070 peccata
869 1010 991 1054 enim
1018 1009 1215 1054 venialia
1239 1023 1335 1053 non
1361 1009 1650 1053 remittuntur
1686 1010 1783 1053 sine
1818 1007 2116 1068 poenitentia,
2147 1016 2199 1052 ut

227 1078 399 1121 dictum
427 1087 495 1121 est
522 1077 621 1134 (art.
648 1093 682 1123 1.
711 1078 798 1136 huj.
825 1092 850 1136 q
854 1076 914 1135 .:)
942 1076 1022 1121 sed
1048 1077 1328 1136 poenitentia
1353 1090 1434 1135 per
1455 1089 1504 1120 se
1529 1075 1695 1120 sufficit
1712 1075 1767 1119 ad
1790 1075 2111 1119 remissionem
2123 1087 2199 1118 ve-

228 1143 420 1188 nialium
447 1154 771 1203 peccatorum;
798 1158 909 1203 ergo
936 1145 1021 1188 ista
1052 1143 1168 1187 nihil
1200 1153 1447 1202 operantur
1479 1142 1534 1187 ad
1566 1142 1832 1201 hujusmodi
1861 1141 2197 1205 remissipnem.

322 1224 363 1255 2.
404 1211 705 1256 PRAETEREA.
742 1210 996 1263 Quodlibet
1029 1211 1223 1255 istorum
1258 1209 1470 1254 eamdem
1496 1208 1767 1254 relationem
1799 1209 1938 1254 habet
1970 1208 2027 1254 ad
2053 1222 2199 1253 unum

229 1288 471 1338 peccatum
497 1278 693 1333 veniale,
721 1287 766 1323 et
782 1278 838 1322 ad
857 1278 1038 1323 01111113;
1058 1278 1096 1322 si
1114 1291 1226 1335 ergo
1244 1291 1325 1336 per
1342 1275 1556 1335 aliquod
1544 1287 1737 1320 istorum
1753 1276 1996 1322 remittitur
2012 1274 2199 1335 aliquod

228 1355 471 1403 peccatum
496 1345 691 1400 veniale,
718 1346 920 1405 sequitur
943 1344 1068 1405 quod
1093 1345 1191 1404 pari
1215 1344 1393 1389 ratione
1418 1344 1706 1407 remittantur
1737 1345 1918 1388 omnia:
1950 1353 1997 1389 et
2025 1345 2088 1388 ita
2118 1356 2200 1404 per

230 1427 372 1456 unam
398 1412 662 1457 tunsionem
688 1413 902 1472 pectoris,
927 1412 1002 1456 vel
1027 1426 1107 1472 per
1127 1425 1268 1455 unam
1296 1411 1611 1470 aspersionem
1638 1425 1782 1471 aquae
1805 1410 2074 1456 benedictae
2103 1410 2202 1455 red-

230 1479 411 1523 deretur
436 1480 582 1524 homo
604 1479 823 1524 immunis
851 1479 905 1523 ab
934 1479 1147 1524 omnibus
1173 1479 1374 1538 peccatis
1399 1477 1676 1533 venialibus;
1702 1478 1827 1538 quod
1851 1477 2030 1522 videtur
2043 1477 2202 1523 incon·

229 1547 431 1590 veniens

323 1628 363 1671 3.
394 1614 694 1659 PRAETEREA.
727 1614 925 1658 Peccata
956 1613 1154 1658 venialia
1185 1613 1407 1657 inducunt
1437 1622 1615 1657 reatum
1648 1611 1839 1672 alicujus
1870 1625 2064 1672 poenae,
2093 1611 2204 1658 licet

233 1681 526 1739 temporalis:
555 1682 718 1725 dicitur
744 1681 867 1725 enim
895 1694 931 1725 1.
956 1680 1066 1725 Cor.
1098 1695 1136 1740 3.
1164 1681 1220 1724 de
1243 1694 1300 1725 eo
1322 1681 1395 1739 qui
1418 1680 1730 1741 superaedificat
1754 1681 1927 1739 lignum,
1950 1680 2143 1740 foenum,
2165 1685 2203 1726 et

228 1749 443 1808 stipulam,
472 1749 596 1807 quod
620 1749 760 1794 salvus
791 1750 885 1804 erit,
910 1749 969 1793 sic
991 1758 1147 1793 tamen
1173 1749 1293 1807 quasi
1306 1755 1385 1807 per
1405 1749 1566 1807 ignem:
1588 1748 1666 1792 sed
1683 1747 1963 1806 hujusmodi,
1987 1761 2068 1807 per
2083 1760 2203 1807 quae

234 1815 397 1859 dicitur
422 1825 665 1874 peccatum
691 1815 872 1860 veniale
905 1815 1085 1869 dimitti,
1120 1815 1195 1860 vel
1225 1815 1416 1869 nullam,
1451 1815 1525 1859 vel
1561 1816 1806 1860 minimam
1837 1828 2040 1874 poenam
2073 1816 2122 1861 in
2153 1824 2204 1862 se

231 1882 424 1938 habent3
452 1897 562 1941 ergo
584 1897 680 1927 non
707 1882 939 1927 sufficiunt
963 1883 1020 1927 ad
1042 1883 1228 1942 plenam
1257 1881 1578 1927 remissionem
1603 1881 1854 1927 venialium
1889 1893 2201 1942 peccatorum.

322 1949 417 1993 SED
445 1962 645 1995 CONTRA
672 1960 754 2004 est,
781 1950 904 2009 quod
928 1950 1124 2009 August.
1159 1949 1269 1994 dicit
1293 1949 1340 1994 in
1371 1949 1448 1994 lib.
1482 1949 1538 1994 de
1570 1950 1858 1995 Poenitentia
1888 1950 2063 2009 (scilicet
2092 1951 2202 1996 hom.

234 2017 308 2061 ult.
334 2018 442 2061 inter
462 2032 529 2076 50.
556 2018 760 2076 aliquant.
788 2024 883 2062 ante
906 2017 1050 2076 med),
1078 2017 1202 2076 quod
1232 2031 1361 2076 «pro
1393 2016 1567 2061 levibus
1599 2017 1798 2077 peccatis
1829 2027 2017 2077 pectora
2047 2027 2204 2063 nostra

233 2083 482 2139 tundimuS,
512 2095 557 2128 et
583 2085 800 2131 dicimus.
826 2086 1008 2130 Dimitte
1031 2086 1149 2130 nobis
1173 2083 1313 2129 debita
1337 2091 1481 2130 nostra
1496 2099 1546 2139 »3
1564 2094 1609 2128 et
1625 2085 1686 2129 ita
1703 2084 1894 2140 videtur,
1915 2084 2038 2144 quod
2051 2086 2204 2133 tunsio

234 2151 446 2210 pectoris,
470 2161 515 2195 et
541 2152 688 2196 oratio
713 2152 962 2197 Dominica
989 2162 1177 2197 causent
1197 2151 1518 2197 remissionem
1542 2151 1794 2196 venialium
1815 2155 2136 2233 peccatorum:
2159 2161 2206 2198 et

234 2218 397 2261 eadem
417 2219 534 2262 ratio
559 2218 739 2263 videtur
766 2233 864 2263 esse
890 2219 946 2263 de
973 2218 1087 2263 aliis.
2150 2238 2172 2253 ’-

323 2284 613 2330 RESPONDEO
641 2285 902 2340 dicendum,
929 2286 1068 2345 quod,
1094 2286 1212 2331 sicut
1238 2300 1374 2346 supra
1410 2286 1583 2331 dictum
1616 2296 1684 2331 est
1707 2286 1811 2345 (art.
1838 2287 2025 2348 praeta),
2051 2286 2110 2331 ad
2138 2298 2208 2332 re·

234 2352 504 2397 missionem
530 2352 721 2398 venialis
748 2355 926 2411 peccati
948 2367 1043 2398 non
1069 2354 1308 2413 requiritur
1328 2368 1478 2398 novae
1510 2354 1682 2413 gratiae
1713 2354 1896 2409 infusio,
1923 2354 2008 2400 sed
2040 2352 2209 2400 sufficit

235 2419 399 2478 aliquis
426 2429 552 2464 actus
579 2420 835 2479 procedens
859 2434 913 2464 ex
936 2420 1095 2479 gratia,
1112 2435 1204 2480 quo
1222 2421 1385 2480 aliquis
1403 2421 1648 2465 detestetur
1663 2430 1905 2481 peccatum
1921 2420 2116 2477 veniale,
2131 2421 2207 2468 vel

234 2486 459 2545 explicite,
482 2485 558 2530 vel
574 2486 735 2531 saltem
762 2487 1008 2546 implicite3
1029 2487 1147 2532 sicut
1173 2485 1280 2532 cu'm
1307 2487 1468 2547 aliquis
1498 2487 1726 2532 ferventer
1745 2498 1958 2533 movetur
1972 2488 2020 2534 in
2035 2488 2224 2535 Deum-

234 2553 291 2598 Et
307 2553 412 2597 ideo
427 2554 585 2613 triplici
597 2554 774 2598 ratione
794 2553 944 2613 aliqua
966 2564 1155 2599 causant
1177 2555 1498 2599 remissionem
1514 2554 1763 2599 venialium
1781 2566 2077 2615 peccatorum
2091 2571 2106 2602 .·
2123 2568 2207 2602 uno

234 2620 373 2675 modo,
401 2622 672 2679 inquantum
694 2620 741 2665 in
770 2621 834 2665 eis
865 2620 1117 2666 infunditur
1149 2622 1315 2680 gratia3
1350 2622 1455 2680 quia
1488 2637 1569 2681 per
1603 2621 1883 2667 infusionem
1920 2624 2094 2682 gratiae
2122 2623 2208 2669 tol·

235 2688 390 2731 luntur
413 2687 611 2732 venialia
636 2697 843 2747 peccata,
869 2698 918 2732 ut
943 2703 1078 2746 supra
1104 2689 1277 2732 dictum
1305 2699 1373 2732 est
1401 2688 1502 2745 (art.
1532 2691 1696 2748 praec.)
1710 2705 1727 2743 ;
1765 2699 1810 2735 et
1834 2690 1925 2736 hoc
1950 2690 2094 2736 modo
2125 2696 2208 2751 pet

236 2754 588 2810 Eucharistiam,
617 2765 662 2799 et
683 2765 936 2800 extremam
957 2756 1240 2810 unctionem,
1259 2766 1303 2800 et
1320 2756 1634 2801 universaliter
1649 2771 1729 2817 per
1746 2758 1904 2803 omnia
1920 2767 2218 2815 sacramenta·

237 2836 390 2867 novae
413 2821 544 2881 legis,
567 2822 613 2866 in
640 2822 802 2882 quibus
829 2821 1060 2867 confertur
1086 2823 1244 2882 gratia,
1265 2834 1454 2882 peccata
1469 2824 1666 2868 venialia
1682 2825 1994 2870 remittuntur:
2013 2825 2207 2882 secundo,

237 2891 509 2949 inquantum
536 2901 641 2934 sunt
667 2904 773 2935 cum
808 2890 963 2949 aliquo
1000 2900 1130 2934 motu
1163 2890 1475 2935 detestationis
1507 2903 1831 2951 peccatorum3
1863 2902 1910 2938 et
1938 2893 2030 2938 hoc
2061 2890 2226 2938 modo*

239 2959 469 3004 confessio
498 2958 740 3018 generalis,
766 2959 918 3003 tunsio
945 2958 1157 3017 pectoris,
1180 2970 1224 3003 et
1250 2959 1397 3003 oratio
1424 2959 1673 3004 Dominica
1699 2970 1947 3020 operantur
1966 2959 2027 3004 >ad
2052 2960 2209 3006 remis-

237 3027 416 3071 sionem
442 3026 692 3070 venialium
717 3037 1030 3086 peccatorum,
1054 3039 1164 3070 nam
1190 3025 1237 3069 in
1263 3026 1471 3070 oratione
1499 3026 1747 3071 Dominica
1773 3028 1993 3086 petimus:
2026 3028 2231 3073 Dimitu³

237 3095 352 3139 nobis
373 3094 510 3139 debita
532 3099 702 3139 nostra:
730 3095 848 3139 tertio
876 3093 1012 3149 modo,
1038 3093 1310 3152 inquantum
1337 3102 1441 3137 sunt
1467 3107 1573 3137 cum
1601 3093 1755 3154 aliquo
1777 3104 1908 3139 motu
1923 3094 2231 3143 reverentiae?

239 3165 284 3207 in
310 3164 478 3218 Deum,
508 3173 551 3207 et
574 3163 629 3206 ad
656 3176 727 3207 res
764 3162 965 3217 divinas;
1003 3171 1047 3206 et
1083 3161 1174 3205 hoc
1212 3161 1353 3205 modo
1388 3161 1644 3206 benedictio
1681 3161 1970 3222 episcopalis,
2003 3161 2216 3222 aspersio.

240 3245 383 3289 aquae
410 3230 693 3285 benedictae,
720 3229 948 3288 quaelibet
973 3227 1314 3274 sacramentalis
1342 3229 1514 3283 unctio,
1531 3229 1679 3274 oratio
1699 3230 1744 3273 in
1762 3229 1968 3275 Ecclesia
1984 3228 2209 3284 dedicata,

238 3308 282 3341 ct
304 3298 341 3341 si
369 3297 519 3356 aliqua
547 3296 634 3341 alia
667 3308 771 3342 sunt
803 3295 1082 3356 hujusmodi,
1115 3306 1359 3356 operantur
1391 3297 1447 3340 ad
1481 3296 1801 3341 remissionem
1832 3295 2083 3342 venialium
2107 3309 2209 3357 pec-

239 3375 463 3409 catorum.

328 3433 403 3477 Ao
436 3446 623 3477 PRIMUM
651 3446 761 3492 ergo
790 3433 1050 3487 dicendum,
1072 3430 1194 3491 quod
1222 3430 1379 3475 omnia
1402 3431 1484 3475 ista
1504 3442 1693 3477 causant
1715 3431 2210 3491 remissionem-pecca·

236 3511 390 3544 torum
417 3499 681 3554 venialium,
708 3500 978 3559 inquantum
1004 3498 1225 3544 inclinant
1248 3498 1451 3542 animam
1479 3499 1534 3543 ad
1562 3509 1742 3544 motum
1775 3498 2098 3558 poenitentiae,
2129 3497 2209 3558 qui

238 3577 307 3612 est
333 3567 572 3612 detestatio
599 3577 910 3627 peccatorum,
936 3565 1011 3611 vel
1035 3565 1271 3626 implicite,
1298 3564 1371 3611 vel
1398 3565 1622 3626 explicite.
