2352 3926
0 1064 9 1103 ›1-
0 1027 9 1047 r·
0 893 19 1005 *zazoa-<vg-
0 458 28 842 ᾞΜἯξ-Ν..

709 235 987 284 ouans-no
1028 237 1085 276 11.
1125 236 1435 278 ‚tumemus
1472 237 1526 275 v.
2007 238 2075 294 39

112 348 163 387 et
182 338 393 400 corporis
417 351 513 384 non
538 337 725 383 resultet
748 352 840 382 una
871 339 1133 383 communis
1154 348 1330 394 natura,
1350 352 1467 398 quae
1490 347 1557 384 est
1576 338 1800 383 humana:
1823 338 1902 383 sed
1924 348 1994 384 est
2014 353 2079 384 re-

114 405 352 452 ferendum
369 406 425 451 ad
442 405 662 450 unionem
679 405 871 450 duarum
888 415 1168 460 naturarum,
1185 406 1365 451 divinae
1383 405 1558 450 scilicet
1579 415 1624 451 et
1644 406 1890 460 humanae,
1913 419 1967 450 ex
1985 405 2079 464 qui-

113 472 199 519 bus
222 486 317 518 non
348 473 640 533 componitur
672 472 839 532 aliquid
871 472 1070 527 tertium,
1102 471 1226 532 q-uod
1260 472 1316 517 sit
1348 472 1574 532 quaedam
1604 482 1767 517 natura
1788 473 2075 526 communis;

114 540 222 601 quia
246 541 312 585 sic
338 539 449 585 illud
476 549 595 585 esset
618 549 776 584 natum
802 539 1055 599 praedicari
1080 539 1136 583 de
1161 538 1388 599 pluribus;
1430 550 1473 584 et
1497 540 1588 584 hoc
1615 540 1677 584 ibi
1701 539 1916 595 intendit3
1958 540 2077 583 unde

114 607 287 653 subdit:
315 623 340 649 α
366 607 527 666 Neque
553 606 678 652 enim
704 615 942 666 generatus
969 616 1050 660 est,
1075 620 1223 665 neque
1250 619 1452 664 unquam
1494 606 1780 666 generabitur
1805 606 1921 651 alius
1946 606 2078 651 Chri-

111 682 207 720 stus
232 689 289 720 ex
318 673 499 728 deitate,
525 683 570 718 et
593 673 896 719 humanitate:
922 673 970 718 in
995 673 1175 728 deitate,
1203 683 1247 719 et
1266 673 1550 719 humanitate
1567 675 1693 719 Deus
1710 673 1935 734 perfectus
1953 674 2076 719 idem

112 751 161 788 et
180 741 328 787 homo
354 739 580 801 perfectus
606 757 647 784 n.

202 810 279 856 AD
295 822 512 855 TERTIUM
528 809 788 864 dicendum,
810 808 933 869 quod
963 808 1116 869 duplex
1137 818 1204 854 est
1224 809 1497 869 principium
1513 810 1634 854 vitae
1652 808 1925 870 corporalis:
1943 824 2076 854 unum

110 876 297 938 quidem
323 875 613 931 effectivum3
640 886 685 921 et
709 876 801 920 hoc
827 876 970 920 modo
995 876 1200 921 Verbum
1232 876 1322 920 Dei
1352 885 1421 920 est
1451 876 1725 935 principium
1755 877 1906 922 omnis
1931 876 2075 922 vitae:

113 944 198 990 alio
221 943 341 989 modo
367 953 436 988 est
460 943 628 1003 aliquid
654 943 928 1002 principium
960 943 1081 987 vitae
1111 942 1380 997 formaliter,
1414 958 1519 987 cum
1548 944 1671 987 enim
1702 960 1725 985 α
1747 945 1899 988 vivere
1925 945 2078 989 viven-

110 1010 230 1056 tibus
253 1011 311 1056 sit
334 1025 434 1056 esse
456 1027 497 1066 κ,
523 1021 572 1055 ut
603 1010 711 1054 dicit
738 1010 1047 1069 Philosophus
1070 1022 1109 1054 2.
1133 1010 1189 1055 de
1210 1010 1299 1054 An.
1327 1011 1430 1068 (tex.
1451 1024 1515 1069 37.
1514 1010 1556 1067 )‚
1580 1010 1695 1054 sicut
1717 1011 2075 1070 unumquodque

107 1076 362 1124 formaliter
387 1088 454 1123 est
479 1091 559 1137 per
582 1076 782 1121 formam
807 1092 952 1131 suam,
978 1077 1039 1121 ita
1068 1091 1232 1135 corpus
1259 1077 1370 1121 vivit
1395 1091 1476 1135 per
1502 1077 1729 1132 animam3
1753 1087 1798 1122 et
1820 1078 1909 1122 hoc
1933 1078 2075 1123 modo

109 1158 208 1191 non
231 1145 415 1206 ponitur
441 1158 605 1204 corpus
630 1146 784 1189 vivere
811 1159 891 1204 per
911 1144 1118 1199 verbum,
1141 1143 1264 1203 quod
1281 1159 1376 1188 non
1399 1154 1551 1204 potest
1566 1158 1665 1189 esse
1684 1144 1890 1204 corporis
1911 1143 2076 1190 forma.

812 1322 1250 1383 ARTICULUS
1282 1323 1382 1381 VI.
2026 1351 2076 1386 12

33 1459 36 1463 ⁴
114 1461 308 1503 UTRUM
343 1459 567 1502 NATURA
586 1459 819 1503 HUMANA
839 1459 1037 1500 FUERIT
1060 1459 1231 1501 UNITA
1250 1459 1428 1499 VERBO
1453 1459 1546 1500 DEI
1573 1458 2076 1502 ACCIDENTALITER.

826 1570 968 1629 (Part.
994 1585 1029 1615 1.
1054 1584 1094 1630 q.
1122 1583 1185 1630 17.
1211 1576 1294 1615 art.
1321 1585 1357 1614 ι.

282 1642 320 1684 et
343 1652 381 1699 3.
412 1637 523 1682 Dist.
555 1638 595 1683 8.
629 1651 667 1696 q.
694 1652 731 1698 3.
765 1642 847 1682 art.
880 1651 920 1682 2.
952 1642 991 1682 et
1021 1636 1092 1681 lib.
1126 1650 1169 1694 4.
1205 1636 1350 1681 Contr.
1381 1650 1421 1695 g.
1455 1644 1545 1697 cap.
1573 1649 1637 1695 37.
1668 1649 1733 1694 41,
1766 1641 1806 1681 et
1833 1649 1908 1695 49.

409 1711 448 1750 et
463 1703 510 1749 de
534 1704 688 1748 Union.
715 1704 832 1748 Verb.
851 1709 932 1748 art.
951 1719 986 1749 1.
1004 1709 1042 1748 et
1056 1711 1190 1763 opusc.
1207 1718 1247 1748 2.
1267 1710 1357 1762 cap.
1375 1716 1458 1763 215.
1478 1709 1516 1748 et
1533 1702 1686 1763 Philip.
1704 1703 1782 1760 2.).

201 1815 277 1860 AD
314 1828 506 1861 SEXTUM
538 1816 602 1860 sic
634 1817 906 1875 proceditur.
939 1816 1144 1870 Videtur,
1176 1815 1300 1875 quod
1331 1816 1535 1860 humana
1576 1825 1738 1860 natura
1777 1815 1911 1861 fuerit
1950 1817 2076 1861 unita

112 1881 266 1927 Verbo
298 1883 387 1928 Dei
424 1883 781 1928 accidentaliter:
819 1884 928 1928 dicit
954 1883 1077 1927 enim
1110 1883 1270 1943 Apost.
1309 1882 1504 1941 Philipp.
1532 1895 1572 1926 2.
1600 1883 1656 1927 de
1683 1881 1798 1926 Filio
1835 1883 1938 1938 Dei,
1965 1884 2073 1942 quod

111 1949 256 1995 habitu
284 1951 471 1995 inventus
502 1960 570 1994 est
594 1957 641 1995 ut
665 1951 814 1996 homo:
847 1951 925 1995 sed
952 1951 1131 1995 habitus
1165 1950 1505 2009 accidentaliter
1538 1951 1720 1995 advenit
1752 1951 1808 2005 ei,
1837 1953 1964 2009 cujus
1993 1962 2073 2005 est,

110 2016 205 2062 sive
231 2017 478 2077 accipiatur
503 2017 702 2072 habitus,
727 2028 863 2076 prout
888 2028 955 2062 est
981 2033 1124 2062 unum
1148 2018 1203 2062 de
1226 2018 1387 2062 decem
1410 2018 1805 2077 praedicamentis,
1823 2019 1917 2062 sive
1941 2029 2076 2077 prout

109 2094 179 2134 est
200 2084 375 2144 species
397 2084 645 2144 qualitatis;
673 2099 785 2144 ergo
807 2085 1010 2129 humana
1035 2095 1196 2129 natura
1224 2085 1563 2129 accidentaliter
1589 2085 1715 2128 unita
1737 2094 1804 2128 est
1826 2085 1941 2129 Filio
1969 2086 2070 2130 Dei.

198 2165 239 2197 2.
265 2151 561 2197 PRAETEREA.
591 2152 746 2197 Omne
772 2153 895 2211 quod
923 2153 1106 2197 advenit
1132 2152 1268 2196 alicui
1299 2162 1404 2210 post
1431 2165 1530 2197 esse
1564 2151 1863 2211 completum,
1891 2152 2075 2197 advenit

109 2217 153 2263 ei
171 2218 530 2266 accidentaliter:
553 2219 643 2264 hoc
667 2219 791 2263 enim
808 2220 1002 2264 dicimus
1020 2220 1247 2273 accidens,
1266 2219 1388 2278 quod
1416 2229 1566 2279 potest
1592 2230 1636 2264 et
1663 2220 1835 2275 adesse,
1854 2229 1898 2264 et
1916 2220 2072 2265 abesse

108 2283 244 2337 alicui
267 2296 445 2344 praeter
469 2286 658 2345 subjecti
679 2288 1046 2346 corruptionem:
1071 2287 1150 2331 sed
1172 2297 1333 2331 natura
1354 2287 1560 2331 humana
1582 2287 1765 2331 advenit
1786 2301 1840 2331 ex
1862 2297 2070 2347 tempore

107 2351 222 2398 Filio
243 2352 334 2398 Dei
356 2353 542 2397 habenti
564 2367 663 2398 esse
689 2353 945 2413 perfectum
972 2354 1025 2398 ab
1055 2364 1265 2408 aetern03
1297 2368 1407 2413 ergo
1435 2354 1619 2398 advenit
1644 2354 1687 2397 ei
1712 2354 2069 2399 accidentaliter.

199 2433 238 2478 3.
263 2419 560 2466 PRAETEREA.
582 2419 819 2480 Quidquid
843 2435 939 2466 non
965 2423 1159 2480 pertinet
1185 2421 1241 2466 ad
1266 2431 1493 2475 naturam,
1515 2435 1595 2465 seu
1614 2421 1859 2465 essentiam
1881 2420 2071 2480 alicujus

106 2486 188 2541 rei,
213 2497 282 2532 est
306 2487 517 2533 accidens
543 2488 663 2546 ejus:
696 2488 802 2547 quia
829 2502 969 2533 omne
995 2489 1119 2548 quod
1145 2498 1226 2542 est,
1254 2499 1330 2532 aut
1355 2499 1423 2532 est
1447 2488 1711 2542 substantia,
1735 2498 1810 2532 aut
1833 2488 2070 2533 accidens:

0 2615 3 2617 -
43 2553 46 2555 ’
105 2553 405 2599 ωάὴιιωαιιει
421 2564 581 2599 natura
602 2569 697 2599 non
722 2555 918 2615 pertinet
943 2555 999 2599 ad
1027 2555 1286 2610 essentiam,
1302 2555 1378 2600 vel
1393 2565 1604 2600 naturam
1622 2555 1824 2599 divinam
1840 2555 1943 2600 Filii
1959 2556 2069 2600 Dei:

106 2619 215 2681 quia
238 2635 333 2666 non
359 2631 427 2667 est
449 2621 569 2667 facta
595 2622 705 2666 unio
731 2623 778 2667 in
804 2632 980 2677 natura,
1007 2633 1057 2667 ut
1081 2637 1218 2682 supra
1243 2623 1416 2667 dictum
1443 2633 1510 2667 est
1534 2624 1635 2680 (art.
1662 2638 1697 2668 1.
1724 2623 1812 2682 huj.
1840 2622 1903 2682 q.)
1911 2638 1928 2676 ,·
1957 2637 2067 2682 ergo

0 2688 48 2749 ⁵3³
108 2697 301 2748 oportet,
326 2688 450 2749 quod
474 2699 636 2734 natura
656 2690 861 2734 humana
887 2689 1227 2735 accidentaliter
1251 2690 1369 2735 Filio
1395 2690 1485 2734 Dei
1512 2690 1756 2734 advenerit.

195 2767 238 2812 4.
263 2756 560 2804 PRAETEREA.
585 2757 944 2801 Instrumentum
971 2756 1310 2803 accidentaliter
1337 2757 1543 2802 advenit:
1576 2757 1655 2801 sed
1681 2756 1885 2801 humana
1909 2766 2071 2801 natura

10 2827 43 2864 2³
104 2821 155 2867 h
179 2822 367 2869 Christo
391 2823 477 2868 fuit
502 2824 747 2869 divinitatis
779 2825 1157 2869 instrumentum:
1192 2825 1301 2869 dicit
1334 2825 1458 2869 enim
1490 2825 1807 2869 Damascenus
1838 2825 1885 2868 in
1922 2839 1959 2883 3.
1992 2823 2070 2868 lib.

105 2889 256 2949 (Orth.
288 2890 382 2936 Fid.
409 2900 501 2952 cap.
528 2892 623 2951 ηπ),
659 2892 781 2951 quod
815 2906 915 2937 caro
951 2893 1107 2937 Christi
1138 2894 1461 2937 instrumentum
1492 2892 1726 2936 divinitatis
1757 2893 1898 2937 existit
1907 2907 1924 2944 ,·
1959 2905 2069 2950 ergo

106 2956 295 3012 videtur,
321 2960 443 3018 quod
470 2959 672 3003 humana
697 2969 857 3003 natura
883 2958 1020 3003 fuerit
1044 2959 1161 3003 Filio
1188 2960 1277 3004 Dei
1302 2959 1429 3003 unita
1457 2958 1810 3003 accidentaliter.

197 3024 292 3070 SED
317 3038 513 3071 CONTRA
535 3036 616 3080 est,
639 3026 762 3086 quod
789 3026 900 3070 illud
918 3027 1041 3085 quod
1059 3026 1400 3071 accidentaliter
1416 3026 1715 3086 praedicatur,
1732 3040 1826 3070 non
1843 3025 2071 3084 praedicat

1 3086 40 3157 ᾗ
97 3091 230 3152 quid,
255 3091 334 3137 sed
359 3103 593 3152 quantum,
620 3093 692 3137 vel
718 3093 866 3153 quale,
893 3093 968 3138 vel
995 3093 1147 3152 aliquo
1177 3093 1267 3138 alio
1302 3094 1444 3138 modo
1471 3108 1520 3138 se
1546 3094 1745 3148 habens;
1777 3094 1814 3137 si
1848 3106 1956 3150 ergo
1990 3091 2070 3135 hu-

0 3160 51 3225 J4
104 3170 245 3204 >utana
282 3170 444 3205 natura
485 3160 824 3205 accidentaliter
856 3161 1102 3216 adveniret,
1137 3175 1243 3205 cum
1276 3161 1462 3206 dicitur:
1501 3161 1687 3206 Christus
1718 3167 1775 3205 est
1806 3161 1943 3213 homo,
1975 3172 2070 3202 non

107 3227 441 3286 praedicaretur
465 3228 587 3287 quid,
613 3228 692 3273 sed
718 3227 867 3287 quale,
891 3238 968 3273 aut
994 3239 1230 3287 quantum,
1255 3238 1332 3272 aut
1354 3228 1508 3287 aliquo
1532 3228 1623 3272 alio
1647 3227 1788 3271 modo
1812 3241 1860 3270 se
1883 3225 2069 3280 habens,

3 3315 29 3349 „2
109 3293 232 3352 quod
259 3304 327 3339 est
353 3305 511 3339 contra
536 3295 829 3340 Decretalem
856 3294 1104 3339 Alexandri
1130 3295 1282 3354 Papae
1315 3295 1392 3339 111.
1427 3295 1616 3339 dicentis
1643 3293 1824 3351 (Concil.
1858 3293 2000 3337 Later.
2031 3299 2070 3337 et

1 3358 48 3404 '5²⁷
108 3360 230 3407 hab..·
261 3361 368 3407 Cum
390 3360 597 3417 Christus,
623 3362 670 3407 de
691 3362 968 3420 Haereticis).·
1000 3379 1023 3404 t<
1039 3362 1161 3407 Cum
1185 3362 1396 3407 Christus
1420 3362 1477 3406 sit
1497 3361 1723 3421 perfectus
1744 3360 1886 3413 Deus,
1909 3370 1954 3404 et
1976 3373 2072 3419 per-

4 3424 32 3460 ι”ι
107 3424 253 3472 fectus
275 3427 437 3483 homo,
463 3442 553 3487 qua
576 3429 830 3474 temeritate
854 3430 1021 3474 audent
1042 3429 1227 3488 quidam
1249 3429 1415 3483 dicere,
1434 3428 1556 3488 quod
1576 3427 1799 3481 Christus,
1817 3426 2067 3471 secundum

5 3479 22 3574 ἶ
109 3493 232 3554 quod
256 3504 326 3540 est
348 3494 509 3550 homo,
533 3509 629 3541 non
654 3506 722 3541 est
745 3496 890 3556 quid?
914 3513 937 3539 »

196 3560 486 3608 Rsssvounto
517 3561 775 3618 dicendum,
804 3562 930 3622 quod
963 3563 1019 3607 ad
1049 3563 1185 3622 hujus
1218 3561 1495 3622 quaestionis
1529 3560 1802 3605 evidentiam
1830 3559 2067 3605 sciendum

3 3621 21 3654 ··³
109 3627 327 3688 anquod
337 3628 459 3674 circa
469 3629 739 3689 mysterium
753 3630 937 3675 unionis
952 3629 1146 3675 duarum
1162 3639 1427 3674 naturarum
1438 3628 1486 3673 in
1498 3626 1685 3673 Christo
1702 3626 1852 3686 duplex
1867 3627 2069 3672 haeresis
