<?xml version="1.0" encoding="UTF-8"?>
<!DOCTYPE html PUBLIC "-//W3C//DTD XHTML 1.0 Transitional//EN"
    "http://www.w3.org/TR/xhtml1/DTD/xhtml1-transitional.dtd">
<html xmlns="http://www.w3.org/1999/xhtml" xml:lang="en" lang="en">
 <head>
  <title>
</title>
<meta http-equiv="Content-Type" content="text/html;charset=utf-8" />
  <meta name='ocr-system' content='tesseract 3.04.00' />
  <meta name='ocr-capabilities' content='ocr_page ocr_carea ocr_par ocr_line ocrx_word'/>
</head>
<body>
  <div class='ocr_page' id='page_1' title='image "./divithomaeaquina04thom_0231.png"; bbox 0 0 2352 3926; ppageno 0'>
   <div class='ocr_carea' id='block_1_1' title="bbox 0 0 157 81">
    <p class='ocr_par' dir='ltr' id='par_1_1' title="bbox 0 0 157 81">
     <span class='ocr_line' id='line_1_1' title="bbox 0 0 157 81; baseline 0 3845"><span class='ocrx_word' id='word_1_1' title='bbox 0 0 157 81; x_wconf 95' lang='lat' dir='ltr'> </span> 
     </span>
    </p>
   </div>
   <div class='ocr_carea' id='block_1_2' title="bbox 659 216 2100 272">
    <p class='ocr_par' dir='ltr' id='par_1_2' title="bbox 659 216 2100 272">
     <span class='ocr_line' id='line_1_2' title="bbox 659 216 2100 272; baseline -0.001 -16"><span class='ocrx_word' id='word_1_2' title='bbox 659 216 938 264; x_wconf 80' lang='lat' dir='ltr'>QUABSTIO</span> <span class='ocrx_word' id='word_1_3' title='bbox 977 217 1106 257; x_wconf 82' lang='lat' dir='ltr'>XXV.</span> <span class='ocrx_word' id='word_1_4' title='bbox 1148 216 1456 258; x_wconf 82' lang='lat' dir='ltr'>ARTICULUS</span> <span class='ocrx_word' id='word_1_5' title='bbox 1497 216 1569 255; x_wconf 88' lang='lat' dir='ltr'>1v.</span> <span class='ocrx_word' id='word_1_6' title='bbox 1994 217 2100 272; x_wconf 88' lang='lat'>227</span> 
     </span>
    </p>
   </div>
   <div class='ocr_carea' id='block_1_3' title="bbox 32 317 2106 1388">
    <p class='ocr_par' dir='ltr' id='par_1_3' title="bbox 14 317 2106 1388">
     <span class='ocr_line' id='line_1_3' title="bbox 134 317 2095 379; baseline -0.002 -12.223"><span class='ocrx_word' id='word_1_7' title='bbox 134 321 228 372; x_wconf 73' lang='lat' dir='ltr'>illos</span> <span class='ocrx_word' id='word_1_8' title='bbox 250 321 296 366; x_wconf 81' lang='lat' dir='ltr'>in</span> <span class='ocrx_word' id='word_1_9' title='bbox 319 320 542 379; x_wconf 75' lang='lat' dir='ltr'>semetipso.</span> <span class='ocrx_word' id='word_1_10' title='bbox 568 318 625 364; x_wconf 90' lang='lat' dir='ltr'>Et</span> <span class='ocrx_word' id='word_1_11' title='bbox 648 317 753 363; x_wconf 91' lang='lat' dir='ltr'>ideo</span> <span class='ocrx_word' id='word_1_12' title='bbox 777 318 884 369; x_wconf 91' lang='lat' dir='ltr'>dicit</span> <span class='ocrx_word' id='word_1_13' title='bbox 906 318 1156 379; x_wconf 87' lang='lat' dir='ltr'>Apostolus</span> <span class='ocrx_word' id='word_1_14' title='bbox 1187 334 1223 364; x_wconf 93' lang='lat'>1.</span> <span class='ocrx_word' id='word_1_15' title='bbox 1252 320 1308 364; x_wconf 94' lang='lat' dir='ltr'>ad</span> <span class='ocrx_word' id='word_1_16' title='bbox 1326 319 1537 365; x_wconf 89' lang='lat' dir='ltr'>Corinth.</span> <span class='ocrx_word' id='word_1_17' title='bbox 1566 333 1625 364; x_wconf 87' lang='lat'>1.:</span> <span class='ocrx_word' id='word_1_18' title='bbox 1658 319 1838 365; x_wconf 85' lang='lat' dir='ltr'><em>Verbum</em></span> <span class='ocrx_word' id='word_1_19' title='bbox 1859 320 1993 364; x_wconf 82' lang='lat' dir='ltr'>crucis</span> <span class='ocrx_word' id='word_1_20' title='bbox 2001 326 2095 379; x_wconf 81' lang='lat' dir='ltr'>per-</span> 
     </span>
     <span class='ocr_line' id='line_1_4' title="bbox 133 385 2092 446; baseline -0.001 -12.172"><span class='ocrx_word' id='word_1_21' title='bbox 133 389 322 441; x_wconf 71' lang='lat' dir='ltr'>euntibus</span> <span class='ocrx_word' id='word_1_22' title='bbox 346 385 509 446; x_wconf 81' lang='lat' dir='ltr'>quidem</span> <span class='ocrx_word' id='word_1_23' title='bbox 533 386 707 431; x_wconf 80' lang='lat' dir='ltr'>stultitia</span> <span class='ocrx_word' id='word_1_24' title='bbox 726 392 805 431; x_wconf 79' lang='lat' dir='ltr'>est:</span> <span class='ocrx_word' id='word_1_25' title='bbox 834 386 894 430; x_wconf 87' lang='lat' dir='ltr'>his</span> <span class='ocrx_word' id='word_1_26' title='bbox 919 392 1056 430; x_wconf 84' lang='lat' dir='ltr'>autem</span> <span class='ocrx_word' id='word_1_27' title='bbox 1082 389 1154 445; x_wconf 86' lang='lat' dir='ltr'>qui</span> <span class='ocrx_word' id='word_1_28' title='bbox 1177 387 1287 431; x_wconf 84' lang='lat' dir='ltr'>salvi</span> <span class='ocrx_word' id='word_1_29' title='bbox 1307 388 1436 446; x_wconf 84' lang='lat' dir='ltr'>fiunt,</span> <span class='ocrx_word' id='word_1_30' title='bbox 1464 386 1562 432; x_wconf 83' lang='lat' dir='ltr'>idest</span> <span class='ocrx_word' id='word_1_31' title='bbox 1593 387 1728 442; x_wconf 86' lang='lat' dir='ltr'>nobis,</span> <span class='ocrx_word' id='word_1_32' title='bbox 1752 387 1889 432; x_wconf 82' lang='lat' dir='ltr'>virtus</span> <span class='ocrx_word' id='word_1_33' title='bbox 1913 387 1999 431; x_wconf 85' lang='lat' dir='ltr'>Dei</span> <span class='ocrx_word' id='word_1_34' title='bbox 2023 393 2092 431; x_wconf 80' lang='lat' dir='ltr'>est.</span> 
     </span>
     <span class='ocr_line' id='line_1_5' title="bbox 77 452 2095 515; baseline -0 -18.03"><span class='ocrx_word' id='word_1_35' title='bbox 77 512 78 515; x_wconf 8' lang='grc' dir='ltr'>ξ</span> <span class='ocrx_word' id='word_1_36' title='bbox 122 455 126 462; x_wconf 93' lang='grc'><strong><em>’</em></strong></span> <span class='ocrx_word' id='word_1_37' title='bbox 223 454 300 499; x_wconf 82' lang='lat' dir='ltr'>An</span> <span class='ocrx_word' id='word_1_38' title='bbox 322 466 583 499; x_wconf 74' lang='lat' dir='ltr'>SECUNDUM</span> <span class='ocrx_word' id='word_1_39' title='bbox 606 452 864 506; x_wconf 88' lang='lat' dir='ltr'>dicendum,</span> <span class='ocrx_word' id='word_1_40' title='bbox 891 452 1014 512; x_wconf 92' lang='lat' dir='ltr'>quod</span> <span class='ocrx_word' id='word_1_41' title='bbox 1041 467 1150 497; x_wconf 92' lang='lat' dir='ltr'>crux</span> <span class='ocrx_word' id='word_1_42' title='bbox 1168 453 1355 508; x_wconf 89' lang='lat' dir='ltr'>Christi,</span> <span class='ocrx_word' id='word_1_43' title='bbox 1381 453 1488 498; x_wconf 92' lang='lat' dir='ltr'>licet</span> <span class='ocrx_word' id='word_1_44' title='bbox 1513 468 1607 498; x_wconf 92' lang='lat' dir='ltr'>non</span> <span class='ocrx_word' id='word_1_45' title='bbox 1632 453 1767 499; x_wconf 89' lang='lat' dir='ltr'>fuerit</span> <span class='ocrx_word' id='word_1_46' title='bbox 1791 453 1916 498; x_wconf 88' lang='lat' dir='ltr'>unita</span> <span class='ocrx_word' id='word_1_47' title='bbox 1941 453 2095 498; x_wconf 92' lang='lat' dir='ltr'>Verbo</span> 
     </span>
     <span class='ocr_line' id='line_1_6' title="bbox 118 516 2096 581; baseline -0 -14.049"><span class='ocrx_word' id='word_1_48' title='bbox 118 516 223 568; x_wconf 51' lang='lat' dir='ltr'>*Dei</span> <span class='ocrx_word' id='word_1_49' title='bbox 247 521 294 566; x_wconf 91' lang='lat' dir='ltr'>in</span> <span class='ocrx_word' id='word_1_50' title='bbox 321 533 530 580; x_wconf 89' lang='lat' dir='ltr'>persona,</span> <span class='ocrx_word' id='word_1_51' title='bbox 555 519 640 564; x_wconf 89' lang='lat' dir='ltr'>fuit</span> <span class='ocrx_word' id='word_1_52' title='bbox 663 529 818 564; x_wconf 89' lang='lat' dir='ltr'>tamen</span> <span class='ocrx_word' id='word_1_53' title='bbox 837 519 879 564; x_wconf 92' lang='lat' dir='ltr'>ei</span> <span class='ocrx_word' id='word_1_54' title='bbox 904 519 1029 564; x_wconf 90' lang='lat' dir='ltr'>unita</span> <span class='ocrx_word' id='word_1_55' title='bbox 1057 520 1209 579; x_wconf 90' lang='lat' dir='ltr'>aliquo</span> <span class='ocrx_word' id='word_1_56' title='bbox 1238 520 1327 563; x_wconf 88' lang='lat' dir='ltr'>alio</span> <span class='ocrx_word' id='word_1_57' title='bbox 1357 521 1511 575; x_wconf 86' lang='lat' dir='ltr'>modo,</span> <span class='ocrx_word' id='word_1_58' title='bbox 1539 520 1712 566; x_wconf 89' lang='lat' dir='ltr'>scilicet</span> <span class='ocrx_word' id='word_1_59' title='bbox 1732 535 1812 581; x_wconf 90' lang='lat' dir='ltr'>per</span> <span class='ocrx_word' id='word_1_60' title='bbox 1837 535 2096 580; x_wconf 86' lang='lat' dir='ltr'>repraesen-</span> 
     </span>
     <span class='ocr_line' id='line_1_7' title="bbox 76 586 1894 643; baseline -0.002 -7.085"><span class='ocrx_word' id='word_1_61' title='bbox 76 600 81 607; x_wconf 79' lang='grc'>·’</span> <span class='ocrx_word' id='word_1_62' title='bbox 134 590 371 643; x_wconf 85' lang='lat' dir='ltr'>tationem,</span> <span class='ocrx_word' id='word_1_63' title='bbox 398 598 442 633; x_wconf 91' lang='lat' dir='ltr'>et</span> <span class='ocrx_word' id='word_1_64' title='bbox 465 597 750 633; x_wconf 88' lang='lat' dir='ltr'>contactum:</span> <span class='ocrx_word' id='word_1_65' title='bbox 779 597 823 632; x_wconf 92' lang='lat' dir='ltr'>et</span> <span class='ocrx_word' id='word_1_66' title='bbox 853 587 941 631; x_wconf 92' lang='lat' dir='ltr'>hac</span> <span class='ocrx_word' id='word_1_67' title='bbox 969 586 1069 632; x_wconf 89' lang='lat' dir='ltr'>sola</span> <span class='ocrx_word' id='word_1_68' title='bbox 1100 587 1275 631; x_wconf 89' lang='lat' dir='ltr'>ratione</span> <span class='ocrx_word' id='word_1_69' title='bbox 1299 588 1536 632; x_wconf 85' lang='lat' dir='ltr'>exhibetur</span> <span class='ocrx_word' id='word_1_70' title='bbox 1563 588 1604 632; x_wconf 90' lang='lat' dir='ltr'>ei</span> <span class='ocrx_word' id='word_1_71' title='bbox 1629 588 1894 633; x_wconf 74' lang='lat' dir='ltr'>reverentia.</span> 
     </span>
     <span class='ocr_line' id='line_1_8' title="bbox 32 651 2099 714; baseline -0.001 -12"><span class='ocrx_word' id='word_1_72' title='bbox 32 651 41 660; x_wconf 47' lang='grc' dir='ltr'>ξ</span> <span class='ocrx_word' id='word_1_73' title='bbox 224 656 301 702; x_wconf 87' lang='lat' dir='ltr'>AD</span> <span class='ocrx_word' id='word_1_74' title='bbox 315 669 530 701; x_wconf 75' lang='lat' dir='ltr'>TERTIUM</span> <span class='ocrx_word' id='word_1_75' title='bbox 543 654 801 709; x_wconf 90' lang='lat' dir='ltr'>dicendum,</span> <span class='ocrx_word' id='word_1_76' title='bbox 819 654 941 713; x_wconf 90' lang='lat' dir='ltr'>quod</span> <span class='ocrx_word' id='word_1_77' title='bbox 965 663 1184 714; x_wconf 91' lang='lat' dir='ltr'>quantum</span> <span class='ocrx_word' id='word_1_78' title='bbox 1204 654 1259 698; x_wconf 89' lang='lat' dir='ltr'>ad</span> <span class='ocrx_word' id='word_1_79' title='bbox 1279 655 1504 699; x_wconf 88' lang='lat' dir='ltr'>rationem</span> <span class='ocrx_word' id='word_1_80' title='bbox 1524 665 1761 700; x_wconf 85' lang='lat' dir='ltr'>contactus</span> <span class='ocrx_word' id='word_1_81' title='bbox 1783 656 2099 700; x_wconf 89' lang='lat' dir='ltr'>membrorum</span> 
     </span>
     <span class='ocr_line' id='line_1_9' title="bbox 127 714 2097 781; baseline -0.002 -11"><span class='ocrx_word' id='word_1_82' title='bbox 127 714 323 778; x_wconf 86' lang='lat' dir='ltr'>Christi,</span> <span class='ocrx_word' id='word_1_83' title='bbox 358 723 601 767; x_wconf 88' lang='lat' dir='ltr'>adoramus</span> <span class='ocrx_word' id='word_1_84' title='bbox 627 735 721 765; x_wconf 91' lang='lat' dir='ltr'>non</span> <span class='ocrx_word' id='word_1_85' title='bbox 754 721 904 766; x_wconf 91' lang='lat' dir='ltr'>solum</span> <span class='ocrx_word' id='word_1_86' title='bbox 939 735 1138 774; x_wconf 89' lang='lat' dir='ltr'>crucem,</span> <span class='ocrx_word' id='word_1_87' title='bbox 1165 722 1243 766; x_wconf 92' lang='lat' dir='ltr'>sed</span> <span class='ocrx_word' id='word_1_88' title='bbox 1270 722 1407 766; x_wconf 85' lang='lat' dir='ltr'>etiam</span> <span class='ocrx_word' id='word_1_89' title='bbox 1441 723 1595 765; x_wconf 90' lang='lat' dir='ltr'>omnia</span> <span class='ocrx_word' id='word_1_90' title='bbox 1629 736 1744 781; x_wconf 90' lang='lat' dir='ltr'>quae</span> <span class='ocrx_word' id='word_1_91' title='bbox 1771 733 1876 767; x_wconf 90' lang='lat' dir='ltr'>sunt</span> <span class='ocrx_word' id='word_1_92' title='bbox 1903 723 2097 768; x_wconf 86' lang='lat' dir='ltr'>Christi:</span> 
     </span>
     <span class='ocr_line' id='line_1_10' title="bbox 48 787 2098 853; baseline -0.001 -16"><span class='ocrx_word' id='word_1_93' title='bbox 48 839 54 853; x_wconf 39' lang='grc' dir='ltr'>ξ</span> <span class='ocrx_word' id='word_1_94' title='bbox 129 791 255 837; x_wconf 73' lang='lat' dir='ltr'>&#39;unde</span> <span class='ocrx_word' id='word_1_95' title='bbox 279 790 495 835; x_wconf 87' lang='lat' dir='ltr'>Damasc.</span> <span class='ocrx_word' id='word_1_96' title='bbox 522 789 630 833; x_wconf 89' lang='lat' dir='ltr'>dicit</span> <span class='ocrx_word' id='word_1_97' title='bbox 654 789 700 832; x_wconf 88' lang='lat' dir='ltr'>in</span> <span class='ocrx_word' id='word_1_98' title='bbox 725 800 766 844; x_wconf 89' lang='lat'>4.</span> <span class='ocrx_word' id='word_1_99' title='bbox 784 788 861 834; x_wconf 89' lang='lat' dir='ltr'>lib.</span> <span class='ocrx_word' id='word_1_100' title='bbox 880 787 1024 845; x_wconf 85' lang='lat' dir='ltr'><em>(Orth.</em></span> <span class='ocrx_word' id='word_1_101' title='bbox 1042 787 1140 833; x_wconf 84' lang='lat' dir='ltr'>Fid.</span> <span class='ocrx_word' id='word_1_102' title='bbox 1155 796 1247 847; x_wconf 82' lang='lat' dir='ltr'>cap.</span> <span class='ocrx_word' id='word_1_103' title='bbox 1265 803 1304 833; x_wconf 90' lang='lat'>2.</span> <span class='ocrx_word' id='word_1_104' title='bbox 1323 790 1399 833; x_wconf 87' lang='lat' dir='ltr'>cir.</span> <span class='ocrx_word' id='word_1_105' title='bbox 1421 789 1544 846; x_wconf 79' lang='lat' dir='ltr'>med.)</span> <span class='ocrx_word' id='word_1_106' title='bbox 1561 802 1576 833; x_wconf 86' lang='grc'>,·</span> <span class='ocrx_word' id='word_1_107' title='bbox 1606 807 1629 831; x_wconf 87' lang='lat'>‹&lt;</span> <span class='ocrx_word' id='word_1_108' title='bbox 1648 790 1903 834; x_wconf 90' lang='lat' dir='ltr'>Pretiosum</span> <span class='ocrx_word' id='word_1_109' title='bbox 1921 789 2098 849; x_wconf 90' lang='lat' dir='ltr'>lignum</span> 
     </span>
     <span class='ocr_line' id='line_1_11' title="bbox 135 855 2101 915; baseline -0.001 -12"><span class='ocrx_word' id='word_1_110' title='bbox 135 869 186 904; x_wconf 89' lang='lat' dir='ltr'>ut</span> <span class='ocrx_word' id='word_1_111' title='bbox 210 857 544 903; x_wconf 86' lang='lat' dir='ltr'>sanctificatum</span> <span class='ocrx_word' id='word_1_112' title='bbox 570 866 694 901; x_wconf 90' lang='lat' dir='ltr'>tactu</span> <span class='ocrx_word' id='word_1_113' title='bbox 716 855 861 900; x_wconf 92' lang='lat' dir='ltr'>sancti</span> <span class='ocrx_word' id='word_1_114' title='bbox 887 856 1106 915; x_wconf 92' lang='lat' dir='ltr'>corporis,</span> <span class='ocrx_word' id='word_1_115' title='bbox 1125 866 1170 900; x_wconf 92' lang='lat' dir='ltr'>et</span> <span class='ocrx_word' id='word_1_116' title='bbox 1190 857 1439 914; x_wconf 86' lang='lat' dir='ltr'>sanguinis,</span> <span class='ocrx_word' id='word_1_117' title='bbox 1467 855 1680 901; x_wconf 88' lang='lat' dir='ltr'>decenter</span> <span class='ocrx_word' id='word_1_118' title='bbox 1697 857 1996 912; x_wconf 91' lang='lat' dir='ltr'>adorandum,</span> <span class='ocrx_word' id='word_1_119' title='bbox 2013 856 2101 902; x_wconf 90' lang='lat' dir='ltr'>cla-</span> 
     </span>
     <span class='ocr_line' id='line_1_12' title="bbox 134 922 2102 984; baseline -0.001 -13"><span class='ocrx_word' id='word_1_120' title='bbox 134 940 235 981; x_wconf 86' lang='lat' dir='ltr'>vos,</span> <span class='ocrx_word' id='word_1_121' title='bbox 261 925 541 978; x_wconf 90' lang='lat' dir='ltr'>indumenta,</span> <span class='ocrx_word' id='word_1_122' title='bbox 563 923 789 977; x_wconf 87' lang='lat' dir='ltr'>lanceam,</span> <span class='ocrx_word' id='word_1_123' title='bbox 816 933 861 967; x_wconf 92' lang='lat' dir='ltr'>et</span> <span class='ocrx_word' id='word_1_124' title='bbox 877 937 1007 968; x_wconf 87' lang='lat' dir='ltr'>sacra</span> <span class='ocrx_word' id='word_1_125' title='bbox 1033 924 1129 981; x_wconf 86' lang='lat' dir='ltr'>ejus</span> <span class='ocrx_word' id='word_1_126' title='bbox 1155 922 1461 977; x_wconf 89' lang='lat' dir='ltr'>tabernacula,</span> <span class='ocrx_word' id='word_1_127' title='bbox 1489 937 1603 982; x_wconf 90' lang='lat' dir='ltr'>quae</span> <span class='ocrx_word' id='word_1_128' title='bbox 1621 933 1724 968; x_wconf 92' lang='lat' dir='ltr'>sunt</span> <span class='ocrx_word' id='word_1_129' title='bbox 1748 939 1979 983; x_wconf 88' lang='lat' dir='ltr'>praesepe,</span> <span class='ocrx_word' id='word_1_130' title='bbox 2001 938 2102 984; x_wconf 87' lang='lat' dir='ltr'>spe-</span> 
     </span>
     <span class='ocr_line' id='line_1_13' title="bbox 136 991 2105 1050; baseline -0.001 -12"><span class='ocrx_word' id='word_1_131' title='bbox 136 991 287 1047; x_wconf 86' lang='lat' dir='ltr'>lunca,</span> <span class='ocrx_word' id='word_1_132' title='bbox 314 1002 359 1037; x_wconf 91' lang='lat' dir='ltr'>et</span> <span class='ocrx_word' id='word_1_133' title='bbox 382 991 645 1050; x_wconf 89' lang='lat' dir='ltr'>hujusmodi</span> <span class='ocrx_word' id='word_1_134' title='bbox 664 1007 713 1036; x_wconf 86' lang='lat'>»:</span> <span class='ocrx_word' id='word_1_135' title='bbox 741 991 825 1035; x_wconf 86' lang='lat' dir='ltr'>ista</span> <span class='ocrx_word' id='word_1_136' title='bbox 842 1001 998 1034; x_wconf 89' lang='lat' dir='ltr'>tamen</span> <span class='ocrx_word' id='word_1_137' title='bbox 1024 1004 1118 1034; x_wconf 93' lang='lat' dir='ltr'>non</span> <span class='ocrx_word' id='word_1_138' title='bbox 1145 999 1485 1050; x_wconf 89' lang='lat' dir='ltr'>repraesentant</span> <span class='ocrx_word' id='word_1_139' title='bbox 1500 991 1751 1049; x_wconf 86' lang='lat' dir='ltr'>imaginem</span> <span class='ocrx_word' id='word_1_140' title='bbox 1775 991 1960 1045; x_wconf 88' lang='lat' dir='ltr'>Christi,</span> <span class='ocrx_word' id='word_1_141' title='bbox 1987 992 2105 1036; x_wconf 90' lang='lat' dir='ltr'>sicut</span> 
     </span>
     <span class='ocr_line' id='line_1_14' title="bbox 137 1057 2102 1119; baseline -0.002 -14"><span class='ocrx_word' id='word_1_142' title='bbox 137 1072 262 1114; x_wconf 84' lang='lat' dir='ltr'>crux,</span> <span class='ocrx_word' id='word_1_143' title='bbox 288 1073 403 1119; x_wconf 91' lang='lat' dir='ltr'>quae</span> <span class='ocrx_word' id='word_1_144' title='bbox 430 1059 591 1103; x_wconf 90' lang='lat' dir='ltr'>dicitur</span> <span class='ocrx_word' id='word_1_145' title='bbox 617 1058 801 1117; x_wconf 90' lang='lat' dir='ltr'>signum</span> <span class='ocrx_word' id='word_1_146' title='bbox 827 1057 929 1101; x_wconf 82' lang='lat' dir='ltr'>Filii</span> <span class='ocrx_word' id='word_1_147' title='bbox 954 1057 1171 1110; x_wconf 91' lang='lat' dir='ltr'>hominis,</span> <span class='ocrx_word' id='word_1_148' title='bbox 1199 1057 1321 1116; x_wconf 90' lang='lat' dir='ltr'>quod</span> <span class='ocrx_word' id='word_1_149' title='bbox 1355 1057 1587 1117; x_wconf 87' lang='lat' dir='ltr'>apparebit</span> <span class='ocrx_word' id='word_1_150' title='bbox 1618 1058 1665 1101; x_wconf 90' lang='lat' dir='ltr'>in</span> <span class='ocrx_word' id='word_1_151' title='bbox 1692 1057 1841 1111; x_wconf 88' lang='lat' dir='ltr'>coelo,</span> <span class='ocrx_word' id='word_1_152' title='bbox 1868 1068 1916 1102; x_wconf 91' lang='lat' dir='ltr'>ut</span> <span class='ocrx_word' id='word_1_153' title='bbox 1939 1058 2102 1103; x_wconf 90' lang='lat' dir='ltr'>dicitur</span> 
     </span>
     <span class='ocr_line' id='line_1_15' title="bbox 136 1124 2103 1185; baseline -0.001 -13"><span class='ocrx_word' id='word_1_154' title='bbox 136 1127 298 1173; x_wconf 88' lang='lat' dir='ltr'>Matth.</span> <span class='ocrx_word' id='word_1_155' title='bbox 326 1139 395 1183; x_wconf 86' lang='lat'>24.</span> <span class='ocrx_word' id='word_1_156' title='bbox 423 1126 624 1185; x_wconf 88' lang='lat' dir='ltr'>Ideoque</span> <span class='ocrx_word' id='word_1_157' title='bbox 651 1124 914 1169; x_wconf 89' lang='lat' dir='ltr'>mulieribus</span> <span class='ocrx_word' id='word_1_158' title='bbox 933 1124 1043 1168; x_wconf 85' lang='lat' dir='ltr'>dixit</span> <span class='ocrx_word' id='word_1_159' title='bbox 1060 1124 1247 1184; x_wconf 88' lang='lat' dir='ltr'>angelus</span> <span class='ocrx_word' id='word_1_160' title='bbox 1272 1125 1437 1181; x_wconf 73' lang='lat' dir='ltr'>(Marci</span> <span class='ocrx_word' id='word_1_161' title='bbox 1461 1124 1550 1183; x_wconf 84' lang='lat'>16.)</span> <span class='ocrx_word' id='word_1_162' title='bbox 1566 1139 1578 1167; x_wconf 92' lang='lat'><em>:</em></span> <span class='ocrx_word' id='word_1_163' title='bbox 1597 1126 1735 1182; x_wconf 82' lang='lat' dir='ltr'>Jesum</span> <span class='ocrx_word' id='word_1_164' title='bbox 1752 1127 1948 1184; x_wconf 83' lang='lat' dir='ltr'>quaeritis</span> <span class='ocrx_word' id='word_1_165' title='bbox 1964 1126 2103 1184; x_wconf 64' lang='lat' dir='ltr'>Naza-</span> 
     </span>
     <span class='ocr_line' id='line_1_16' title="bbox 138 1188 2104 1254; baseline -0.002 -14"><span class='ocrx_word' id='word_1_166' title='bbox 138 1188 283 1254; x_wconf 57' lang='lat' dir='ltr'>renum</span> <span class='ocrx_word' id='word_1_167' title='bbox 300 1194 575 1253; x_wconf 84' lang='lat' dir='ltr'>crucifixum:</span> <span class='ocrx_word' id='word_1_168' title='bbox 597 1207 691 1237; x_wconf 89' lang='lat' dir='ltr'>non</span> <span class='ocrx_word' id='word_1_169' title='bbox 718 1193 848 1237; x_wconf 85' lang='lat' dir='ltr'>dixit:</span> <span class='ocrx_word' id='word_1_170' title='bbox 876 1194 1124 1246; x_wconf 84' lang='lat' dir='ltr'>lanceatum,</span> <span class='ocrx_word' id='word_1_171' title='bbox 1145 1192 1246 1236; x_wconf 89' lang='lat' dir='ltr'>sed:</span> <span class='ocrx_word' id='word_1_172' title='bbox 1275 1193 1523 1249; x_wconf 68' lang='lat' dir='ltr'>crupifixum</span> <span class='ocrx_word' id='word_1_173' title='bbox 1535 1208 1551 1246; x_wconf 91' lang='lat'><em>;</em></span> <span class='ocrx_word' id='word_1_174' title='bbox 1581 1202 1625 1236; x_wconf 91' lang='lat' dir='ltr'>et</span> <span class='ocrx_word' id='word_1_175' title='bbox 1649 1192 1753 1236; x_wconf 92' lang='lat' dir='ltr'>inde</span> <span class='ocrx_word' id='word_1_176' title='bbox 1771 1202 1839 1237; x_wconf 89' lang='lat' dir='ltr'>est</span> <span class='ocrx_word' id='word_1_177' title='bbox 1855 1193 1976 1252; x_wconf 93' lang='lat' dir='ltr'>quod</span> <span class='ocrx_word' id='word_1_178' title='bbox 2004 1207 2104 1237; x_wconf 90' lang='lat' dir='ltr'>cru-</span> 
     </span>
     <span class='ocr_line' id='line_1_17' title="bbox 139 1259 2106 1320; baseline -0.001 -13.105"><span class='ocrx_word' id='word_1_179' title='bbox 139 1274 241 1307; x_wconf 88' lang='lat' dir='ltr'>cem</span> <span class='ocrx_word' id='word_1_180' title='bbox 268 1260 441 1306; x_wconf 90' lang='lat' dir='ltr'>Christi</span> <span class='ocrx_word' id='word_1_181' title='bbox 456 1274 727 1304; x_wconf 89' lang='lat' dir='ltr'>veneramur</span> <span class='ocrx_word' id='word_1_182' title='bbox 752 1260 798 1303; x_wconf 91' lang='lat' dir='ltr'>in</span> <span class='ocrx_word' id='word_1_183' title='bbox 817 1273 1106 1319; x_wconf 89' lang='lat' dir='ltr'>quacumque</span> <span class='ocrx_word' id='word_1_184' title='bbox 1138 1259 1344 1314; x_wconf 88' lang='lat' dir='ltr'>materia,</span> <span class='ocrx_word' id='word_1_185' title='bbox 1369 1273 1465 1304; x_wconf 93' lang='lat' dir='ltr'>non</span> <span class='ocrx_word' id='word_1_186' title='bbox 1497 1269 1651 1304; x_wconf 88' lang='lat' dir='ltr'>autem</span> <span class='ocrx_word' id='word_1_187' title='bbox 1677 1259 1928 1320; x_wconf 89' lang='lat' dir='ltr'>imaginem</span> <span class='ocrx_word' id='word_1_188' title='bbox 1955 1259 2106 1305; x_wconf 91' lang='lat' dir='ltr'>clavo-</span> 
     </span>
     <span class='ocr_line' id='line_1_18' title="bbox 109 1327 1074 1388; baseline -0.003 -13.227"><span class='ocrx_word' id='word_1_189' title='bbox 109 1364 112 1365; x_wconf 18' lang='lat'>.</span> <span class='ocrx_word' id='word_1_190' title='bbox 137 1343 255 1384; x_wconf 89' lang='lat' dir='ltr'>rum,</span> <span class='ocrx_word' id='word_1_191' title='bbox 276 1327 351 1373; x_wconf 93' lang='lat' dir='ltr'>vel</span> <span class='ocrx_word' id='word_1_192' title='bbox 375 1342 769 1388; x_wconf 90' lang='lat' dir='ltr'>quorumcumque</span> <span class='ocrx_word' id='word_1_193' title='bbox 795 1327 1074 1386; x_wconf 88' lang='lat' dir='ltr'>hujusmodi.</span> 
     </span>
    </p>
   </div>
   <div class='ocr_carea' id='block_1_4' title="bbox 201 1473 2096 1751">
    <p class='ocr_par' dir='ltr' id='par_1_4' title="bbox 201 1473 2096 1751">
     <span class='ocr_line' id='line_1_19' title="bbox 859 1473 2096 1546; baseline 0.003 -16"><span class='ocrx_word' id='word_1_194' title='bbox 859 1473 1294 1532; x_wconf 91' lang='lat' dir='ltr'>ARTICULUS</span> <span class='ocrx_word' id='word_1_195' title='bbox 1332 1475 1401 1530; x_wconf 89' lang='lat' dir='ltr'>V.</span> <span class='ocrx_word' id='word_1_196' title='bbox 2016 1490 2096 1546; x_wconf 86' lang='lat'>148</span> 
     </span>
     <span class='ocr_line' id='line_1_20' title="bbox 201 1566 2041 1638; baseline -0.002 -1"><span class='ocrx_word' id='word_1_197' title='bbox 201 1598 394 1638; x_wconf 83' lang='lat' dir='ltr'>UTRUM</span> <span class='ocrx_word' id='word_1_198' title='bbox 433 1597 620 1636; x_wconf 80' lang='lat' dir='ltr'>MATER</span> <span class='ocrx_word' id='word_1_199' title='bbox 661 1596 879 1636; x_wconf 87' lang='lat' dir='ltr'>CHRISTI</span> <span class='ocrx_word' id='word_1_200' title='bbox 921 1596 1005 1634; x_wconf 89' lang='lat' dir='ltr'>SIT</span> <span class='ocrx_word' id='word_1_201' title='bbox 1038 1566 1344 1634; x_wconf 82' lang='lat' dir='ltr'>ADORANDA</span> <span class='ocrx_word' id='word_1_202' title='bbox 1384 1594 1748 1634; x_wconf 85' lang='lat' dir='ltr'>ADORATIONE</span> <span class='ocrx_word' id='word_1_203' title='bbox 1787 1595 2041 1635; x_wconf 86' lang='lat' dir='ltr'>LATRIAE.</span> 
     </span>
     <span class='ocr_line' id='line_1_21' title="bbox 421 1691 1836 1751; baseline -0.003 -13"><span class='ocrx_word' id='word_1_204' title='bbox 421 1693 538 1750; x_wconf 85' lang='lat'>(2-2.</span> <span class='ocrx_word' id='word_1_205' title='bbox 562 1707 600 1751; x_wconf 82' lang='lat' dir='ltr'>q.</span> <span class='ocrx_word' id='word_1_206' title='bbox 627 1706 720 1738; x_wconf 84' lang='lat'>102.</span> <span class='ocrx_word' id='word_1_207' title='bbox 748 1698 831 1736; x_wconf 83' lang='lat' dir='ltr'>art.</span> <span class='ocrx_word' id='word_1_208' title='bbox 858 1705 901 1749; x_wconf 89' lang='lat'>4.</span> <span class='ocrx_word' id='word_1_209' title='bbox 927 1691 982 1736; x_wconf 86' lang='lat' dir='ltr'>ad</span> <span class='ocrx_word' id='word_1_210' title='bbox 1006 1706 1046 1737; x_wconf 88' lang='lat'>2.</span> <span class='ocrx_word' id='word_1_211' title='bbox 1074 1697 1111 1736; x_wconf 81' lang='lat' dir='ltr'>et</span> <span class='ocrx_word' id='word_1_212' title='bbox 1133 1706 1166 1750; x_wconf 83' lang='lat'>3.</span> <span class='ocrx_word' id='word_1_213' title='bbox 1192 1691 1307 1736; x_wconf 84' lang='lat' dir='ltr'>Dist.</span> <span class='ocrx_word' id='word_1_214' title='bbox 1334 1706 1376 1749; x_wconf 89' lang='lat'>9.</span> <span class='ocrx_word' id='word_1_215' title='bbox 1399 1705 1437 1750; x_wconf 85' lang='lat' dir='ltr'>q.</span> <span class='ocrx_word' id='word_1_216' title='bbox 1465 1703 1502 1735; x_wconf 86' lang='lat'>1.</span> <span class='ocrx_word' id='word_1_217' title='bbox 1523 1697 1606 1736; x_wconf 83' lang='lat' dir='ltr'>art.</span> <span class='ocrx_word' id='word_1_218' title='bbox 1633 1706 1672 1736; x_wconf 90' lang='lat'>2.</span> <span class='ocrx_word' id='word_1_219' title='bbox 1700 1706 1738 1750; x_wconf 88' lang='lat' dir='ltr'>q.</span> <span class='ocrx_word' id='word_1_220' title='bbox 1762 1691 1836 1750; x_wconf 87' lang='lat'>3.).</span> 
     </span>
    </p>
   </div>
   <div class='ocr_carea' id='block_1_5' title="bbox 0 1794 2116 3673">
    <p class='ocr_par' dir='ltr' id='par_1_5' title="bbox 0 1794 2116 3673">
     <span class='ocr_line' id='line_1_22' title="bbox 43 1794 2107 1856; baseline 0 -17"><span class='ocrx_word' id='word_1_221' title='bbox 43 1838 66 1853; x_wconf 50' lang='lat'>„</span> <span class='ocrx_word' id='word_1_222' title='bbox 209 1798 306 1843; x_wconf 46' lang='lat' dir='ltr'>’An</span> <span class='ocrx_word' id='word_1_223' title='bbox 332 1810 561 1849; x_wconf 78' lang='lat' dir='ltr'>QUmTUM</span> <span class='ocrx_word' id='word_1_224' title='bbox 588 1796 651 1840; x_wconf 90' lang='lat' dir='ltr'>sic</span> <span class='ocrx_word' id='word_1_225' title='bbox 679 1795 952 1856; x_wconf 90' lang='lat' dir='ltr'>proceditur.</span> <span class='ocrx_word' id='word_1_226' title='bbox 977 1794 1182 1849; x_wconf 89' lang='lat' dir='ltr'>Videtur,</span> <span class='ocrx_word' id='word_1_227' title='bbox 1210 1795 1332 1854; x_wconf 93' lang='lat' dir='ltr'>quod</span> <span class='ocrx_word' id='word_1_228' title='bbox 1365 1804 1509 1839; x_wconf 90' lang='lat' dir='ltr'>mater</span> <span class='ocrx_word' id='word_1_229' title='bbox 1535 1794 1623 1839; x_wconf 89' lang='lat' dir='ltr'>Dei</span> <span class='ocrx_word' id='word_1_230' title='bbox 1655 1794 1712 1839; x_wconf 89' lang='lat' dir='ltr'>sit</span> <span class='ocrx_word' id='word_1_231' title='bbox 1743 1794 1975 1839; x_wconf 89' lang='lat' dir='ltr'>adoranda</span> <span class='ocrx_word' id='word_1_232' title='bbox 2001 1794 2107 1839; x_wconf 89' lang='lat' dir='ltr'>ado-</span> 
     </span>
     <span class='ocr_line' id='line_1_23' title="bbox 53 1860 2105 1922; baseline -0.003 -11"><span class='ocrx_word' id='word_1_233' title='bbox 53 1860 63 1884; x_wconf 68' lang='lat'>⁷²</span> <span class='ocrx_word' id='word_1_234' title='bbox 141 1865 316 1912; x_wconf 88' lang='lat' dir='ltr'>ratione</span> <span class='ocrx_word' id='word_1_235' title='bbox 341 1863 526 1920; x_wconf 86' lang='lat' dir='ltr'>latriae;</span> <span class='ocrx_word' id='word_1_236' title='bbox 551 1862 728 1907; x_wconf 91' lang='lat' dir='ltr'>videtur</span> <span class='ocrx_word' id='word_1_237' title='bbox 754 1862 878 1906; x_wconf 89' lang='lat' dir='ltr'>enim</span> <span class='ocrx_word' id='word_1_238' title='bbox 895 1862 1015 1906; x_wconf 91' lang='lat' dir='ltr'>idern</span> <span class='ocrx_word' id='word_1_239' title='bbox 1032 1862 1184 1906; x_wconf 92' lang='lat' dir='ltr'>honor</span> <span class='ocrx_word' id='word_1_240' title='bbox 1201 1876 1298 1906; x_wconf 86' lang='lat' dir='ltr'>esse</span> <span class='ocrx_word' id='word_1_241' title='bbox 1317 1862 1595 1906; x_wconf 88' lang='lat' dir='ltr'>exhibendus</span> <span class='ocrx_word' id='word_1_242' title='bbox 1612 1862 1747 1906; x_wconf 90' lang='lat' dir='ltr'>matri</span> <span class='ocrx_word' id='word_1_243' title='bbox 1763 1862 1896 1921; x_wconf 89' lang='lat' dir='ltr'>regis,</span> <span class='ocrx_word' id='word_1_244' title='bbox 1925 1872 1968 1906; x_wconf 90' lang='lat' dir='ltr'>et</span> <span class='ocrx_word' id='word_1_245' title='bbox 1993 1862 2105 1922; x_wconf 89' lang='lat' dir='ltr'>regi,</span> 
     </span>
     <span class='ocr_line' id='line_1_24' title="bbox 141 1929 2108 1990; baseline -0.002 -12.162"><span class='ocrx_word' id='word_1_246' title='bbox 141 1932 262 1978; x_wconf 90' lang='lat' dir='ltr'>unde</span> <span class='ocrx_word' id='word_1_247' title='bbox 287 1932 450 1976; x_wconf 90' lang='lat' dir='ltr'>dicitur</span> <span class='ocrx_word' id='word_1_248' title='bbox 480 1945 516 1990; x_wconf 81' lang='lat'>3.</span> <span class='ocrx_word' id='word_1_249' title='bbox 544 1930 663 1988; x_wconf 89' lang='lat' dir='ltr'>Regi</span> <span class='ocrx_word' id='word_1_250' title='bbox 684 1943 740 1984; x_wconf 90' lang='lat'>2.,</span> <span class='ocrx_word' id='word_1_251' title='bbox 769 1929 890 1989; x_wconf 91' lang='lat' dir='ltr'>quod</span> <span class='ocrx_word' id='word_1_252' title='bbox 913 1931 1068 1989; x_wconf 84' lang='lat' dir='ltr'>positus</span> <span class='ocrx_word' id='word_1_253' title='bbox 1085 1936 1141 1974; x_wconf 82' lang='lat' dir='ltr'>est</span> <span class='ocrx_word' id='word_1_254' title='bbox 1163 1929 1331 1974; x_wconf 82' lang='lat' dir='ltr'>thronus</span> <span class='ocrx_word' id='word_1_255' title='bbox 1356 1931 1487 1973; x_wconf 84' lang='lat' dir='ltr'>matri</span> <span class='ocrx_word' id='word_1_256' title='bbox 1509 1931 1628 1988; x_wconf 82' lang='lat' dir='ltr'>regis,</span> <span class='ocrx_word' id='word_1_257' title='bbox 1655 1943 1759 1988; x_wconf 77' lang='lat' dir='ltr'>quae</span> <span class='ocrx_word' id='word_1_258' title='bbox 1778 1929 1880 1974; x_wconf 82' lang='lat' dir='ltr'>sedit</span> <span class='ocrx_word' id='word_1_259' title='bbox 1901 1929 1954 1973; x_wconf 87' lang='lat' dir='ltr'>ad</span> <span class='ocrx_word' id='word_1_260' title='bbox 1975 1929 2108 1975; x_wconf 82' lang='lat' dir='ltr'>dexte-</span> 
     </span>
     <span class='ocr_line' id='line_1_25' title="bbox 46 1993 2109 2060; baseline -0.002 -14"><span class='ocrx_word' id='word_1_261' title='bbox 46 1993 79 2059; x_wconf 43' lang='lat' dir='ltr'>,5ss⁴</span> <span class='ocrx_word' id='word_1_262' title='bbox 141 2014 237 2047; x_wconf 83' lang='lat' dir='ltr'>ram</span> <span class='ocrx_word' id='word_1_263' title='bbox 260 2002 369 2060; x_wconf 74' lang='lat' dir='ltr'>ejus;</span> <span class='ocrx_word' id='word_1_264' title='bbox 400 2008 445 2043; x_wconf 91' lang='lat' dir='ltr'>et</span> <span class='ocrx_word' id='word_1_265' title='bbox 469 1998 662 2056; x_wconf 88' lang='lat' dir='ltr'>August.</span> <span class='ocrx_word' id='word_1_266' title='bbox 695 1997 804 2041; x_wconf 90' lang='lat' dir='ltr'>dicit</span> <span class='ocrx_word' id='word_1_267' title='bbox 828 1997 875 2041; x_wconf 91' lang='lat' dir='ltr'>in</span> <span class='ocrx_word' id='word_1_268' title='bbox 907 2011 1040 2041; x_wconf 92' lang='lat' dir='ltr'>serm.</span> <span class='ocrx_word' id='word_1_269' title='bbox 1075 1996 1130 2041; x_wconf 90' lang='lat' dir='ltr'>de</span> <span class='ocrx_word' id='word_1_270' title='bbox 1163 1996 1491 2054; x_wconf 85' lang='lat' dir='ltr'>Assumptione</span> <span class='ocrx_word' id='word_1_271' title='bbox 1526 1996 1636 2055; x_wconf 83' lang='lat' dir='ltr'>(cap.</span> <span class='ocrx_word' id='word_1_272' title='bbox 1664 1996 1704 2041; x_wconf 88' lang='grc'>6.</span> <span class='ocrx_word' id='word_1_273' title='bbox 1732 1998 1832 2041; x_wconf 77' lang='grc' dir='ltr'><em>σίνε.</em></span> <span class='ocrx_word' id='word_1_274' title='bbox 1859 1997 1962 2041; x_wconf 88' lang='lat' dir='ltr'>med.</span> <span class='ocrx_word' id='word_1_275' title='bbox 1989 2003 2026 2042; x_wconf 84' lang='lat' dir='ltr'>et</span> <span class='ocrx_word' id='word_1_276' title='bbox 2051 2004 2109 2042; x_wconf 77' lang='lat' dir='ltr'>cst</span> 
     </span>
     <span class='ocr_line' id='line_1_26' title="bbox 139 2063 2107 2123; baseline -0.003 -8.3"><span class='ocrx_word' id='word_1_277' title='bbox 139 2073 261 2122; x_wconf 72' lang='lat' dir='ltr'>tract.</span> <span class='ocrx_word' id='word_1_278' title='bbox 287 2068 328 2113; x_wconf 89' lang='lat'>8.</span> <span class='ocrx_word' id='word_1_279' title='bbox 349 2065 396 2112; x_wconf 84' lang='lat' dir='ltr'>de</span> <span class='ocrx_word' id='word_1_280' title='bbox 417 2065 660 2122; x_wconf 81' lang='lat' dir='ltr'>Diversis):</span> <span class='ocrx_word' id='word_1_281' title='bbox 692 2080 715 2106; x_wconf 79' lang='lat' dir='ltr'>t&lt;</span> <span class='ocrx_word' id='word_1_282' title='bbox 734 2063 977 2108; x_wconf 90' lang='lat' dir='ltr'>Thronum</span> <span class='ocrx_word' id='word_1_283' title='bbox 1010 2063 1113 2118; x_wconf 87' lang='lat' dir='ltr'>Dei,</span> <span class='ocrx_word' id='word_1_284' title='bbox 1147 2073 1191 2108; x_wconf 92' lang='lat' dir='ltr'>et</span> <span class='ocrx_word' id='word_1_285' title='bbox 1221 2063 1477 2108; x_wconf 88' lang='lat' dir='ltr'>thalamum</span> <span class='ocrx_word' id='word_1_286' title='bbox 1509 2063 1701 2108; x_wconf 87' lang='lat' dir='ltr'>Domini</span> <span class='ocrx_word' id='word_1_287' title='bbox 1733 2063 1939 2118; x_wconf 90' lang='lat' dir='ltr'>domum,</span> <span class='ocrx_word' id='word_1_288' title='bbox 1973 2074 2107 2123; x_wconf 86' lang='lat' dir='ltr'>atque</span> 
     </span>
     <span class='ocr_line' id='line_1_27' title="bbox 54 2128 2106 2192; baseline -0.003 -9"><span class='ocrx_word' id='word_1_289' title='bbox 54 2128 89 2182; x_wconf 59' lang='lat' dir='ltr'>:T</span> <span class='ocrx_word' id='word_1_290' title='bbox 131 2132 485 2192; x_wconf 68' lang='lat' dir='ltr'>,tubernaculum</span> <span class='ocrx_word' id='word_1_291' title='bbox 518 2132 691 2177; x_wconf 88' lang='lat' dir='ltr'>Christi</span> <span class='ocrx_word' id='word_1_292' title='bbox 718 2131 907 2190; x_wconf 90' lang='lat' dir='ltr'>dignum</span> <span class='ocrx_word' id='word_1_293' title='bbox 934 2141 1002 2176; x_wconf 88' lang='lat' dir='ltr'>est</span> <span class='ocrx_word' id='word_1_294' title='bbox 1026 2131 1088 2175; x_wconf 91' lang='lat' dir='ltr'>ibi</span> <span class='ocrx_word' id='word_1_295' title='bbox 1119 2145 1234 2185; x_wconf 89' lang='lat' dir='ltr'>esse,</span> <span class='ocrx_word' id='word_1_296' title='bbox 1261 2131 1339 2175; x_wconf 90' lang='lat' dir='ltr'>ubi</span> <span class='ocrx_word' id='word_1_297' title='bbox 1366 2141 1432 2176; x_wconf 92' lang='lat' dir='ltr'>est</span> <span class='ocrx_word' id='word_1_298' title='bbox 1464 2131 1560 2189; x_wconf 89' lang='lat' dir='ltr'>ipse</span> <span class='ocrx_word' id='word_1_299' title='bbox 1577 2145 1625 2173; x_wconf 85' lang='lat'>»:</span> <span class='ocrx_word' id='word_1_300' title='bbox 1653 2131 1731 2175; x_wconf 92' lang='lat' dir='ltr'>sed</span> <span class='ocrx_word' id='word_1_301' title='bbox 1765 2131 1975 2176; x_wconf 89' lang='lat' dir='ltr'>Christus</span> <span class='ocrx_word' id='word_1_302' title='bbox 2001 2131 2106 2176; x_wconf 92' lang='lat' dir='ltr'>ado-</span> 
     </span>
     <span class='ocr_line' id='line_1_28' title="bbox 135 2188 1270 2265; baseline -0.005 -17.414"><span class='ocrx_word' id='word_1_303' title='bbox 135 2188 265 2265; x_wconf 60' lang='lat' dir='ltr'>&#39;&#39;r&#39;fatur</span> <span class='ocrx_word' id='word_1_304' title='bbox 290 2201 555 2247; x_wconf 88' lang='lat' dir='ltr'>adoratione</span> <span class='ocrx_word' id='word_1_305' title='bbox 581 2199 759 2254; x_wconf 90' lang='lat' dir='ltr'>latriae;</span> <span class='ocrx_word' id='word_1_306' title='bbox 787 2213 896 2258; x_wconf 89' lang='lat' dir='ltr'>ergo</span> <span class='ocrx_word' id='word_1_307' title='bbox 920 2208 965 2243; x_wconf 90' lang='lat' dir='ltr'>et</span> <span class='ocrx_word' id='word_1_308' title='bbox 990 2207 1134 2243; x_wconf 90' lang='lat' dir='ltr'>mater</span> <span class='ocrx_word' id='word_1_309' title='bbox 1161 2199 1270 2257; x_wconf 78' lang='lat' dir='ltr'>ejus.</span> 
     </span>
     <span class='ocr_line' id='line_1_29' title="bbox 52 2259 2105 2326; baseline -0.002 -11"><span class='ocrx_word' id='word_1_310' title='bbox 52 2259 111 2314; x_wconf 60' lang='grc' dir='ltr'>,ᾖῖ</span> <span class='ocrx_word' id='word_1_311' title='bbox 231 2282 274 2315; x_wconf 88' lang='lat'>2.</span> <span class='ocrx_word' id='word_1_312' title='bbox 298 2268 595 2314; x_wconf 77' lang='lat' dir='ltr'>PRAETEREA.</span> <span class='ocrx_word' id='word_1_313' title='bbox 622 2267 837 2311; x_wconf 89' lang='lat' dir='ltr'>Damasc.</span> <span class='ocrx_word' id='word_1_314' title='bbox 865 2266 1009 2310; x_wconf 89' lang='lat' dir='ltr'>dicit</span> <span class='ocrx_word' id='word_1_315' title='bbox 998 2281 1044 2310; x_wconf 87' lang='lat' dir='ltr'>m</span> <span class='ocrx_word' id='word_1_316' title='bbox 1075 2278 1116 2321; x_wconf 90' lang='lat'>4.</span> <span class='ocrx_word' id='word_1_317' title='bbox 1143 2265 1219 2310; x_wconf 92' lang='lat' dir='ltr'>lib.</span> <span class='ocrx_word' id='word_1_318' title='bbox 1252 2265 1397 2323; x_wconf 86' lang='lat' dir='ltr'>(Orth.</span> <span class='ocrx_word' id='word_1_319' title='bbox 1425 2265 1523 2310; x_wconf 88' lang='lat' dir='ltr'>Fid.</span> <span class='ocrx_word' id='word_1_320' title='bbox 1551 2273 1643 2326; x_wconf 84' lang='lat' dir='ltr'>cap.</span> <span class='ocrx_word' id='word_1_321' title='bbox 1676 2279 1739 2325; x_wconf 89' lang='lat'>17.</span> <span class='ocrx_word' id='word_1_322' title='bbox 1766 2265 1820 2311; x_wconf 87' lang='lat' dir='ltr'>ad</span> <span class='ocrx_word' id='word_1_323' title='bbox 1834 2267 1954 2325; x_wconf 89' lang='lat' dir='ltr'>fin),</span> <span class='ocrx_word' id='word_1_324' title='bbox 1982 2265 2105 2326; x_wconf 92' lang='lat' dir='ltr'>quod</span> 
     </span>
     <span class='ocr_line' id='line_1_30' title="bbox 0 2332 2106 2395; baseline -0.002 -12"><span class='ocrx_word' id='word_1_325' title='bbox 0 2375 1 2383; x_wconf 68' lang='grc'>,</span> <span class='ocrx_word' id='word_1_326' title='bbox 135 2332 293 2395; x_wconf 62' lang='lat' dir='ltr'>:honor</span> <span class='ocrx_word' id='word_1_327' title='bbox 318 2335 474 2380; x_wconf 87' lang='lat' dir='ltr'>matris</span> <span class='ocrx_word' id='word_1_328' title='bbox 500 2333 690 2379; x_wconf 88' lang='lat' dir='ltr'>refertur</span> <span class='ocrx_word' id='word_1_329' title='bbox 716 2333 771 2378; x_wconf 92' lang='lat' dir='ltr'>ad</span> <span class='ocrx_word' id='word_1_330' title='bbox 797 2333 966 2378; x_wconf 88' lang='lat' dir='ltr'>filium:</span> <span class='ocrx_word' id='word_1_331' title='bbox 999 2334 1078 2378; x_wconf 90' lang='lat' dir='ltr'>sed</span> <span class='ocrx_word' id='word_1_332' title='bbox 1104 2332 1222 2377; x_wconf 80' lang='lat' dir='ltr'>filius</span> <span class='ocrx_word' id='word_1_333' title='bbox 1250 2334 1462 2377; x_wconf 91' lang='lat' dir='ltr'>adoratur</span> <span class='ocrx_word' id='word_1_334' title='bbox 1495 2333 1761 2378; x_wconf 87' lang='lat' dir='ltr'>adoratione</span> <span class='ocrx_word' id='word_1_335' title='bbox 1786 2332 1969 2389; x_wconf 83' lang='lat' dir='ltr'>latriae3</span> <span class='ocrx_word' id='word_1_336' title='bbox 1997 2347 2106 2393; x_wconf 89' lang='lat' dir='ltr'>ergo</span> 
     </span>
     <span class='ocr_line' id='line_1_31' title="bbox 145 2410 374 2453; baseline -0.01 -3.864"><span class='ocrx_word' id='word_1_337' title='bbox 145 2410 191 2453; x_wconf 84' lang='lat' dir='ltr'>et</span> <span class='ocrx_word' id='word_1_338' title='bbox 212 2411 374 2451; x_wconf 87' lang='lat' dir='ltr'>mater.</span> 
     </span>
     <span class='ocr_line' id='line_1_32' title="bbox 66 2435 2107 2530; baseline -0.001 -15"><span class='ocrx_word' id='word_1_339' title='bbox 66 2462 71 2466; x_wconf 62' lang='grc'><strong>’</strong></span> <span class='ocrx_word' id='word_1_340' title='bbox 96 2464 99 2465; x_wconf 46' lang='grc'>’</span> <span class='ocrx_word' id='word_1_341' title='bbox 144 2480 149 2482; x_wconf 77' lang='grc'><em>“</em></span> <span class='ocrx_word' id='word_1_342' title='bbox 236 2484 274 2530; x_wconf 87' lang='lat'>3.</span> <span class='ocrx_word' id='word_1_343' title='bbox 299 2469 597 2515; x_wconf 78' lang='lat' dir='ltr'>PRAETEREA.</span> <span class='ocrx_word' id='word_1_344' title='bbox 624 2467 930 2526; x_wconf 74' lang='lat' dir='ltr'>Coniunctior</span> <span class='ocrx_word' id='word_1_345' title='bbox 955 2477 1023 2512; x_wconf 91' lang='lat' dir='ltr'>est</span> <span class='ocrx_word' id='word_1_346' title='bbox 1049 2435 1237 2513; x_wconf 82' lang='lat' dir='ltr'>Christo</span> <span class='ocrx_word' id='word_1_347' title='bbox 1263 2477 1409 2512; x_wconf 90' lang='lat' dir='ltr'>mater</span> <span class='ocrx_word' id='word_1_348' title='bbox 1435 2468 1546 2527; x_wconf 85' lang='lat' dir='ltr'>ejus,</span> <span class='ocrx_word' id='word_1_349' title='bbox 1570 2482 1708 2527; x_wconf 90' lang='lat' dir='ltr'>quarn</span> <span class='ocrx_word' id='word_1_350' title='bbox 1736 2462 1867 2513; x_wconf 86' lang='lat' dir='ltr'>crux:</span> <span class='ocrx_word' id='word_1_351' title='bbox 1895 2468 1973 2513; x_wconf 88' lang='lat' dir='ltr'>sed</span> <span class='ocrx_word' id='word_1_352' title='bbox 1998 2482 2107 2512; x_wconf 90' lang='lat' dir='ltr'>crux</span> 
     </span>
     <span class='ocr_line' id='line_1_33' title="bbox 96 2524 2110 2594; baseline -0.002 -10.92"><span class='ocrx_word' id='word_1_353' title='bbox 96 2524 358 2584; x_wconf 71' lang='lat' dir='ltr'>adoratur</span> <span class='ocrx_word' id='word_1_354' title='bbox 384 2537 649 2581; x_wconf 88' lang='lat' dir='ltr'>adoratione</span> <span class='ocrx_word' id='word_1_355' title='bbox 664 2535 848 2590; x_wconf 89' lang='lat' dir='ltr'>latriae;</span> <span class='ocrx_word' id='word_1_356' title='bbox 876 2549 987 2594; x_wconf 89' lang='lat' dir='ltr'>ergo</span> <span class='ocrx_word' id='word_1_357' title='bbox 1012 2545 1057 2579; x_wconf 93' lang='lat' dir='ltr'>et</span> <span class='ocrx_word' id='word_1_358' title='bbox 1082 2546 1226 2579; x_wconf 89' lang='lat' dir='ltr'>mater</span> <span class='ocrx_word' id='word_1_359' title='bbox 1250 2533 1423 2580; x_wconf 90' lang='lat' dir='ltr'>Christi</span> <span class='ocrx_word' id='word_1_360' title='bbox 1449 2545 1516 2579; x_wconf 91' lang='lat' dir='ltr'>est</span> <span class='ocrx_word' id='word_1_361' title='bbox 1538 2535 1805 2580; x_wconf 88' lang='lat' dir='ltr'>adoratione</span> <span class='ocrx_word' id='word_1_362' title='bbox 1821 2534 1979 2581; x_wconf 88' lang='lat' dir='ltr'>latriae</span> <span class='ocrx_word' id='word_1_363' title='bbox 2003 2535 2110 2580; x_wconf 89' lang='lat' dir='ltr'>ado-</span> 
     </span>
     <span class='ocr_line' id='line_1_34' title="bbox 0 2539 300 2652; baseline 0 9"><span class='ocrx_word' id='word_1_364' title='bbox 0 2539 89 2646; x_wconf 41' lang='grc' dir='ltr'>ἑξ</span> <span class='ocrx_word' id='word_1_365' title='bbox 142 2599 300 2652; x_wconf 74' lang='lat' dir='ltr'>rancia.</span> 
     </span>
     <span class='ocr_line' id='line_1_35' title="bbox 81 2669 2109 2730; baseline -0.002 -10.015"><span class='ocrx_word' id='word_1_366' title='bbox 81 2708 113 2726; x_wconf 70' lang='grc'>,,</span> <span class='ocrx_word' id='word_1_367' title='bbox 159 2680 162 2683; x_wconf 88' lang='grc'>’</span> <span class='ocrx_word' id='word_1_368' title='bbox 237 2671 332 2717; x_wconf 87' lang='lat' dir='ltr'>SED</span> <span class='ocrx_word' id='word_1_369' title='bbox 351 2683 547 2717; x_wconf 78' lang='lat' dir='ltr'>CONTRA</span> <span class='ocrx_word' id='word_1_370' title='bbox 575 2679 655 2726; x_wconf 88' lang='lat' dir='ltr'>est,</span> <span class='ocrx_word' id='word_1_371' title='bbox 682 2670 804 2730; x_wconf 90' lang='lat' dir='ltr'>quod</span> <span class='ocrx_word' id='word_1_372' title='bbox 826 2670 973 2715; x_wconf 89' lang='lat' dir='ltr'>Mater</span> <span class='ocrx_word' id='word_1_373' title='bbox 997 2669 1088 2714; x_wconf 90' lang='lat' dir='ltr'>Dei</span> <span class='ocrx_word' id='word_1_374' title='bbox 1113 2679 1180 2714; x_wconf 91' lang='lat' dir='ltr'>est</span> <span class='ocrx_word' id='word_1_375' title='bbox 1204 2684 1316 2730; x_wconf 90' lang='lat' dir='ltr'>pura</span> <span class='ocrx_word' id='word_1_376' title='bbox 1343 2679 1573 2725; x_wconf 83' lang='lat' dir='ltr'>creatura3</span> <span class='ocrx_word' id='word_1_377' title='bbox 1599 2684 1694 2715; x_wconf 89' lang='lat' dir='ltr'>non</span> <span class='ocrx_word' id='word_1_378' title='bbox 1721 2684 1831 2729; x_wconf 89' lang='lat' dir='ltr'>ergo</span> <span class='ocrx_word' id='word_1_379' title='bbox 1859 2670 1901 2716; x_wconf 90' lang='lat' dir='ltr'>ei</span> <span class='ocrx_word' id='word_1_380' title='bbox 1922 2671 2109 2717; x_wconf 90' lang='lat' dir='ltr'>debetur</span> 
     </span>
     <span class='ocr_line' id='line_1_36' title="bbox 83 2735 549 2795; baseline -0.008 -9.496"><span class='ocrx_word' id='word_1_381' title='bbox 83 2735 353 2795; x_wconf 56' lang='lat' dir='ltr'>adoratio</span> <span class='ocrx_word' id='word_1_382' title='bbox 378 2737 549 2783; x_wconf 88' lang='lat' dir='ltr'>latriae.</span> 
     </span>
     <span class='ocr_line' id='line_1_37' title="bbox 0 2803 2108 2868; baseline 0 -18"><span class='ocrx_word' id='word_1_383' title='bbox 0 2848 3 2850; x_wconf 72' lang='grc'><strong>,</strong></span> <span class='ocrx_word' id='word_1_384' title='bbox 76 2863 82 2865; x_wconf 23' lang='lat'><strong><em>⁴</em></strong></span> <span class='ocrx_word' id='word_1_385' title='bbox 235 2804 524 2852; x_wconf 72' lang='lat' dir='ltr'>RESPONDEo</span> <span class='ocrx_word' id='word_1_386' title='bbox 552 2804 811 2859; x_wconf 90' lang='lat' dir='ltr'>dicendum,</span> <span class='ocrx_word' id='word_1_387' title='bbox 839 2803 961 2863; x_wconf 93' lang='lat' dir='ltr'>quod</span> <span class='ocrx_word' id='word_1_388' title='bbox 988 2804 1092 2863; x_wconf 90' lang='lat' dir='ltr'>quia</span> <span class='ocrx_word' id='word_1_389' title='bbox 1114 2803 1244 2848; x_wconf 88' lang='lat' dir='ltr'>latria</span> <span class='ocrx_word' id='word_1_390' title='bbox 1266 2803 1354 2849; x_wconf 90' lang='lat' dir='ltr'>soli</span> <span class='ocrx_word' id='word_1_391' title='bbox 1378 2804 1481 2868; x_wconf 91' lang='lat' dir='ltr'>Deo</span> <span class='ocrx_word' id='word_1_392' title='bbox 1509 2804 1710 2858; x_wconf 88' lang='lat' dir='ltr'>debetur,</span> <span class='ocrx_word' id='word_1_393' title='bbox 1735 2803 1849 2849; x_wconf 88' lang='lat' dir='ltr'>nulli</span> <span class='ocrx_word' id='word_1_394' title='bbox 1877 2815 2108 2850; x_wconf 85' lang='lat' dir='ltr'>creaturae</span> 
     </span>
     <span class='ocr_line' id='line_1_38' title="bbox 29 2863 2110 2932; baseline -0.002 -11.055"><span class='ocrx_word' id='word_1_395' title='bbox 29 2914 32 2916; x_wconf 96' lang='lat'>.</span> <span class='ocrx_word' id='word_1_396' title='bbox 147 2863 335 2919; x_wconf 60' lang='grc' dir='ltr'>ᾖᾶὡεωι·</span> <span class='ocrx_word' id='word_1_397' title='bbox 350 2872 496 2927; x_wconf 83' lang='lat' dir='ltr'>latria,</span> <span class='ocrx_word' id='word_1_398' title='bbox 509 2882 643 2932; x_wconf 90' lang='lat' dir='ltr'>prout</span> <span class='ocrx_word' id='word_1_399' title='bbox 669 2882 922 2917; x_wconf 91' lang='lat' dir='ltr'>creaturam</span> <span class='ocrx_word' id='word_1_400' title='bbox 939 2871 1191 2915; x_wconf 90' lang='lat' dir='ltr'>secundum</span> <span class='ocrx_word' id='word_1_401' title='bbox 1205 2885 1252 2915; x_wconf 91' lang='lat' dir='ltr'>se</span> <span class='ocrx_word' id='word_1_402' title='bbox 1270 2885 1565 2915; x_wconf 89' lang='lat' dir='ltr'>veneramur:</span> <span class='ocrx_word' id='word_1_403' title='bbox 1588 2870 1695 2916; x_wconf 90' lang='lat' dir='ltr'>licet</span> <span class='ocrx_word' id='word_1_404' title='bbox 1707 2882 1861 2917; x_wconf 91' lang='lat' dir='ltr'>autem</span> <span class='ocrx_word' id='word_1_405' title='bbox 1878 2883 2110 2917; x_wconf 86' lang='lat' dir='ltr'>creaturae</span> 
     </span>
     <span class='ocr_line' id='line_1_39' title="bbox 0 2938 2109 2999; baseline 0 -16"><span class='ocrx_word' id='word_1_406' title='bbox 0 2938 7 2994; x_wconf 50' lang='grc' dir='ltr'>ξ</span> <span class='ocrx_word' id='word_1_407' title='bbox 74 2935 120 2995; x_wconf 79' lang='grc' dir='ltr'>ῥέξ’</span> <span class='ocrx_word' id='word_1_408' title='bbox 153 2938 430 2985; x_wconf 77' lang='lat' dir='ltr'>insensibiles</span> <span class='ocrx_word' id='word_1_409' title='bbox 456 2954 550 2984; x_wconf 92' lang='lat' dir='ltr'>non</span> <span class='ocrx_word' id='word_1_410' title='bbox 576 2939 666 2984; x_wconf 89' lang='lat' dir='ltr'>sint</span> <span class='ocrx_word' id='word_1_411' title='bbox 692 2953 883 2999; x_wconf 90' lang='lat' dir='ltr'>capaces</span> <span class='ocrx_word' id='word_1_412' title='bbox 899 2939 1206 2984; x_wconf 90' lang='lat' dir='ltr'>venerationis</span> <span class='ocrx_word' id='word_1_413' title='bbox 1223 2938 1476 2983; x_wconf 89' lang='lat' dir='ltr'>secundum</span> <span class='ocrx_word' id='word_1_414' title='bbox 1494 2939 1689 2997; x_wconf 88' lang='lat' dir='ltr'>seipsas:</span> <span class='ocrx_word' id='word_1_415' title='bbox 1718 2949 1922 2984; x_wconf 89' lang='lat' dir='ltr'>creatura</span> <span class='ocrx_word' id='word_1_416' title='bbox 1954 2950 2109 2984; x_wconf 90' lang='lat' dir='ltr'>tamen</span> 
     </span>
     <span class='ocr_line' id='line_1_40' title="bbox 153 3005 2111 3066; baseline -0.001 -14.145"><span class='ocrx_word' id='word_1_417' title='bbox 153 3006 383 3052; x_wconf 72' lang='lat' dir='ltr'>rationalis</span> <span class='ocrx_word' id='word_1_418' title='bbox 401 3016 467 3051; x_wconf 89' lang='lat' dir='ltr'>est</span> <span class='ocrx_word' id='word_1_419' title='bbox 494 3021 636 3066; x_wconf 86' lang='lat' dir='ltr'>capax</span> <span class='ocrx_word' id='word_1_420' title='bbox 661 3006 966 3051; x_wconf 88' lang='lat' dir='ltr'>venerationis</span> <span class='ocrx_word' id='word_1_421' title='bbox 986 3006 1236 3050; x_wconf 89' lang='lat' dir='ltr'>secundum</span> <span class='ocrx_word' id='word_1_422' title='bbox 1259 3006 1478 3064; x_wconf 85' lang='lat' dir='ltr'>seipsam:</span> <span class='ocrx_word' id='word_1_423' title='bbox 1499 3016 1543 3050; x_wconf 91' lang='lat' dir='ltr'>et</span> <span class='ocrx_word' id='word_1_424' title='bbox 1567 3006 1670 3050; x_wconf 91' lang='lat' dir='ltr'>ideo</span> <span class='ocrx_word' id='word_1_425' title='bbox 1688 3005 1802 3050; x_wconf 91' lang='lat' dir='ltr'>nulli</span> <span class='ocrx_word' id='word_1_426' title='bbox 1827 3021 1964 3066; x_wconf 90' lang='lat' dir='ltr'>purae</span> <span class='ocrx_word' id='word_1_427' title='bbox 1993 3020 2111 3050; x_wconf 87' lang='lat' dir='ltr'>crea-</span> 
     </span>
     <span class='ocr_line' id='line_1_41' title="bbox 8 3071 2112 3132; baseline 0 -15"><span class='ocrx_word' id='word_1_428' title='bbox 8 3107 10 3110; x_wconf 45' lang='grc' dir='ltr'>ῥ</span> <span class='ocrx_word' id='word_1_429' title='bbox 153 3082 278 3119; x_wconf 82' lang='lat' dir='ltr'>turae</span> <span class='ocrx_word' id='word_1_430' title='bbox 304 3072 514 3118; x_wconf 88' lang='lat' dir='ltr'>rationali</span> <span class='ocrx_word' id='word_1_431' title='bbox 541 3074 728 3118; x_wconf 89' lang='lat' dir='ltr'>debetur</span> <span class='ocrx_word' id='word_1_432' title='bbox 755 3073 902 3117; x_wconf 88' lang='lat' dir='ltr'>cultus</span> <span class='ocrx_word' id='word_1_433' title='bbox 927 3071 1108 3118; x_wconf 89' lang='lat' dir='ltr'>latriae:</span> <span class='ocrx_word' id='word_1_434' title='bbox 1138 3087 1243 3117; x_wconf 88' lang='lat' dir='ltr'>curn</span> <span class='ocrx_word' id='word_1_435' title='bbox 1270 3073 1406 3131; x_wconf 90' lang='lat' dir='ltr'>igitur</span> <span class='ocrx_word' id='word_1_436' title='bbox 1429 3073 1568 3117; x_wconf 91' lang='lat' dir='ltr'>Beata</span> <span class='ocrx_word' id='word_1_437' title='bbox 1593 3072 1738 3132; x_wconf 92' lang='lat' dir='ltr'>Virgo</span> <span class='ocrx_word' id='word_1_438' title='bbox 1766 3074 1822 3117; x_wconf 90' lang='lat' dir='ltr'>sit</span> <span class='ocrx_word' id='word_1_439' title='bbox 1847 3088 1957 3132; x_wconf 90' lang='lat' dir='ltr'>pura</span> <span class='ocrx_word' id='word_1_440' title='bbox 1992 3087 2112 3117; x_wconf 89' lang='lat' dir='ltr'>crea-</span> 
     </span>
     <span class='ocr_line' id='line_1_42' title="bbox 151 3138 2110 3194; baseline -0.002 -6.211"><span class='ocrx_word' id='word_1_441' title='bbox 151 3144 252 3185; x_wconf 76' lang='lat' dir='ltr'>‘tura</span> <span class='ocrx_word' id='word_1_442' title='bbox 276 3139 524 3194; x_wconf 88' lang='lat' dir='ltr'>rationalis,</span> <span class='ocrx_word' id='word_1_443' title='bbox 550 3154 643 3184; x_wconf 91' lang='lat' dir='ltr'>non</span> <span class='ocrx_word' id='word_1_444' title='bbox 670 3139 856 3185; x_wconf 91' lang='lat' dir='ltr'>debetur</span> <span class='ocrx_word' id='word_1_445' title='bbox 882 3139 924 3183; x_wconf 91' lang='lat' dir='ltr'>ei</span> <span class='ocrx_word' id='word_1_446' title='bbox 951 3139 1156 3183; x_wconf 91' lang='lat' dir='ltr'>adoratio</span> <span class='ocrx_word' id='word_1_447' title='bbox 1183 3138 1355 3193; x_wconf 89' lang='lat' dir='ltr'>latriae,</span> <span class='ocrx_word' id='word_1_448' title='bbox 1388 3139 1467 3184; x_wconf 91' lang='lat' dir='ltr'>sed</span> <span class='ocrx_word' id='word_1_449' title='bbox 1495 3139 1646 3183; x_wconf 90' lang='lat' dir='ltr'>solum</span> <span class='ocrx_word' id='word_1_450' title='bbox 1678 3140 1910 3183; x_wconf 90' lang='lat' dir='ltr'>veneratio</span> <span class='ocrx_word' id='word_1_451' title='bbox 1938 3139 2110 3194; x_wconf 89' lang='lat' dir='ltr'>duliae;</span> 
     </span>
     <span class='ocr_line' id='line_1_43' title="bbox 156 3205 2111 3266; baseline -0 -14.056"><span class='ocrx_word' id='word_1_452' title='bbox 156 3205 426 3251; x_wconf 87' lang='lat' dir='ltr'>eminentius</span> <span class='ocrx_word' id='word_1_453' title='bbox 451 3217 621 3261; x_wconf 88' lang='lat' dir='ltr'>tamen,</span> <span class='ocrx_word' id='word_1_454' title='bbox 648 3221 787 3266; x_wconf 90' lang='lat' dir='ltr'>quarn</span> <span class='ocrx_word' id='word_1_455' title='bbox 819 3206 1007 3251; x_wconf 91' lang='lat' dir='ltr'>caeteris</span> <span class='ocrx_word' id='word_1_456' title='bbox 1041 3207 1272 3259; x_wconf 88' lang='lat' dir='ltr'>creaturis,</span> <span class='ocrx_word' id='word_1_457' title='bbox 1299 3206 1568 3265; x_wconf 91' lang='lat' dir='ltr'>inquantum</span> <span class='ocrx_word' id='word_1_458' title='bbox 1594 3206 1690 3264; x_wconf 88' lang='lat' dir='ltr'>ipsa</span> <span class='ocrx_word' id='word_1_459' title='bbox 1725 3216 1791 3250; x_wconf 90' lang='lat' dir='ltr'>est</span> <span class='ocrx_word' id='word_1_460' title='bbox 1823 3218 1968 3249; x_wconf 87' lang='lat' dir='ltr'>mater</span> <span class='ocrx_word' id='word_1_461' title='bbox 1998 3206 2111 3261; x_wconf 84' lang='lat' dir='ltr'>Dei3</span> 
     </span>
     <span class='ocr_line' id='line_1_44' title="bbox 157 3271 2034 3334; baseline 0 -16"><span class='ocrx_word' id='word_1_462' title='bbox 157 3281 202 3334; x_wconf 81' lang='lat' dir='ltr'>et</span> <span class='ocrx_word' id='word_1_463' title='bbox 230 3272 334 3318; x_wconf 88' lang='lat' dir='ltr'>ideo</span> <span class='ocrx_word' id='word_1_464' title='bbox 361 3273 536 3328; x_wconf 91' lang='lat' dir='ltr'>dicitur,</span> <span class='ocrx_word' id='word_1_465' title='bbox 563 3274 685 3333; x_wconf 91' lang='lat' dir='ltr'>quod</span> <span class='ocrx_word' id='word_1_466' title='bbox 711 3273 898 3318; x_wconf 89' lang='lat' dir='ltr'>debetur</span> <span class='ocrx_word' id='word_1_467' title='bbox 925 3273 966 3318; x_wconf 89' lang='lat' dir='ltr'>ei</span> <span class='ocrx_word' id='word_1_468' title='bbox 990 3287 1083 3317; x_wconf 90' lang='lat' dir='ltr'>non</span> <span class='ocrx_word' id='word_1_469' title='bbox 1111 3273 1456 3332; x_wconf 89' lang='lat' dir='ltr'>qualiscumque</span> <span class='ocrx_word' id='word_1_470' title='bbox 1483 3273 1620 3326; x_wconf 89' lang='lat' dir='ltr'>dulia,</span> <span class='ocrx_word' id='word_1_471' title='bbox 1647 3272 1725 3316; x_wconf 90' lang='lat' dir='ltr'>sed</span> <span class='ocrx_word' id='word_1_472' title='bbox 1751 3271 2034 3331; x_wconf 87' lang='lat' dir='ltr'>hyperdulia.</span> 
     </span>
     <span class='ocr_line' id='line_1_45' title="bbox 244 3338 2114 3400; baseline -0.002 -11.358"><span class='ocrx_word' id='word_1_473' title='bbox 244 3338 321 3385; x_wconf 84' lang='lat' dir='ltr'>AD</span> <span class='ocrx_word' id='word_1_474' title='bbox 346 3352 534 3386; x_wconf 76' lang='lat' dir='ltr'>PRIMUM</span> <span class='ocrx_word' id='word_1_475' title='bbox 561 3354 670 3400; x_wconf 89' lang='lat' dir='ltr'>ergo</span> <span class='ocrx_word' id='word_1_476' title='bbox 690 3340 948 3395; x_wconf 88' lang='lat' dir='ltr'>dicendum,</span> <span class='ocrx_word' id='word_1_477' title='bbox 971 3340 1093 3399; x_wconf 92' lang='lat' dir='ltr'>quod</span> <span class='ocrx_word' id='word_1_478' title='bbox 1111 3340 1246 3384; x_wconf 88' lang='lat' dir='ltr'>matri</span> <span class='ocrx_word' id='word_1_479' title='bbox 1271 3340 1390 3398; x_wconf 88' lang='lat' dir='ltr'>regis</span> <span class='ocrx_word' id='word_1_480' title='bbox 1416 3354 1510 3384; x_wconf 92' lang='lat' dir='ltr'>non</span> <span class='ocrx_word' id='word_1_481' title='bbox 1537 3339 1723 3384; x_wconf 89' lang='lat' dir='ltr'>debetur</span> <span class='ocrx_word' id='word_1_482' title='bbox 1746 3339 1945 3398; x_wconf 86' lang='lat' dir='ltr'>aequalis</span> <span class='ocrx_word' id='word_1_483' title='bbox 1962 3339 2114 3385; x_wconf 91' lang='lat' dir='ltr'>honor</span> 
     </span>
     <span class='ocr_line' id='line_1_46' title="bbox 157 3403 2113 3467; baseline 0 -15.955"><span class='ocrx_word' id='word_1_484' title='bbox 157 3403 324 3452; x_wconf 86' lang='lat' dir='ltr'>honori</span> <span class='ocrx_word' id='word_1_485' title='bbox 347 3406 426 3467; x_wconf 90' lang='lat' dir='ltr'>qui</span> <span class='ocrx_word' id='word_1_486' title='bbox 450 3406 636 3451; x_wconf 90' lang='lat' dir='ltr'>debetur</span> <span class='ocrx_word' id='word_1_487' title='bbox 656 3406 777 3466; x_wconf 90' lang='lat' dir='ltr'>regi:</span> <span class='ocrx_word' id='word_1_488' title='bbox 805 3406 991 3451; x_wconf 89' lang='lat' dir='ltr'>debetur</span> <span class='ocrx_word' id='word_1_489' title='bbox 1016 3418 1171 3451; x_wconf 88' lang='lat' dir='ltr'>tamen</span> <span class='ocrx_word' id='word_1_490' title='bbox 1193 3407 1235 3451; x_wconf 90' lang='lat' dir='ltr'>ei</span> <span class='ocrx_word' id='word_1_491' title='bbox 1261 3407 1447 3466; x_wconf 90' lang='lat' dir='ltr'>quidam</span> <span class='ocrx_word' id='word_1_492' title='bbox 1473 3406 1624 3450; x_wconf 90' lang='lat' dir='ltr'>honor</span> <span class='ocrx_word' id='word_1_493' title='bbox 1646 3405 1913 3460; x_wconf 88' lang='lat' dir='ltr'>consimilis,</span> <span class='ocrx_word' id='word_1_494' title='bbox 1937 3408 2113 3452; x_wconf 88' lang='lat' dir='ltr'>ratione</span> 
     </span>
     <span class='ocr_line' id='line_1_47' title="bbox 161 3471 1774 3532; baseline -0.004 -10.477"><span class='ocrx_word' id='word_1_495' title='bbox 161 3471 395 3532; x_wconf 80' lang='lat' dir='ltr'>cujusdam</span> <span class='ocrx_word' id='word_1_496' title='bbox 420 3472 738 3528; x_wconf 87' lang='lat' dir='ltr'>excellentiae,</span> <span class='ocrx_word' id='word_1_497' title='bbox 764 3482 809 3517; x_wconf 89' lang='lat' dir='ltr'>et</span> <span class='ocrx_word' id='word_1_498' title='bbox 831 3472 923 3518; x_wconf 90' lang='lat' dir='ltr'>hoc</span> <span class='ocrx_word' id='word_1_499' title='bbox 950 3473 1208 3532; x_wconf 88' lang='lat' dir='ltr'>significant</span> <span class='ocrx_word' id='word_1_500' title='bbox 1234 3473 1524 3518; x_wconf 88' lang='lat' dir='ltr'>auctoritates</span> <span class='ocrx_word' id='word_1_501' title='bbox 1549 3471 1774 3516; x_wconf 87' lang='lat' dir='ltr'>inductae.</span> 
     </span>
     <span class='ocr_line' id='line_1_48' title="bbox 44 3535 2116 3599; baseline 0 -14"><span class='ocrx_word' id='word_1_502' title='bbox 44 3535 107 3591; x_wconf 66' lang='grc' dir='ltr'>’,ζ</span> <span class='ocrx_word' id='word_1_503' title='bbox 250 3538 326 3584; x_wconf 83' lang='lat' dir='ltr'>AD</span> <span class='ocrx_word' id='word_1_504' title='bbox 351 3552 611 3585; x_wconf 73' lang='lat' dir='ltr'>SECUNDUM</span> <span class='ocrx_word' id='word_1_505' title='bbox 637 3538 898 3594; x_wconf 89' lang='lat' dir='ltr'>dicendum,</span> <span class='ocrx_word' id='word_1_506' title='bbox 921 3539 1042 3599; x_wconf 91' lang='lat' dir='ltr'>quod</span> <span class='ocrx_word' id='word_1_507' title='bbox 1068 3540 1220 3584; x_wconf 88' lang='lat' dir='ltr'>honor</span> <span class='ocrx_word' id='word_1_508' title='bbox 1238 3539 1392 3584; x_wconf 89' lang='lat' dir='ltr'>matris</span> <span class='ocrx_word' id='word_1_509' title='bbox 1410 3538 1598 3583; x_wconf 85' lang='lat' dir='ltr'>refertur</span> <span class='ocrx_word' id='word_1_510' title='bbox 1615 3538 1669 3583; x_wconf 94' lang='lat' dir='ltr'>ad</span> <span class='ocrx_word' id='word_1_511' title='bbox 1692 3537 1859 3583; x_wconf 88' lang='lat' dir='ltr'>filium:</span> <span class='ocrx_word' id='word_1_512' title='bbox 1888 3539 1993 3598; x_wconf 90' lang='lat' dir='ltr'>quia</span> <span class='ocrx_word' id='word_1_513' title='bbox 2018 3540 2116 3599; x_wconf 90' lang='lat' dir='ltr'>ipsa</span> 
     </span>
     <span class='ocr_line' id='line_1_49' title="bbox 80 3586 2116 3673; baseline 0.002 -24.936"><span class='ocrx_word' id='word_1_514' title='bbox 80 3586 111 3673; x_wconf 77' lang='grc' dir='ltr'>ᾖξ</span> <span class='ocrx_word' id='word_1_515' title='bbox 166 3612 309 3651; x_wconf 81' lang='lat' dir='ltr'>mater</span> <span class='ocrx_word' id='word_1_516' title='bbox 333 3615 401 3652; x_wconf 85' lang='lat' dir='ltr'>est</span> <span class='ocrx_word' id='word_1_517' title='bbox 424 3615 607 3666; x_wconf 89' lang='lat' dir='ltr'>propter</span> <span class='ocrx_word' id='word_1_518' title='bbox 623 3604 768 3651; x_wconf 88' lang='lat' dir='ltr'>filium</span> <span class='ocrx_word' id='word_1_519' title='bbox 786 3605 1038 3651; x_wconf 85' lang='lat' dir='ltr'>adoranda:</span> <span class='ocrx_word' id='word_1_520' title='bbox 1065 3620 1158 3651; x_wconf 91' lang='lat' dir='ltr'>non</span> <span class='ocrx_word' id='word_1_521' title='bbox 1181 3617 1334 3652; x_wconf 86' lang='lat' dir='ltr'>tamen</span> <span class='ocrx_word' id='word_1_522' title='bbox 1358 3620 1413 3651; x_wconf 92' lang='lat' dir='ltr'>eo</span> <span class='ocrx_word' id='word_1_523' title='bbox 1441 3605 1597 3660; x_wconf 90' lang='lat' dir='ltr'>modo,</span> <span class='ocrx_word' id='word_1_524' title='bbox 1615 3619 1705 3666; x_wconf 91' lang='lat' dir='ltr'>quo</span> <span class='ocrx_word' id='word_1_525' title='bbox 1727 3605 1914 3652; x_wconf 90' lang='lat' dir='ltr'>honor</span> <span class='ocrx_word' id='word_1_526' title='bbox 1903 3607 2116 3668; x_wconf 81' lang='lat' dir='ltr'>imaginis</span> 
     </span>
    </p>
   </div>
   <div class='ocr_carea' id='block_1_6' title="bbox 0 3038 123 3926">
    <p class='ocr_par' dir='ltr' id='par_1_6' title="bbox 0 3038 123 3926">
     <span class='ocr_line' id='line_1_50' title="bbox 0 3038 123 3926; baseline 0 0"><span class='ocrx_word' id='word_1_527' title='bbox 0 3038 123 3926; x_wconf 95' lang='lat' dir='ltr'> </span> 
     </span>
    </p>
   </div>
  </div>
 </body>
</html>
