2352 3926
306 215 412 286 482
563 269 566 271 Α
826 226 1104 273 QUAEsTm
1145 225 1273 264 Lvn.
1313 206 1622 266 ART1cuLus
1661 227 1734 266 1v.

305 345 359 376 ex
385 332 659 391 proprietate
687 329 906 389 corporis,
933 328 1012 373 sed
1033 342 1114 388 per
1139 328 1356 373 virtutem
1381 327 1584 373 divinam
1629 330 1930 384 assistentem,
1963 339 2008 376 et
2038 330 2131 376 hoc
2164 345 2269 392 ope·

305 409 495 443 tantem.

393 466 469 509 AD
484 476 721 514 QUARTUM
735 461 995 514 dicendum,
1009 462 1131 521 quod
1149 462 1291 507 nubes
1308 461 1386 506 illa
1401 476 1496 506 non
1513 462 1718 522 praebuit
1735 462 2064 511 adminiculum
2081 463 2267 517 Christo

306 531 570 575 ascendenti
596 545 676 589 per
699 530 890 574 modurn
906 530 1131 583 vehiculi;
1155 530 1233 574 sed
1252 530 1459 589 apparuit
1475 530 1521 573 in
1539 532 1720 606 signum
1738 530 1999 585 divinitatis,
2015 532 2268 576 secundum

304 599 425 657 quod
454 597 600 656 gloria
627 598 713 641 Dei
740 596 880 640 Israel
907 591 1153 656 apparebat
1178 611 1313 656 super
1338 596 1720 641 tabernaculum
1709 611 1756 641 1n
1777 597 1910 641 nube.

392 666 469 709 AD
497 677 726 714 QUINTUM
747 664 1006 718 dicendum,
1033 665 1156 723 quod
1184 679 1349 723 corpus
1372 665 1627 723 gloriosum
1658 679 1753 708 non
1784 662 1922 710 habet
1953 679 2008 710 ex
2037 665 2269 726 principiis

303 747 411 777 suae
437 742 639 785 naturae,
667 732 788 791 quod
815 733 958 791 possit
982 732 1030 775 in
1053 732 1203 786 coelo,
1231 742 1308 776 aut
1333 746 1468 791 supra
1495 731 1678 776 coelum
1705 746 1823 786 esse;
1847 732 1927 777 sed
1943 733 2081 778 habet
2100 733 2191 778 hoc
2213 748 2269 779 ex

303 800 457 843 anima
482 800 628 853 beata,
656 814 710 843 ex
737 813 826 858 qua
852 799 1012 858 recipit
1037 799 1256 857 gloriam:
1285 809 1330 843 et
1356 800 1472 843 sicut
1489 809 1642 843 motus
1659 798 1850 856 gloriosi
1867 801 2072 859 corporis
2089 814 2269 846 sursum

301 881 395 910 non
423 876 490 910 est
514 861 766 921 violentus3
789 867 852 910 ita
871 881 958 911 nec
985 866 1112 925 quies
1140 876 1207 910 est
1231 866 1457 910 violenta:
1485 867 1604 910 unde
1630 865 1746 910 nihil
1777 866 2002 925 prohibet,
2029 881 2134 912 eam
2165 881 2264 913 esse

303 933 644 993 sempiternam.

1030 1074 1464 1132 ARTICULUS
1503 1075 1573 1130 v.
1936 1031 1938 1033 ⁵
2183 1102 2267 1150 314

563 1196 805 1235 UTRUM
858 1196 1132 1235 CORPUS
1186 1196 1484 1234 CHRISTI
1538 1196 2006 1236 ASCENDERIT

700 1271 867 1310 SUPER
901 1272 1099 1309 OMNEM
1133 1270 1466 1310 CREATURAM
1494 1270 1874 1308 SPIRITUALEM.

495 1366 629 1425 (Infr.
662 1381 700 1424 q.
728 1367 793 1425 58.
827 1373 909 1411 art.
938 1381 974 1425 3.
1008 1373 1120 1425 corp.
1153 1372 1191 1410 et
1222 1367 1289 1410 Ps.
1323 1366 1365 1411 8.
1386 1366 1467 1424 fin.
1500 1371 1537 1409 et
1567 1365 1677 1424 Eph.
1710 1381 1745 1410 Ι.
1779 1365 1864 1409 lect.
1899 1377 1938 1424 7.
1958 1365 2073 1424 fin).

391 1470 467 1515 ΑΒ
496 1483 723 1521 QumTUM
750 1471 814 1514 sic
842 1471 1116 1529 proceditur.
1144 1469 1349 1524 Videtur,
1377 1470 1498 1529 quod
1523 1483 1688 1528 corpus
1716 1469 1888 1518 Christi
1903 1483 1999 1515 non
2017 1471 2270 1516 ascenderit

302 1552 436 1596 super
462 1553 650 1582 omnem
679 1548 935 1582 creaturam
961 1537 1268 1597 spiritualem:
1298 1551 1459 1581 eorum
1483 1537 1621 1591 enirn,
1639 1551 1755 1596 quae
1771 1550 1866 1581 non
1888 1536 2097 1582 dicuntur
2113 1551 2270 1583 secun-

303 1605 411 1649 dum
443 1620 583 1648 unam
615 1605 859 1659 rationem,
892 1620 986 1649 non
1018 1615 1170 1664 potest
1203 1605 1528 1648 convenienter
1559 1604 1655 1648 fieri
1690 1604 1999 1662 comparatio:
2033 1604 2112 1649 sed
2138 1603 2268 1650 locus

301 1686 396 1716 non
424 1672 586 1717 eadem
613 1672 789 1716 ratione
815 1672 1069 1716 attribuitur
1096 1671 1422 1731 corporalibus,
1446 1681 1490 1716 et
1507 1670 1810 1730 spiritualibus
1833 1673 2064 1726 creaturis,
2081 1681 2130 1717 ut
2145 1682 2270 1731 patet

302 1756 357 1785 ex
373 1741 444 1784 his
463 1755 578 1799 quae
606 1740 725 1784 dicta
741 1741 909 1784 suntin
933 1754 967 1784 1.
987 1741 1046 1799 (q.
1069 1755 1112 1799 53
1119 1740 1181 1797 .);
1209 1754 1320 1797 ergo
1345 1739 1537 1793 videtur,
1564 1738 1686 1798 quod
1712 1752 1807 1783 non
1833 1738 1978 1798 possit
1997 1738 2087 1784 dici
2103 1753 2268 1800 corpus

303 1807 475 1852 Christi
503 1808 760 1852 ascendisse
786 1822 923 1867 super
949 1822 1138 1852 omnem
1166 1816 1421 1851 creaturam
1447 1805 1741 1864 spiritualem.

393 1888 433 1919 2.
452 1876 750 1920 PRAETEREA.
770 1876 964 1934 August.
983 1875 1117 1919 dicit
1106 1890 1152 1918 1n
1172 1875 1248 1918 lib
1268 1874 1323 1918 de
1340 1873 1462 1917 Vera
1479 1873 1625 1931 Relig.
1644 1874 1756 1932 (cap.
1769 1887 1827 1950 55.
1845 1873 2050 1932 aliquant.
2067 1887 2095 1919 a
2101 1875 2230 1934 prmc
2232 1874 2269 1932 .)

303 1943 425 2001 quod
456 1959 479 1984 (ε
502 1943 631 1987 omni
659 1943 843 2002 corpori
868 1943 1049 2002 spiritus
1071 1941 1320 2001 praefertur
1337 1954 1388 1983 >›:
1412 1941 1490 1985 sed
1507 1940 1724 1985 nobiliori
1740 1940 1806 1985 rei
1822 1939 2062 1985 sublimior
2078 1940 2267 1986 debetur

301 2009 456 2064 locus;
484 2024 594 2068 ergo
620 2010 812 2064 videtur,
840 2011 963 2069 quod
991 2009 1199 2054 Christus
1225 2022 1320 2052 non
1347 2008 1600 2052 ascenderit
1626 2022 1761 2067 super
1780 2021 1969 2052 omnem
1984 2007 2267 2068 spiritualem

302 2087 572 2121 creaturam.

395 2160 431 2203 3.
459 2146 756 2190 PRAETEREA.
783 2145 835 2189 In
862 2145 990 2188 omni
1012 2144 1119 2189 loco
1148 2154 1215 2188 est
1242 2143 1426 2203 aliquod
1455 2157 1634 2202 corpus,
1662 2157 1769 2186 cum
1794 2141 1910 2187 nihil
1931 2143 1989 2188 sit
2004 2143 2266 2188 vacuumin

300 2221 484 2256 natura:
507 2213 544 2256 si
562 2227 672 2272 ergo
695 2212 873 2256 nullum
893 2226 1056 2270 corpus
1075 2212 1247 2255 obtinet
1265 2211 1475 2255 altiorem
1493 2211 1663 2264 locum,
1682 2225 1820 2269 quam
1847 2210 2027 2269 spiritus
2040 2210 2086 2255 in
2106 2211 2266 2256 ordine

299 2280 575 2325 naturalium
609 2295 872 2340 corporum,
898 2280 1049 2324 nullus
1076 2280 1204 2324 locus
1232 2280 1315 2323 erit
1330 2294 1467 2337 super
1485 2293 1672 2322 omnem
1691 2277 1970 2337 spiritualem
1987 2287 2266 2334 creaturam3

299 2362 394 2392 non
418 2362 527 2407 ergo
546 2362 710 2406 corpus
729 2348 901 2392 Christi
919 2348 1065 2407 potuit
1083 2347 1327 2391 ascendere
1346 2360 1479 2405 super
1497 2360 1684 2390 omnem
1703 2345 1982 2404 spiritualem
1997 2355 2265 2391 creaturam.

392 2415 486 2460 SED
514 2428 710 2460 CONTRA
737 2425 817 2469 est,
845 2415 967 2474 quod
996 2415 1158 2458 dicitur
1184 2414 1349 2473 Ephes.
1373 2428 1432 2459 1.:
1455 2414 1682 2458 Constituit
1697 2414 1817 2457 illum
1831 2420 1960 2472 supra
1977 2415 2267 2473 omnemprin-

301 2483 502 2542 cipatum,
529 2489 567 2527 et
585 2488 841 2542 potestatem,
868 2489 908 2527 et
931 2490 1059 2542 supra
1085 2497 1203 2525 omne
1229 2496 1393 2535 nomen,
1421 2479 1530 2539 quod
1546 2481 1807 2534 nominatur,
1829 2482 1917 2524 sive
1937 2481 1983 2524 in
1999 2481 2074 2525 hoc
2089 2480 2265 2536 saeculo,
2319 2526 2323 2528 ,

297 2551 385 2595 sive
405 2552 450 2593 in
466 2551 634 2609 futuro,

388 2617 677 2661 RESPONDEO
705 2616 964 2670 dicendum,
992 2616 1113 2674 quod
1140 2626 1267 2660 tanto
1297 2615 1432 2660 alicui
1455 2615 1520 2659 rei
1542 2614 1728 2659 debetur
1750 2613 1884 2659 altior
1914 2614 2061 2669 locus,
2091 2624 2263 2675 quanto
2334 2672 2339 2675 ι

301 2694 370 2730 est
391 2684 615 2739 nobilior3
643 2685 737 2728 sive
765 2684 982 2728 debeatur
1008 2683 1050 2727 ei
1080 2683 1211 2727 locus
1244 2697 1324 2742 per
1356 2683 1548 2726 modum
1581 2692 1818 2727 contactus
1850 2681 2115 2742 corporalis,
2147 2683 2266 2728 sicut

301 2752 591 2811 corporibus;
634 2752 728 2796 sive
768 2765 848 2810 per
879 2751 1072 2794 modum
1106 2761 1341 2795 contactus
1374 2750 1631 2810 spiritualis,
1665 2751 1781 2795 sicut
1821 2749 2125 2810 spiritualibus
2166 2749 2266 2796 sub·

300 2820 499 2865 stantiis:
528 2819 689 2863 exinde
727 2819 851 2863 enirn
889 2818 1190 2877 spiritualibus
1227 2818 1486 2862 substantiis
1522 2818 1710 2862 debetur
1745 2817 1998 2863 secundum
2033 2818 2264 2877 quandam
2334 2834 2336 2838 ·

300 2887 649 2946 congruentiam
675 2886 804 2931 locus
832 2885 1057 2939 coelestis,
1085 2886 1159 2944 qui
1184 2895 1251 2929 est
1273 2900 1512 2944 supremus
1539 2885 1766 2939 locorum,
1794 2885 1899 2944 quia
1924 2884 2264 2931 illaersubstan-

298 2956 388 3000 tiae
411 2965 515 3000 sunt
539 2968 777 3013 supremae
803 2954 849 2996 in
877 2953 1034 2997 ordine
1061 2952 1433 2996 substantiarum:
1463 2967 1627 3011 corpus
1655 2963 1808 2997 autem
1835 2952 2021 3010 Christi,
2036 2950 2144 2998 licet
2159 2966 2264 2998 con-

299 3022 539 3068 siderando
568 3021 852 3066 conditiones
874 3030 1061 3064 naturae
1090 3034 1352 3078 corporeae,
1371 3020 1427 3063 sit
1444 3019 1559 3063 infra
1576 3019 1829 3078 spirituales
1845 3020 2138 3074 substantias;
2156 3033 2264 3064 con-
2328 3013 2336 3036 '³

299 3090 540 3135 siderando
562 3099 716 3133 tamen
740 3088 1005 3147 dignitatem
1033 3087 1229 3140 unionis,
1263 3102 1351 3145 qua
1380 3097 1446 3131 est
1482 3086 1781 3146 personaliter
1810 3086 1914 3132 Deo
1949 3088 2261 3146 conjunctum,

299 3158 479 3203 excellit
505 3157 772 3216 dignitatem
796 3156 1005 3200 omnium
1038 3154 1337 3214 spiritualium
1376 3155 1753 3209 substantiarum;
1790 3163 1835 3199 et
1866 3153 1972 3199 ideo
2008 3154 2263 3199 secundum
2317 3149 2352 3232 3}

2316 3232 2352 3277 3

297 3302 446 3337 turam
473 3293 610 3337 etiam
628 3290 931 3350 spiritualem;
951 3289 1070 3333 unde
1090 3299 1132 3332 et
1152 3289 1291 3346 Greg.
1311 3288 1418 3332 dicit
1435 3288 1480 3331 in
1500 3288 1628 3331 hom.
1647 3287 1944 3333 Ascensionis
1960 3287 2088 3347 (quae
2108 3293 2165 3333 est
2188 3300 2258 3347 29.
2319 3277 2352 3350 ἐξ

298 3363 343 3405 in
368 3363 535 3420 Evang.
562 3362 638 3405 cir.
667 3359 811 3418 med),
839 3358 961 3418 quod
992 3373 1015 3398 «
1042 3356 1118 3415 qui
1140 3355 1309 3399 fecerat
1336 3356 1506 3409 omnia,
1539 3371 1673 3415 super
1706 3355 1872 3403 omnia
1892 3368 1975 3399 sua
2003 3353 2167 3400 virtute
2198 3353 2259 3400 fe·
2328 3348 2352 3401 ’ἓ

299 3226 556 3286 praedictae
585 3223 910 3283 congruentiae
938 3222 1162 3266 rationem
1190 3222 1378 3265 debetur
1403 3224 1440 3265 ei
1468 3221 1600 3265 locus
1627 3221 1760 3265 altior
1781 3220 1898 3266 ultra
1925 3223 2115 3265 omnem
2142 3234 2263 3266 crea·

298 3429 479 3473 rebatur
505 3446 545 3471 >›.

387 3497 463 3540 AD
486 3508 673 3540 smmum
702 3507 812 3552 ergo
846 3491 1105 3544 dicendum,
1134 3490 1255 3549 quod
1284 3490 1389 3534 licet
1416 3490 1503 3534 alia
1530 3490 1704 3534 ratione
1733 3490 1997 3534 attribuatur
2016 3487 2147 3534 locus
2163 3501 2260 3535 cor·

298 3562 458 3622 porali,
486 3573 530 3607 et
560 3561 781 3622 spirituali
806 3559 1104 3612 substantiae3
1132 3568 1285 3601 tamen
1309 3557 1398 3600 hoc
1422 3568 1489 3602 est
1514 3557 1559 3601 in
1587 3567 1776 3616 utraque
1802 3556 1977 3602 ratione
1995 3564 2257 3611 commune,

298 3630 420 3689 quod
446 3629 644 3688 digniori
676 3629 741 3673 rei
768 3626 1022 3672 attribuitur
1047 3624 1254 3684 superior
1279 3623 1423 3668 locus.

2349 3406 2352 3436 1

2324 3612 2352 3926 Ξ
