2352 3926
620 249 898 296 QUAEsno
940 251 1105 290 xxxv.
1147 251 1454 291 ARTICULUS
1493 252 1544 290 v.
1965 251 2070 306 299

114 351 172 398 de
196 351 355 406 scibili,
381 362 426 397 et
450 353 638 397 scientia
659 352 962 410 Philos.,dicit
983 354 1027 397 in
1051 368 1086 411 5.
1105 354 1306 413 Metaph.
1331 354 1435 412 (tex.
1458 369 1527 399 20.
1526 353 1570 411 ),·
1594 354 1654 397 ita
1677 351 1813 397 etiarn
1837 352 2074 410 contingit,

113 420 236 481 quod
262 434 316 464 ex
342 431 466 478 parte
484 420 619 464 unius
646 421 834 465 extremi
862 431 930 465 est
956 436 1044 464 una
1072 421 1246 474 relatio,
1276 435 1328 464 ex
1355 431 1480 479 parte
1509 430 1661 464 autem
1685 419 1866 464 alterius
1885 418 2074 462 extremi

112 496 216 532 sunt
243 486 414 531 multae
439 486 700 532 relationes:
724 488 840 531 sicut
856 488 901 531 in
924 487 1185 531 hominibus
1204 501 1256 531 ex
1276 498 1400 546 parte
1423 498 1661 546 parentum
1679 487 1906 530 invenitur
1922 485 2075 545 duplex

111 553 286 607 relatio,
322 569 407 598 una
438 554 731 614 paternitatis,
770 563 813 598 et
849 555 935 598 alia
968 554 1293 607 maternitatis;
1322 569 1436 612 quae
1475 564 1578 598 sunt
1610 553 1762 612 specie
1800 551 2073 606 differentes,

109 631 296 680 propter
328 621 418 665 hoc
457 622 577 681 quod
615 621 702 666 alia
738 623 912 665 ratione
949 632 1089 680 pater,
1119 631 1162 664 et
1190 621 1277 663 alia
1311 631 1456 664 mater
1483 631 1548 664 est
1575 619 1882 679 generationis
1914 618 2076 678 princi-

109 687 260 748 pium:
287 688 326 732 si
351 702 459 733 vero
487 699 637 733 essent
670 688 821 748 plures
858 689 1019 732 eadem
1045 690 1221 732 ratione
1259 687 1531 746 principium
1565 689 1696 732 unius
1725 687 1917 731 actionis
1945 687 2073 746 (puta

110 768 216 800 cum
242 754 373 799 multi
393 755 531 800 simul
547 756 731 800 trahunt
756 759 956 811 navem),
982 756 1028 799 in
1055 755 1267 799 omnibus
1296 765 1414 798 esset
1439 769 1529 798 una
1557 765 1602 799 et
1624 755 1785 798 eadem
1811 753 1993 798 relatio:
2018 767 2073 798 ex

108 832 233 882 parte
260 833 411 867 autem
440 823 577 881 prolis
604 833 671 867 est
696 837 785 867 una
812 822 910 868 sola
937 823 1095 867 filiatio
1123 822 1375 867 secundum
1398 836 1510 875 rem,
1530 823 1607 866 sed
1631 821 1796 880 duplex
1818 821 2071 866 secundum

108 890 347 943 rationem,
364 889 632 948 inquantum
656 890 983 949 correspondet
1003 890 1179 949 utrique
1204 888 1413 933 relationi
1431 899 1669 948 parentum
1688 889 1939 932 secundum
1958 889 2072 933 duos

107 966 336 1015 respectus
361 955 639 1001 intellectus:
670 967 713 1001 et
734 957 796 1000 sic
822 957 960 1001 etiam
983 967 1202 1016 quantum
1230 956 1284 999 ad
1309 955 1477 1015 aliquid
1499 956 1545 999 in
1571 956 1755 1000 Christo
1781 966 1847 1000 est
1869 969 1959 1000 una
1975 966 2070 1000 tan-

107 1032 205 1067 tum
230 1021 388 1067 filiatio
414 1023 561 1077 realis,
589 1038 704 1083 quae
730 1024 912 1083 respicit
938 1024 1120 1068 Patrem
1150 1034 1408 1068 aeternum:
1437 1033 1505 1067 est
1529 1033 1684 1067 tamen
1705 1023 1904 1068 ibialius
1923 1020 2072 1083 'respe-

107 1098 205 1134 ctus
230 1089 510 1149 temporalis,
537 1091 614 1150 qui
640 1091 822 1150 respicit
848 1101 1043 1136 matrem
1065 1090 1385 1149 temporalem.

784 1266 1219 1324 ARTICULUS
1259 1267 1357 1323 VI.
1987 1295 2067 1342 193

276 1394 474 1446 ,UTRUM'
502 1402 770 1442 CHRISTUS
804 1404 1003 1443 FUERIT
1036 1403 1218 1443 NATUS
1253 1404 1373 1442 SINE
1406 1401 1635 1441 DOLORE
1671 1402 1888 1458 MATRIS5

744 1512 845 1570 (2-2.
873 1529 911 1573 q.
938 1513 1034 1570 164.
1061 1519 1142 1558 art.
1169 1527 1210 1558 2.
1237 1513 1291 1558 ad
1313 1514 1386 1572 3.).

192 1622 269 1668 AD
296 1635 489 1669 sl-:xTUM
515 1624 579 1669 sic
607 1626 879 1684 proceditur.
906 1625 1112 1680 Videtur,
1139 1626 1261 1684 quod
1297 1625 1504 1670 Christus
1530 1638 1625 1668 non
1652 1623 1786 1669 fuerit
1811 1633 1943 1669 natus
1970 1624 2068 1669 sine

102 1689 262 1734 dolore
288 1691 468 1745 matris;
497 1692 614 1735 sicut
630 1692 752 1736 enim
775 1706 900 1736 mors
916 1692 1160 1736 hominum
1178 1692 1417 1736 subsecuta
1437 1702 1504 1737 est
1525 1706 1578 1735 ex
1595 1702 1786 1750 peccato
1814 1692 2069 1751 primorum

101 1767 355 1816 parentum,
380 1759 631 1803 secundum
652 1758 763 1802 illud
792 1759 958 1804 Genes.
988 1772 1048 1804 2.:
1079 1760 1353 1819 Quacumque
1385 1759 1448 1803 die
1481 1759 1738 1803 comederitis
1769 1774 1818 1803 ex
1844 1774 1907 1814 eo,
1933 1765 2065 1804 morte

101 1826 366 1878 moriemini,·
392 1825 455 1868 ita
482 1825 620 1869 etiam
647 1825 781 1870 dolor
811 1836 979 1885 partus,
1007 1827 1261 1870 secundum
1292 1826 1403 1870 illud
1432 1826 1547 1870 Gen.
1580 1841 1642 1885 3.:
1676 1826 1726 1869 In
1759 1825 1898 1870 dolore
1924 1827 2069 1885 paries

98 1890 237 1947 filios:
255 1891 334 1936 sed
358 1891 567 1936 Christus
590 1903 788 1936 mortem
810 1893 960 1937 subire
982 1893 1151 1948 voluit;
1174 1908 1284 1952 ergo
1306 1894 1497 1947 videtur,
1516 1893 1639 1952 quod
1662 1893 1760 1952 pari
1776 1893 1952 1937 ratione
1971 1895 2068 1952 ejus

101 1968 254 2017 partus
272 1972 380 2005 ,esse
406 1959 610 2003 debuerit
635 1974 741 2003 cum
768 1959 942 2004 dolore.

191 2036 231 2070 2.
258 2025 554 2071 PRAETEREA.
582 2027 702 2070 Finis
729 2028 1098 2087 proportionatur
1123 2027 1371 2086 principio:
1400 2027 1478 2071 sed
1510 2026 1612 2071 finis
1638 2027 1758 2071 vitae
1779 2026 1951 2071 Christi
1983 2026 2068 2071 fuit

103 2105 211 2137 cum
235 2092 409 2147 dolore,
430 2094 682 2137 secundum
709 2088 820 2137 illud
843 2094 928 2141 Isa.
961 2108 1053 2153 53.:
1089 2092 1189 2139 Vere
1214 2094 1373 2138 dolores
1396 2100 1554 2139 nostros
1575 2096 1658 2153 ipse
1675 2094 1769 2139 tulit
1778 2109 1795 2147 ,·
1815 2107 1925 2152 ergo
1947 2094 2067 2138 vide-

105 2169 191 2214 tur,
218 2160 340 2219 quod
362 2160 499 2204 etiarn
525 2161 572 2204 in
599 2175 681 2205 sua
705 2161 939 2205 nativitate
965 2161 1100 2205 fuerit
1125 2160 1258 2205 dolor
1284 2171 1451 2220 partus,

187 2238 232 2286 ’3.
271 2226 569 2272 PRAETEREA.
597 2227 649 2271 In
675 2227 791 2272 libro
819 2228 874 2272 de
904 2228 1022 2274 Ortu
1051 2228 1301 2272 Salvatoris
1327 2237 1549 2283 narratur,
1573 2228 1695 2287 quod
1715 2227 1770 2272 ad
1797 2228 1969 2273 Christi
1993 2242 2069 2272 na-

15 2307 25 2323 .·
100 2293 324 2339 tivitatem
361 2294 626 2339 obstetrices
663 2306 983 2350 occurrerunt;
1020 2309 1136 2355 quae
1176 2296 1386 2340 videntur
1422 2308 1520 2339 esse
1556 2295 1842 2340 necessariae
1878 2294 2070 2355 parienti

2 3623 23 3656 ’ξ

99 2370 284 2421 propter
308 2360 547 2417 dolorem,
574 2376 684 2422 ergo
709 2362 900 2420 videtur,
934 2363 1058 2422 quod
1085 2363 1134 2406 B.
1161 2362 1306 2420 Virgo
1334 2363 1507 2421 peperit
1529 2377 1633 2406 cum
1661 2362 1834 2406 dolore.

191 2427 286 2474 SED
313 2441 509 2474 CONTRA
543 2439 622 2484 est,
656 2429 778 2489 quod
806 2429 998 2489 August.
1029 2429 1136 2473 dicit
1163 2431 1209 2473 in
1237 2430 1383 2473 Serm.
1419 2429 1473 2473 de
1505 2429 1691 2473 Nativit.
1722 2429 1814 2489 (qui
1845 2435 1902 2474 est
1925 2442 1989 2489 17.
2021 2429 2068 2474 de

107 2495 250 2556 Temp.
275 2502 432 2555 parum
465 2510 491 2540 a
508 2498 671 2555 princ.)
705 2496 944 2556 alloquens
966 2496 1207 2555 Virginem
1234 2506 1452 2541 matrem:
1476 2512 1499 2537 «
1516 2496 1615 2541 Nec
1643 2499 1688 2541 in
1717 2496 2020 2556 conceptione
2039 2513 2063 2539 »

26 2559 28 2561 ’
98 2563 245 2624 inquit
274 2579 297 2604 α
319 2563 503 2608 inventa
531 2578 578 2608 es
601 2563 698 2608 sine
725 2564 913 2623 pudore,
935 2578 1019 2608 nec
1043 2565 1089 2608 in
1107 2574 1237 2623 partu
1263 2564 1448 2607 inventa
1475 2577 1522 2607 es
1553 2578 1658 2608 cum
1685 2563 1844 2607 dolore
1865 2580 1906 2607 ».

187 2629 478 2675 RESPONDEO
507 2630 767 2686 dicendum,
801 2631 923 2690 quod
957 2630 1091 2675 dolor
1121 2631 1336 2690 parientis
1371 2640 1582 2675 causatur
1608 2644 1661 2674 ex
1688 2630 1921 2690 apertione
1947 2644 2068 2674 mea-

98 2705 244 2751 tuum,
260 2711 340 2758 per
354 2711 469 2757 quos
495 2697 647 2758 proles
676 2699 928 2757 egreditur3
953 2699 1125 2742 dictum
1152 2707 1220 2742 est
1239 2708 1391 2741 autern
1411 2713 1546 2757 supra
1566 2697 1623 2756 (q.
1642 2699 1710 2743 28.
1737 2704 1818 2742 art.
1844 2697 1923 2756 2.)‚
1943 2698 2065 2757 quod

100 2760 310 2809 Christus
336 2774 403 2820 est
425 2778 634 2823 egressus
662 2779 716 2809 ex
736 2764 893 2809 clauso
917 2775 1045 2810 utero
1066 2765 1247 2809 matris:
1277 2775 1320 2808 et
1343 2764 1406 2808 sic
1428 2764 1553 2808 nulla
1575 2764 1793 2809 violentia
1821 2765 2066 2824 apertionis

20 2835 45 2883 [T
100 2841 336 2886 meatuum
369 2831 431 2875 ibi
469 2830 575 2876 fuit:
615 2843 658 2876 et
694 2843 880 2891 propter
910 2833 1001 2876 hoc
1029 2833 1074 2875 in
1102 2832 1181 2875 illo
1209 2844 1339 2891 partu
1365 2831 1518 2876 nullus
1542 2830 1627 2875 fuit
1659 2831 1806 2886 dolor,
1832 2832 1955 2876 sicutx
1980 2845 2064 2875 nec

101 2895 252 2958 aliqua
279 2898 536 2958 corrupti03
558 2899 637 2943 sed
653 2898 737 2943 fuit
753 2900 813 2943 ibi
831 2899 1031 2942 maxima
1057 2899 1313 2958 jucunditas
1333 2913 1386 2943 ex
1402 2899 1509 2952 hoc,
1537 2898 1659 2957 quod
1682 2899 1826 2943 homo
1845 2899 1970 2942 Deus
1999 2908 2066 2942 est

98 2973 230 3010 natus
251 2965 299 3009 in
316 2965 555 3020 mundum,
582 2966 835 3011 secundum
851 2965 962 3010 illud
981 2967 1065 3010 Isa.
1096 2979 1185 3024 35.:
1215 2966 1470 3011 Germinans
1483 2967 1752 3025 germinabit,
1778 2967 1882 3010 sicut
1912 2965 2064 3019 lilium,

13 3031 49 3085 ³¹3
99 3028 145 3077 εἶ’
162 3033 364 3077 exultabit
396 3032 660 3087 laetabunda,
687 3039 724 3078 et
745 3033 934 3077 laudans.

188 3098 264 3144 AD
294 3110 483 3144 PRIMUM
517 3113 628 3158 ergo
665 3100 923 3155 dicendum,
961 3099 1083 3159 quod
1123 3099 1257 3143 dolor
1289 3110 1441 3158 partus
1478 3099 1771 3158 consequitur
1802 3099 1848 3142 in
1875 3097 2066 3142 muliere

103 3165 481 3211 commixtionem
506 3166 711 3221 virilem;
739 3167 858 3211 unde
886 3167 1003 3211 Gen.
1026 3181 1062 3226 3.
1082 3177 1325 3226 postquam
1348 3167 1519 3211 dictum
1548 3176 1638 3210 est:
1666 3166 1716 3210 In
1744 3165 1883 3209 dolore
1904 3166 2062 3224 paries,

101 3231 327 3277 subditur:
354 3234 412 3278 Et
427 3234 499 3278 sub
516 3235 605 3278 viri
612 3240 812 3293 potestate
838 3236 940 3286 eri5;
968 3235 1064 3287 sed,
1091 3234 1207 3278 sicut
1234 3234 1342 3278 dicit
1367 3234 1486 3292 Aug.
1506 3234 1552 3276 in
1577 3233 1720 3276 Serm.
1750 3232 1805 3275 de
1828 3233 2065 3290 Assumpt.

9 3293 46 3359 ζμ
101 3297 152 3342 Β.
177 3297 305 3358 Virg.
335 3299 428 3358 (qui
453 3306 507 3345 est
533 3305 654 3345 tract.
677 3302 718 3346 8.
742 3300 787 3344 de
814 3301 1021 3354 Diversis,
1049 3302 1094 3344 in
1122 3301 1346 3360 appendice
1372 3309 1462 3359 cap.
1490 3302 1570 3357 4.),
1603 3315 1626 3340 «
1649 3298 1702 3342 ab
1730 3297 1817 3341 hac
1842 3298 2064 3342 sententia

100 3365 318 3424 excipitur
341 3365 487 3426 Virgo
514 3368 659 3411 Mater
684 3368 797 3423 Dei3
826 3382 941 3426 quae
969 3368 1074 3427 quia
1101 3367 1197 3411 sine
1225 3368 1399 3426 peccati
1418 3366 1693 3418 colluvione,
1721 3375 1765 3408 et
1791 3365 1887 3409 sine
1919 3364 2062 3410 virilis

7 3432 46 3491 ς-ζ-
101 3429 390 3482 admixtionis
417 3433 689 3478 detrimento
718 3434 955 3479 Christum
988 3436 1199 3493 suscepit,
1231 3434 1328 3478 sine
1357 3433 1515 3477 dolore
1549 3432 1718 3491 genuit,
1747 3442 1790 3475 et
1822 3432 1919 3480 sine
1952 3433 2062 3476 inte-

100 3497 275 3556 gritatis
298 3498 562 3554 violatione,
593 3501 767 3560 pudore
799 3500 1068 3560 virginitatis
1103 3503 1281 3559 integro
1314 3500 1563 3560 permansit
1594 3515 1634 3541 ».
1671 3498 1879 3543 Christus
1906 3509 2060 3544 autern

101 3571 301 3608 mortem
331 3566 530 3624 suscepit
559 3577 811 3626 spontanea
841 3566 1091 3622 voluntate,
1125 3578 1173 3612 ut
1204 3582 1287 3626 pro
1320 3567 1452 3610 nobis
1484 3565 1777 3620 satisfaceret,
1803 3579 1897 3611 non
1930 3568 2059 3626 quasi

3 3594 54 3710 {⁸³3
102 3642 158 3674 ex
181 3629 450 3676 necessitate
475 3630 597 3678 iuius
622 3635 898 3689 sententiae;
924 3634 1030 3693 quia
1055 3634 1152 3693 ipse
1178 3633 1339 3678 mortis
1362 3632 1538 3677 debitor
1557 3646 1651 3676 non
1674 3642 1781 3677 erat.

5 3706 31 3732 ’Ξῖ-ί
36 3707 55 3734 i}

10 3733 44 3789 {v

10 3796 13 3805 l
22 3803 27 3807 1
