2352 3926
298 207 371 279 84
834 216 1116 264 QUAESTIO
1158 217 1252 257 vn.
1292 216 1601 259 ARTICULUS
1641 218 1698 258 11.

297 323 494 370 mediate
521 338 600 383 per
625 322 844 381 seipsam:
874 321 988 365 sicut
1014 330 1196 379 gratum
1220 319 1370 366 facere
1396 321 1521 376 Deo,
1536 330 1583 366 et
1602 320 1692 365 alia
1711 319 1999 380 huiusmodi:
2027 320 2255 381 quaedam

298 402 451 436 autem
477 389 778 434 mediantibus
805 388 1058 442 virtutibus,
1085 402 1201 447 quae
1229 402 1282 433 ex
1308 389 1453 447 gratia
1478 389 1744 446 procedunt.

388 459 464 502 AD
502 469 760 502 SECUNDUM
794 454 1053 510 dicendum,
1099 455 1221 515 quod
1256 455 1436 500 habitus
1473 455 1549 500 ille
1581 456 1809 511 heroicus,
1840 455 1914 500 vel
1945 455 2123 501 divinus
2158 469 2256 501 non

297 525 446 570 differt
472 540 496 568 a
522 525 684 567 virtute
713 522 1017 567 communiter
1044 522 1177 576 dicta,
1202 523 1291 568 nisi
1316 523 1571 567 secundum
1596 521 1917 581 perfectiorem
1940 523 2167 579 modumz
2190 523 2258 569 in-

300 602 518 652 quantum
545 590 718 634 scilicet
744 589 904 648 aliquis
931 600 998 634 est
1023 589 1266 649 dispositus
1289 590 1345 634 ad
1365 590 1539 634 bonum
1557 589 1758 649 quodam
1777 589 1927 634 altiori
1942 589 2256 650 modo,-quam

301 658 604 704 communiter
630 656 841 700 omnibus
869 666 1124 716 competat3
1147 657 1266 701 unde
1289 671 1368 716 per
1388 657 1479 701 hoc
1502 671 1596 700 non
1619 656 1886 710 ostenditur,
1903 655 2025 715 quod
2048 655 2257 705 Christus

298 740 391 769 non
417 724 624 768 habuerit
648 725 848 784 virtutes,
875 724 953 768 sed
980 724 1102 783 quod
1127 724 1335 768 habuerit
1361 738 1437 767 eas
1463 722 1790 782 perfectissime
1815 721 1933 766 ultra
1960 734 2258 774 communem

300 792 514 836 modum:
543 791 659 834 sicut
685 791 823 835 etiam
849 790 1056 834 Plotinus
1081 790 1233 850 posuit
1258 790 1506 849 quemdam
1531 789 1775 833 sublimem
1802 790 1994 834 modum
2018 790 2255 844 virtutum,

298 874 408 918 quas
435 873 533 902 esse
561 858 671 901 dixit
697 858 838 901 animi
862 858 1040 917 purgati
1065 861 1130 915 (ut
1161 858 1285 915 refert
1316 858 1508 901 Macrob.
1532 857 1602 901 lib.
1629 872 1664 901 1.
1691 858 1735 900 in
1760 856 1903 901 Somn.
1936 857 2044 916 Scip.
2067 865 2158 917 cap.
2179 857 2258 914 8.).

389 927 464 970 AD
493 938 708 969 TERTIUM
734 925 992 978 dicendum,
1019 924 1141 983 quod
1167 923 1426 978 liberalitas,
1450 933 1494 967 et
1516 923 1855 982 magnificentia
1877 925 2260 969 commendantur

304 994 424 1037 circa
449 993 641 1046 divitias,
667 992 938 1051 inquantum
963 991 1124 1051 aliquis
1150 1006 1244 1036 non
1270 1001 1446 1035 tantum
1474 991 1746 1050 appretiatur
1772 990 1966 1045 divitias,
1992 991 2116 1051 quod
2146 991 2261 1036 velit

303 1075 379 1104 eas
405 1060 612 1114 retinere,
638 1059 1040 1118 praetermittendo
1075 1059 1121 1102 id
1155 1059 1278 1118 quod
1314 1058 1411 1102 fieri
1447 1067 1651 1116 oportet:
1686 1056 1764 1102 ille
1801 1067 1955 1103 autem
1980 1058 2174 1104 minime
2197 1058 2260 1102 di-

298 1128 430 1172 vitias
464 1127 751 1186 appretiatur,
777 1126 855 1186 qui
885 1126 1063 1185 penitus
1090 1140 1166 1170 eas
1193 1125 1459 1179 contemnit,
1493 1134 1538 1168 et
1567 1124 1721 1183 abjicit
1751 1134 1935 1184 propter
1965 1124 2260 1185 perfectionis

301 1209 531 1248 amorem3
569 1203 613 1237 et
647 1193 752 1238 ideo
793 1194 839 1236 in
881 1193 972 1237 hoc
1007 1193 1108 1252 ipso
1149 1193 1271 1252 quod
1310 1191 1519 1236 Christus
1556 1205 1719 1236 omnes
1751 1192 1931 1242 divitias
1969 1192 2260 1253 contempsit,

304 1262 500 1307 ostendit
516 1262 562 1305 in
581 1275 628 1305 se
655 1275 888 1305 summum
906 1261 1099 1319 gradum
1115 1259 1409 1314 liberalitatis,
1438 1268 1481 1304 et
1506 1259 1893 1318 magnificentiae:
1922 1259 2031 1306 licet
2054 1260 2194 1307 etiam
2213 1258 2262 1304 li-

302 1329 548 1373 beralitatis
575 1338 729 1372 actum
755 1328 1018 1382 exercuerit,
1051 1328 1300 1372 secundum
1334 1326 1456 1385 quod
1488 1327 1573 1370 sibi
1605 1328 1880 1372 conveniens
1907 1337 2018 1382 erat,
2049 1326 2261 1373 faciendo

302 1396 571 1456 pauperibus
613 1396 805 1455 erogari,
847 1409 963 1454 quae
1004 1395 1086 1438 sibi
1127 1395 1371 1448 dabantur;
1412 1394 1532 1438 unde
1565 1408 1671 1438 cum
1702 1394 1932 1439 Dominus
1966 1395 2111 1454 Judae
2153 1394 2263 1439 dixit

303 1464 443 1521 (Joan.
471 1479 525 1523 13.
525 1463 568 1521 ):
598 1463 724 1520 Quod
739 1464 867 1522 facis,
885 1463 962 1521 fac
988 1463 1122 1515 citius,
1151 1460 1360 1519 discipuli
1385 1459 1706 1510 intellexerunt
1725 1462 1983 1506 Dominum
2005 1461 2263 1516 mandasse,

306 1530 428 1589 quod
455 1531 610 1588 egenis
638 1530 806 1589 aliquid
838 1529 983 1574 daret:
1019 1528 1411 1588 concupiscentias
1444 1538 1597 1572 autern
1629 1542 1792 1587 pravas
1826 1528 2036 1574 Christus
2068 1529 2261 1574 omnino

304 1612 399 1641 non
436 1597 608 1651 habuit,
645 1599 762 1641 sicut
795 1595 911 1640 infra
946 1596 1115 1654 patebit
1143 1595 1198 1654 (q.
1226 1609 1282 1654 15.
1309 1602 1391 1640 art.
1418 1611 1453 1640 1.
1481 1601 1517 1640 et
1541 1596 1631 1654 2.).·
1657 1609 1744 1640 nec
1781 1605 1965 1655 propter
1989 1596 2082 1640 hoc
2106 1605 2264 1642 tamen

304 1665 566 1719 excluditur,
584 1665 692 1724 quin
713 1664 921 1708 habuerit
941 1663 1315 1721 temperantiam3
1339 1677 1455 1722 quae
1478 1672 1604 1707 tanto
1637 1662 1880 1723 perfectior
1901 1673 1971 1708 est
1989 1663 2037 1708 in
2057 1663 2263 1720 homine,

305 1742 474 1791 quanto
497 1733 643 1791 magis
661 1731 811 1791 pravis
829 1731 1210 1789 concupiscentiis
1229 1740 1375 1784 caret3
1402 1730 1522 1774 unde
1539 1731 1795 1775 secundum
1813 1730 1985 1776 Philos.
2002 1744 2043 1791 7.
2056 1730 2262 1777 Ethicor.

305 1798 414 1859 (cap.
449 1801 527 1859 9.)‚
556 1809 833 1858 temperatus
859 1799 905 1842 in
927 1798 1019 1842 hoc
1037 1797 1186 1842 differt
1207 1812 1232 1841 a
1255 1798 1532 1852 continente,
1559 1797 1682 1856 quod
1707 1807 1984 1856 temperatus
2009 1812 2106 1843 non
2121 1798 2265 1844 habet

307 1881 468 1926 pravas
496 1866 902 1926 concupiscentias,
929 1880 1041 1925 quas
1074 1865 1313 1910 continens
1344 1865 1535 1924 patitur;
1567 1865 1687 1910 unde
1723 1865 1788 1909 sic
1820 1865 2088 1925 accipiendo
2124 1866 2266 1911 conti·

306 1934 523 1989 nentiam,
550 1934 667 1978 sicut
691 1933 862 1978 Philos.
891 1933 1068 1992 accipit,
1095 1947 1149 1976 ex
1174 1932 1266 1976 hoc
1291 1933 1391 1992 ipso
1409 1932 1532 1991 quod
1557 1931 1767 1977 Christus
1792 1933 1953 1985 habuit
1974 1947 2164 1981 omnem
2181 1933 2266 1978 vir-

306 2010 465 2055 tutem,
482 2014 576 2045 non
591 2001 751 2045 habuit
767 1999 1112 2054 continentiam,
1131 2013 1246 2059 quae
1263 2013 1358 2044 non
1375 2009 1443 2044 est
1462 1999 1618 2054 virtus,
1634 1999 1714 2045 sed
1733 2000 1903 2060 aliquid
1919 2001 2070 2046 minus
2084 2001 2263 2048 virtute.

1002 2199 1436 2258 ARTICULUS
1478 2201 1582 2258 ΙΙΙ.
1903 2245 1905 2248 -
2074 2233 2076 2235 v
2120 2232 2123 2235 >
2205 2227 2261 2275 45

777 2351 972 2390 UTRUM
1011 2352 1068 2391 IN
1109 2352 1348 2392 CHRISTo
1389 2353 1587 2393 FUERIT
1627 2353 1802 2393 FIDES.
1906 2300 1911 2307 »

318 2476 447 2536 (Infr.
460 2482 541 2521 art.
551 2490 594 2534 4.
608 2483 646 2523 et
656 2478 697 2523 8.
715 2483 751 2522 et
767 2493 807 2538 9.
827 2478 880 2522 ad
891 2495 928 2525 1.
942 2486 980 2524 et
991 2495 1070 2525 1-2.
1087 2495 1126 2539 q.
1140 2479 1203 2540 55.
1221 2486 1301 2526 art.
1315 2494 1352 2541 5.
1369 2480 1424 2526 ad
1440 2496 1477 2540 3.
1487 2487 1526 2526 et
1531 2496 1568 2540 3.
1580 2481 1692 2525 Dist.
1714 2495 1770 2540 13.
1793 2495 1833 2541 q.
1849 2495 1886 2527 1.
1903 2486 1984 2526 art.
1996 2494 2039 2527 2.
2055 2494 2096 2541 q.
2111 2479 2216 2527 aad
2229 2494 2267 2527 1.

386 2551 422 2590 et
437 2545 550 2589 Dist.
564 2544 632 2604 36.
650 2551 732 2591 art.
748 2559 788 2590 2.
806 2545 872 2591 ad.
885 2561 921 2606 3.
940 2553 976 2591 et
995 2548 1104 2592 Veri.
1123 2563 1162 2607 q.
1178 2563 1248 2608 29.
1266 2554 1347 2593 art.
1363 2561 1406 2606 4.
1424 2548 1478 2593 ad
1493 2562 1549 2608 15.
1566 2554 1603 2594 et
1626 2549 1736 2593 Veri.
1754 2563 1793 2607 q.
1808 2562 1852 2606 4.
1869 2554 1951 2594 art.
1967 2564 2005 2595 1.
2020 2547 2076 2594 ad
2093 2548 2191 2608 11.).

399 2671 475 2715 Α1)
503 2683 718 2716 TERTIUM
745 2671 808 2715 sic
842 2672 1114 2730 proceditur.
1147 2672 1353 2728 Videtur,
1385 2674 1507 2734 quod
1532 2674 1580 2718 in
1607 2673 1794 2719 Christo
1824 2672 1959 2719 fuerit
1987 2672 2123 2719 fides:
2154 2672 2267 2720 fides

313 2739 436 2784 enim
464 2748 531 2783 est
555 2738 754 2782 nobilior
774 2739 927 2793 virtus,
955 2754 1092 2798 quam
1113 2740 1300 2785 virtutes
1327 2740 1526 2785 morales
1544 2757 1555 2795 ;
1580 2751 1687 2800 puta
1703 2740 2019 2800 temperantia,
2039 2749 2086 2786 et
2108 2739 2269 2786 libera·

311 2806 439 2851 litas:
463 2805 728 2864 hujusmodi
755 2816 907 2850 autem
924 2807 1110 2851 virtutes
1137 2806 1317 2852 fuerunt
1332 2808 1379 2851 in
1398 2807 1599 2861 Christo,
1613 2817 1662 2852 ut
1686 2808 1860 2852 dictum
1876 2817 1945 2853 est
1956 2807 2064 2866 (art.
2075 2808 2263 2868 praec.);

308 2872 459 2927 ¹multo
486 2887 596 2932 ergo
623 2873 770 2932 magis
795 2873 879 2917 fuit
902 2874 948 2916 in
975 2888 1031 2917 eo
1058 2874 1183 2919 fides.
1205 2907 1208 2910 ψ

401 2953 440 2984 2.
468 2940 765 2985 PRAETEREA.
795 2940 1002 2984 Christus
1029 2955 1123 2984 non
1150 2941 1304 2986 docuit
1328 2943 1530 2995 virtutes,
1553 2955 1664 3000 quas
1682 2943 1776 3000 ipse
1801 2955 1896 2986 non
1911 2940 2084 2997 habuit,
2106 2955 2268 2988 secun-

313 3007 423 3052 dum
448 3007 559 3052 illud
586 3008 688 3052 Act.
718 3021 767 3051 1.:
796 3007 942 3066 Coepit
957 3008 1116 3066 facere,
1141 3015 1178 3052 et
1203 3008 1375 3053 docere:
1409 3009 1488 3053 sed
1521 3009 1576 3053 de
1611 3009 1796 3053 Christo
1828 3008 1991 3053 dicitur
2023 3009 2160 3055 Hebr.
2199 3022 2266 3055 12.

310 3077 431 3135 quod
458 3082 512 3120 est
538 3082 701 3130 auctor,
729 3082 763 3119 et
790 3082 1098 3119 consummator
1118 3075 1215 3133 fidei
1225 3091 1241 3127 ;
1273 3090 1384 3133 ergo
1411 3076 1457 3119 in
1484 3090 1541 3120 eo
1568 3077 1767 3120 maxime
1793 3075 1878 3121 fuit
1898 3076 2024 3121 fides.

403 3158 440 3202 3.
468 3142 765 3188 PRAETEREA.
796 3142 1029 3201 Quidquid
1063 3153 1130 3187 est
1161 3142 1534 3202 imperfectionis,
1568 3142 1819 3188 excluditur
1851 3158 1877 3188 a
1907 3144 2076 3190 beatis:
2107 3144 2188 3190 sed
2218 3144 2267 3190 in

309 3211 452 3256 beatis
480 3220 546 3255 est
570 3210 704 3254 fides:
733 3224 841 3254 nam
868 3224 1003 3268 super
1023 3209 1133 3254 illud
1162 3210 1297 3255 Rom.
1325 3223 1380 3253 1.:
1403 3211 1575 3266 justitia
1597 3211 1681 3255 Dei
1702 3211 1913 3256 revelatur
1937 3213 1983 3256 in
2003 3225 2048 3257 eo
2065 3212 2267 3270 exfidaein

300 3278 446 3337 fidem,
475 3277 584 3322 dicit
610 3277 738 3322 Glos.
767 3277 877 3335 (ord.
907 3278 980 3321 loc.
1009 3279 1122 3322 citat.
1151 3279 1194 3321 in
1226 3277 1425 3336 respons.)
1461 3293 1484 3318 «
1503 3277 1557 3321 de
1595 3277 1682 3322 fide
1717 3279 1979 3334 verborum,
2011 3288 2056 3324 et
2086 3278 2185 3340 spei
2217 3279 2264 3329 in

309 3345 446 3389 fidem
474 3359 640 3399 rerum,
669 3355 713 3389 et
738 3345 906 3403 speciei
923 3361 964 3399 »ς
993 3359 1102 3403 ergo
1129 3345 1319 3399 videtur,
1352 3346 1472 3403 quod
1507 3346 1645 3390 etiam
1677 3346 1723 3389 in
1757 3346 1944 3392 Christo
1974 3346 2110 3394 fuerit
2139 3344 2266 3402 fidae,
2343 3340 2345 3343 ’

310 3427 416 3457 cum
444 3411 558 3456 nihil
584 3411 941 3471 imperfectionis
968 3412 1196 3471 importet.
2048 3460 2049 3463 Ἰ
2326 3446 2347 3474 4,

400 3480 493 3524 SED
522 3492 717 3525 CONTRA
746 3489 825 3534 est,
858 3479 980 3539 quod
1013 3479 1175 3523 dicitur
1208 3479 1344 3524 Hebr.
1383 3493 1463 3535 11.,
1490 3480 1612 3539 quod
1646 3481 1744 3536 fides
1773 3487 1828 3527 est
1857 3487 2151 3541 argumentum
2179 3495 2266 3528 non

309 3548 623 3606 apparentium:
651 3546 730 3591 sed
758 3546 945 3591 Christo
971 3546 1086 3590 nihil
1110 3546 1194 3591 fuit
1219 3560 1311 3591 non
1339 3560 1574 3606 apparens,
1601 3548 1853 3594 secundum
1878 3548 1989 3594 illud
2009 3548 2134 3609 quod
2155 3548 2266 3594 dixit

312 3614 353 3659 ei
379 3613 552 3671 Petrus,
572 3614 704 3673 Joan.
732 3613 836 3660 ult.:
873 3614 937 3660 Tu
959 3615 1101 3659 omnia
1127 3615 1233 3660 nosti
1243 3629 1260 3667 ,·
1285 3628 1394 3673 ergo
1421 3613 1467 3659 in
1495 3614 1682 3666 Christo
1710 3629 1803 3660 non
1835 3614 1919 3667 fuit
1942 3614 2070 3663 fides.
