2352 3926
254 206 363 261 686
737 218 1017 266 QUAEs‘rto
1057 218 1263 256 Lxxvn.
1305 217 1612 257 Anncums
1651 217 1725 257 tv.

250 337 352 368 esse
368 323 537 368 horum
555 321 862 367 accidentium
878 329 1058 380 poterat
1084 320 1332 379 corrumpi,
1358 319 1608 364 substantia
1631 319 1779 379 panis,
1800 320 1956 367 'etvini
1973 321 2216 376 existente,

250 392 314 434 ita
340 391 478 435 etiam
497 399 647 449 potest
670 388 918 447 corrumpi,
936 386 1016 431 illa
1037 388 1288 432 substantia
1311 387 1519 431 abeunte.
1538 387 1759 431 Poterant
1780 397 1933 432 autem
1943 387 2216 447 hujusmodi

251 457 504 501 accidentia
530 457 677 515 primo
717 455 950 514 corrumpi
985 455 1236 514 dupliciter:
1269 469 1351 499 uno
1383 454 1506 499 modo
1538 469 1620 514 per
1644 466 1708 509 se,
1734 455 1821 500 alio
1850 453 1971 499 modo
1997 461 2078 514 per
2096 454 2218 502 wei-

253 525 378 568 dens.
405 525 493 568 Per
514 538 562 567 se
596 523 795 582 quidem,
822 523 940 566 sicut
963 536 1045 581 per
1070 522 1389 567 alterationem
1417 521 1706 581 qualitatum,
1740 531 1785 566 et
1806 521 2218 581 augmentum,vel

252 592 605 636 diminutionem
633 591 917 650 quantitatis:
944 604 1040 635 non
1063 590 1248 649 quidem
1274 604 1356 649 per
1377 590 1570 634 modum
1593 589 1841 648 augmenti,
1862 587 1938 633 vel
1959 588 2219 634 diminutio-

247 659 334 712 nis,
353 659 429 717 qui
446 659 676 702 invenitur
691 658 739 701 in
756 657 866 701 solis
884 657 1150 716 corporibus
1165 657 1392 710 animatis,
1409 656 1562 716 qualia
1576 670 1672 700 non
1689 665 1794 701 sunt
1809 656 2058 700 substantia
2073 655 2219 714 panis,

252 736 296 770 et
319 726 428 779 vini,
463 726 540 770 sed
574 739 654 784 per
687 725 984 778 additionem,
1010 723 1084 768 vel
1117 724 1413 778 divisionem3
1445 738 1569 777 nam,
1604 724 1721 769 sicut
1747 723 1909 768 dicitur
1943 737 1982 781 3.
2013 722 2216 782 Metaph.

249 794 357 850 (tex.
384 794 485 851 17.),
504 807 585 852 per
611 792 886 836 divisionem
904 806 995 835 una
1012 791 1243 836 dimensio
1268 791 1588 849 corrumpitur,
1617 800 1662 835 et
1686 790 1800 835 fiunt
1821 790 1962 846 duae;
1987 804 2068 850 per
2094 789 2219 836 addi-

249 860 425 904 tionem
447 869 605 904 *autem
634 873 660 903 a
677 873 902 904 converso
931 873 986 903 ex
1011 858 1186 903 duabus
1212 858 1260 903 fit
1283 873 1387 903 una.
1414 858 1471 902 Et
1496 872 1576 917 per
1602 858 1724 902 hunc
1756 857 1950 902 modum
1975 856 2216 902 manifeste

249 936 440 986 possunt
478 927 712 985 corrumpi
743 926 1011 986 hujusmodi
1043 926 1298 970 accidentia
1323 935 1428 984 post
1453 927 1865 980 consecrationem,
1906 925 2013 985 quia
2043 934 2091 973 et
2114 924 2219 985 ipsa

249 995 477 1054 quantitas
504 994 759 1038 dimensiva
785 1008 1027 1038 remanens
1049 1003 1200 1052 potest
1221 993 1510 1046 divisionem,
1530 1002 1573 1038 et
1596 993 1878 1037 additionem
1894 992 2148 1051 suscipere·;
2172 1001 2219 1038 et

251 1078 358 1108 cum
384 1064 442 1108 sit
467 1065 725 1123 subjectum
750 1063 1022 1122 qualitatum
1056 1062 1353 1116 sensibilium,
1380 1063 1497 1106 sicut
1523 1061 1697 1105 dictum
1729 1070 1797 1105 est
1825 1061 1928 1118 (art.
1954 1076 1995 1107 2.
2016 1061 2111 1120 huj.
2136 1060 2215 1120 q),

248 1140 399 1190 potest
424 1131 563 1175 etiam
590 1145 690 1175 esse
712 1131 968 1189 subjectum
995 1129 1278 1174 alterationis
1311 1143 1483 1182 earum,
1516 1139 1624 1187 puta
1651 1129 1690 1172 si
1716 1128 1930 1173 alteretur
1960 1126 2108 1183 color,
2140 1136 2219 1173 aut

248 1212 384 1258 sapor
405 1199 550 1258 panis,
578 1208 655 1243 aut
685 1198 796 1242 vini.
826 1198 935 1243 Alio
973 1197 1115 1241 modo
1143 1205 1355 1256 poterant
1391 1196 1624 1254 corrumpi
1648 1211 1731 1255 per
1767 1195 1980 1240 accidens
2004 1209 2084 1255 per
2117 1209 2216 1240 cor-

247 1266 508 1324 ruptionem
525 1265 740 1324 subjecti3
758 1275 802 1309 et
813 1265 904 1309 hoc
919 1265 1060 1308 modo
1072 1273 1264 1323 possunt
1280 1265 1512 1321 corrumpi
1525 1263 1665 1307 etiam
1676 1273 1781 1323 post
1797 1262 2212 1317 conse-crationem3

248 1333 458 1392 quamvis
485 1334 607 1377 enim
635 1333 892 1392 subiectum
917 1347 1012 1376 non
1034 1342 1285 1385 remaneat,
1312 1341 1519 1375 remanet
1535 1341 1691 1386 tamen
1708 1345 1824 1385 esse,
1848 1330 1971 1390 quod
1983 1329 2219 1375 habebant

246 1401 514 1460 hujUsmodi
542 1400 793 1445 accidentia
829 1400 876 1443 in
903 1400 1123 1458 subjecto,
1151 1399 1274 1458 quod
1308 1398 1494 1458 quidem
1527 1408 1596 1442 est
1615 1398 1869 1457 proprium,
1898 1406 1947 1442 et
1972 1396 2218 1442 *conforme

249 1469 470 1527 subjecto,
494 1478 541 1512 et
571 1468 678 1512 ideo
704 1467 972 1525 hujusmodi
1005 1481 1103 1511 esse
1130 1475 1281 1525 potest
1314 1466 1547 1524 corrumpi
1573 1480 1600 1509 a
1626 1465 1856 1510 contrario
1890 1475 2070 1524 agente,
2101 1464 2220 1510 sicut

249 1535 628 1595 corrumpebatur
652 1534 904 1579 substantia
921 1534 1065 1592 panis,
1092 1533 1166 1577 vel
1182 1535 1289 1587 vini,
1313 1547 1429 1592 quae
1452 1533 1591 1577 etiam
1604 1547 1699 1576 non
1717 1532 2108 1592 corrumpebatur,
2129 1532 2218 1577 nisi

249 1604 551 1661 praecedente
594 1601 861 1646 alteratione
896 1604 1018 1646 circa
1059 1601 1328 1645 accidentia.
1369 1601 1759 1658 Distinguendum
1799 1607 1955 1644 tamen
2003 1609 2072 1645 est
2098 1599 2219 1645 inter

249 1681 494 1729 utrumque
521 1670 714 1714 modum
740 1669 1076 1728 praedictarum
1110 1668 1480 1726 corruptionum;
1508 1668 1626 1726 quia,
1655 1681 1761 1713 cum
1783 1681 1950 1727 corpus
1967 1666 2155 1723 Christi,
2172 1672 2219 1712 et

251 1738 436 1796 sanguis
463 1736 712 1781 succedant
746 1736 794 1780 in
820 1736 911 1780 hoc
944 1744 1232 1780 sacramento
1261 1735 1536 1779 substantiae
1562 1734 1706 1793 panis,
1735 1743 1780 1778 et
1802 1734 1911 1789 vini,
1940 1734 1982 1778 ‘si
2006 1733 2085 1779 fiat
2112 1732 2217 1779 talis

249 1806 510 1849 immutatio
530 1818 584 1848 ex
605 1814 730 1863 parte
750 1803 1072 1857 accidentium,
1095 1817 1210 1862 quae
1233 1816 1327 1846 non
1355 1802 1608 1846 suffecisset
1630 1801 1686 1845 ad
1707 1801 2052 1860 corruptionem
2071 1801 2216 1861 panis,

251 1882 295 1916 et
320 1872 428 1926 vini,
461 1882 647 1930 propter
672 1870 813 1915 talem
845 1870 1219 1914 immutationem
1243 1884 1339 1914 non
1363 1869 1527 1914 desinit
1549 1883 1727 1928 corpus,
1754 1879 1799 1913 et
1833 1870 2020 1928 sanguis
2044 1868 2218 1914 Christi

252 1954 351 1984 esse
378 1940 457 1983 sub
482 1940 572 1988 hoc
596 1948 911 1983 sacramento:
938 1938 1032 1982 sive
1064 1937 1143 1982 fiat
1168 1938 1429 1981 immutatio
1454 1951 1508 1980 ex
1535 1946 1661 1995 parte
1685 1936 1936 1995 qualitatis;
1969 1945 2078 1996 puta
2109 1950 2215 1980 cum

228 2007 490 2054 .m0dicum
516 2007 786 2051 immutatur
813 2005 955 2060 color,
983 2015 1060 2049 aut
1086 2019 1222 2064 sapor
1247 2005 1391 2064 panis,
1424 2003 1497 2048 vel
1527 2004 1644 2048 vini:
1672 2003 1767 2049 sive
1800 2017 1853 2047 ex
1885 2013 2011 2063 parte
2044 2003 2218 2063 quanti·

250 2075 379 2129 tatis;
408 2074 525 2118 sicut
552 2088 659 2117 cum
686 2073 899 2117 dividitur
939 2073 1084 2132 panis,
1119 2083 1196 2116 aut
1220 2072 1379 2115 vinum
1405 2072 1452 2115 in
1477 2070 1592 2115 tales
1629 2079 1794 2130 partes,
1831 2070 1955 2130 quod
1988 2070 2136 2115 adhuc
2168 2070 2216 2115 in

250 2142 315 2186 eis
337 2141 482 2200 possit
512 2139 678 2184 salvari
701 2150 864 2184 natura
889 2140 1033 2199 panis,
1073 2149 1148 2183 aut
1174 2139 1282 2183 vini.
1312 2139 1360 2183 Si
1385 2153 1496 2183 vero
1522 2138 1602 2182 fiat
1625 2145 1750 2182 tanta
1786 2137 2062 2192 immutatio,
2093 2137 2217 2197 quod

247 2208 409 2252 fuisset
435 2217 647 2266 corrupta
674 2207 925 2251 substantia
947 2207 1091 2266 panis,
1125 2217 1203 2252 aut
1227 2207 1335 2261 vini,
1361 2221 1455 2250 non
1486 2215 1726 2249 remanent
1752 2219 1931 2264 corpus,
1957 2214 2003 2249 et
2033 2205 2218 2264 sanguis

206 2317 213 2324 ,
250 2275 424 2320 Christi
461 2275 542 2318 sub
579 2274 670 2318 hoc
715 2284 1029 2319 sacramento:
1057 2284 1101 2318 et
1136 2274 1227 2318 hoc
1266 2274 1360 2318 sive
1388 2288 1443 2318 ex
1478 2282 1604 2332 parte
1637 2271 1930 2331 qualitatum3
1961 2271 2079 2317 sicut
2109 2285 2218 2317 cum

246 2342 309 2386 ita
335 2344 602 2386 immutatur
629 2341 773 2394 color,
801 2351 845 2385 et
867 2356 1017 2399 sapor,
1045 2351 1089 2385 et
1115 2340 1231 2385 aliae
1268 2340 1506 2400 qualitates
1532 2340 1678 2398 panis,
1717 2348 1762 2383 et
1791 2339 1900 2394 vini,
1933 2338 2056 2398 quod
2087 2337 2217 2383 nullo

247 2410 389 2454 modo
415 2409 591 2469 possint
604 2409 1026 2468 compatiflnaturam
1046 2409 1190 2468 panis,
1210 2419 1286 2453 aut
1303 2409 1396 2452 vini
1414 2423 1423 2451 ε
1444 2408 1538 2452 sive
1557 2408 1696 2452 etiarn
1715 2421 1768 2451 ex
1783 2416 1910 2467 parte
1926 2406 2215 2466 quantitati83

247 2488 357 2538 puta
394 2477 432 2522 si
468 2476 772 2536 pulverizetur
804 2477 948 2535 panis,
985 2475 1062 2520 vel
1087 2476 1247 2519 vinum
1279 2476 1325 2520 in
1356 2485 1451 2520 tam
1479 2476 1678 2519 minutas
1715 2483 1865 2532 partes
1897 2473 2136 2529 dividatur,
2165 2483 2218 2519 ut

246 2547 341 2605 jam
366 2557 463 2589 non
488 2554 758 2588 remaneant
775 2544 951 2603 species
978 2544 1124 2602 panis,
1150 2542 1225 2587 vel
1250 2543 1358 2586 vini.

338 2613 414 2656 AD
431 2624 620 2657 PRIMUM
647 2625 757 2669 ergo
785 2610 1047 2665 dicendum,
1067 2611 1189 2669 quod
1224 2610 1278 2653 ad
1307 2610 1649 2668 cotruptionem
1677 2622 1756 2667 per
1782 2622 1829 2653 se
1851 2608 2061 2668 pertinet,
2092 2608 2215 2669 quod

249 2679 423 2725 auferat
458 2693 558 2725 esse
583 2678 663 2723 rei.
692 2678 828 2722 Unde
854 2678 1126 2737 inquantum
1154 2691 1252 2722 esse
1280 2676 1470 2735 alicujus
1496 2675 1673 2720 formae
1701 2685 1768 2720 est
1800 2675 1846 2719 in
1873 2675 2079 2731 materia,
2111 2690 2218 2721 con-

249 2761 443 2808 sequens
470 2756 538 2791 est
563 2745 686 2806 quod
713 2759 793 2805 per
819 2745 1161 2804 corruptionem
1189 2755 1422 2803 separetur
1447 2743 1596 2788 forma
1630 2758 1653 2787 a
1682 2743 1898 2788 materia:
1925 2743 1966 2788 si
1995 2757 2106 2788 vero
2137 2742 2219 2789 hu*-

247 2814 448 2874 jusmodi
484 2828 583 2858 esse
626 2827 721 2859 non
760 2822 876 2857 esset
902 2814 950 2856 in
987 2812 1193 2865 materia,
1232 2811 1381 2855 simile
1408 2821 1563 2855 tamen
1598 2812 1638 2855 ei
1680 2811 1802 2870 quod
1829 2819 1899 2855 est
1927 2810 1976 2855 in
2008 2811 2216 2866 materia,

249 2893 405 2942 posset
429 2894 510 2940 per
536 2880 879 2939 corruptionem
913 2878 1092 2933 auferri,
1121 2880 1258 2923 etiam
1282 2879 1472 2923 materia
1504 2893 1597 2923 non
1626 2878 1869 2933 existente;
1901 2877 2020 2923 sicut
2048 2876 2217 2924 accidit

247 2952 294 2994 in
321 2950 411 2994 hoc
434 2957 740 3004 sacramento,
767 2957 815 2992 ut
841 2961 895 2992 ex
918 2946 1048 2993 dictis
1075 2956 1198 3006 patet
1220 2947 1287 3004 (in
1311 2954 1423 3006 corp.
1457 2948 1574 3004 art).

338 3018 414 3062 AD
447 3029 707 3062 SECUNDUM
736 3014 994 3069 dicendum,
1021 3013 1143 3073 quod
1170 3013 1343 3072 species
1381 3012 1748 3067 sacramentales,
1786 3011 1895 3057 licet
1923 3011 2015 3057 sint
2036 3010 2215 3057 formae

247 3099 341 3129 non
368 3085 414 3128 in
438 3083 643 3138 materia,
670 3083 843 3127 habent
867 3092 1022 3126 tamen
1051 3094 1163 3134 esse,
1197 3082 1319 3139 quod
1346 3081 1468 3140 prius
1494 3081 1540 3125 in
1567 3080 1760 3125 materia
1786 3078 2029 3124 habebant.

339 3152 414 3196 AD
439 3164 657 3196 TERTmM
685 3150 944 3203 dicendum,
972 3148 1093 3208 quod
1127 3148 1356 3207 corruptio
1383 3148 1564 3193 illarum
1591 3148 1847 3208 specierum
1868 3159 1967 3191 non
1992 3156 2061 3192 est
2084 3145 2218 3194 mira·

250 3218 424 3274 culosa,
453 3219 532 3264 sed
559 3217 796 3263 naturalis:
830 3215 1156 3277 praesupponit
1194 3225 1349 3258 tamen
1386 3216 1674 3270 miraculum,
1711 3213 1834 3273 quod
1861 3223 1928 3259 est
1960 3213 2134 3259 facturn
2159 3212 2213 3258 *in

251 3286 614 3339 consecratione,
631 3285 807 3330 scilicet
820 3283 942 3343 quod
961 3283 1066 3327 illae
1090 3282 1265 3341 species
1283 3283 1635 3327 sacramentales
1653 3279 1875 3326 retineant
1893 3293 1991 3326 esse
2006 3283 2106 3326 sine
2118 3279 2218 3326 sub-

251 3357 386 3412 jecto,
414 3354 536 3413 quod
549 3353 672 3412 prius
699 3352 927 3396 habebant
942 3351 989 3395 in
1016 3349 1378 3408 subiect035icut
1396 3359 1440 3394 et
1456 3364 1619 3394 caecus
1641 3346 1916 3394 miraculose
1932 3347 2215 3393 illuminatus

255 3421 518 3467 naturaliter
543 3419 679 3464 videt.

2340 3343 2352 3383 >i

2348 3401 2352 3434 i
