2352 3926
262 249 368 318 830
812 258 1087 306 QUAESTIO
1129 259 1219 298 xc.
1259 247 1566 299 mucimus
1606 258 1642 298 1:
1702 264 1703 267 ¹

262 366 340 424 qui
365 374 434 409 est
458 363 649 423 simplex
676 362 866 422 qualitas
892 361 1079 406 mentis·
1112 361 1320 408 similiter
1351 362 1489 406 etiam
1522 370 1566 406 et
1595 360 1915 438 poenitentiae,
1940 357 2208 421 inquantum

261 441 328 475 est
351 441 701 483 sacramentum,
723 443 817 473 non
844 429 1020 473 videtur
1046 429 1167 487 quod
1193 429 1282 474 sint
1306 439 1454 488 partes
1482 427 1797 486 assignandae,
1838 428 1942 487 quia
1967 428 2193 488 baptismo

260 508 304 543 et
330 498 426 542 aliis
454 496 744 542 sacramentis
779 510 873 539 non
911 495 1197 554 assignantur
1221 506 1395 556 partes;
1430 509 1539 554 ergo
1565 495 1872 555 poenitentiae
1902 494 2030 539 nullo
2067 464 2210 542 mod&

261 565 424 610 debent
448 573 595 622 partes
623 563 855 621 assignari.

350 646 387 689 3.
423 631 718 675 PRAETEREA.
745 630 1058 674 Poenitentiae
1085 629 1274 674 materia
1310 639 1378 674 est
1407 638 1662 688 peccatum,
1694 637 1743 673 ut
1772 643 1909 689 supra
1933 628 2110 674 dictum
2138 638 2207 675 est

260 699 321 756 (q.
359 699 427 754 84.
460 705 541 741 art.
574 697 664 754 2.):
692 697 770 741 sed
798 707 988 755 peccato
1015 710 1110 741 non
1137 697 1423 756 assignantur
1448 705 1620 756 partes;
1647 709 1758 756 ergo
1785 696 1924 741 etiam
1947 709 2033 742 nec
2058 696 2212 757 poeni-

259 765 426 809 tentiae
452 773 553 808 sunt
579 773 727 822 partes
754 764 1065 822 assignandae.

349 832 442 875 SED
476 843 669 875 CONTRA
704 841 784 884 est,
809 831 930 889 quod
957 840 1105 888 partes
1131 840 1248 885 sunt,
1276 845 1329 875 ex
1361 830 1521 890 quibu's
1553 829 1770 889 perfectio
1804 829 1992 890 aliquus
2022 830 2214 890 integra·

259 908 353 941 tur:
387 898 465 941 sed
497 898 802 956 poenitentiae
834 898 1052 956 perfectio
1085 898 1335 957 integratur
1373 913 1426 942 ex
1461 897 1678 956 pluribus,
1720 897 1895 942 scilicet
1925 897 2211 981 contritione,

260 964 561 1019 confessione,
590 975 633 1009 et
659 965 990 1020 satisfactione3
1017 980 1127 1025 ergo
1154 966 1432 1025 poenitentia
1458 965 1596 1009 habet
1620 975 1782 1024 partes.

348 1032 635 1076 RESPONDEO
664 1033 920 1087 dicendum,
944 1033 1066 1092 quod
1092 1042 1240 1092 partes
1272 1033 1338 1076 rei
1371 1042 1488 1086 sunt,
1519 1033 1565 1076 in
1609 1046 1718 1091 quas
1751 1031 2042 1077 materialiter
2063 1024 2212 1077 totum

260 1099 493 1143 dividitur:
521 1099 690 1143 habent
718 1100 838 1144 enim
873 1114 921 1144 se
946 1110 1094 1159 partes
1122 1101 1176 1144 ad
1202 1110 1364 1149 totum,
1391 1101 1506 1144 sicut
1526 1100 1716 1144 materia
1742 1100 1798 1144 ad
1833 1088 2060 1155 formam3
2091 1099 2211 1144 unde

257 1166 304 1209 in
331 1180 370 1210 2.
399 1166 635 1225 Physicor.
663 1166 763 1224 (tex.
787 1168 866 1225 31.)
894 1177 1041 1226 partes
1068 1176 1296 1225 ponuntur
1323 1167 1367 1210 in
1395 1180 1560 1225 genere
1583 1181 1746 1212 causae
1772 1166 2032 1221 materialis,
2062 1176 2212 1212 totum

259 1243 409 1277 autem
436 1234 482 1276 in
509 1248 675 1292 genere
702 1247 866 1277 causae
891 1233 1108 1277 formalis.
1128 1234 1417 1292 Ubicumque
1443 1234 1579 1291 igitur
1605 1247 1658 1277 ex
1680 1245 1806 1293 parte
1842 1235 2059 1279 materiae
2091 1235 2213 1278 inve·

257 1301 375 1343 nitur
402 1300 551 1359 aliqua
576 1299 821 1359 pluralitas,
849 1301 910 1344 ibi
937 1311 1003 1344 est
1028 1301 1231 1344 invenire
1257 1302 1453 1359 partium
1479 1301 1720 1346 rationem.
1747 1301 1935 1345 Dictum
1961 1310 2034 1347 est
2054 1311 2208 1346 autem

257 1382 390 1426 supra
413 1368 472 1426 (q.
500 1369 569 1424 84.
598 1373 676 1412 art.
704 1383 743 1412 2.
770 1374 809 1412 et
832 1368 902 1425 3.),
932 1368 1053 1426 quod
1078 1368 1125 1411 in
1151 1378 1439 1413 sacramento
1466 1368 1772 1426 poenitentiae
1799 1378 1926 1412 actus
1948 1367 2139 1414 humani
2162 1381 2212 1414 se

256 1435 424 1478 habent
448 1449 527 1493 per
557 1434 748 1479 modum
775 1435 1018 1489 materiae3
1045 1444 1089 1478 et
1115 1434 1217 1478 ideo
1246 1448 1351 1478 cum
1377 1433 1527 1493 plures
1556 1435 1898 1479 actus-humani
1929 1435 2213 1494 requirantur
2256 1477 2270 1487 .,

258 1502 314 1546 ad
340 1501 646 1561 poenitentiae
672 1501 1015 1560 perfectionem,
1043 1500 1215 1545 scilicet
1252 1501 1481 1555 contritio,
1520 1500 1763 1556 confessi0‚
1797 1512 1842 1547 et
1872 1501 2214 1557 satisfactiosu't

255 1569 370 1612 infra
387 1569 556 1627 patebit
572 1569 676 1626 (art.
698 1570 814 1627 seq),
839 1583 1122 1627 consequens
1143 1578 1223 1623 est,
1243 1569 1365 1627 quod
1378 1579 1714 1612 sacramentum
1732 1569 2037 1629 poenitentiae
2048 1569 2216 1615 habeat

255 1645 417 1695 partes.

345 1702 420 1746 AD
445 1715 634 1747 PRIMUM
667 1717 775 1762 ergo
803 1702 1060 1758 dicendum,
1096 1703 1218 1762 quod
1244 1702 1478 1762 quodlibet
1503 1713 1841 1748 sacramentum
1871 1704 2011 1749 habet
2041 1703 2209 1764 simpli·

259 1769 443 1813 citatem
469 1769 643 1813 ratione
668 1769 843 1814 virtutis
870 1770 1064 1824 divinae,
1091 1785 1206 1829 quae
1232 1771 1279 1814 in
1305 1784 1360 1814 eo
1389 1780 1624 1830 operatur:
1652 1771 1730 1815 sed
1755 1771 1895 1816 virtus
1923 1771 2074 1816 divina
2106 1786 2212 1832 pro-

259 1846 356 1894 pter
382 1837 451 1880 sui
477 1837 839 1895 magnitudinem
867 1838 1044 1896 operari
1069 1847 1219 1897 potest
1236 1847 1279 1882 et
1295 1852 1374 1897 per
1400 1853 1555 1893 unum,
1575 1848 1619 1882 et
1635 1853 1714 1897 per
1730 1838 1888 1895 multa,
1903 1838 2080 1884 ratione
2102 1852 2215 1900 quo-

259 1918 362 1948 rum
389 1903 523 1947 alicui
545 1915 831 1949 sacramento
859 1915 1048 1963 possunt
1072 1915 1221 1964 partes
1249 1905 1482 1964 assignari.

346 1970 422 2015 AD
461 1985 720 2016 SECUNDUM
747 1971 1005 2026 dicendum,
1037 1972 1159 2031 quod
1192 1973 1513 2031 poenitentiae,
1540 1972 1792 2018 secundum
1819 1974 1941 2033 quod
1963 1983 2032 2019 est
2054 1974 2212 2029 virtus,

260 2052 355 2081 non
382 2039 666 2098 assignantur
682 2049 854 2098 partes;
879 2050 1006 2084 actus
1030 2041 1152 2084 enim
1169 2041 1374 2095 humani,
1392 2042 1468 2100 qui
1481 2041 1836 2101 multiplicantur
1856 2043 1902 2086 in
1921 2042 2212 2103 poenitentia,

260 2119 352 2149 non
380 2116 702 2165 comparantur
728 2106 783 2150 ad
809 2106 1014 2151 habitum
1040 2107 1239 2162 virtutis3
1272 2107 1389 2152 sicut
1413 2119 1577 2167 partes,
1603 2109 1681 2153 sed
1707 2111 1822 2154 sicut
1848 2109 2046 2156 effectus.
2078 2109 2212 2155 Unde

264 2171 542 2231 relinquitur,
570 2173 691 2231 quod
717 2183 864 2232 partes
903 2176 1184 2232 assignentur
1216 2176 1534 2234 poenitentiae,
1567 2177 1837 2236 inquantum
1865 2188 1932 2223 est
1955 2190 2211 2223 sacramen—

258 2248 370 2293 tum,
399 2240 453 2283 ad
481 2240 602 2298 quod
630 2250 754 2283 actus
780 2241 970 2284 humani
996 2252 1332 2300 comparantur,
1360 2253 1409 2287 ut
1434 2244 1636 2287 materia.
1668 2244 1720 2287 In
1754 2244 1851 2290 aliis
1885 2255 2038 2290 autem
2062 2258 2207 2289 sacra·

260 2307 425 2350 mentis
452 2306 641 2350 materia
665 2321 759 2351 non
786 2317 890 2351 sunt
915 2318 1041 2352 actus
1067 2309 1271 2363 humani,
1294 2310 1376 2353 sed
1395 2309 1544 2370 aliqua
1562 2325 1632 2354 res
1651 2311 1844 2357 exterior
1873 2315 1979 2367 una,
1995 2310 2213 2366 sive'sim·

264 2372 380 2432 plex,
402 2383 451 2417 ut
474 2387 603 2432 aqua,
619 2373 694 2417 vel
712 2374 890 2429 oleum3
908 2375 1002 2419 sive
1021 2376 1290 2435 composita,
1308 2386 1357 2420 ut
1379 2377 1590 2422 chrisma.
1608 2378 1664 2422 Et
1680 2379 1783 2423 ideo
1800 2379 1900 2425 aliis
1914 2378 2212 2424 saci-amentis

258 2454 351 2484 non
381 2441 663 2499 assignantur
687 2451 849 2500 partes.

347 2508 421 2551 AD
450 2520 665 2553 TERTIUM
693 2508 949 2563 dicendum,
977 2509 1097 2568 quod
1126 2520 1314 2568 peccata
1339 2520 1443 2555 sunt
1469 2511 1658 2556 materia
1684 2522 1861 2556 remota
1886 2512 2212 2572 poenitentiae,

255 2575 524 2635 inquantum
552 2574 725 2619 scilicet
750 2586 853 2619 sunt
879 2576 1082 2631 materia,
1108 2576 1183 2621 vel
1205 2577 1436 2635 objectum
1462 2578 1771 2623 humanorum
1793 2587 1992 2635 actuum,
2010 2580 2088 2664 qui
2108 2589 2213 2627 sunt

256 2642 439 2702 propria
464 2642 653 2686 materia
679 2642 997 2702 poenitentiae,
1026 2653 1159 2701 prout
1185 2653 1252 2687 est
1276 2655 1628 2689 sacramentum.

972 2827 1404 2885 ARTICULUS
1449 2831 1519 2885 H.
1947 2790 1950 2793 ¹
2125 2861 2208 2908 547

353 2977 546 3017 UTRUM
580 2976 1003 3016 CONVENIENTER
1035 2977 1410 3018 ASSIGNENTUR
1443 2980 1646 3020 PARTES
1681 2982 2110 3036 POENITENTIAB,

635 3051 964 3103 CONTRITIO,
997 3051 1318 3105 CONFEssm,
1352 3056 1423 3093 ET
1458 3056 1837 3097 SATISFACTIO.
1915 3087 1928 3115 3
1974 3086 1979 3091 .

515 3177 576 3235 (4.
604 3177 717 3223 Dist.
743 3176 809 3223 16.
837 3192 875 3237 q.
901 3193 937 3223 1.
964 3184 1046 3223 art.
1073 3194 1109 3224 1.
1132 3193 1170 3238 q.
1195 3193 1236 3224 2.
1263 3185 1299 3224 et
1314 3193 1355 3237 4.
1374 3181 1485 3227 Dist.
1504 3196 1566 3241 17.
1584 3198 1621 3242 q.
1635 3198 1672 3243 3.
1690 3189 1772 3230 art.
1790 3198 1827 3244 3.
1845 3199 1886 3245 q.
1907 3197 1950 3243 4.

603 3251 641 3290 et
661 3245 767 3290 Dist.
787 3259 855 3290 22.
874 3259 911 3304 q.
929 3259 968 3290 2.
987 3251 1068 3291 art.
1087 3261 1121 3291 1.
1139 3261 1177 3306 q.
1196 3261 1235 3293 2.
1253 3246 1354 3306 ad3.
1379 3254 1470 3294 eta.
1495 3249 1594 3294 Cor.
1614 3263 1652 3310 7.
1672 3251 1762 3296 lect.
1778 3252 1853 3311 1.)-

344 3370 419 3413 Ao
447 3382 706 3414 SECUNDUM
733 3370 796 3415 sic
823 3371 1094 3429 proceditur.
1127 3371 1330 3427 Videtur,
1364 3375 1492 3432 quod
1524 3374 1900 3421 inconvenienter
1924 3375 2209 3455 assignentur

256 3445 402 3496 partes
429 3437 749 3513 poenitentiale,
777 3438 1006 3494 contritio,
1036 3437 1278 3494 confessio,
1306 3450 1350 3484 et
1374 3440 1642 3487 satisfactio.
1671 3443 1884 3488 contritio
1910 3443 2042 3489 enim
2055 3451 2131 3490 est
2151 3444 2207 3489 in

257 3503 395 3548 corde
422 3505 488 3561 (et
512 3505 575 3547 sic
602 3504 795 3580 pertinet
821 3505 877 3548 ad
908 3505 1174 3551 interiorem
1205 3507 1578 3567 poenitentiam);
1612 3510 1838 3555 confessio
1861 3520 2015 3556 autem
2033 3510 2102 3556 in
2097 3524 2206 3566 ore,

257 3580 302 3615 et
327 3569 610 3615 satisfactio
599 3585 645 3615 m
673 3585 839 3630 opere:
868 3582 912 3617 et
937 3574 1000 3617 sic
1029 3573 1119 3618 duo
1146 3572 1307 3618 ultima
1337 3575 1561 3634 pertinent
1593 3577 1648 3621 ad
1681 3578 1951 3623 exteriorem
1974 3578 2207 3638 poeniten-

256 3637 389 3683 tiam:
416 3638 694 3698 poenitentia
720 3648 872 3684 autem
898 3640 1084 3687 interior
1108 3654 1203 3687 non
1229 3651 1296 3687 est
1321 3653 1671 3700 sacramentum,
1704 3645 1782 3691 sed
1805 3645 1903 3691 sola
1927 3646 2206 3707 poenitentia
