2352 3926
633 249 912 297 Quus’mo
943 250 1119 290 nexu.
1160 249 1470 291 Alimentus
1507 248 1623 289 vm.
2000 237 2099 305 631

147 365 260 414 pore
282 353 540 412 juventutis,
566 353 639 398 vel
670 354 889 412 pueritiae
923 354 1142 414 consequi
1173 352 1419 413 perfectam
1453 362 1675 407 aetatem3
1707 350 1814 411 quia
1842 350 2108 410 hujusmodi

148 419 410 477 corporales
428 429 595 465 aetates
613 421 792 464 animae
818 435 911 465 non
938 421 1268 480 praejudicant:
1297 430 1341 465 et
1366 419 1471 464 ideo
1496 419 1586 463 hoc
1610 427 1949 463 sacramentum
1973 418 2108 462 debet

147 486 360 531 omnibus
386 486 598 531 exhiberi.

236 554 312 598 AD
344 567 530 599 PRIMUM
557 568 666 613 ergo
694 554 951 608 dicendum,
979 554 1099 613 quod
1133 554 1223 598 hoc
1261 563 1596 597 sacramentum
1637 552 1768 596 datur
1793 551 1850 596 ad
1877 550 2106 611 quandam

146 619 478 675 excellentiam,
491 634 583 665 non
601 621 785 680 quidem
807 623 939 665 unius
960 621 1161 664 hominis
1181 620 1236 664 ad
1254 620 1410 674 alium,
1427 620 1545 663 sicut
1557 628 1896 663 sacramentum
1921 617 2106 671 ordinis,

145 686 224 732 sed
249 687 451 732 hominis
475 688 530 732 ad
556 688 776 748 seipsum3
803 688 920 732 sicut
943 687 1065 731 idem
1087 686 1311 748 perfectus
1327 687 1396 730 vir
1415 687 1609 733 existens
1631 686 1770 730 habet
1791 684 2105 730 excellentiam

147 754 204 798 ad
229 767 279 799 se
304 767 510 814 puerum.

232 819 309 864 AD
330 833 590 865 SECUNDUM
614 819 870 873 dicendum,
893 819 1030 878 quod,
1053 819 1170 863 sicut
1192 819 1363 863 dictum
1391 828 1459 866 est
1486 819 1554 874 (in
1576 825 1688 877 corp.
1714 819 1836 876 art),
1862 828 1985 863 aetas
2012 831 2109 862 cor-

142 886 310 946 poralis
337 901 431 931 non
458 886 737 946 praejudicat
763 885 968 940 animae3
996 885 1116 929 unde
1144 886 1279 929 etiam
1318 886 1364 928 in
1400 885 1561 944 puerili
1598 895 1744 929 aetate
1781 885 1927 930 homo
1953 893 2104 943 potest

142 953 363 1012 consequi
386 953 712 1013 perfectionem
739 951 982 1011 spiritualis
1010 952 1182 1005 aetatis,
1210 951 1266 995 de
1292 965 1382 1010 qua
1409 951 1571 996 dicitur
1595 952 1794 1011 Sapient.
1822 964 1891 1006 4:
1916 952 2107 997 Senectus

139 1020 391 1065 venerabilis
413 1025 468 1064 est
491 1034 575 1064 non
599 1018 813 1071 diuturna,
837 1033 962 1077 neque
978 1033 1150 1063 numero
1173 1032 1382 1062 annorum
1406 1024 1672 1077 computata;
1699 1028 1742 1062 et
1760 1019 1864 1062 inde
1883 1028 1963 1072 est,
1982 1018 2104 1078 quod

140 1085 274 1131 multi
289 1086 335 1130 in
351 1085 513 1145 puerili
535 1095 680 1130 aetate
696 1094 881 1144 propter
902 1085 1039 1129 robur
1057 1085 1250 1144 Spiritus
1277 1084 1435 1128 Sancti
1461 1095 1741 1144 perceptum,
1769 1099 1912 1144 usque
1929 1085 1985 1129 ad
2007 1099 2105 1129 san—

139 1153 327 1211 guinem
349 1151 527 1197 fortiter
552 1161 839 1197 certaverunt
864 1166 946 1210 pro
974 1151 1176 1196 Christo.

227 1218 305 1264 An
339 1231 554 1264 TERTIUM
581 1218 838 1272 dicendum,
871 1219 1009 1277 quod,
1044 1219 1160 1262 sicut
1195 1218 1558 1277 Chrysostomus
1594 1217 1703 1262 dicit
1737 1217 1784 1261 in
1819 1217 2012 1262 homilia
2049 1218 2105 1262 de

137 1283 432 1330 Machabaeis
458 1286 547 1343 (seu
572 1285 619 1330 de
645 1286 829 1331 Nativit.
858 1286 1055 1329 Machab.
1078 1287 1186 1329 inter
1204 1287 1343 1344 princ.
1372 1291 1411 1329 et
1433 1284 1576 1342 med),
1614 1285 1703 1327 «in
1726 1285 1970 1328 mundanis
1998 1298 2104 1343 ago·

135 1351 267 1396 nibus
293 1352 465 1406 aetatis,
482 1366 534 1396 ac
551 1351 743 1406 formae,
767 1353 1038 1411 generisque
1058 1352 1252 1411 dignitas
1269 1351 1534 1410 requiritur3
1561 1361 1606 1398 et
1629 1352 1735 1396 ideo
1752 1352 1908 1406 servis,
1929 1366 1982 1396 ac
2005 1366 2101 1395 mu·

135 1417 334 1475 lieribus,
359 1428 406 1464 et
429 1418 624 1472 senibus,
652 1433 703 1462 ac
729 1419 881 1477 pueris
908 1419 963 1462 ad
990 1432 1070 1462 eos
1097 1419 1244 1462 aditus
1268 1418 1540 1477 denegatur:
1567 1418 1614 1461 in
1647 1417 1920 1463 coelestibus
1947 1428 2100 1463 autem

135 1485 265 1530 omni
288 1498 525 1545 personae,
552 1495 597 1530 et
623 1486 772 1544 aetati,
800 1499 852 1530 ac
879 1486 1005 1530 sexui
1030 1486 1273 1530 indiscreta
1294 1484 1511 1530 facultate
1533 1485 1730 1530 stadium
1752 1494 1876 1544 patet
1895 1501 1945 1540 »3
1979 1495 2024 1531 et
2049 1485 2096 1530 in

137 1551 332 1597 homilia
353 1552 411 1596 de
426 1552 589 1597 Militia
612 1551 843 1612 Spirituali
861 1553 987 1610 (vers.
1008 1553 1103 1611 fin.)
1128 1551 1259 1597 dicit:
1291 1567 1315 1593 ε(
1336 1551 1471 1611 Apud
1498 1552 1652 1596 Deum
1676 1551 1935 1597 foemineus
1961 1553 2097 1596 etiam

135 1618 302 1663 militat
321 1633 478 1674 sexus3
501 1618 671 1664 multae
692 1633 892 1678 namque
914 1618 1145 1663 foeminae
1169 1619 1324 1663 animo
1341 1618 1459 1662 virili
1476 1618 1757 1678 spiritualem
1776 1619 1986 1664 militiam
2004 1633 2100 1678 ges-

135 1693 313 1732 serunt:
339 1685 565 1745 quaedam
601 1686 725 1730 enim
759 1686 986 1730 interioris
1012 1686 1214 1730 hominis
1238 1686 1404 1730 virtute
1428 1685 1553 1729 viros
1585 1696 1898 1744 aequaverunt
1921 1686 1968 1730 in
1995 1700 2101 1744 ago-

133 1752 266 1797 nibus
290 1761 568 1812 martyrum:
591 1752 818 1813 quaedam
854 1753 992 1798 etiam
1029 1752 1241 1797 fortiores
1265 1753 1372 1796 viris
1398 1752 1640 1797 extiterunt
1661 1767 1711 1796 n:
1741 1763 1784 1797 et
1817 1753 1924 1798 ideo
1958 1753 2097 1798 etiam

137 1819 403 1864 mulieribus
433 1819 524 1864 hoc
551 1829 888 1864 sacramentum
916 1818 1244 1864 conferendum
1272 1829 1352 1864 est.

225 1886 302 1931 AD
324 1899 561 1937 QUARTUM
588 1887 847 1942 dicendum,
870 1887 1007 1946 quod,
1026 1887 1142 1931 sicut
1159 1887 1331 1931 dictum
1355 1895 1424 1931 est
1444 1886 1512 1944 (in
1528 1887 1679 1945 corp),
1699 1887 1865 1941 anima,
1883 1887 1938 1931 ad
1957 1902 2095 1946 quam

136 1953 330 2013 pertinet
353 1952 597 2012 spiritualis
624 1963 761 2008 aetas,
787 1953 1062 1999 immortalis
1089 1964 1183 2009 est3
1211 1963 1256 1998 et
1280 1953 1384 1997 ideo
1418 1953 1556 1997 etiam
1582 1954 1812 1998 morituris
1838 1954 1931 1999 hoc
1951 1969 2097 1999 sacra·

133 2028 340 2064 mentum
366 2019 567 2064 dandum
593 2030 674 2073 est,
701 2031 750 2064 ut
775 2020 821 2063 in
846 2021 1177 2065 resurrectione
1203 2019 1392 2079 perfecti
1419 2030 1678 2079 appareant,
1705 2020 1957 2065 secundum
1981 2021 2092 2066 illud

131 2080 297 2145 Ephes.
330 2098 396 2141 4.:
424 2087 569 2132 Donec
594 2101 866 2132 occurramus
900 2102 1038 2132 omnes
1069 2089 1114 2131 in
1145 2089 1290 2131 virum
1323 2087 1567 2146 perfectum,
1605 2089 1650 2131 in
1681 2102 1921 2132 mensuram
1951 2091 2096 2133 aetatIs

124 2152 394 2212 plenitudinis
421 2154 593 2199 Christi.
626 2153 683 2198 Et
713 2154 818 2199 ideo
845 2154 985 2213 Hugo
1016 2154 1071 2199 de
1105 2154 1279 2199 Sancto
1308 2154 1496 2198 Victore
1528 2154 1637 2198 dicit
1668 2155 1764 2212 (lib.
1797 2170 1837 2202 2.
1868 2155 1915 2200 de
1947 2157 2095 2202 Sacra-

129 2221 292 2273 mentis,
309 2226 426 2279 part.
454 2233 493 2279 7.
519 2228 610 2279 cap.
638 2222 726 2280 3.).·
755 2238 779 2262 «
801 2221 1009 2266 Omnino
1031 2220 1341 2280 periculosum
1365 2230 1496 2274 esset,
1520 2223 1555 2265 si
1579 2221 1738 2265 abvhac
1760 2222 1852 2266 vita
1874 2222 1971 2267 sine
1990 2236 2095 2267 con·

128 2285 386 2331 firmatione
418 2287 613 2346 migrare
650 2288 933 2346 contingeret
953 2303 1001 2342 »3
1036 2302 1130 2331 non
1163 2288 1269 2346 quia
1301 2288 1605 2342 damnaretur,
1637 2288 1724 2332 nisi
1754 2287 1871 2333 forte
1908 2299 2093 2348 propter

128 2362 468 2412 contemptum3
494 2353 573 2398 sed
592 2354 697 2413 quia
713 2354 1036 2398 detrimentum
1062 2353 1352 2412 perfectionis
1373 2363 1625 2413 pateretur:
1649 2355 1768 2399 unde
1796 2356 1934 2400 etiarn
1962 2357 2091 2415 pueri

128 2419 384 2464 confirmati
406 2419 677 2466 decedentes
700 2422 925 2479 maiorem
951 2420 1149 2480 gloriam
1175 2431 1528 2480 consequuntur,
1550 2421 1666 2466 sicut
1693 2432 1736 2466 et
1760 2422 1836 2466 hic
1863 2424 2089 2482 majorem

129 2485 335 2533 obtinent
365 2488 575 2545 gratiam.
602 2488 865 2533 Auctoritas
893 2498 1045 2532 autem
1085 2488 1163 2532 illa
1192 2488 1459 2548 intelligitur
1486 2498 1705 2547 quantum
1743 2489 1799 2533 ad
1830 2489 1936 2545 hoc,
1964 2491 2089 2550 quod

128 2553 359 2598 morituris
381 2568 477 2598 non
502 2564 570 2600 est
590 2555 900 2600 necessarium
926 2555 1018 2600 hoc
1044 2565 1382 2601 sacramentum
1413 2566 1597 2615 propter
1628 2556 1881 2615 periculum
1907 2572 2089 2616 pugnae

129 2620 392 2677 praesentis.

0 2256 25 2650 =÷»⁴<cr².¹'“’7⁸⁸‘{⁶⁷-4‘WW³!
16 2154 20 2162 ..
13 2025 14 2028 Α
15 1838 21 1853 μ
0 1704 14 1745 ξ’ἶῖ
8 1632 11 1640 '
10 1588 22 1620 v*-
15 1511 19 1520 κ
18 1420 23 1440 ,Α
12 1395 20 1409 w
11 1323 24 1341 -s
15 1280 22 1298 -,
18 1226 22 1227 ,
13 1199 16 1205 ·
10 1071 13 1078 ’·
11 1047 14 1049 ’
6 939 24 1019 ''14oe
6 879 19 910 ⁵
4 832 22 848 '⁴3‘
11 811 22 819 '=
5 727 20 752 Ψ
20 702 21 705 Α
13 665 22 684 ‘³—
17 583 19 585 ·
7 456 23 505 “⁴²5⁴
7 423 23 443 Γ*-

50 545 53 547 '
52 439 63 458 *w*
50 181 70 230 12²*ae
48 76 68 130 „⁵324
54 38 70 63 412

74 119 77 123 Α
87 85 90 87 '
90 60 95 66 ν
70 15 97 37 ⁴⁵*

813 2819 1246 2877 ARTICULUS
1289 2822 1389 2878 IX.
1997 2849 2083 2892 422

127 2965 319 3005 UTRUM
352 2966 470 3006 HOC
503 2967 911 3008 SACRAMENTUM
945 2971 1030 3010 SIT
1059 2973 1477 3014 CONFERENDUM
1514 2973 1717 3013 HOMINI
1756 2973 1813 3013 IN
1844 2972 2081 3012 PRONTE.

492 3090 621 3150 (Infr.
648 3098 732 3138 art.
761 3105 823 3139 ιι.
849 3093 904 3138 ad
924 3109 959 3154 3.
987 3101 1023 3140 et
1046 3110 1088 3153 4.
1116 3098 1228 3143 Dist.
1256 3112 1294 3157 7.
1322 3113 1360 3157 q.
1383 3114 1419 3158 3.
1447 3105 1529 3143 art.
1553 3113 1589 3157 3.
1617 3112 1655 3156 q.
1683 3112 1723 3142 2.

197 3161 235 3201 εἰ
260 3156 331 3201 lib.
357 3170 400 3214 4.
427 3157 570 3203 Contr.
591 3172 631 3217 g.
654 3167 746 3219 cap.
774 3159 846 3205 60.
872 3166 909 3206 et
935 3162 1088 3219 Quodl.
1110 3179 1168 3210 Π.
1195 3171 1278 3210 art.
1306 3179 1343 3224 7.
1366 3172 1478 3223 corp.
1506 3171 1541 3209 et
1563 3166 1682 3210 Rom.
1708 3179 1742 3209 Ι.
1767 3163 1856 3209 lect.
1877 3176 1915 3222 5.
1931 3163 2011 3222 fin.

782 3233 821 3271 et
844 3235 934 3287 cap.
959 3244 1025 3275 10.
1051 3230 1138 3275 lect.
1166 3246 1207 3278 2.
1234 3231 1309 3276 col.
1338 3231 1411 3289 L).

12 3241 29 3248 .·
25 3222 27 3227 .
5 2754 35 3210 πα*φῆ>τωεπ”π“ἤ“ν
5 2718 18 2732 s
4 2651 21 2707 ‘³³⁷‘

39 3402 42 3404 v
211 3349 288 3395 AD
318 3364 496 3396 NONUM
523 3351 586 3395 sic
614 3352 886 3411 proceditur.
912 3353 1116 3411 Videtur,
1143 3357 1266 3416 quod
1292 3358 1382 3401 hoc
1411 3366 1750 3401 sacramentum
1775 3370 1871 3401 non
1894 3356 1951 3401 sit
1970 3371 2080 3402 con-

39 3413 47 3441 '>
120 3414 358 3461 ferendum
374 3418 554 3462 homini
572 3419 616 3461 in
634 3418 805 3463 fronte:
832 3419 924 3465 hoc
950 3422 1074 3466 enim
1094 3434 1431 3468 sacramentum
1451 3434 1518 3467 est
1533 3422 1829 3482 perfectivum
1847 3423 2078 3482 baptismi,

120 3492 170 3527 ut
194 3496 330 3542 supra
354 3484 621 3544 dictumest
645 3488 703 3544 (q.
731 3486 793 3544 65.
821 3493 903 3532 art.
929 3489 1014 3546 4.).·
1040 3489 1117 3533 sed
1141 3499 1478 3534 sacramentum
1506 3489 1716 3547 baptismi
1745 3489 1974 3534 confertur
1998 3490 2079 3535 ho-

119 3549 234 3659 gini
263 3549 311 3594 in
339 3557 440 3596 toto
472 3565 690 3611 corpore;
717 3566 829 3612 ergo
854 3552 945 3598 hoc
971 3566 1310 3601 sacramentum
1336 3570 1430 3600 non
1455 3555 1590 3600 debet
1620 3555 1815 3600 conferri
1846 3555 1998 3601 solum
2030 3557 2077 3602 in

160 3624 285 3665 onte.
