2352 3926
288 291 396 360 366
551 318 553 321 v
824 300 1103 346 QUAESTIO
1143 301 1293 339 κων.
1333 298 1642 356 Ant-murus
1683 300 1719 340 1.

379 420 416 464 3.
445 405 743 449 PRAETEREA.
766 401 989 446 Miracula
1020 401 1192 447 Christi
1226 403 1280 447 ad
1308 402 1504 462 gloriam
1534 401 1626 446 Dei
1657 400 2005 458 ordinabantun
2034 403 2158 447 unde
2186 402 2273 447 ‹di—2-

287 473 402 516 citur
424 471 584 514 Matth.
613 485 653 530 9.
683 470 805 528 quod
831 469 1037 514 videntes
1063 470 1221 514 turbae
1247 469 1549 529 paralyticum
1576 478 1785 513 sanatum
1813 483 1839 513 a
1871 468 2074 524 Christo,
2103 471 2250 523 unate-

283 546 398 592 runt,
442 545 479 582 et
518 539 863 596 glorificaverunt
895 538 1049 591 Deum,
1082 539 1154 596 qui
1184 537 1295 582 dedit
1328 542 1569 596 potestatem
1603 536 1726 581 talem
1766 536 2027 582 hominibus.-
2056 534 2156 582 se&
2191 536 2248 581 ad

288 607 537 649 daemones
575 619 670 647 non
702 604 897 662 pertinet
930 604 1186 662 glorificare
1218 605 1400 659 Deum;
1434 606 1534 662 quia
1565 619 1649 647 non
1681 610 1735 648 est
1765 605 1948 663 speciosa
1977 604 2068 649 laus
2097 606 2144 649 in
2176 610 2246 650 ore

277 674 524 732 peccatoris,
555 681 603 715 ut
629 671 790 714 dicitur
817 671 957 716 Eccli.
990 685 1081 728 15.;
1114 672 1235 715 unde
1268 682 1311 715 et
1343 672 1459 722 sicut
1486 671 1648 714 dicitur
1679 670 1825 714 Marci
1861 672 1976 715 1.'et
2001 670 2161 717 Lucae
2189 682 2248 727 4.,

282 754 377 784 non
409 739 585 783 sinebat
618 738 862 782 daemonia
894 737 1021 796 loqui
1054 753 1122 792 ea,
1156 752 1271 798 quae
1304 739 1359 782 ad
1392 738 1587 796 gloriam
1620 737 1760 796 ipsius
1793 737 2104 796 pertinebant3
2136 738 2248 797 ergo

283 807 459 850 videtur
480 820 574 849 non
596 804 733 849 fuisse
758 805 1049 859 conveniens,
1076 806 1198 864 quod
1227 806 1345 850 circa
1369 805 1616 849 daemones
1644 804 1795 863 aliqua
1822 803 2043 849 miracula
2066 803 2248 850 faceret.

371 886 414 928 4.
442 874 740 917 PRAETEREA.
764 872 985 918 Miracula
1015 887 1040 916 a
1067 873 1253 916 Christo
1272 872 1391 916 facta
1410 873 1465 916 ad
1483 871 1677 916 salutem
1695 871 1939 915 hominum
1957 871 2247 917 ordinantur:

284 941 361 986 sed
396 940 621 999 quaedam
656 941 897 984 daemonia
931 940 983 983 ab
1019 940 1281 984 hominibus
1315 941 1458 998 ejecta
1490 939 1672 982 fuerunt
1703 953 1810 982 cum
1840 939 2085 983 hominum
2118 937 2251 984 detri-

285 1018 463 1052 mento:
491 1007 735 1066 quandoque
761 1007 947 1066 quidem
976 1006 1226 1066 corporali:
1252 1007 1367 1050 sicut
1392 1007 1555 1050 dicitur
1581 1006 1725 1050 Marci
1750 1020 1791 1066 9.
1819 1006 1940 1066 quod
1967 1002 2169 1050 daemon
2193 1006 2249 1050 ad

285 1085 579 1135 praeceptum
595 1074 766 1119 Christi
787 1075 1038 1129 exclamans,
1057 1082 1093 1119 et
1108 1075 1284 1118 multu-m
1303 1074 1528 1132 discerpens
1545 1074 1767 1127 hominem,
1791 1075 1891 1118 exiit
1905 1075 1957 1117 ab
1974 1087 2017 1118 eo
2031 1088 2049 1127 ‚¹
2065 1073 2250 1132 etfactus

283 1150 342 1188 est
364 1145 472 1188 sicut
496 1149 700 1196 mortuus,
727 1143 788 1186 ita
812 1149 860 1186 ut
876 1142 1007 1185 'multi
1033 1142 1225 1195 dicerent,
1255 1143 1354 1199 quia
1379 1147 1563 1184 mortuus
1589 1147 1663 1184 est:
1699 1140 1941 1199 quandoque
1973 1140 2111 1184 etiam
2143 1154 2249 1184 cum

286 1211 456 1255 damno
485 1225 660 1255 rerum:
689 1210 806 1254 sicut
827 1209 1010 1268 quando
1030 1209 1277 1252 daemones
1297 1209 1351 1252 ad
1371 1222 1531 1251 eorum
1550 1222 1707 1265 preces
1730 1208 1853 1251 misit
1873 1207 1919 1251 in
1936 1218 2120 1266 porcos,
2134 1219 2250 1267 quos

283 1278 697 1338 praecipitaverunt
736 1277 783 1319 in
825 1290 972 1320 mare:
1007 1276 1125 1319 unde
1164 1276 1286 1319 cives
1323 1275 1442 1318 illius
1484 1275 1683 1332 regionis
1716 1283 1994 1333 rogaverunt
2034 1287 2155 1328 eum,
2201 1283 2253 1319 ut

281 1347 492 1390 transiret
517 1360 542 1388 a
566 1344 731 1388 finibus
759 1358 935 1397 eorum,
963 1354 1012 1387 ut
1037 1342 1201 1400 legitur
1226 1343 1387 1386 Matth.
1422 1342 1488 1396 8.;
1522 1355 1632 1399 ergo
1663 1341 1842 1386 videtur
1871 1341 2250 1386 inconvenienter

282 1412 442 1457 fecisse
468 1411 734 1471 hujusmodi
762 1411 995 1454 miracula.

374 1480 469 1524 SED
504 1491 698 1523 CONTRA
728 1488 808 1532 est,
837 1478 958 1536 quod
986 1477 1121 1520 Zach.
1156 1491 1220 1533 13.
1247 1476 1338 1520 hoc
1372 1475 1740 1535 praenuntiatum
1763 1474 1924 1531 fuerat,
1957 1475 2031 1519 ubi
2064 1474 2249 1521 dicitur:

261 1549 492 1607 Spiritum
518 1545 781 1589 immundum
814 1546 1005 1599 auferam
1028 1544 1072 1588 de
1101 1551 1226 1588 terra.
1262 1589 1265 1591 ,

374 1615 663 1658 RESPONDEO
693 1612 951 1665 dicendum,
981 1611 1102 1670 quod
1141 1609 1377 1664 miracula,
1422 1624 1538 1669 quae
1576 1609 1786 1655 Christus
1827 1609 1949 1664 fecit,
1983 1620 2251 1669 argumenta

288 1682 513 1741 quaedam
541 1679 721 1723 fuerunt
746 1679 865 1734 fidei,
895 1693 1033 1737 quam
1060 1679 1154 1737 ipse
1179 1678 1396 1722 docebat:
1422 1677 1621 1721 futurum
1657 1688 1811 1722 autem
1837 1688 1946 1731 erat,
1978 1687 2028 1722 ut
2057 1691 2136 1737 per
2167 1677 2253 1721 vir-

287 1758 430 1793 tutem
473 1748 717 1791 divinitatis
750 1748 846 1804 ejus
880 1746 1140 1790 excluderet
1172 1745 1453 1789 daemonum
1480 1753 1753 1803 potestatem
1781 1745 1834 1788 ab
1867 1744 2134 1789 hominibus
2161 1758 2252 1788 cre·

290 1816 447 1860 dituris
470 1816 515 1858 in
543 1829 662 1869 eum,
690 1813 943 1858 secundum
970 1813 1081 1856 illud
1101 1813 1231 1870 Joan.
1266 1825 1344 1856 12.:
1374 1813 1499 1857 Nunc
1517 1814 1712 1871 princeps
1738 1812 1860 1870 hujus
1888 1811 2037 1856 mundi
2064 1812 2252 1870 ejicietur

276 1885 428 1943 foram
458 1893 502 1926 et
528 1882 631 1926 ideo
660 1881 939 1925 conveniens
962 1880 1058 1934 fuit,
1087 1879 1208 1938 quod
1225 1874 1342 1923 inter
1361 1878 1448 1922 alia
1475 1878 1695 1923 miracula
1718 1879 1856 1923 etiam
1874 1878 2084 1924 obsessos
2103 1892 2128 1923 a
2149 1877 2251 1923 dae-

285 1951 498 1995 monibus
524 1950 749 1993 liberaret.

375 2018 451 2062 AD
475 2030 662 2062 PRIMUM
690 2030 799 2074 ergo
828 2014 1087 2067 dicendum,
1115 2014 1237 2073 quod
1263 2014 1474 2058 homines
1494 2015 1610 2058 sicut
1631 2028 1709 2073 per
1728 2013 1962 2058 Christum
1983 2022 2109 2058 erant
2127 2027 2153 2057 a
2173 2027 2251 2073 po-

285 2096 445 2130 testate
466 2086 745 2128 daemonum
767 2083 1003 2137 liberandi,
1027 2083 1088 2126 ita
1101 2097 1180 2142 per
1203 2097 1308 2126 eum
1328 2092 1454 2127 erant
1473 2082 1645 2161 angelis
1665 2083 1976 2138 consociandi,
1992 2082 2247 2136 secundum

285 2153 397 2197 illud
425 2152 692 2197 Colossens
724 2166 774 2195 1..
803 2152 1035 2208 Pacificcms
1055 2159 1133 2209 per
1158 2152 1397 2208 sanguinem
1425 2153 1558 2195 crucis
1590 2153 1691 2208 ejus,
1720 2165 1823 2209 quae
1855 2151 1900 2195 in
1925 2150 2064 2206 coelis,
2083 2157 2138 2199 et
2140 2165 2250 2218 quae

285 2223 329 2264 in
356 2222 478 2265 terris
508 2226 625 2264 sunt:
670 2228 714 2262 et
750 2218 853 2261 ideo
899 2218 1020 2260 circa
1058 2217 1247 2275 angelos
1276 2217 1363 2260 alia
1397 2216 1618 2261 miracula
1644 2217 1909 2262 hominibus
1935 2212 2250 2266 demonstrare

284 2303 378 2332 non
406 2286 721 2339 conveniebat,
749 2286 835 2329 nisi
863 2295 910 2329 ut
938 2284 1088 2343 angeli
1114 2285 1378 2328 hominibus
1407 2294 1699 2344 apparerent:
1727 2285 1850 2361 quod
1871 2276 2056 2349 quidem
2077 2280 2248 2333 factum

286 2365 353 2399 est
378 2356 424 2398 in
450 2354 685 2397 nativitate
709 2353 862 2412 ipsius,
892 2362 935 2396 et
960 2352 1006 2395 in
1033 2353 1379 2406 resurrectione,
1409 2362 1450 2396 et
1480 2352 1747 2397 ascensione
1775 2353 1886 2410 ejus.
2131 2410 2133 2415 A

285 2490 399 2549 (cap
428 2488 528 2546 21.,)
562 2487 813 2531 «Christus
844 2497 1023 2530 tanturn
1054 2486 1250 2530 innotuit
1279 2487 1595 2540 daemonibus,
1629 2496 1847 2545 quantum
1870 2485 2045 2542 voluit3
2071 2479 2250 2532 tantum

286 2566 438 2601 autem
465 2555 624 2608 voluit,
667 2564 885 2613 quantum
917 2554 1139 2611 oportuit:
1173 2553 1250 2597 sed
1273 2554 1470 2598 innotuit
1497 2555 1574 2607 eis,
1601 2567 1696 2597 non
1728 2554 1845 2597 sicut
1876 2553 2052 2613 angelis
2079 2554 2248 2599 sanctis

286 2639 365 2684 per
412 2623 455 2667 id
489 2623 610 2682 quod
645 2632 712 2665 est
741 2621 833 2665 vita
867 2631 1072 2664 aeterna:
1117 2621 1195 2664 sed
1229 2635 1319 2679 per·
1346 2620 1571 2678 quaedam
1611 2619 1885 2678 temporalia
1925 2634 2033 2665 suae
2073 2621 2249 2666 virtutis

286 2690 447 2736 effecta
474 2705 522 2733 »t
561 2700 604 2733 et
633 2690 780 2748 primo
815 2687 997 2747 quidem
1031 2687 1235 2731 videntes
1272 2687 1508 2732 Christum
1533 2687 1700 2731 esurire
1728 2696 1831 2746 post
1860 2687 2096 2746 jejunium,
2123 2687 2251 2732 aesti-

286 2768 526 2804 maverunt
552 2772 658 2801 eurn
685 2771 778 2799 non
807 2770 903 2799 esse
937 2754 1102 2798 Filium
1122 2755 1227 2799 Dei:
1252 2755 1371 2799 unde
1410 2769 1544 2813 super
1576 2753 1686 2797 illud
1710 2754 1820 2799 Luc.
1851 2767 1923 2810 4.:
1957 2755 2002 2800 Si
2022 2755 2140 2814 filius
2164 2756 2249 2800 Dei

286 2842 339 2883 es,
367 2836 466 2879 etc.,
493 2825 601 2869 dicit
644 2824 882 2867 Ambros.:
936 2838 959 2863 (ι
985 2821 1109 2874 Quid
1142 2821 1226 2865 sibi
1257 2821 1353 2865 vult
1383 2821 1486 2866 talis
1528 2821 1752 2865 sermonis
1788 2835 1990 2876 exorsus,
2015 2822 2104 2867 nisi
2141 2822 2248 2882 quia

288 2902 570 2953 cognoverat
595 2892 681 2935 Dei
715 2890 879 2934 Filium
924 2903 1021 2932 esse
1063 2898 1320 2941 venturum,
1361 2890 1438 2932 sed
1484 2889 1662 2932 venisse
1700 2903 1779 2947 per
1810 2888 2121 2934 infirmitatem
2153 2903 2250 2934 cor·

248 2999 250 3001 .
287 2961 411 3021 poris
447 2974 541 3004 non
577 2957 786 3018 putavit?
815 2974 838 2998 ›>
886 2955 975 2999 Sed
1013 2955 1309 3014 postmodum
1348 2955 1456 2999 visis
1494 2955 1740 3009 miraculis,
1788 2970 1841 3000 ex
1888 2956 2086 3016 quadam
2110 2956 2253 3017 suspi-

288 3029 468 3074 catione
518 3024 862 3084 conjecturavit,
896 3037 1001 3067 eum
1050 3035 1147 3066 esse
1180 3022 1344 3066 Filium
1392 3023 1511 3067 Dei:
1546 3023 1664 3066 unde
1700 3035 1834 3081 super
1865 3022 1975 3068 illud
2007 3023 2153 3070 Marci
2187 3031 2250 3069 1..

286 3098 398 3152 Scio,
426 3095 534 3155 quod
569 3096 622 3139 sis
663 3094 836 3138 Sanctus
878 3092 976 3145 Dei,
1005 3090 1113 3134 dicit
1147 3089 1509 3149 Chrysostomus
1535 3091 1652 3148 (hab.
1675 3091 1720 3134 in
1750 3089 1912 3136 Catena
1942 3091 2002 3136 D.
2051 3090 2250 3146 Thomna,

287 3171 325 3209 et
354 3166 399 3208 in
432 3164 501 3208 zib.
532 3162 634 3219 ΩΩ.
666 3166 747 3205 vet.
787 3165 825 3204 et
854 3160 954 3202 novi
990 3158 1249 3210 Testamenti,
1285 3164 1438 3215 quaest.
1473 3157 1545 3202 66.
1579 3159 1686 3201 inter
1718 3165 1845 3217 opera
1877 3157 2092 3218 August),
2127 3150 2277 3218 qubd

292 3244 422 3275 «non
437 3239 623 3282 certam,
642 3237 718 3273 aut
735 3226 915 3270 firmam
935 3224 1154 3274 adventus
1170 3225 1465 3268 Deihabebat
1482 3225 1714 3268 notitiam
1732 3224 1903 3271 sciebat
1927 3232 2082 3270 tamen
2101 3225 2274 3286 ipsum

289 3312 386 3343 esse
415 3297 649 3342 Christum
692 3295 737 3339 in
779 3293 883 3352 lege
925 3306 1202 3352 promlssum
1221 3306 1274 3333 11
1317 3292 1436 3335 unde
1470 3291 1632 3335 dicitur
1670 3292 1781 3336 Luc.
1813 3303 1879 3347 4.:
1921 3288 2037 3350 Quia
2066 3293 2255 3338 sciebant
2324 3300 2338 3330 s

288 3369 424 3426 ipsum
452 3380 527 3409 esse
549 3364 636 3408 Chr
640 3364 788 3414 13111111
819 3359 939 3420 quod
965 3369 1115 3403 autem
1144 3359 1291 3417 ipsum
1316 3358 1645 3403 confitebantur
1673 3372 1771 3403 esse
1796 3357 1962 3403 Filium
1978 3358 2094 3413 Dei,
2103 3357 2250 3418 magis
2320 3366 2352 3414 j

289 3443 385 3477 crat
412 3446 464 3476 ex
489 3431 686 3490 quadam
715 3428 987 3507 suspicione,
1011 3440 1146 3485 quam
1167 3440 1218 3469 ex
1248 3426 1537 3470 certitudine.
1568 3426 1685 3469 unde
1704 3425 1826 3470 Beda
1851 3425 1962 3470 dicit
1985 3432 2120 3486 super
2137 3426 2249 3471 Luc.

289 3501 403 3559 (cap.
431 3513 493 3556 14.
521 3497 741 3543 secundum
768 3498 853 3554 ejus
880 3494 1001 3539 ordin
1006 3493 1056 3550 ..·)
1087 3494 1142 3537 Et
1168 3493 1384 3537 daemonia
1412 3493 1570 3537 Filtum
1598 3494 1682 3537 Dei
1707 3494 2036 3552 confitebantur:
2057 3501 2117 3547 et,
2134 3492 2274 3538 sieut
2270 3493 2281 3512 *

289 3576 449 3627 postea
477 3565 585 3609 dicit
612 3564 775 3622 (ibid),
808 3580 831 3604 «
858 3561 1061 3606 sciebant
1088 3574 1192 3604 eum
1222 3574 1318 3604 esse
1348 3560 1604 3604 Christum.
1635 3560 1739 3619 quia
1773 3572 1877 3604 cum
1900 3559 2070 3619 jejur'fio
2095 3552 2274 3619 fatigllj

288 3644 387 3679 tum
415 3647 520 3678 eum
549 3631 755 3676 diabolus
782 3630 969 3683 videret,
986 3642 1143 3673 verum
1168 3627 1406 3671 hominem
1430 3626 1675 3672 intellexit.
1704 3627 1781 3672 sed
1799 3626 1905 3687 quia
1921 3626 2138 3672 tentando
2153 3632 2261 3673 non

290 3699 555 3762 praevaluit,
584 3710 734 3744 utrum
758 3698 895 3742 Filius
922 3696 1009 3741 Dei
1038 3705 1170 3750 esset,
1197 3694 1447 3739 dubitabat:
1481 3709 1601 3739 nunc
1631 3704 1781 3740 autem
1807 3708 1888 3755 per
1912 3692 2155 3754 signorum*
2166 3698 2257 3754 po·
