2352 3926
668 222 943 272 QUABSTIO
982 224 1057 264 XI.
1097 223 1405 266 ARTICULus
1444 224 1481 264 1.
1956 222 2052 278 123

47 331 252 377 nmen
273 323 332 369 ad
349 322 677 402 perfectionem
692 325 789 384 eius
813 325 1066 370 secundum
1083 326 1396 386 cognitionem
1421 326 1684 404 practicam,
1703 336 1823 386 quae
1842 336 1938 369 non
1964 337 2060 383 per-

44 389 244 450 §einr
268 391 438 451 absque
469 391 735 451 cognitione
766 391 1081 452 singularium,
1114 393 1160 436 in
1193 393 1353 452 quibus
1385 403 1453 438 est
1484 393 1705 452 operatio,
1737 401 1787 438 ut
1816 392 1980 437 dicitur
2011 392 2057 435 in

44 452 147 519 js&
152 456 309 503 Βὼίε.
327 458 450 518 (cap.
476 459 568 518 7)
605 458 726 503 unde
753 458 810 502 ad
842 459 1129 517 prudentiam
1165 460 1407 518 requiritur
1437 459 1663 504 memoria
1692 458 2057 519 praeteritorum,

47 522 297 588 ..zssmgnmo
329 525 651 584 praesentium,
676 534 723 570 et
747 525 1031 584 providentia
1061 524 1334 578 futurorum,
1361 536 1410 570 ut
1443 525 1565 570 Tull.
1592 527 1701 571 dicit
1730 527 1777 572 in
1807 537 1890 571 sua
1922 525 2056 569 Rhet.

43 584 189 657 ³&
220 605 262 638 2.
293 591 340 637 de
363 592 575 652 Invent.);
609 593 717 652 quia
741 593 878 652 igitur
910 591 1120 636 Christus
1152 592 1310 636 habuit
1341 592 1669 651 plenitudinem
1695 593 1960 653 prudentiae
1993 605 2061 636 se-

43 657 295 723 eumdum
317 658 495 704 donum
520 658 712 714 consilii,
746 673 1032 719 consequens
1063 669 1132 704 est
1155 659 1280 719 quod
1305 659 1575 718 cognoverit
1607 661 1764 705 omnia
1795 659 2057 720 singularia,

49 723 360 787 pauentia,
385 726 640 786 praeterita,
667 736 712 772 et
735 725 899 771 futura.

812 886 1248 949 ARTICULUS
1292 890 1362 946 11.
1996 919 2048 965 73

351 1021 552 1066 ‘UTRUM
593 1026 861 1067 CHRISTUS
902 1005 1314 1067 HACJSCIENTIA
1352 1025 1451 1065 UTI
1492 1025 1789 1077 POTUERIT,

451 1110 571 1150 NON
599 1109 1015 1150 CONVERTENDO
1050 1110 1110 1148 SE
1142 1109 1217 1148 AD
1251 1107 1678 1148 PHANTASMATA.

39 1185 131 1281 ³
197 1218 331 1279 (Infr.
357 1225 440 1266 art.
466 1231 510 1278 4.
533 1225 570 1265 et
593 1235 632 1281 q.
654 1233 722 1280 34.
749 1226 830 1264 art.
857 1235 897 1265 2.
924 1219 979 1264 ad
992 1235 1030 1280 3
1058 1226 1094 1264 et
1113 1235 1150 1279 3.
1177 1220 1291 1264 Dist.
1316 1232 1382 1276 14.
1409 1224 1492 1264 art.
1514 1233 1551 1278 3
1575 1232 1613 1277 q.
1640 1232 1681 1263 2.
1708 1224 1802 1277 et3.
1829 1225 1943 1278 corp.

57 1283 166 1331 5³5⁶
725 1294 764 1333 et
796 1288 905 1332 Veri.
933 1302 972 1347 q.
998 1302 1072 1333 20.
1099 1293 1181 1332 art.
1209 1302 1246 1347 3.
1269 1286 1323 1331 ad
1346 1302 1368 1332 1
1372 1287 1416 1346 )

41 1383 123 1451 321—
175 1397 255 1445 An
285 1410 547 1444 SECUNDUM
572 1398 636 1443 sic
662 1398 937 1459 proceditur.
964 1399 1168 1454 Videtur,
1201 1399 1324 1458 quod
1358 1398 1513 1443 anima
1539 1397 1712 1443 Christi
1736 1412 1830 1443 non
1857 1398 2054 1458 potuerit

56 1469 71 1524 ,
84 1463 341 1524 intelligere
372 1465 625 1510 secundum
650 1466 770 1511 hanc
803 1466 1057 1521 scientiam,
1083 1466 1171 1510 nisi
1196 1465 1507 1511 convertendo
1535 1480 1586 1510 se
1614 1465 1674 1510 ad
1706 1465 2051 1525 phantasmata;

46 1550 64 1593 ὲ
84 1531 207 1593 quia,
232 1542 283 1577 ut
306 1532 470 1578 dicitur
495 1547 532 1594 3.
559 1533 614 1578 de
640 1533 730 1578 An.
758 1533 936 1594 (implic.
961 1541 1040 1579 tex.
1069 1535 1132 1580 18.
1155 1549 1215 1593 31.
1247 1539 1284 1578 et
1299 1533 1407 1594 39.)‚
1434 1533 1755 1592 phantasmata
1788 1547 2056 1593 comparan-

43 1601 158 1650 ¹tur
183 1599 240 1644 ad
266 1600 470 1644 animam
485 1599 816 1646 intellectivam
832 1601 1099 1656 humanam,
1126 1603 1242 1645 sicut
1261 1600 1440 1646 colores
1469 1600 1525 1644 ad
1546 1601 1720 1645 visum:
1748 1600 1827 1645 sed
1848 1601 2053 1659 potentia

46 1665 230 1717 {sis-visiva
256 1666 431 1712 Christi
463 1682 558 1713 non
592 1669 741 1726 potuit
776 1668 896 1713 exire
921 1669 970 1712 in
1007 1678 1175 1723 actum,
1209 1668 1296 1712 nisi
1331 1669 1640 1712 convertendo
1675 1682 1724 1712 se
1757 1667 1813 1711 ad
1846 1667 2051 1724 colores;

86 1746 198 1794 ergo
225 1734 364 1779 etiam
388 1749 537 1795 neque
564 1736 717 1780 anima
742 1735 1022 1781 intellectiva
1049 1738 1146 1796 ejus
1172 1735 1320 1795 potuit
1346 1735 1517 1795 aliquid
1541 1734 1812 1795 intelligere,
1834 1737 1922 1780 nisi
1948 1749 2053 1781 con-

40 1816 57 1847 g
84 1801 304 1847 vertendo
330 1816 379 1847 se
405 1802 461 1847 ad
487 1802 821 1862 phantasmata.

47 1877 66 1919 J„
174 1880 214 1913 2.
240 1869 538 1915 PRAETEREA.
570 1869 744 1915 Anima
767 1870 939 1916 Christi
952 1880 1019 1915 est
1041 1869 1248 1929 ejusdem
1265 1879 1452 1914 naturae
1472 1884 1578 1915 cum
1605 1869 1842 1914 animabus
1857 1869 2048 1915 nostris:

44 1933 324 1995 ,alioquin
312 1950 410 1996 ipse
435 1950 530 1981 non
557 1947 677 1982 esset
692 1938 898 1997 ejusdem
914 1938 1084 1998 speciei
1100 1937 1355 1993 nobiscum,
1375 1947 1533 1982 contra
1549 1937 1594 1981 id
1617 1937 1739 1996 quod
1761 1937 1923 1996 Apost.
1941 1937 2050 1981 dicit

42 2000 249 2062 Philip.
285 2015 327 2048 2.
359 2003 485 2062 quod
516 2010 572 2049 est
602 2006 647 2049 in
681 2005 998 2051 similitudinem
1030 2005 1246 2049 hominum
1269 2006 1441 2064 factus.-
1477 2004 1556 2048 sed
1594 2004 1747 2048 anima
1771 2015 1927 2049 nostra
1953 2018 2048 2048 non

48 2072 235 2133 potest
267 2069 535 2130 intelligere,
567 2071 655 2117 nisi
692 2072 1002 2118 convertendo
1038 2087 1087 2117 se
1126 2072 1182 2116 ad
1219 2072 1563 2132 phantasmata3
1591 2085 1701 2131 ergo
1735 2072 1875 2116 etiam
1899 2085 2047 2131 neque

47 2146 238 2189 imma
270 2137 456 2183 Christi.

55 2216 108 2245 ³*
123 2218 214 2282 3.
236 2204 538 2251 ΡΜΕΤΕΒΕΛ.
566 2205 737 2252 Sensus
755 2206 849 2252 dati
865 2217 972 2252 sunt
986 2207 1184 2262 homini,
1200 2216 1250 2251 ut
1266 2206 1524 2252 deserviant
1549 2205 1825 2251 intellectui:
1852 2206 1892 2250 si
1913 2206 2049 2264 igitur

171 2285 237 2316 ua
262 2271 436 2318 Christi
450 2272 707 2333 intelligere
725 2275 874 2334 potuit
893 2275 1062 2334 absque
1081 2274 1382 2319 conversione
1400 2274 1456 2318 ad
1477 2274 1812 2333 phantasmata,
1831 2288 1947 2333 quae
1970 2287 2049 2333 per

52 2347 239 2398 §ansus
265 2339 565 2418 accipiuntur,
589 2351 854 2401 sequeretur
879 2343 1002 2419 quod
1034 2357 1192 2387 sensus
1215 2340 1380 2386 frustra
1395 2340 1648 2386 fuissentin
1672 2341 1825 2385 anima
1848 2340 2046 2386 Christi:

21 2400 204 2469 quod
229 2416 299 2451 est
320 2406 675 2463 inconveniens;
700 2408 879 2453 videtur
913 2409 1066 2469 igitur,
1102 2409 1225 2469 quod
1253 2409 1407 2453 anima
1435 2408 1608 2453 Christi
1640 2422 1735 2452 non
1761 2408 1961 2468 potuerit
1985 2407 2048 2452 in-

161 2471 301 2532 'gere,
323 2473 414 2518 nisi
445 2475 755 2520 convertendo
782 2491 831 2520 se
858 2476 914 2520 ad
941 2477 1275 2535 phantasmata.

170 2538 269 2586 SED
286 2553 483 2587 CONTRA
509 2552 591 2597 est,
613 2543 736 2602 quod
763 2544 918 2588 anima
940 2543 1114 2589 Christi
1140 2544 1362 2603 cognovit
1386 2543 1628 2603 quaedam,
1656 2557 1773 2604 quae
1797 2557 1877 2604 per
1907 2543 2047 2604 phan-

59 2643 84 2674 3
125 2633 137 2641 .
163 2629 215 2647 ue
249 2622 276 2653 a
311 2610 534 2668 cognosci
564 2624 660 2655 non
694 2622 898 2670 possunt,
931 2612 1107 2657 scilicet
1136 2612 1410 2657 substantias
1442 2622 1693 2671 separatas;
1726 2612 1874 2672 potuit
1909 2612 2046 2672 igitur

50 2679 149 2733 »ναι
175 2673 351 2735 uigere,
376 2690 472 2721 non
499 2679 807 2723 convertendo
833 2693 883 2724 se
910 2680 967 2724 ad
993 2680 1327 2740 phantasmata.

119 2740 459 2789 RESPONDEO
491 2745 749 2801 dicendum,
782 2747 906 2806 quod
938 2747 1186 2792 Christus
1175 2761 1222 2791 in
1248 2756 1367 2792 statu
1400 2756 1505 2792 ante
1531 2747 1794 2806 passionem
1809 2745 1893 2791 fuit
1908 2744 2045 2791 simul

77 2806 132 2850 ι’
153 2822 245 2866 or,
261 2820 316 2856 et
341 2811 715 2870 comprehensor,
741 2823 791 2858 ut
815 2813 932 2858 infra
957 2814 1106 2872 magis
1131 2814 1304 2874 patebit
1329 2815 1390 2873 (q.
1408 2828 1464 2873 15.
1483 2820 1565 2859 art.
1592 2815 1709 2872 10.);
1737 2824 1782 2858 et
1802 2814 2044 2874 praecipue

56 2870 265 2989 &dem
291 2878 576 2924 conditiones
608 2880 795 2925 viatoris
827 2881 986 2926 habuit
1012 2896 1067 2926 ex
1098 2892 1224 2941 parte
1252 2881 1471 2940 corporis,
1503 2881 1774 2940 inquantum
1800 2881 1884 2926 fuit
1908 2881 2044 2940 passi-

54 2949 66 2956 ”
215 2945 500 2991 conditiones
525 2960 635 2992 vero
658 2948 1059 3007 comprehensoris
1081 2949 1282 2993 maxime
1307 2948 1465 2992 habuit
1488 2962 1542 2992 ex
1563 2958 1690 3007 parte
1713 2950 1895 2993 animae
1917 2947 2044 2992 intel-

165 3010 294 3057 5v2e·
330 3024 399 3058 est
433 3023 588 3058 autem
623 3014 739 3059 haec
773 3016 975 3061 conditio
1011 3016 1192 3060 animae
1227 3015 1640 3075 comprehensoris,
1667 3026 1717 3060 ut
1740 3015 1869 3060 nullo
1897 3014 2039 3059 modo

19 3074 295 3136 subdatur
317 3093 403 3125 suo
425 3081 622 3158 corpori,
649 3091 726 3126 aut
752 3083 806 3126 ab
831 3096 888 3127 eo
916 3083 1184 3142 dependeat,
1209 3083 1288 3127 sed
1319 3082 1520 3127 totaliter
1546 3083 1588 3127 ei
1614 3083 1895 3137 dominetur;
1923 3081 2041 3126 unde

150 3154 255 3204 post
279 3148 660 3193 resurrectionem
682 3163 738 3193 ex
755 3150 908 3194 anima
934 3150 1080 3210 gloria
1107 3150 1376 3194 redundabit
1402 3150 1458 3194 ad
1482 3164 1672 3209 corpus:
1697 3164 1750 3194 ex
1776 3150 1866 3193 hoc
1887 3159 2040 3192 autem

216 3212 460 3260 hominis
491 3215 679 3260 viatoris
709 3216 883 3276 indiget
915 3217 970 3261 ad
1003 3217 1325 3276 phantasmata
1358 3218 1577 3272 converti,
1604 3218 1727 3276 quod
1761 3227 1828 3260 est
1860 3215 2042 3274 corpori

18 3276 296 3346 jobhgata
322 3290 368 3325 et
391 3281 738 3360 quodammodo
765 3284 808 3328 ei
833 3284 1050 3343 subjecta,
1084 3294 1129 3328 et
1161 3285 1215 3328 ab
1251 3298 1307 3329 eo
1340 3285 1636 3343 dependens3
1653 3294 1697 3327 et
1721 3284 1824 3327 ideo
1860 3283 2039 3327 animae

16 3396 17 3399 Ἰ
46 3343 143 3398 fif...
185 3358 238 3390 ae
254 3355 300 3391 et
315 3357 419 3392 ante
434 3349 830 3404 resurrectionem,
858 3361 902 3395 et
917 3362 1022 3410 post
1041 3351 1296 3409 intelligere
1323 3361 1514 3410 possunt
1540 3336 1710 3409 absque
1739 3348 2039 3394 conversione

162 3411 504 3472 phantasmata;
530 3424 576 3459 et
598 3415 689 3460 hoc
717 3417 856 3461 etiam
882 3427 1064 3476 oportet
1089 3418 1239 3462 dicere
1272 3418 1328 3462 de
1356 3418 1508 3462 anima
1537 3417 1723 3470 Christi,
1758 3430 1873 3475 quae
1905 3415 2040 3476 plene

52 3473 239 3539 {habuit
259 3477 524 3524 facultatem
556 3482 967 3542 comprehensoris.

20 3566 100 3594 ..
164 3543 249 3591 An
276 3555 467 3592 murm(
502 3560 613 3606 ergo
650 3549 911 3604 dicendum,
943 3550 1067 3610 quod
1099 3550 1350 3596 similitudo
1387 3550 1480 3605 illa,
1514 3564 1652 3609 quarn
1685 3549 1857 3595 Philos.
1894 3549 2038 3610 ponit,

27 3609 177 3660 aon
200 3611 444 3659 attenditur
462 3622 684 3673 quantum
700 3615 757 3660 ad
772 3616 955 3662 omnia:
982 3616 1274 3663 manifestum
1292 3627 1361 3663 est
1386 3618 1524 3672 enim,
1546 3617 1669 3677 quod
1686 3616 1788 3663 finis
1809 3618 2038 3677 potentiae
