2352 3926
263 229 364 283 180
790 239 1067 285 QUAESTIO
1109 238 1259 278 xvm.
1299 238 1607 283 ARTICULUS
1648 239 1684 277 1.

257 357 324 392 est
347 349 406 406 (q.
438 360 523 405 105.
557 352 639 390 art.
666 345 756 402 4.);
785 353 829 387 et
854 343 917 388 sic
946 343 1084 387 etiam
1118 342 1327 386 Christus
1362 342 1615 387 secundum
1649 341 1933 387 voluntatem
1965 342 2218 386 humanam

255 414 523 473 sequebatur
550 412 832 455 voluntatem
859 410 1075 463 divinam,
1098 409 1350 454 secundum
1375 408 1487 453 illud
1513 409 1586 454 Ps.
1616 423 1708 470 39.:
1744 411 1798 454 Ut
1812 411 2001 468 facerem
2030 408 2220 454 volunta·

256 489 336 526 tem
363 488 492 533 tumn,
533 481 645 522 Deus
670 493 781 522 meus
805 477 955 529 volui;
993 477 1111 520 unde
1148 476 1342 535 August.
1380 476 1490 520 dicit
1524 486 1683 520 contra
1722 476 2025 520 Maximinum
2057 474 2163 535 (Ζῶ,
2179 489 2217 535 3.

256 557 345 606 cap,
372 548 481 603 20),
519 562 542 586 <c
562 545 651 589 Ubi
678 545 788 588 dixit
813 543 952 588 Filius
978 544 1124 588 Patri:
1154 544 1253 588 Non
1278 542 1387 602 quod
1411 558 1482 601 ego
1507 543 1617 596 volo,
1645 543 1710 588 sed
1735 543 1843 602 quod
1865 549 1910 588 tu
1933 544 2014 598 vis,
2042 540 2219 602 quidsse

258 615 452 672 adjuvat,
477 612 599 671 quod
621 622 697 656 tua
725 612 861 655 verba
887 611 1137 669 subjungis,
1165 621 1209 654 et
1235 610 1370 654 dicis:
1402 610 1615 655 Ostendit
1645 625 1750 654 vere
1778 624 1910 654 suam
1934 608 2219 659 voluntatem

257 682 506 738 subjectam
533 693 615 722 suo
644 679 861 737 genitori:
901 678 1030 737 quasi
1065 692 1150 722 nos
1184 691 1419 736 negemus,
1445 677 1645 722 hominis
1681 677 1966 722 voluntatem
1997 675 2221 721 voluntati

257 749 346 792 Dei
371 748 535 791 debere
563 760 660 790 esse
687 745 970 804 subjectam?
989 763 1011 787 >2

347 815 423 859 An
442 827 702 858 SECUNDUM
720 814 977 868 dicendum,
1001 813 1122 871 quod
1140 811 1376 872 proprium
1394 822 1461 856 est
1477 812 1778 866 instrumenti,
1798 812 1920 872 quod
1938 820 2177 856 moveatur
2195 826 2220 856 a

256 881 492 941 principali
515 892 702 938 agente:
732 880 1035 924 diversimode
1054 890 1207 923 tamen
1227 879 1476 923 secundum
1497 881 1821 939 proprietatem
1846 890 2035 924 naturae
2056 878 2220 939 ipsius:

257 964 365 993 nam
405 950 759 992 instrumentum
791 947 1093 991 inanimatum
1130 947 1269 1004 (sicut
1308 946 1492 1001 securis,
1531 957 1609 992 aut
1639 948 1783 1005 serra)
1821 957 2032 992 movetur
2065 947 2118 991 ab
2152 960 2222 991 ar-

256 1016 375 1060 tifice
402 1030 481 1074 per
506 1014 657 1059 solum
699 1024 878 1059 motum
921 1013 1231 1072 corporalem:
1270 1013 1622 1060 instrumentum
1647 1029 1756 1059 vero
1790 1014 2042 1059 animatum
2067 1014 2222 1058 anima

258 1079 459 1127 sen'sibili
481 1091 691 1126 movetur
717 1096 797 1140 per
823 1083 1071 1140 appetitum
1094 1081 1381 1135 sensitivum3
1400 1081 1516 1125 sicut
1533 1096 1674 1140 equus
1690 1096 1715 1125 a
1732 1094 1932 1126 sessore:
1953 1081 2222 1125 instrumen-

256 1161 355 1194 tum
381 1164 490 1194 vero
519 1149 771 1193 animatum
799 1149 951 1192 anima
978 1147 1190 1192 rationali
1217 1158 1426 1192 movetur
1452 1163 1531 1207 per
1556 1147 1840 1192 voluntatem
1863 1149 1983 1206 ejus3
2006 1148 2123 1193 sicut
2142 1162 2222 1207 per

258 1217 500 1277 imperium
528 1216 705 1260 domini
731 1226 940 1259 movetur
973 1229 1130 1259 servus
1174 1214 1228 1258 ad
1262 1214 1429 1273 aliquid
1464 1215 1706 1273 agendum,
1749 1214 1826 1273 qui
1859 1215 2042 1273 quidem
2066 1227 2222 1259 servus

259 1294 326 1329 est
352 1285 468 1330 sicut
483 1284 844 1337 *instrumentum
878 1283 1146 1335 animatum,
1180 1291 1229 1325 ut
1264 1280 1435 1326 Philos.
1470 1282 1579 1326 dicit
1611 1282 1659 1324 in
1696 1295 1731 1325 1.
1758 1281 1892 1326 Polit.
1917 1282 2031 1341 (cap.
2054 1296 2090 1340 3.
2116 1287 2156 1327 et
2177 1294 2220 1339 4.

258 1353 390 1398 etlib.
418 1352 457 1396 8.
485 1350 620 1395 Ethic.
648 1358 737 1409 cap.
760 1351 870 1407 H.),·
899 1349 962 1393 sic
991 1363 1100 1407 ergo
1127 1349 1330 1392 humana
1355 1358 1516 1392 natura
1548 1350 1594 1392 in
1626 1347 1812 1392 Christo
1843 1346 1928 1393 fuit
1955 1347 2224 1393 instrumen-

259 1428 358 1462 tum
381 1417 639 1471 divinitatis,
667 1427 716 1461 ut
740 1426 1001 1460 moveretur
1026 1430 1106 1475 per
1131 1415 1363 1474 propriam
1388 1414 1687 1459 voluntatem.

350 1485 426 1528 AD
454 1497 670 1529 TERTIUM
697 1483 957 1537 dicendum,
985 1483 1106 1542 quod
1122 1483 1221 1541 ipsa
1241 1482 1444 1540 potentia
1459 1481 1706 1525 voluntatis
1723 1491 1791 1525 est
1805 1480 2037 1535 naturalis,
2052 1490 2098 1526 et
2119 1494 2224 1527 con·

260 1552 459 1612 sequitur
485 1561 694 1594 naturam
722 1565 774 1594 ex
800 1550 1094 1595 necessitate:
1128 1549 1208 1594 sed
1242 1559 1409 1602 motus,
1440 1547 1515 1592 vel
1546 1558 1673 1592 actus
1703 1547 1839 1607 hujus
1869 1548 2114 1607 potentiae,
2146 1548 2224 1608 qui

261 1621 399 1664 etiam
425 1618 636 1662 voluntas
665 1618 840 1672 dicitur,
868 1617 1141 1677 quandoque
1164 1616 1349 1676 quidem
1377 1626 1444 1660 est
1469 1616 1701 1670 naturaliS,
1724 1625 1768 1660 et
1788 1616 2098 1672 necessarius-‚3
2116 1625 2224 1674 puta

260 1696 467 1746 respectu
488 1685 739 1730 felicitatis:
767 1685 1040 1744 quandoque
1064 1694 1218 1728 autem
1250 1698 1304 1727 ex
1329 1682 1472 1727 libero
1501 1683 1685 1727 arbitrio
1717 1683 1905 1727 rationis
1935 1683 2223 1743 provenienS,

261 1764 305 1798 et
330 1768 423 1797 non
449 1753 743 1810 necessarius,
780 1767 928 1811 neque
960 1752 1193 1806 naturalis,
1230 1751 1346 1795 sicut
1381 1760 1504 1810 patet
1535 1765 1590 1794 ex
1613 1750 1684 1794 his
1711 1764 1827 1809 quae
1851 1750 1900 1794 in
1923 1750 2072 1809 prima
2092 1759 2223 1810 parte

262 1822 381 1866 dicta
408 1831 511 1864 sunt
545 1820 602 1879 (q.
635 1821 703 1866 82.
731 1826 813 1865 art.
840 1835 879 1865 2.
913 1827 951 1864 et
981 1835 1058 1865 1-2.
1092 1835 1129 1878 q.
1151 1833 1188 1878 5.
1222 1825 1304 1863 art.
1332 1819 1372 1863 8.
1399 1825 1436 1862 et
1461 1834 1498 1877 q.
1533 1818 1574 1862 6.
1607 1823 1688 1862 art.
1714 1819 1800 1875 1.);
1829 1827 1874 1861 et
1896 1826 2052 1861 tamen
2083 1817 2221 1863 etiam

261 1890 359 1948 ipsa
386 1888 514 1942 ratio,
541 1902 657 1947 quae
684 1898 750 1932 est
775 1887 1048 1946 principium
1081 1887 1215 1944 huius
1252 1895 1418 1938 motus,
1454 1895 1520 1928 est
1552 1884 1792 1940 naturalis3
1828 1894 1872 1928 et
1904 1884 2009 1929 ideo
2045 1894 2223 1944 praeter

262 1956 545 2000 voluntatem
573 1955 776 1999 divinam
808 1964 988 2013 oportet
1016 1954 1063 1997 in
1098 1953 1283 1997 Christo
1325 1966 1494 2011 ponere
1521 1951 1804 1996 voluntatem
1829 1951 2096 2006 humanam,
2126 1965 2222 1996 non

262 2022 414 2067 solum
441 2032 576 2082 prout
601 2032 667 2066 est
691 2022 894 2081 potentia
915 2020 1146 2074 naturalis,
1180 2030 1256 2064 aut
1290 2029 1428 2078 prout,
1450 2028 1518 2063 est
1542 2029 1694 2063 motus
1719 2018 1953 2073 naturalis,
1977 2018 2057 2064 sed
2083 2018 2222 2063 etiam

263 2099 397 2150 prout
423 2100 489 2133 est
515 2099 666 2134 motus
693 2088 939 2133 rationalis.

351 2157 427 2201 AD
444 2169 679 2207 QUARTUM
706 2155 964 2210 dicendum,
992 2155 1114 2214 quod
1136 2170 1213 2214 per
1239 2155 1329 2198 hoc
1358 2154 1479 2212 quod
1511 2153 1673 2197 dicitur
1705 2153 1960 2213 aliqualiter
1990 2152 2123 2208 velle,
2147 2153 2223 2199 de—

261 2225 463 2283 signatur
496 2223 820 2268 determinatus
858 2223 1020 2266 modus
1054 2222 1260 2266 volendi:
1296 2222 1618 2265 determinatus
1655 2230 1809 2265 autem
1842 2221 2007 2266 modus
2039 2220 2224 2281 ponitur

262 2294 381 2335 circa
397 2292 543 2350 ipsam
569 2305 681 2344 rem,
700 2292 825 2349 cujus
854 2300 919 2334 est
945 2290 1138 2343 modus;
1166 2289 1284 2333 unde
1311 2303 1416 2332 cum
1437 2288 1648 2332 voluntas
1675 2289 1897 2346 pertineat
1919 2288 1975 2332 ad
1996 2297 2222 2345 nauatam,

259 2360 410 2418 ipsum
442 2358 580 2402 etiam
607 2358 728 2416 quod
756 2368 823 2402 est
849 2357 1100 2416 aliqualiter
1125 2356 1258 2410 velle,
1285 2356 1477 2414 pertinet
1503 2355 1558 2399 ad
1584 2366 1810 2410 naturam,
1842 2370 1936 2400 non
1968 2354 2221 2403 secundum

262 2425 384 2485 quod
398 2435 465 2469 est
481 2424 684 2468 absolute
708 2424 1006 2477 considerata,
1034 2424 1112 2467 sed
1140 2423 1391 2468 secundum
1419 2422 1540 2482 quod
1568 2433 1635 2467 est
1659 2423 1705 2466 in
1727 2421 1807 2466 tali
1822 2422 2081 2482 hypostasi;
2099 2422 2222 2468 unde
2281 2414 2286 2420 ⁹
2343 2411 2352 2421 Ἰ

262 2493 400 2537 etiam
425 2491 635 2536 voluntas
662 2492 865 2535 humana
894 2491 1065 2535 Christi
1091 2491 1248 2534 habuit
1283 2491 1528 2549 quemdam
1562 2490 1914 2534 determinatum
1953 2488 2144 2545 modum
2166 2503 2223 2535 ex

263 2560 483 2618 eo,.quod
507 2561 591 2603 tuit
621 2559 667 2602 in
693 2559 928 2618 hypostasi
960 2559 1127 2613 divina,
1153 2568 1200 2602 ut
1225 2558 1398 2603 scilicet
1420 2568 1679 2603 moveretur
1704 2558 1957 2603 secundum
1976 2567 2140 2611 nutum
2161 2556 2223 2605 di·

263 2627 395 2670 vinae
417 2625 676 2671 voluntatis.

964 2788 1396 2846 ARTICULUs
1441 2789 1510 2843 Π.
1958 2757 1961 2761 ’
2138 2814 2216 2862 115

323 2922 528 2967 ‘UTRUM
559 2930 611 2966 lN
648 2927 882 2966 CHRISTO
916 2926 1112 2963 FUERIT
1147 2926 1356 2971 ALIQUA
1390 2926 1683 2963 VOLUNTAS
1720 2925 2145 2965 SENSUALITATIS

756 3009 999 3047 PRAETER
1031 3008 1287 3046 RATIONIS
1322 3007 1717 3046 VOLUNTATEM.
2032 2980 2034 2982 ι

427 3123 556 3182 (Insr.
585 3129 667 3167 art.
687 3137 722 3180 5.
750 3129 864 3180 corp.
892 3126 927 3165 et
947 3136 983 3180 3.
1015 3098 1120 3164 Dist.
1145 3134 1206 3179 17.
1234 3127 1316 3165 art.
1344 3136 1377 3164 1.
1406 3135 1443 3179 q.
1468 3135 1506 3165 2.
1535 3127 1570 3164 et
1596 3129 1732 3180 opusc.
1754 3135 1790 3180 3.
1814 3127 1905 3181 cap.
1932 3119 2059 3180 230.)-

354 3236 429 3280 AD
458 3247 717 3280 SECUNDUM
744 3234 806 3278 sic
835 3233 1104 3292 proceditur.
1132 3232 1334 3281 Videtur,
1364 3232 1483 3291 quod
1510 3233 1557 3276 in
1585 3233 1770 3278 Christo
1792 3246 1887 3278 non
1911 3230 2046 3278 fuerit
2071 3232 2221 3293 aliqua

263 3302 473 3347 voluntas
487 3301 788 3347 sensualitatis
803 3310 977 3359 praeter
989 3299 1175 3343 rationis
1190 3299 1495 3344 voluntatem:
1511 3300 1618 3344 dicit
1636 3301 1758 3344 enim
1771 3300 1943 3346 Philus.
1955 3300 2000 3346 in
2014 3313 2052 3358 3.
2064 3301 2119 3346 de
2131 3300 2220 3346 An.

263 3370 326 3431 (t
329 3386 369 3414 x.
397 3385 450 3427 42
457 3371 502 3425 .),
532 3369 652 3428 quod
680 3369 889 3412 voluntas
922 3368 967 3411 in
994 3367 1167 3410 ratione
1206 3378 1292 3419 est;
1322 3367 1364 3410 in
1393 3368 1607 3411 sensitivo
1636 3378 1788 3412 autem
1821 3367 2021 3427 appetitu
2048 3378 2115 3414 est
2139 3368 2223 3414 ira·

262 3437 444 3490 scibilis,
483 3447 525 3481 et
560 3435 943 3513 concupiscibilis:
971 3434 1049 3478 sed
1083 3434 1348 3478 sensualitas
1385 3434 1609 3491 significat
1646 3435 1895 3493 appetitum
1932 3434 2220 3490 sensitivum,

264 3518 373 3563 crgo
400 3519 492 3548 non
518 3503 635 3548 fuit·
626 3518 671 3547 in
700 3503 886 3547 Christo
914 3501 1122 3546 voluntas
1149 3491 1467 3545 sensualitatis.
2001 3523 2003 3526 ·

354 3585 393 3616 2.
420 3572 715 3616 PRAETEREA.
737 3569 1000 3614 Secundum
1027 3569 1219 3625 August.
1255 3581 1317 3612 12
1347 3568 1400 3611 de
1430 3567 1590 3612 rrinit.
1618 3569 1729 3627 (emp
1754 3570 1847 3627 13.),
1876 3540 2141 3618 sensualitas
2167 3567 2222 3614 si-

263 3638 499 3698 gnificatur
525 3653 605 3698 per
631 3647 909 3697 serpentem.
929 3635 1006 3680 sed
1024 3635 1137 3679 nihil
1164 3635 1472 3694 serpentinum
1499 3634 1579 3678 fuit
1607 3637 1651 3679 in
1680 3636 1887 3681 Christo:
1913 3634 2071 3680 habuit
2096 3634 2218 3683 enim
