2352 3926
286 254 397 309 454
836 252 1115 298 QUAESTIO
1157 252 1269 290 LIII.
1311 251 1619 292 ARTICULUS
1658 251 1731 291 IV.

286 369 380 398 non
406 364 556 413 potest
577 354 659 398 sibi
694 353 898 397 animam
923 355 1066 408 unire,
1093 367 1209 413 quae
1237 363 1305 399 est
1331 368 1387 399 eo
1413 353 1636 409 nobilior3
1664 366 1775 413 ergo
1796 353 1841 398 id
1859 353 1983 414 quod
2006 352 2253 399 resurrexit

285 423 333 466 in
361 422 546 466 Christo
573 435 666 464 non
689 421 836 479 potuit
862 435 961 465 esse
989 435 1127 465 causa
1152 435 1261 466 suae
1282 421 1640 466 resurrectionis.

379 489 473 533 SED
493 501 689 532 CONTRA
707 498 787 542 est,
815 488 938 546 quod
965 488 1195 533 Dominus
1223 489 1330 533 dicit
1349 488 1480 547 Joan.
1515 502 1579 533 10.
1598 502 1608 532 ε
1636 489 1769 533 Nemo
1787 488 1896 533 tollit
1911 489 2101 534 am'mam-
2115 484 2253 533 naam

288 571 314 601 a
339 572 418 610 me,
445 556 511 599 sed
541 570 611 614 ego
633 563 744 631 por-zo
772 570 879 610 eam,
913 561 949 599 et
981 557 1132 600 iterum
1171 571 1288 600 sumo
1321 570 1447 600 eam:
1475 556 1553 599 sed
1589 554 1704 599 nihil
1738 564 1806 599 est
1842 554 1964 599 aliud
2002 566 2254 614 resurgere,

290 637 427 682 quam
453 624 614 666 iterato
643 623 844 666 animam
867 637 1072 679 sumere;
1106 637 1217 682 ergo
1249 623 1438 677 videtur,
1471 622 1593 682 quod
1632 622 1842 667 Christus
1882 622 2065 700 propria
2089 621 2255 666 virtute

288 692 591 734 resurrexerit.

379 757 667 801 RESPONDEO
695 757 954 812 dicendum,
973 757 1108 816 quod,
1127 758 1243 802 sicut
1268 771 1403 816 supra
1429 756 1599 801 dictum
1616 766 1681 801 est
1693 757 1754 814 (q.
1775 771 1843 815 50.
1865 761 1946 800 art.
1968 770 2008 801 2.
2026 762 2066 801 ct
2081 756 2157 815 3.),
2176 768 2258 815 per

289 834 486 868 mortem
513 839 607 868 non
633 823 716 868 fuit
742 835 947 883 separata
975 825 1183 868 divinitas
1209 839 1293 868 nec
1323 825 1375 867 ab
1401 825 1552 868 anima
1580 824 1765 878 Christi,
1791 837 1877 867 nec
1905 823 1959 867 ab
1986 823 2082 881 ejus
2101 836 2252 867 carne.

289 891 447 935 Potest
471 891 607 950 igitur
632 901 727 935 tam
766 892 919 935 anima
948 892 1120 936 Christi
1161 892 1346 946 mortui,
1378 906 1516 950 quam
1550 893 1646 950 ejus
1674 904 1781 934 caro
1816 890 2095 934 considerari
2118 890 2258 950 dupli-

290 961 423 1004 citer:
454 974 536 1002 uno
567 959 687 1003 modo
711 959 886 1003 ratione
914 959 1189 1004 divinitatis:
1218 959 1302 1003 αῖίο
1335 958 1455 1003 modo
1482 959 1658 1003 ratione
1681 958 1821 1017 ipsius
1847 967 2036 1002 naturae
2063 967 2256 1002 creatae.

292 1026 556 1070 Secundum
582 1026 719 1085 igitur
760 1027 912 1070 unitae
947 1027 1190 1070 divinitatis
1223 1026 1454 1080 virtutem,
1482 1036 1527 1070 et
1553 1040 1717 1085 corpus
1760 1025 2004 1084 resumpsit
2039 1025 2256 1081 animam,

292 1108 430 1153 quarn
457 1094 741 1152 deposuerat,
764 1104 809 1138 et
836 1094 988 1137 anima
1007 1108 1170 1153 corpus
1187 1094 1444 1152 resumpsit,
1468 1093 1590 1152 quod
1614 1093 1846 1137 dimiserat
1865 1107 1874 1136 :
1898 1102 1944 1137 et
1963 1093 2028 1136 sic
2047 1091 2256 1137 Christus

291 1160 473 1220 propria
498 1161 662 1205 virtute
688 1161 951 1205 resurrexit:
980 1171 1023 1205 et
1048 1161 1139 1204 hoc
1168 1171 1235 1204 est
1261 1161 1383 1219 quod
1410 1161 1465 1203 de
1493 1159 1680 1204 Christo
1708 1160 1871 1204 dicitur
1897 1173 1937 1204 2.
1965 1159 2021 1203 ad
2045 1157 2255 1204 Corinth.

291 1227 387 1282 ult,
401 1228 523 1287 quod
536 1230 606 1273 etsi
623 1229 848 1287 crucifixus
856 1235 911 1273 est
923 1244 972 1272 ex
990 1229 1236 1285 infirmitate
1257 1229 1454 1285 (nostra),
1472 1227 1539 1271 sed
1554 1229 1665 1271 vivit
1682 1243 1731 1272 ex
1747 1230 1902 1272 virtute
1918 1229 2016 1272 Dei.
2037 1227 2085 1272 Si
2103 1237 2258 1272 autem

292 1296 634 1340 consideremus
663 1310 841 1355 corpus,
861 1306 905 1339 et
928 1296 1130 1339 animam
1149 1295 1322 1339 Christi
1339 1295 1509 1339 mortui
1540 1295 1791 1338 secundum
1825 1295 2041 1338 virtutem
2065 1304 2255 1340 naturae

293 1373 487 1416 creatae,
514 1365 577 1406 sic
604 1377 698 1406 non
724 1371 968 1422 potuerunt
994 1362 1077 1406 sibi
1109 1361 1310 1405 invicem
1335 1360 1518 1414 reuniri,
1542 1361 1619 1404 sed
1647 1361 1850 1420 oportuit
1876 1359 2115 1405 Christum
2139 1373 2260 1406 resu-

293 1430 446 1474 scitari
467 1444 493 1473 a
519 1430 635 1473 Deo.

381 1498 457 1541 AD
489 1510 678 1542 PRIMUM
701 1511 810 1555 ergo
838 1496 1096 1550 dicendum,
1131 1495 1253 1554 quod
1290 1495 1452 1539 eadem
1490 1505 1559 1539 est
1591 1494 1744 1538 divina
1775 1494 1933 1549 virtus,
1969 1504 2014 1539 et
2049 1494 2257 1554 operatio

291 1564 451 1618 Patris,
479 1575 523 1608 et
545 1564 670 1607 Filii:
694 1564 812 1608 unde
839 1564 952 1607 haec
981 1564 1071 1607 duo
1089 1577 1187 1607 sese
1206 1573 1560 1622 consequuntur,
1579 1562 1702 1622 quod
1720 1561 1931 1607 Christus
1947 1561 2006 1607 sit
2020 1562 2260 1608 suscitatus

293 1632 445 1676 divina
470 1634 633 1675 virtute
659 1631 819 1684 Patris,
848 1641 892 1675 et
918 1632 986 1675 sui
1012 1631 1166 1689 ipsius.

382 1700 458 1743 AD
485 1711 746 1743 SECUNDUM
781 1698 1039 1752 dicendum,
1073 1697 1196 1757 quod
1230 1697 1440 1742 Christus
1474 1696 1648 1741 orando
1682 1696 1824 1756 petiit,
1857 1706 1903 1742 et
1931 1697 2100 1742 meruit
2128 1708 2259 1742 suam

291 1766 687 1820 resurrectionem,
718 1766 988 1824 inquantum
1015 1765 1176 1819 homo,
1202 1779 1298 1809 non
1326 1775 1476 1809 autem
1503 1765 1774 1823 inquantum
1800 1765 1941 1809 Deus.

381 1835 456 1878 AD
485 1846 701 1878 TERTmM
729 1833 987 1887 dicendum,
1015 1833 1138 1892 quod
1166 1847 1330 1892 corpus
1354 1832 1606 1876 secundum
1628 1842 1839 1876 naturam
1859 1841 2059 1877 creatam
2079 1842 2175 1877 non
2192 1842 2261 1877 est

291 1901 521 1961 potentius
545 1902 698 1945 anima
727 1900 923 1956 Christi3
952 1911 1019 1945 est
1035 1911 1190 1945 tamen
1213 1914 1265 1944 ea
1282 1900 1512 1959 potentius
1530 1900 1783 1944 secundum
1799 1899 2013 1944 virtutem
2030 1899 2258 1955 divinam3

292 1984 408 2028 quae
435 1971 573 2014 etiam
599 1983 751 2013 rursus
784 1969 1037 2013 secundum
1074 1968 1359 2013 divinitatem
1390 1968 1566 2012 unitam
1602 1976 1670 2012 est
1704 1968 1934 2026 potentior
1971 1980 2163 2028 corpore
2195 1981 2260 2013 se-

292 2037 490 2081 cundum
505 2046 714 2081 naturam
729 2046 945 2081 creatam:
964 2046 1008 2081 et
1024 2036 1129 2080 ideo
1142 2036 1395 2081 secundum
1411 2036 1624 2080 virtutem
1643 2035 1845 2079 divinam
1862 2049 2041 2095 corpus,
2050 2044 2095 2080 et
2105 2035 2260 2080 anirna

290 2114 451 2148 mutuo
479 2118 526 2149 se
553 2113 907 2164 resumpserunt,
932 2118 1027 2149 non
1050 2114 1203 2148 autem
1230 2103 1484 2149 secundum
1504 2103 1720 2148 virtutem
1745 2112 1936 2148 naturae
1962 2112 2157 2149 creatae.

1147 2256 1391 2263 ———

943 2374 1390 2452 QUAESTIO
1442 2373 1601 2434 LIV.

560 2529 648 2569 DE
696 2528 1103 2580 QUALITATE
1151 2529 1432 2570 CHRISTI
1478 2528 1987 2579 RESURGENTIS,

769 2619 834 2658 IN
867 2618 1155 2669 QUATUOR
1187 2618 1518 2658 ARTICULOS
1551 2618 1773 2659 DIVISA.

382 2749 561 2794 Deinde
588 2749 970 2793 considerandum
997 2759 1065 2793 est
1091 2749 1144 2793 de
1172 2748 1388 2807 qualitate
1415 2749 1587 2794 Christi
1613 2749 1908 2809 resurgentis..

878 2832 935 2876 Et
960 2833 1074 2876 circa
1101 2832 1174 2876 hoc
1200 2838 1458 2890 quaeruntur
1482 2838 1674 2890 quatuor.

382 2908 553 2952 Primo.
583 2907 749 2952 Utrum
778 2916 879 2966 post
901 2906 1281 2951 resurrectionem
1311 2906 1521 2951 Christus
1547 2907 1755 2951 habuerit
1779 2920 1939 2951 verum
1965 2919 2143 2968 corpus.

384 2975 613 3020 Secundo.
642 2975 808 3019 Utrum
834 2974 1126 3018 resurrexerit
1153 2988 1257 3017 cum
1286 2975 1492 3032 corporis
1517 2975 1790 3034 integritate.

385 3041 559 3086 Tertio.
580 3042 746 3086 Utrum
774 3055 936 3100 corpus
965 3043 1060 3099 ejus
1086 3040 1220 3085 fuerit
1246 3041 1514 3099 gloriosum.

387 3110 582 3163 Quarto.
614 3110 685 3154 De
704 3109 987 3154 cicatricibus
1013 3109 1059 3151 in
1088 3122 1279 3167 corpore
1307 3110 1402 3167 ejus
1426 3109 1758 3168 apparentibus.

1019 3255 1451 3313 ARTICULUS
1490 3256 1531 3311 Ι.

297 3381 491 3420 UTRUM
513 3381 780 3420 CHRISTUS
814 3379 954 3418 POST
981 3378 1474 3417 RESURRECTIONEM
1497 3376 1771 3416 HABUERIT
1804 3376 1992 3416 VERUM
2025 3374 2256 3415 CORPUS

776 3474 902 3533 (Infr.
930 3480 1013 3519 art.
1036 3489 1070 3532 3.
1099 3481 1211 3532 corp.
1238 3479 1278 3518 et
1302 3482 1437 3533 opusc.
1466 3473 1538 3518 60.
1565 3481 1655 3533 cap.
1682 3472 1788 3532 22..)

385 3581 461 3625 An
484 3593 670 3625 prunum
702 3579 767 3624 sic
802 3577 1074 3638 proceditur.
1106 3576 1311 3631 Videtur,
1344 3577 1467 3636 quod
1502 3578 1710 3622 Christus
1742 3586 1846 3636 post
1875 3575 2257 3622 resurrectionem

294 3661 389 3692 non
421 3647 629 3692 habuerit
654 3660 814 3691 verum
841 3658 1027 3705 corpus.
1054 3658 1214 3689 verum
1236 3643 1359 3689 enim
1387 3657 1552 3703 corpus
1578 3658 1671 3689 non
1697 3653 1847 3703 potest
1871 3642 2010 3689 simul
2032 3652 2256 3689 exsecuta

2344 2938 2352 2942 ·.
2336 2741 2352 2928 §zwzffiwsscs'kmssffw-
2343 2696 2352 2719 -ι,
2342 2636 2352 2668 »ιω
2347 2620 2352 2623 .
2348 2528 2352 2529 ,

2215 3373 2352 3926 ἐ
