2352 3926
276 270 348 324 70
842 265 1118 313 QUAESTIO
1159 266 1212 304 V.
1251 262 1558 305 ARTICULUS
1598 260 1655 300 11.

276 379 522 429 conceptus
550 378 618 414 est
643 370 815 413 semine
834 383 882 423 »3
909 378 954 413 et
992 368 1083 412 hoc
1122 368 1259 413 etiam
1295 366 1436 411 modo
1464 362 1664 408 Hilarius
1701 360 1887 420 exponit
1911 362 1958 406 in
1981 360 2058 406 lib.
2086 375 2152 407 10.
2174 361 2231 407 de

277 436 438 481 Trinit.
465 437 591 493 (inter
610 438 748 495 princ.
777 442 814 479 et
838 435 976 492 med..)

361 505 436 547 AD
463 516 721 548 SECUNDUM
748 502 1007 557 dicendum,
1033 502 1156 561 quod
1183 515 1303 556 caro,
1331 510 1375 544 et
1400 497 1584 556 sanguis
1616 509 1712 539 non
1745 494 2025 572 accipiuntur
2055 495 2129 540 ibi.
2147 509 2230 556 pro

273 571 521 615 substantia
547 570 705 623 carnis,
729 578 773 612 et
793 569 1040 628 sanguinis,
1062 569 1140 613 sed
1162 583 1244 627 pro
1269 566 1556 625 corruptione
1581 562 1741 616 carnis,
1768 571 1815 606 et
1833 562 2092 622 sanguinis:
2114 572 2232 627 quae

273 638 491 696 quidem'
481 652 526 680 m
550 635 736 680 Christo
759 650 853 679 non
874 635 956 680 fuit
978 646 1199 695 quantum
1222 634 1277 678 ad
1302 633 1508 691 culpam3
1534 629 1618 673 fuit
1639 638 1795 673 tamen
1818 627 1874 673 ad
1895 638 2076 688 tempus
2093 631 2234 689 quan-

270 715 368 748 tum
395 703 449 747 ad
476 717 688 762 poenam,
716 712 764 746 ut
790 716 903 761 opus
931 712 1113 747 nostrae
1141 700 1463 778 redemptionis
1491 695 1704 755 expleret

359 770 434 814 An
469 782 683 814 TERTIUM
711 769 968 823 dicendum,
989 769 1112 829 quod
1138 769 1228 811 hoc
1255 768 1404 826 ipsum
1432 765 1487 808 ad
1514 763 1765 808 maximam
1791 762 1883 808 Dei
1907 761 2106 822 gloriam
2137 776 2235 824 per-

269 839 394 891 tinet,
416 838 544 913 ‘quod
572 850 735 894 corpus
762 836 1007 890 infirmum,
1036 846 1080 880 et
1105 846 1333 879 terrenum
1357 833 1411 876 ad
1438 841 1613 876 tantam
1646 829 1972 876 sublimitatem
1998 825 2232 891 provexit3

270 904 423 948 unde'
414 919 459 947 111
486 903 715 963 Ephesina
739 903 928 963 Synodo
956 904 1080 962 (quae
1106 909 1161 946 est
1184 900 1385 960 generalis
1406 915 1442 958 3.
1465 905 1581 958 part.
1605 913 1644 942 2.
1668 904 1747 942 act.
1771 898 1827 956 1.)
1851 894 2018 956 legitur
2038 897 2230 942 verbum

270 971 428 1016 Sancti
456 970 707 1030 Theophili
732 970 945 1014 dicentis·
979 986 1001 1011 ι(
1023 968 1231 1021 Qualiter
1254 967 1480 1011 artificum
1507 965 1684 1025 optimi,
1710 979 1806 1009 non
1830 965 1878 1008 in
1902 964 2117 1024 pretiosis
2135 974 2234 1010 tan-

267 1049 365 1082 tum
389 1039 661 1083 materiebus
685 1048 829 1082 artem
852 1038 1168 1082 ostendentes
1159 1051 1203 1080 111
1223 1034 1524 1078 admiratione
1542 1042 1661 1087 sunt,
1679 1032 1759 1077 sed
1773 1031 2051 1077 vilissimum
2069 1031 2236 1087 lutum,

266 1116 311 1150 et
335 1116 501 1150 terram
528 1105 795 1149 dissolutam
821 1104 1087 1163 plerumque
1115 1112 1411 1156 assumentes,
1438 1115 1548 1145 suae
1571 1099 1839 1159 disciplinae
1866 1099 2232 1144 demonstrantes

265 1173 493 1226 virtutem,
521 1171 665 1216 multo
693 1172 841 1230 magis
868 1171 1129 1215 laudantur:
1157 1170 1219 1213 ita
1247 1169 1457 1214 omnium
1484 1170 1685 1226 optimus
1713 1165 1872 1211 artifex
1896 1165 1986 1210 Dei
2011 1164 2232 1223 Verbum,

267 1254 363 1284 non
397 1239 598 1298 aliquam
630 1239 877 1298 pretiosam
914 1237 1151 1281 materiam
1189 1235 1393 1295 corporis
1431 1235 1642 1279 coelestis
1680 1233 2027 1294 apprehendens
2064 1233 2123 1278 ad
2145 1246 2234 1279 nos

267 1307 512 1362 descendit,
539 1307 619 1351 sed
644 1308 690 1350 in
716 1306 813 1350 luto
841 1305 1202 1364 magnitudinem
1227 1317 1335 1348 suae
1364 1303 1469 1348 artis
1497 1302 1695 1348 ostendit
1720 1318 1761 1347 11.

2223 751 2244 772 Δ

984 1481 1416 1539 ARTICULUS
1460 1480 1561 1536 III.
1644 1506 1648 1511 ·
2112 1543 2115 1545 ,
2177 1510 2226 1558 35

655 1618 844 1657 UTRUM
875 1618 1048 1655 FILIUS
1083 1618 1177 1655 DEI
1209 1617 1576 1658 ASSUMPSERIT
1609 1616 1844 1656 ANIMAM.

389 1729 443 1788 (3.
470 1729 579 1772 Dist.
607 1742 647 1773 2.
673 1742 710 1786 q
733 1743 768 1772 1.
796 1734 876 1772 art.
898 1743 935 1787 3.
970 1743 1007 1786 q.
1035 1742 1074 1772 2.
1101 1733 1139 1772 et
1164 1727 1237 1772 lib.
1262 1741 1305 1784 4.
1336 1727 1483 1773 Contr.
1508 1742 1547 1786 g.
1575 1735 1668 1787 cap.
1690 1741 1756 1786 32.
1777 1739 1844 1786 34.
1865 1739 1925 1787 35.
1947 1740 2012 1787 37.
2034 1739 2108 1786 41.

722 1801 758 1839 et
792 1795 899 1839 Veri.
927 1809 964 1853 q.
992 1810 1061 1841 20.
1090 1801 1173 1842 art.
1198 1810 1234 1840 1.
1262 1801 1301 1840 et
1326 1803 1461 1855 opusc.
1487 1809 1527 1840 2.
1555 1802 1646 1854 cap.
1671 1807 1771 1840 211.

362 1908 436 1951 AD
471 1920 686 1952 TERTmM
712 1907 775 1951 sic
802 1908 1073 1966 proceditur.
1106 1909 1309 1964 Videtur,
1338 1909 1461 1968 quod
1495 1907 1635 1952 Filius
1672 1907 1763 1952 Dei
1798 1906 2002 1952 animam
2036 1920 2232 1954 nonas·-

269 1976 527 2033 sumpserit:
549 1975 746 2033 Joannes
773 1975 896 2019 enim
921 1976 1245 2021 incarnationis
1272 1976 1542 2036 mysterium
1565 1974 1750 2020 tradens
1776 1974 1888 2020 dixit
1906 1974 2019 2034 (1.).·
2049 1975 2230 2021 Verbum

269 2056 366 2086 caro
396 2043 556 2098 factum
581 2048 654 2096 est,
679 2041 806 2085 nulla
831 2041 950 2087 facta
976 2043 1030 2087 de
1059 2044 1211 2087 anima
1239 2043 1496 2089 mentione:
1530 2057 1626 2087 non
1659 2053 1814 2087 autem
1839 2041 2004 2087 dicitur
2027 2046 2153 2088 caro'
2160 2041 2223 2088 fa·

271 2119 410 2163 ctum,
439 2123 493 2153 eo
521 2109 642 2167 quod
668 2109 726 2153 sit
750 2109 796 2152 in
823 2124 1008 2153 carnem
1042 2125 1330 2166 conversum,
1363 2111 1442 2156 sed
1474 2110 1580 2170 quia
1613 2124 1800 2155 carnem
1831 2109 2116 2221 assumpsit3
2108 2113 2225 2156 non

272 2190 381 2234 ergo
408 2176 584 2220 videtur
610 2177 905 2235 assumpsisse
933 2178 1148 2223 animam.

361 2255 401 2286 2.
428 2243 723 2287 PRAETEREA.
750 2244 920 2287 Anima
945 2246 1201 2289 necessaria
1229 2256 1296 2290 est
1323 2246 1519 2306 corpori,
1547 2245 1603 2290 ad
1627 2245 1720 2290 hoc
1748 2244 1872 2304 quod
1897 2258 1977 2306 per
2000 2244 2239 2291 1111111νᾶνί-

272 2309 451 2354 ficetur:
475 2310 554 2354 sed
576 2310 631 2353 ad
653 2310 743 2354 hoc
764 2325 857 2354 non
879 2310 962 2356 fuit
981 2314 1235 2357 necessaria
1260 2315 1442 2373 corpori
1466 2313 1653 2368 Christi,
1675 2322 1726 2357 ut
1745 2312 1936 2372 videtur,
1963 2326 2071 2373 qma
2084 2326 2237 2373 ipsum

273 2376 477 2420 Verbum
502 2377 591 2420 Dei
617 2387 696 2431 est,
723 2377 778 2421 de
797 2387 893 2436 'quo
922 2379 1119 2423 dicitur
1108 2396 1154 2424 111
1180 2380 1299 2425 Psal.
1332 2394 1424 2440 35.:
1447 2382 1646 2436 Domine,
1681 2379 1794 2441 apud
1819 2386 1854 2425 te
1889 2386 1944 2426 est
1968 2380 2070 2440 fons
2094 2381 2236 2435 vitem

274 2443 549 2503 superfluum
575 2458 684 2502 ergo
711 2443 867 2489 fuisset
903 2447 1103 2491 animam
1142 2448 1312 2503 adesse,
1349 2448 1505 2493 Verbo
1537 2456 1798 2507 praesente:
1831 2447 1959 2494 Deus
1991 2456 2161 2503 aunem,
2182 2457 2239 2492 vet

273 2521 433 2555 natura
464 2511 579 2555 nihil
609 2510 771 2556 frustra
801 2511 984 2567 faciunt,
1013 2525 1061 2559 ut
1087 2515 1226 2559 etiam
1252 2515 1424 2560 Philos.
1453 2515 1562 2560 dicit
1586 2516 1633 2560 in
1663 2529 1699 2560 1.
1729 2514 1784 2559 de
1804 2513 1959 2560 ‘Coelo
1986 2514 2087 2574 (τά.
2111 2529 2177 2575 32.
2198 2521 2239 2561 et

274 2578 344 2623 lib.
373 2593 413 2623 2.
441 2584 518 2622 tex.
540 2580 644 2637 59),
674 2593 782 2637 ergo
815 2580 1005 2634 videtur,
1039 2583 1160 2640 quod
1193 2583 1331 2627 Filius
1364 2583 1454 2627 Dei
1486 2583 1689 2627 animam
1720 2596 1816 2627 non
1849 2582 2172 2642 assumpserit..

369 2659 405 2704 3.
424 2646 719 2690 PRAETEREA.
747 2646 812 2690 Ex
840 2648 1008 2692 unione
1042 2650 1221 2694 animae
1256 2651 1309 2694 ad
1345 2665 1509 2711 corpus
1543 2650 1833 2695 constituitur
1850 2659 2012 2694 natura
2032 2663 2240 2695 commua.

274 2714 360 2766 nis,
393 2726 508 2771 quae
541 2723 609 2757 est
639 2713 812 2771 species
844 2714 1065 2761 humana:
1113 2733 1136 2758 «
1163 2718 1213 2761 In
1255 2718 1461 2762 Domino
1496 2728 1648 2763 autern
1675 2717 1781 2776 Jesu
1815 2716 2001 2762 Christo
2042 2730 2139 2762 non
2169 2726 2239 2763 est

275 2792 572 2824 communem
598 2780 796 2838 speciem
825 2782 1028 2840 accipere
1046 2801 1087 2838 n,
1115 2794 1163 2828 ut
1187 2786 1503 2830 Damascenus
1530 2785 1637 2830 dicit
1662 2785 1710 2829 in
1738 2799 1777 2843 3.
1803 2783 1880 2829 lib.
1903 2783 2108 2844 (Orthod.
2132 2783 2233 2830 Fid.

274 2854 367 2907 cap.
395 2846 472 2906 3.),·
505 2861 599 2890 non
631 2847 768 2906 igitur
800 2850 1040 2908 assumpsit
1073 2851 1288 2897 animam.

309 2926 312 2930 ’
365 2914 460 2959 San
488 2926 682 2959 CONTRA
725 2924 804 2968 est,
838 2916 959 2973 quod
992 2917 1272 2976 Augustinus
1315 2919 1423 2963 dicit
1463 2920 1509 2963 in
1551 2919 1627 2964 lib.
1671 2919 1728 2964 de
1766 2919 1933 2979 Agone
1972 2917 2236 2964 Christiano

274 2982 388 3042 (cap.
415 2981 529 3038 21.):
561 2997 584 3022 «
609 2981 716 3025 Non
744 2995 823 3025 eos
851 2982 1102 3038 audiamus,
1130 2986 1206 3043 qui
1231 2985 1382 3030 solum
1403 2987 1660 3031 humanum
1682 3000 1847 3046 corpus
1870 2985 2028 3031 dicunt
2049 2998 2147 3031 esse
2168 2998 2239 3030 su-

274 3059 479 3108 sceptum
514 3062 539 3092 a
570 3047 723 3092 Verbo
756 3048 867 3102 Dei3
902 3059 946 3094 et
976 3050 1039 3094 sic
1074 3053 1272 3106 audiunt,
1316 3055 1438 3113 quod
1481 3054 1653 3099 dictum
1687 3064 1773 3099 est:
1817 3054 1996 3099 Verbum
2036 3066 2137 3099 caro
2167 3054 2239 3113 fa·

271 3123 383 3161 ctum
408 3122 477 3170 est,
512 3124 559 3159 ut
592 3126 759 3174 negent
802 3115 931 3159 illurn
979 3117 1218 3163 hominem
1250 3120 1324 3164 vel
1357 3121 1574 3176 animam,
1606 3121 1682 3167 vel
1708 3121 1878 3182 aliquid
1916 3120 2120 3167 hominis
2159 3120 2238 3166 ha-

271 3183 437 3237 buisse,
469 3182 558 3227 nisi
589 3196 773 3226 carnem
806 3183 1014 3227 solam».

362 3249 649 3295 Responnno
676 3249 935 3305 dicendum,
963 3252 1099 3310 quod,
1126 3252 1241 3296 sicut
1267 3254 1375 3298 dicit
1390 3255 1701 3315 Augustinus·
1689 3272 1736 3301 in
1752 3255 1869 3302 libro
1886 3255 1944 3302 de
1961 3254 2237 3302 linei-esibus

271 3317 451 3375 (haeresi
481 3331 553 3376 49.
587 3323 623 3362 et
641 3331 684 3376 55
689 3317 738 3374 .),
757 3318 911 3378 opinio
941 3317 1024 3362 fuit
1045 3319 1193 3377 primo
1218 3320 1401 3378 quidem
1433 3323 1544 3377 Arii,
1562 3334 1607 3368 et
1623 3333 1793 3383 postea
1786 3322 2093 3385 Apollinaris,
2112 3322 2236 3384 quod

272 3383 410 3429 Filius
442 3384 530 3429 Dei
551 3382 699 3429 solam
722 3398 906 3429 carnem
934 3388 1177 3444 assumpsit
1203 3387 1370 3446 absque
1393 3389 1560 3443 anima,
1587 3392 1855 3449 ponentium
1882 3389 2006 3452 quod
2029 3389 2236 3436 Verbum

270 3449 403 3496 fuerit
435 3453 558 3496 carni
589 3451 695 3496 loco
729 3452 931 3508 animae;
965 3466 1019 3497 ex
1052 3467 1142 3512 quo
1175 3454 1460 3531 sequebatur,
1486 3458 1608 3515 quod
1641 3459 1686 3502 in
1720 3458 1908 3504 Christo
1939 3472 2035 3505 non
2066 3457 2237 3504 fuerint

271 3517 386 3562 duae
419 3529 622 3574 naturae,
649 3518 727 3563 sed
760 3533 850 3564 una
874 3530 1072 3574 tantum;
1099 3534 1152 3564 ex
1180 3521 1331 3565 anima
1354 3523 1490 3577 enim,
1514 3534 1558 3567 et
1581 3538 1715 3570 came
1741 3540 1832 3571 una
1851 3536 2013 3572 natum
2033 3524 2237 3571 humana

273 3585 582 3630 constituitur:
617 3586 693 3631 sed
726 3585 842 3632 haec
875 3586 1042 3664 positio
1074 3597 1192 3631 stare
1225 3601 1318 3632 non
1351 3599 1500 3647 potest
1526 3602 1708 3649 propter
1729 3595 1839 3639 tria.-
1861 3595 2009 3655 primo
2033 3592 2235 3654 quidem,

272 3651 377 3710 quia
411 3662 632 3713 repugnat
663 3654 920 3699 auctoritati
953 3654 1228 3714 scripturae,
1260 3655 1306 3699 in
1338 3670 1427 3715 qua
1464 3657 1691 3703 Dominus
1724 3660 1780 3704 de
1811 3673 1893 3705 sua
1933 3661 2086 3707 anima
2126 3658 2236 3706 facit
