2352 3926
4 3567 8 3577 υ
0 3371 15 3550 «ν”κκί-εξωέ
0 3288 4 3304 ’-

621 188 897 236 QUAESTIO
935 188 1121 227 Lxxtx.
1161 179 1471 228 ARthums
1509 184 1605 225 v11.
1999 184 2104 239 715

141 293 279 339 simul
302 293 349 338 in
375 307 466 338 una
493 293 632 338 missa
658 292 825 338 multas
849 292 1024 338 hostias
1057 299 1346 336 consecratas
1372 298 1537 342 sumat,
1570 279 1859 347 participabit
1882 286 2109 344 majorem

141 359 355 406 effectum
382 360 669 405 sacramenti.
703 361 754 404 In
781 360 982 419 pluribus
1007 373 1117 404 vero
1145 358 1294 403 missis
1321 355 1648 416 multiplicatur
1673 353 1884 399 sacrificii
1909 352 2108 398 oblatio:

142 433 188 474 et
210 428 315 474 ideo
342 427 670 488 multiplicatur
693 426 879 473 effectus
906 426 1131 480 sacrificii,
1157 434 1202 470 et
1227 423 1515 470 sacramenti.

823 632 1259 693 ARTICULUS
1310 633 1466 689 VIII.
2019 654 2109 700 477

300 768 495 809 UTRUM
534 770 634 809 PER
670 768 905 810 VENIALE
938 767 1239 807 PECCATUM
1271 766 1613 806 IMPEDIATUR
1644 764 1923 805 EFFECTUS

827 850 992 905 HUJUS
1035 849 1402 889 SACRAMENTI.

543 969 607 1027 (4.
624 969 735 1013 Dist.
754 982 817 1013 12.
836 983 874 1027 q.
893 982 932 1013 2.
951 973 1033 1012 art.
1051 984 1086 1013 1.
1115 982 1153 1026 q.
1172 982 1208 1027 3.
1227 973 1266 1012 et
1281 972 1363 1012 art.
1381 981 1419 1011 2.
1433 981 1483 1026 q.
1506 981 1541 1011 1.
1559 965 1614 1010 ad
1629 967 1708 1024 2.).

231 1093 308 1139 AD
331 1106 568 1139 OCTAVUM
595 1094 659 1138 sic
676 1093 947 1153 proceditur.
965 1093 1172 1147 Videtur,
1189 1092 1314 1152 quod
1348 1106 1429 1152 per
1452 1090 1631 1135 veniale
1656 1098 1896 1149 peccatum
1918 1103 2014 1133 non
2035 1088 2118 1132 im-

143 1160 351 1221 pediatur
368 1159 553 1205 effectus
570 1161 705 1219 hujus
731 1161 1028 1206 sacramenti:
1057 1159 1166 1204 dicit
1182 1159 1305 1204 enim
1322 1157 1606 1218 Augustinus
1623 1172 1755 1217 super
1771 1157 1882 1201 illud
1896 1157 2027 1215 Joan.
2047 1154 2114 1200 6.:

143 1229 284 1273 Patres
307 1229 436 1273 vestri
460 1227 828 1273 manducaverunt
853 1242 1011 1272 manna
1039 1227 1179 1285 (tract.
1202 1227 1273 1272 26.
1307 1228 1352 1270 in
1372 1227 1497 1283 Joan.
1525 1239 1551 1270 a
1572 1225 1696 1283 med.)
1714 1241 1728 1269 .·
1759 1240 1782 1266 «
1809 1225 1985 1268 Panem
2013 1236 2114 1267 coe-

141 1295 305 1340 lestem
347 1294 637 1354 spiritualiter
668 1295 968 1350 manducate3
999 1294 1314 1339 innocentiam
1347 1294 1403 1337 ad
1441 1292 1583 1338 altare
1616 1301 1876 1352 apportate;
1909 1300 2112 1351 peccata,

144 1363 228 1407 etsi
258 1372 365 1407 sunt
390 1362 669 1422 quotidiana,
694 1377 791 1407 non
816 1363 904 1407 sint
931 1360 1165 1406 mortifera
1190 1375 1243 1416 »3
1271 1375 1325 1407 ex
1351 1374 1443 1420 quo
1471 1370 1608 1420 patet,
1634 1359 1758 1419 quod
1782 1358 1980 1403 venialia
2011 1371 2113 1417 pec-

142 1438 258 1483 cata,
284 1443 401 1488 quae
427 1429 691 1489 quotidiana
717 1429 942 1483 dicuntur,
969 1428 1252 1488 spiritualem
1277 1428 1684 1471 manducationem
1709 1440 1803 1470 non
1830 1425 2110 1485 impediunt:

143 1496 223 1541 sed
246 1496 537 1555 spiritualiter
554 1497 880 1541 manducantes
899 1495 1114 1540 effectum
1130 1496 1267 1554 hujus
1289 1494 1565 1539 sacramenti
1586 1493 1860 1554 percipiunt;
1884 1506 1995 1552 ergo
2018 1505 2121 1551 pec-

143 1573 245 1609 cata
269 1563 468 1608 venialia
492 1577 587 1608 non
612 1564 866 1622 impediunt
892 1562 1107 1608 effectum
1132 1563 1267 1622 hujus
1294 1562 1582 1607 sacramenti.

233 1643 274 1675 2.
300 1631 598 1677 PRAETEREA.
626 1631 728 1676 Hoc
756 1640 1093 1676 sacramentum
1125 1645 1221 1675 non
1261 1640 1330 1675 est
1360 1630 1552 1674 minoris
1580 1629 1773 1683 virtutis,
1797 1642 1937 1688 quam
1954 1627 2119 1687 baptis-

143 1712 271 1743 mus:
299 1698 378 1743 sed
405 1697 620 1744 effectum
651 1699 879 1758 baptismi,
908 1698 1025 1743 sicut
1050 1712 1185 1757 supra
1218 1698 1389 1742 dictum
1419 1707 1487 1741 est
1511 1697 1572 1756 (q.
1597 1697 1669 1756 69.
1697 1702 1779 1741 art.
1813 1697 1894 1755 9.),
1921 1694 2115 1755 impedit

144 1765 244 1811 sola
269 1765 409 1820 fictio,
442 1765 499 1809 ad
531 1780 669 1825 quam
701 1780 797 1810 non
822 1766 1051 1826 pertinent
1081 1775 1271 1824 peccata
1295 1764 1519 1819 venialia3
1551 1764 1671 1823 quia,
1703 1763 1821 1808 sicut
1847 1763 1954 1822 Sap.
1986 1776 2023 1806 1.
2051 1762 2112 1806 di-

144 1834 282 1879 citur:
307 1834 492 1895 Spiritus
511 1827 690 1879 Sanctus¹
706 1833 945 1894 disciplinae
978 1833 1137 1892 effugiet
1165 1834 1323 1890 fictum,
1352 1832 1428 1891 qui
1454 1842 1610 1876 tamen
1643 1845 1724 1889 per
1749 1840 1940 1890 peccata
1964 1829 2116 1875 venia-

142 1900 204 1946 lia
234 1914 330 1946 non
357 1899 565 1960 fugatur3
592 1915 704 1961 ergo
734 1914 884 1961 neque
917 1899 1133 1945 effectum
1164 1900 1298 1959 huius
1332 1898 1608 1944 sacramenti
1639 1898 1894 1958 impediunt
1924 1906 2115 1957 peccata

143 1968 357 2015 venialia.
1351 1976 1353 1978 ’

238 2049 277 2095 3.
303 2035 600 2081 Pus-mnu.
613 2035 744 2080 Nihil
759 2036 883 2095 quod
900 2045 1163 2080 removetur
1187 2049 1269 2094 per
1294 2034 1526 2079 actionem
1554 2033 1745 2091 alicujus
1768 2046 1947 2089 causae,
1969 2042 2121 2091 potest

144 2102 367 2162 impedire
394 2103 489 2160 ejus
515 2101 752 2147 effectum:
782 2104 859 2147 sed
876 2113 1067 2162 peccata
1087 2101 1286 2147 venialia
1307 2101 1529 2146 tolluntur
1551 2115 1630 2161 per
1651 2100 1742 2145 hoc
1761 2109 2116 2155 sacramentum,

145 2184 256 2229 ergo
282 2183 377 2214 non
402 2169 658 2228 impediunt
683 2171 778 2228 ejus
806 2169 1035 2214 effectum.

237 2237 332 2282 SED
360 2248 556 2282 CONTRA
584 2246 665 2291 est,
685 2237 806 2296 quod
834 2237 1050 2281 Damasc.
1070 2236 1179 2281 dicit
1203 2236 1249 2280 in
1266 2247 1308 2291 4.
1331 2235 1407 2280 lib.
1427 2235 1574 2293 (Orth.
1593 2235 1687 2280 Fid.
1716 2243 1808 2295 cap.
1826 2248 1892 2293 14.
1911 2249 1938 2279 a
1962 2233 2089 2291 med.)
2104 2246 2119 2276 .·

149 2321 173 2347 α
205 2304 329 2364 Ignis
362 2305 472 2363 ejus,
505 2304 629 2363 quod
659 2304 706 2347 in
737 2304 869 2348 nobis
903 2314 984 2358 est,
1020 2303 1244 2357 desiderii,
1279 2316 1515 2347 assumens
1543 2316 1661 2357 eam,
1688 2316 1804 2362 quae
1831 2315 1886 2346 ex
1918 2302 2118 2346 carbone

145 2372 284 2430 (idest
309 2385 362 2416 ex
382 2371 475 2416 hoc
501 2371 812 2429 sacramento)
839 2371 1127 2430 ignitionem,
1155 2370 1394 2414 comburat
1418 2380 1576 2414 nostra
1601 2379 1805 2429 peccata,
1824 2379 1869 2414 et
1890 2368 2121 2414 illuminet

147 2439 286 2483 corda
310 2448 483 2493 nostra,
514 2447 563 2483 ut
593 2438 941 2498 participatione
974 2438 1115 2482 divini
1150 2437 1269 2497 ignis
1305 2437 1549 2497 igniamur,
1587 2446 1631 2481 et
1667 2435 1934 2481 deificemur
1960 2451 2012 2480 »z
2040 2436 2119 2480 sed

146 2505 264 2565 ignis
288 2505 433 2550 nostri
458 2506 684 2560 desiderii,
710 2505 784 2550 vel
811 2506 981 2550 amoris
1007 2505 1253 2565 impeditur
1274 2519 1355 2563 per
1380 2514 1569 2563 peccata
1595 2503 1808 2558 venialia,
1835 2517 1952 2563 quae
1978 2503 2119 2563 impe-

147 2572 277 2617 diunt
299 2572 527 2618 fervorem
554 2573 799 2628 charitatis,
825 2583 875 2617 ut
900 2573 947 2617 in
975 2586 1014 2617 2.
1041 2573 1250 2617 habitum
1277 2582 1344 2616 est
1371 2572 1471 2629 (1-2.
1490 2587 1527 2631 q.
1551 2573 1615 2618 81.
1634 2577 1716 2616 art.
1743 2585 1785 2629 4.
1809 2577 1846 2616 et
1866 2586 1955 2616 2·2.
1982 2586 2021 2630 q.
2048 2584 2119 2628 24.

148 2646 230 2686 art.
258 2639 369 2696 10.),·
395 2653 505 2699 ergo
530 2649 718 2699 peccata
739 2640 934 2684 venialia
955 2640 1210 2699 impediunt
1237 2638 1452 2683 effectum
1474 2639 1608 2697 hujus
1636 2638 1923 2683 sacramenti.

238 2706 532 2752 Rsssponneo·
569 2707 827 2763 dicendum,
869 2708 991 2767 quod
1023 2717 1214 2766 peccata
1239 2706 1437 2750 venialia
1469 2706 1689 2766 dupliciter
1725 2705 1871 2764 accipi
1903 2714 2117 2764 possunt:

147 2788 231 2820 uno
263 2773 399 2827 modo,
428 2782 562 2832 prout
591 2784 695 2818 sunt
720 2775 983 2834 praeterita:
1011 2775 1094 2818 alio
1127 2774 1264 2829 modo,
1299 2782 1434 2833 prout
1459 2784 1562 2818 sunt
1589 2784 1693 2817 actu
1721 2772 1918 2816 exercita
1931 2772 2118 2832 :fprimo

148 2841 333 2902 quidem
361 2841 502 2884 modo
530 2850 719 2898 peccata
745 2840 939 2886 venialia
965 2840 1094 2885 nullo
1122 2841 1264 2885 modo
1286 2841 1543 2900 impediunt
1570 2839 1785 2884 effectum
1811 2839 1946 2897 hujus
1972 2853 2121 2883 sacra·

148 2908 313 2963 menti;
339 2917 487 2968 potest
514 2907 637 2951 enim
665 2908 944 2967 contingere,
963 2908 1085 2968 quod
1105 2907 1265 2967 aliquis
1282 2918 1385 2967 post
1402 2907 1546 2951 multa
1564 2916 1750 2966 peccata
1776 2905 1974 2950 venialia
1998 2920 2123 2950 com-

149 2976 290 3020 missa
302 2975 466 3019 devote
485 2974 674 3019 accedat
692 2974 747 3018 ad
760 2975 851 3019 hoc
864 2985 1218 3029 sacramentum,
1237 2985 1281 3019 et
1297 2974 1498 3033 plenarie
1517 2974 1652 3032 hujus
1670 2974 1944 3017 sacramenti
1964 2987 2124 3018 conse-

149 3051 311 3103 quatur
328 3041 565 3086 effectum:
584 3042 785 3086 secundo
804 3052 956 3086 autem
975 3043 1116 3086 modo
1140 3051 1328 3101 peccata
1342 3041 1539 3086 venialia
1557 3055 1650 3085 non
1668 3055 1723 3085 ex
1744 3050 1843 3085 toto
1867 3041 2122 3100 impediunt

148 3109 284 3169 hujus
308 3109 582 3154 sacramenti
608 3107 835 3163 effectum,
858 3108 936 3153 sed
962 3110 1008 3153 in
1035 3119 1185 3169 parte3
1212 3109 1386 3153 dictum
1409 3119 1477 3152 est
1494 3109 1616 3152 enim
1641 3108 1745 3166 (art.
1764 3123 1796 3153 1.
1817 3114 1909 3152 eta.
1933 3108 2020 3167 huj.
2039 3108 2118 3167 q.)‚

151 3176 274 3236 quod
301 3173 487 3220 effectus
513 3176 648 3234 hujus
675 3176 948 3220 sacramenti
973 3190 1067 3220 non
1094 3176 1247 3220 solum
1270 3186 1337 3219 est
1364 3175 1543 3234 adeptio
1566 3173 1809 3218 habitualis
1832 3174 2016 3234 gratiae,
2042 3174 2117 3220 vel

153 3242 400 3298 charitatis,
432 3243 510 3287 sed
545 3242 683 3286 etiam
720 3242 943 3300 quaedam
977 3243 1166 3288 actualis
1197 3242 1385 3287 refectio
1419 3242 1661 3300 spiritualis
1695 3240 1970 3296 dulcedinis;
2005 3255 2121 3301 quae

153 3309 338 3369 quidem
363 3309 621 3369 impeditur,
654 3309 692 3353 si
725 3308 884 3368 aliquis
917 3310 1106 3355 accedat
1137 3310 1193 3353 ad
1225 3309 1317 3353 hoc
1350 3318 1688 3353 sacramentum
1722 3323 1802 3367 per
1833 3318 2023 3368 peccata
2047 3323 2120 3353 ve-

152 3375 291 3421 nialia
306 3387 459 3421 mente
477 3376 738 3421 distractus:
765 3389 860 3419 non
887 3386 1041 3421 autem
1065 3376 1240 3421 tollitur
1260 3385 1558 3434 augmentum
1576 3375 1819 3419 habitualis
1837 3375 2025 3434 gratiae,
2045 3375 2120 3421 vel

155 3442 400 3489 charitatis.

242 3510 319 3556 AD
349 3516 538 3557 PmMUM
565 3524 674 3570 ergo
701 3509 960 3564 dicendum,
987 3511 1110 3570 quod
1144 3510 1221 3555 ille
1257 3508 1334 3570 qui
1361 3523 1468 3554 cum
1495 3520 1599 3554 actu
1631 3508 1824 3554 venialis
1850 3509 2028 3569 peccati
2062 3511 2119 3556 ad

154 3577 247 3623 hoc
273 3588 609 3624 sacramentum
647 3578 836 3633 accedit,
871 3576 1162 3624 habitualiter
1195 3578 1382 3637 quidem
1419 3577 1665 3623 manducat
1699 3577 2006 3638 spiritualiter,
2037 3578 2118 3623 sed
