2352 3926
2142 12 2145 18 Α
2156 0 2165 4 ·’
2194 0 2352 25 iamt&

323 279 427 350 368
866 293 1145 340 QUAEsrro
1187 294 1332 332 xuv.
1373 294 1683 334 Ani-mutus
1722 294 1779 334 11.

320 397 564 457 ruptibilia,
591 406 636 440 et
662 392 975 450 inalterabili'a‚
1002 406 1052 440 ut
1083 397 1300 455 probatur
1331 397 1377 440 in
1416 410 1450 440 1.
1479 396 1534 440 de
1554 395 1703 441 Coelo
1733 395 1830 452 (tex.
1857 412 1928 444 20.
1954 404 1994 443 et
2015 398 2146 459 sgq.),·
2174 413 2285 458 ergo

318 479 411 508 non
439 464 521 507 fuit
548 463 842 517 conveniens,
870 473 919 507 ut
940 478 1019 522 per
1047 463 1285 508 Christum
1312 463 1441 507 fieret
1474 463 1623 522 aliqua
1649 464 1909 508 immutatio
1937 465 2058 510 circa
2076 466 2284 525 ordimem

319 531 589 576 coelestium
623 545 885 589 corporum.
2100 587 2102 589 ‚
2189 571 2194 574 .

408 611 447 641 2.
467 599 764 642 PRAETEREA.
791 597 1054 641 Secundum
1082 607 1263 641 motum
1289 597 1559 642 coelestium
1584 610 1831 656 corporum
1848 608 2110 658 temporum
2128 614 2286 646 cursus

317 667 624 723 designantur,
651 665 903 709 secundum
931 664 1042 708 illud
1071 665 1238 710 Genes.
1271 679 1328 710 1.:
1358 667 1484 710 Fiant
1501 666 1734 708 luminaria
1759 667 1804 708 in
1827 666 2089 721 firmamento
2114 668 2234 723 coeli,
2250 674 2288 713 at

313 735 396 777 sint
421 735 465 776 in
488 734 623 790 signa,
653 739 688 776 et
715 739 916 790 tempora,
946 738 982 776 et
1017 732 1113 787 dies,
1141 739 1179 777 et
1209 747 1365 776 annos:
1398 733 1461 776 sic
1497 746 1621 790 ergo,
1650 742 1826 776 mutato
1860 747 1993 777 cursu
2017 733 2288 779 coelestium

315 814 578 859 corporum,
605 809 805 843 mutatur
829 809 1093 858 temporum
1126 800 1372 853 distinctio,
1399 809 1443 843 et
1470 799 1606 842 ordo:
1636 799 1714 842 sed
1746 813 1840 843 non
1873 799 2039 858 legitur
2070 801 2160 845 hoc
2188 814 2286 846 esse

314 878 581 926 perceptum
610 867 662 909 ab
692 865 948 925 astrologis,
976 866 1054 925 qui
1080 867 1412 926 contemplantur
1443 866 1591 919 sidera,
1619 872 1654 910 et
1680 872 1922 925 computant
1945 883 2109 922 menses,
2142 878 2194 912 ut
2222 868 2287 912 di·

315 934 431 978 citur
456 934 542 977 Isa.
568 946 666 991 47.;
694 948 804 992 ergo
844 934 1034 987 videtur,
1077 934 1199 992 quod
1225 948 1305 992 per
1332 933 1570 977 Christum
1610 947 1705 977 non
1737 933 1872 978 fuerit
1905 933 2057 994 aliqua
2093 935 2286 980 mutatio

314 1000 434 1046 facta
462 1001 582 1044 circa
609 1015 793 1044 cursum
821 1000 1090 1044 coelestium
1117 1014 1378 1060 corporum.

410 1083 446 1127 3.
481 1068 779 1113 PRAETEREA.
814 1068 962 1125 Magis
990 1068 1280 1126 competebat
1307 1067 1495 1111 Christo
1523 1078 1570 1110 ut
1596 1066 1767 1111 faceret
1791 1068 2014 1113 miracula
2038 1069 2210 1124 vivens,
2243 1080 2288 1114 et

316 1135 502 1189 docens,
530 1150 668 1194 quam
697 1135 925 1178 moriens:
953 1145 1050 1177 tum
1078 1135 1196 1192 quia,
1224 1143 1272 1177 ut
1298 1134 1460 1177 dicitur
1489 1147 1528 1177 2.
1558 1135 1611 1177 ad
1641 1135 1749 1178 Cor.
1778 1135 1880 1178 ult.:
1912 1137 2146 1194 Crucifixus
2165 1144 2287 1182 estex

314 1204 573 1262 infirmitate,
601 1203 666 1247 sed
690 1204 800 1245 vivit
826 1217 874 1246 ex
898 1203 1051 1246 virtute
1078 1203 1176 1254 Dei,
1212 1202 1465 1245 secundum
1507 1216 1645 1259 quam
1688 1201 2154 1248 miraculafaciebat:
2185 1213 2285 1247 tum

315 1270 454 1314 etiam
482 1270 587 1329 quia
614 1271 709 1326 ejus
738 1269 958 1312 miracula
984 1269 1298 1312 confirmativa
1323 1278 1453 1311 erant
1482 1269 1717 1312 doctrinae
1741 1269 1904 1326 ipsius:
1923 1270 1999 1313 sed
2022 1270 2069 1313 in
2089 1270 2183 1314 vita
2203 1285 2286 1315 sua

313 1351 408 1381 non
434 1337 601 1395 legitur
615 1336 824 1380 Christus
839 1336 1023 1394 aliquod
1051 1335 1324 1378 miraculum
1354 1336 1473 1378 circa
1500 1336 1716 1378 coelestia
1739 1350 1932 1394 corpora
1953 1335 2138 1382 fecisse:
2157 1338 2286 1397 quin·

312 1403 459 1448 immo
487 1404 737 1463 pharisaeis
764 1404 1019 1462 petentibus
1048 1403 1100 1445 ab
1131 1417 1185 1445 eo
1210 1403 1390 1459 signum
1415 1402 1469 1445 de
1494 1402 1642 1455 coelo,
1669 1403 1735 1448 eis
1763 1403 1868 1446 dare
1897 1405 2061 1457 renuit,
2083 1415 2135 1448 ut
2152 1405 2287 1450 habe-

311 1482 385 1515 tur
410 1472 571 1515 Matth.
606 1484 670 1514 12.
700 1480 744 1514 et
775 1469 870 1522 16.;
898 1484 1008 1527 ergo
1037 1469 1228 1522 videtur,
1262 1469 1384 1527 quod
1417 1483 1501 1512 nec
1534 1470 1581 1512 in
1616 1480 1765 1514 morte
1793 1470 1914 1514 circa
1940 1470 2158 1516 coelestia
2190 1486 2287 1516 cor-

313 1553 425 1598 pora
452 1538 637 1597 aliquod
665 1537 940 1581 miraculum
967 1536 1115 1580 facere
1144 1536 1361 1579 debuerit.
2228 1558 2230 1561 -

402 1606 496 1650 SED
532 1618 728 1650 CONTRA
756 1614 836 1658 est,
865 1604 987 1662 quod
1016 1604 1179 1647 dicitur
1211 1603 1320 1646 Luc..
1351 1617 1443 1659 23.:
1485 1603 1692 1647 Tenebrae
1714 1604 1858 1663 factae
1887 1611 1984 1650 sunt
2013 1607 2059 1650 in
2088 1607 2287 1652 universa

312 1680 425 1718 terra
450 1689 573 1732 usque
599 1673 653 1717 ad
675 1673 824 1716 horam
851 1686 1022 1726 nonam,
1049 1677 1086 1715 et
1113 1672 1352 1715 obscuratus
1377 1677 1434 1714 est
1457 1671 1529 1714 sol.

402 1741 693 1785 RESPONDEO
736 1739 996 1791 dic-endum,
1025 1738 1160 1796 quod,
1189 1738 1305 1781 sicut
1330 1752 1466 1795 supra
1499 1737 1673 1781 dictum
1707 1748 1775 1782 est
1811 1739 1871 1797 (q.
1901 1747 2045 1798 praec.
2083 1746 2166 1785 art.
2202 1742 2284 1800 4.)‚

311 1807 535 1851 miracula
563 1806 737 1851 Christi
762 1806 871 1850 talia
898 1819 995 1849 esse
1023 1805 1262 1858 debebant,
1294 1815 1343 1848 ut
1377 1804 1653 1849 sufficienter
1684 1820 1790 1850 eum
1823 1820 1921 1851 esse
1952 1806 2108 1852 Deum
2132 1818 2285 1853 osten-

313 1876 496 1930 derent;
525 1876 615 1919 hoc
644 1884 797 1919 autem
823 1888 917 1917 non
943 1873 1006 1916 ita
1033 1873 1266 1916 evidenter
1298 1873 1549 1916 ostenditur
1580 1887 1660 1930 per
1691 1874 2094 1920 transmutationes
2114 1879 2284 1934 'corpo-

312 1958 414 1987 rum
441 1942 723 1995 inferiorum,
751 1954 867 2000 quae
895 1941 1034 1984 etiam
1062 1940 1115 1982 ab
1145 1939 1243 1983 aliis
1277 1940 1424 1983 causis
1457 1941 1633 1984 moveri
1665 1951 1869 1999 possunt,
1895 1941 2122 2002 sicut‘per
2143 1952 2286 1987 trans-

312 2011 618 2054 mutationem
646 2023 802 2053 cursus
831 2007 1100 2052 coelestium
1129 2011 1390 2065 corporum,
1419 2021 1534 2065 quae
1562 2022 1587 2051 a
1613 2007 1714 2051 solo
1736 2007 1839 2052 Deo
1862 2018 1968 2052 sunt
1986 2009 2285 2054 immobiliter

311 2078 542 2122 ordinata:
570 2087 614 2121 et
638 2077 729 2120 hoc
757 2085 824 2120 est
850 2075 972 2134 quod
999 2075 1250 2133 Dionysius
1279 2075 1387 2118 dicit
1411 2075 1457 2118 in
1486 2075 1680 2133 epistola
1712 2076 1768 2119 ad
1809 2075 2119 2135 Polycarpum
2152 2077 2280 2137 (quaa

312 2152 369 2190 est
394 2159 432 2204 7.
455 2153 615 2204 parum
641 2151 736 2188 ante
761 2143 913 2199 med.).·
936 2160 959 2184 «
979 2142 1278 2200 Cognoscere
1305 2151 1486 2200 oportet
1510 2156 1604 2186 non
1633 2142 1761 2186 aliter
1779 2142 2024 2202 aliquando
2042 2155 2177 2202 posse
2203 2144 2282 2188 ali·

315 2213 423 2272 quid
450 2212 647 2272 perverti
674 2211 885 2255 coelestis
919 2210 1233 2263 ordinationis,
1261 2220 1305 2253 et
1330 2219 1497 2263 motus,
1533 2210 1621 2252 nisi
1663 2224 1849 2253 causam
1885 2210 2073 2256 haberet
2103 2211 2160 2255 ad
2191 2211 2283 2256 hoc

315 2291 597 2333 moventem,
625 2293 741 2338 quae
767 2278 875 2322 facit
901 2278 1072 2331 omnia,
1101 2287 1145 2320 et
1171 2286 1316 2320 mutat
1342 2278 1592 2320 secundum
1621 2291 1753 2320 suum
1781 2291 2075 2332 ,sermonem;
2103 2288 2148 2323 et
2177 2277 2282 2322 ideo

313 2348 591 2392 conveniens
613 2346 709 2400 fuit,
737 2355 785 2389 ut
812 2345 1021 2390 Christus
1050 2343 1268 2388 miracula
1289 2343 1460 2387 faceret
1487 2346 1624 2388 etiam
1649 2345 1769 2388 circa
1792 2344 2009 2389 coelestia
2031 2359 2280 2404 corpora».

402 2415 478 2459 An
504 2427 693 2459 PRIMUM
720 2427 829 2471 ergo
858 2412 1117 2465 dicendum,
1152 2411 1272 2470 quod
1311 2412 1426 2455 sicut
1467 2411 1755 2455 inferioribus
1782 2412 2048 2471 corporibus
2073 2412 2281 2458 naturale

315 2492 382 2527 est
408 2482 584 2525 moveri
612 2496 636 2525 a
664 2480 937 2524 coelestibus
964 2479 1246 2538 corporibus,
1281 2493 1396 2537 quae
1423 2489 1528 2523 sunt
1553 2479 1788 2538 superiora
1813 2480 2068 2534 secundum
2093 2490 2290 2524 naturae

313 2550 547 2602 ordinem3
575 2549 637 2592 ita
663 2550 801 2591 etiam
826 2547 1032 2590 naturale
1061 2556 1128 2590 est
1154 2545 1337 2589 cuilibet
1364 2556 1611 2600 creaturae,
1638 2556 1687 2590 ut
1711 2556 2081 2591 transmutetura
2097 2547 2200 2608 Deo
2218 2561 2285 2591 se·

314 2616 515 2661 cundum
544 2617 638 2673 ejus
664 2614 974 2668 voluntatem;
1002 2614 1121 2656 unde
1149 2613 1431 2671 Augustinus
1460 2613 1567 2656 dicit
1594 2612 1664 2656 26.
1699 2623 1858 2657 contra
1874 2613 2093 2658 Faustum
2110 2614 2225 2674 (cap.
2244 2628 2281 2673 3.

315 2690 410 2729 ante
434 2682 564 2739 med.)
592 2692 637 2726 et
660 2682 852 2725 habetur
883 2682 929 2724 in
965 2680 1117 2725 Gloss.
1151 2681 1414 2738 (ordinaria)
1449 2680 1646 2724 Roman.
1685 2694 1750 2724 11.
1784 2695 1919 2740 super
1950 2680 2084 2729 illud:
2122 2682 2283 2727 Contra

310 2757 509 2796 naturam
526 2751 700 2794 insertus
718 2763 769 2800 es,
789 2758 898 2791 etc.:
923 2764 945 2788 (ε
967 2748 1093 2791 Deus
1122 2759 1314 2801 creator,
1342 2757 1386 2790 et
1413 2748 1622 2791 conditor
1649 2747 1856 2791 omnium
1879 2758 2146 2792 naturarum
2166 2748 2284 2794 nihil
2303 2783 2305 2786 Α

311 2829 468 2864 contra
495 2826 706 2860 naturam
732 2815 864 2869 facit;
892 2815 996 2874 quia
1023 2814 1068 2858 id
1101 2825 1169 2858 est
1202 2815 1364 2873 cuique
1398 2814 1461 2858 rei
1493 2825 1667 2867 natura,
1696 2814 1818 2873 quod
1835 2813 2008 2870 facit»;
2035 2825 2080 2860 et
2102 2816 2167 2861 ita
2186 2830 2286 2861 non>

312 2885 620 2943 corrumpitur
643 2891 803 2926 natura
837 2881 1107 2926 coelestium
1142 2895 1401 2939 corporum,
1440 2895 1544 2924 cum
1580 2895 1739 2925 eorum
1775 2896 1931 2927 cursus
1955 2883 2224 2928 immutatur
2254 2897 2305 2928 ar

309 2953 443 2997 Deo:
471 2960 836 3009 corrumperetur
864 2958 1030 3003 autem,
1058 2949 1095 2991 si
1123 2949 1175 2991 ab
1201 2948 1351 3006 aliqua
1379 2947 1466 2991 alia
1493 2961 1630 2995 causa
1651 2949 1982 2994 immutaretur.

401 3020 476 3064 AD
501 3030 761 3063 SECUNDUM
789 3015 1047 3068 dicendum,
1075 3015 1196 3073 quod
1224 3029 1302 3073 per
1330 3014 1602 3058 miraculum
1630 3030 1655 3059 a
1684 3015 1872 3061 Christo
1896 3015 2074 3062 factum·
2094 3031 2190 3062 non
2213 3028 2289 3064 est·

310 3100 549 3147 perversus
577 3085 691 3130 ordo
718 3094 1000 3142 temporum:
1030 3096 1136 3125 nam
1166 3082 1418 3125 secundum
1445 3082 1670 3140 quosdam
1692 3082 1797 3127 illae
1819 3083 2048 3138 tenebrae,
2064 3083 2139 3129 vel
2169 3084 2280 3130 solis
2348 3090 2352 3105 ³

311 3154 588 3208 obscuratio,
614 3166 730 3211 quae
757 3151 803 3195 in
830 3150 1041 3209 passione
1071 3148 1244 3192 Christi
1271 3149 1449 3202 accidit,
1477 3148 1560 3193 fuit
1584 3160 1769 3208 propter
1794 3150 1900 3205 hoc,
1927 3152 2050 3210 quod
2077 3150 2148 3197 sol
2168 3165 2279 3199 suos
2349 3164 2352 3166 ·

310 3223 464 3266 radios
491 3222 688 3273 retraxit,
714 3217 840 3262 nulla
867 3217 1186 3260 immutatione
1213 3215 1331 3259 facta
1359 3218 1479 3259 circa
1507 3227 1685 3260 motum
1714 3217 1990 3263 coelestium.
2016 3233 2279 3279 corporum,
2341 3265 2342 3268 ,

312 3289 566 3333 secundum
592 3301 729 3347 quem
761 3296 971 3343 tempora
1003 3293 1345 3326 mensurantur:
1374 3284 1492 3327 unde
1521 3284 1839 3343 Hieronymus
1863 3285 1976 3334 dicit
2001 3300 2137 3346 super
2166 3286 2299 3342 Mm-¹
2334 3293 2348 3344 ,j

308 3357 497 3400 thaeum
523 3356 666 3414 (super
691 3353 793 3398 illud
819 3359 910 3412 cap.
937 3365 1030 3410 27.:
1060 3352 1099 3395 A
1132 3356 1245 3394 sexta
1268 3356 1402 3394 autem
1431 3351 1584 3408 hora).·
1617 3351 1849 3397 «Videtur
1873 3351 2099 3398 luminare
2131 3355 2278 3413 majus
2332 3343 2341 3368 “

309 3421 545 3466 retraxisse
564 3421 715 3465 radios
734 3433 855 3472 suos,
874 3432 930 3461 ne
950 3427 1025 3460 aut
1043 3417 1315 3475 pendentem
1344 3417 1518 3460 videret
1544 3418 1814 3472 Dominum,
1832 3428 1910 3462 aut
1925 3419 2052 3479 impii
2074 3418 2278 3479 blasphe-
2321 3448 2343 3460 „-

309 3498 486 3532 mantes
514 3503 595 3532 sua
621 3487 722 3531 luce
749 3485 1058 3529 fruerentur».
1089 3482 1216 3526 Talis
1244 3494 1396 3527 autem
1426 3484 1636 3528 retractio
1664 3486 1894 3529 radiorum
1921 3498 2107 3541 nonest
2129 3486 2192 3532 sie
2216 3487 2278 3531 in·
2312 3491 2352 3546 {³

309 3555 572 3613 telligenda,
599 3555 727 3613 quad
754 3552 825 3597 sol
851 3554 895 3595 in
924 3565 1002 3595 sua
1030 3560 1250 3610 potestate
1284 3551 1448 3594 habeat
1480 3552 1630 3595 radios
1663 3552 1884 3606 emittere,
1916 3551 1991 3598 vel
2020 3553 2276 3610 retrahere3
2314 3550 2335 3612 :2ss

311 3637 403 3666 non
431 3623 553 3666 enirn
582 3637 634 3665 ex
663 3621 900 3673 electione,
927 3619 1004 3663 sed
1033 3632 1087 3661 ex
1103 3628 1263 3661 natura
1286 3618 1436 3661 radios
1456 3619 1635 3671 emittit,
1653 3629 1699 3662 ut
1718 3619 1827 3663 dicit
1842 3619 2094 3679 Dionysius
2114 3633 2156 3677 4.
2175 3634 2272 3681 cap.

313 3690 367 3734 de
389 3690 493 3734 Div.
513 3690 764 3746 Nom.(cir.
790 3689 927 3747 princ.
955 3687 1044 3731 lect.
1073 3687 1143 3742 r.),
1171 3685 1248 3728 sed
1277 3684 1347 3728 sol
1374 3685 1536 3728 dicitur
1562 3687 1800 3732 retraxisse
1822 3686 1990 3742 radios,
2004 3687 2273 3749 inquantum
