2352 3926
620 210 900 258 QUAESTIO
942 210 1148 251 Lxxxn.
1186 210 1497 252 ARTICULUS
1535 210 1610 252 VI·
1997 213 2029 268 7
2036 213 2063 267 5
2078 215 2099 252 1

227 313 305 359 An
323 312 864 369 ssscuunumdic'endum,
882 314 1005 374 quod
1021 314 1069 360 in
1086 324 1375 360 sacramento
1398 314 1614 374 baptismi
1629 328 1725 360 non
1740 313 1855 360 fiunt
1876 314 2107 361 solemnes

139 380 374 428 orationes
400 396 483 441 pro
512 382 724 427 omnibus
752 382 976 436 fidelibus,
1001 382 1119 427 sicut
1139 383 1186 428 in
1203 382 1368 437 missa;
1387 393 1432 428 et
1447 383 1552 428 ideo
1578 393 1800 442 quantum
1822 383 1880 428 ad
1903 382 1996 428 hoc
2013 398 2108 428 non

139 458 206 494 ωε
230 447 398 494 simile:
429 459 497 494 est
522 459 677 494 autem
702 449 851 494 simile
879 459 1100 510 quantum
1127 450 1183 494 ad
1205 450 1422 495 effectum
1449 450 1742 497 sacramenti.

226 516 303 561 An
326 528 543 562 TERTmM
570 517 830 571 dicendum,
857 517 979 576 quod
1006 530 1087 576 per
1122 517 1337 562 virtutem
1376 517 1568 577 Spiritus
1597 518 1770 571 Sancti,
1802 517 1881 577 qui
1904 532 1986 578 per
2011 518 2107 563 uni-

136 593 279 628 tatem
305 584 537 629 charitatis
571 585 885 629 communicat
923 584 1121 628 invicem
1157 584 1279 628 bona
1314 585 1630 629 membrorum
1672 584 1859 640 Christi,
1885 585 1949 640 fit,
1982 586 2105 645 quod

135 651 311 696 bonum
341 652 583 710 privatum,
617 651 740 711 quod
782 661 849 696 est
887 651 933 695 in
971 651 1111 695 missa
1146 651 1395 696 sacerdotis
1427 652 1551 706 boni,
1580 662 1648 697 est
1671 651 1958 698 fructuosum
1985 653 2105 698 aliis:

136 717 313 762 malum
339 728 493 763 autem
519 720 746 778 privatum
772 718 905 762 unius
930 718 1133 762 hominis
1158 732 1253 762 non
1276 729 1427 777 potest
1452 718 1582 764 alteri
1607 734 1791 775 nocere,
1816 721 1906 765 nisi
1929 735 2010 781 per
2033 720 2109 766 ali-

135 799 273 846 quem
300 800 593 842 consensum,
620 796 670 831 ut
695 786 817 845 Aug.
840 786 948 831 dicit
964 786 1011 829 in
1027 785 1104 830 lib.
1123 798 1164 830 2.
1184 796 1343 831 contra
1369 787 1730 832 Parmenianum
1757 788 1845 846 (seu
1862 795 1969 835 cont.
1990 790 2106 850 epist.

136 854 282 900 Parm.
309 861 400 914 cap.
418 854 523 912 12).

741 1016 1298 1076 ARTICULUS
1350 1017 1522 1074 VII.
2024 1047 2110 1094 500

320 1153 514 1200 UTRUM
553 1153 870 1205 HAERETICI,
914 1153 1286 1204 SCHISMATICI,
1329 1153 1400 1192 ET
1440 1154 1912 1194 EXCOMMUNICATI

791 1236 1021 1276 POSSINT
1064 1236 1439 1276 CONSECRARE.

140 1346 202 1406 (4.
221 1347 335 1393 Dis-t.
359 1362 414 1407 13.
433 1361 471 1406 q.
494 1362 528 1392 1.
547 1353 629 1392 art.
647 1362 682 1392 ι.
702 1362 739 1406 q.
758 1363 792 1407 3.
813 1348 909 1392 etin
928 1355 1020 1407 exp.
1039 1347 1099 1392 lit.
1116 1348 1161 1391 in
1175 1348 1316 1406 princ.
1335 1354 1373 1392 et
1389 1348 1500 1391 Dist.
1518 1348 1582 1393 18.
1601 1363 1640 1407 q.
1658 1363 1694 1392 1.
1717 1353 1797 1392 art.
1817 1362 1856 1392 2.
1880 1363 1917 1407 q.
1932 1363 1967 1407 3.
1986 1347 2040 1392 ad
2065 1363 2104 1392 2.

412 1420 449 1459 et
473 1415 584 1459 Dist.
611 1429 677 1475 19.
705 1429 743 1474 q.
771 1431 805 1460 1.
840 1421 922 1460 art.
948 1429 990 1460 2.
1017 1430 1055 1474 q.
1074 1430 1110 1474 3.
1138 1414 1193 1458 ad
1217 1431 1253 1460 r.
1280 1421 1316 1460 et
1340 1414 1494 1471 Quodl.
1521 1429 1585 1460 12.
1611 1420 1692 1460 art.
1720 1415 1841 1474 16).=

222 1528 299 1573 AD
323 1540 567 1573 SEPT1MUM
597 1528 660 1572 sic
689 1528 963 1587 proceditur.
991 1528 1197 1582 Videtur,
1225 1528 1348 1587 quod
1379 1527 1615 1582 haeretici,
1641 1528 1938 1583 schismatici,
1965 1538 2010 1573 et
2035 1543 2107 1574 ex-

137 1596 468 1642 communicati
493 1596 827 1641 Eucharistiam
865 1611 1135 1641 consecrare
1161 1610 1256 1640 non
1292 1596 1491 1655 possint:
1520 1596 1630 1640 dicit
1666 1596 1789 1640 enim
1815 1596 2010 1655 August.
2036 1599 2105 1654 (in

133 1665 207 1710 lib.
235 1664 410 1710 Sentent.
437 1665 584 1724 Prosp.
611 1671 705 1724 cap.
731 1665 810 1724 15.)
834 1665 956 1724 quod
982 1680 1006 1705 t<
1025 1674 1149 1709 extra
1173 1663 1430 1708 Ecclesiam
1458 1663 1736 1708 catholicam
1762 1678 1856 1708 non
1884 1673 1951 1708 est
1971 1663 2102 1708 locus

138 1731 236 1776 veri
260 1730 471 1777 sacrificii
497 1749 540 1786 n,
566 1741 612 1775 et
636 1731 734 1776 Leo
766 1746 884 1791 papa
916 1732 1025 1776 dicit
1052 1732 1186 1792 (epist.
1213 1745 1286 1789 40.
1314 1739 1403 1791 cap.
1431 1731 1495 1789 2.)
1521 1741 1566 1776 et
1601 1732 1792 1776 habetur
1811 1732 1859 1775 in
1891 1731 2100 1777 Decretis

136 1798 189 1856 (t.
208 1815 246 1859 q.
265 1815 299 1845 ι.
324 1806 414 1859 cap.
437 1799 559 1857 68.).·
580 1816 604 1841 «
624 1799 771 1843 Aliter
789 1816 831 1854 2),
849 1798 1023 1843 scilicet
1044 1813 1182 1858 quam
1199 1799 1246 1842 in
1258 1798 1481 1853 Ecclesia,
1502 1813 1619 1858 quae
1638 1813 1803 1858 corpus
1819 1798 1995 1844 Christi
2018 1809 2100 1854 est,

136 1882 161 1909 α
184 1881 271 1912 nec
296 1876 393 1911 rata
416 1876 520 1911 sunt
544 1866 814 1921 sacerdotia,
830 1881 914 1911 nec
932 1881 1041 1911 vera
1062 1866 1284 1911 sacrificia
1306 1882 1354 1911 »ι
1378 1867 1456 1911 sed
1478 1867 1711 1921 haeretici,
1733 1867 2028 1921 schismatici,
2051 1877 2096 1911 et

135 1935 523 1980 excommunicati
539 1945 644 1979 sunt
660 1934 714 1978 ab
732 1934 938 1979 Ecclesia
957 1935 1177 1995 separati;
1196 1949 1306 1994 ergo
1324 1948 1416 1980 non
1433 1945 1625 1994 possunt
1640 1949 1802 1979 verum
1824 1934 2099 1979 sacrificium

134 2002 377 2047 conficere.

221 2082 263 2115 2.
288 2069 587 2115 Panum.
616 2069 744 2114 Sicut
769 2069 938 2114 ibidem
955 2069 1121 2129 legitur
1142 2069 1320 2128 (scilicet
1336 2077 1426 2129 cap.
1447 2083 1505 2129 73.
1533 2086 1568 2115 1.
1587 2084 1625 2128 q.
1642 2069 1716 2127 1.),
1750 2070 1907 2116 Innoc.
1927 2069 1960 2113 Ι.
1982 2084 2101 2130 papa

130 2137 263 2198 (epist.
290 2138 354 2183 18.
375 2151 403 2181 a
427 2137 531 2181 med.
559 2136 744 2195 Concil.)
772 2136 903 2181 dicit:
935 2153 958 2179 «
988 2137 1200 2191 Arianos,
1231 2147 1526 2196 caeterasque
1544 2137 1773 2196 ejusmodi
1798 2146 1962 2196 pestes,
1990 2138 2097 2196 quia

130 2204 274 2249 laicos
290 2215 453 2249 eorum
470 2204 550 2249 sub
572 2204 773 2263 imagine
792 2204 1099 2263 poenitentiae
1115 2204 1406 2263 suscipimus,
1422 2218 1517 2248 non
1534 2205 1710 2249 videtur
1723 2204 1918 2249 clericos
1936 2218 2099 2248 eorum

131 2286 238 2317 cum
271 2271 528 2326 sacerdotii,
572 2282 648 2315 aut
683 2271 937 2331 cujuspiam
977 2271 1217 2316 ministerii
1253 2272 1423 2330 suscipi
1459 2271 1625 2316 debere
1661 2272 1895 2331 dignitate,
1937 2272 2099 2331 quibus

129 2339 283 2385 solum
305 2339 531 2399 baptisma
556 2349 705 2383 ratum
724 2353 823 2384 esse
840 2339 1146 2398 permittimus
1171 2355 1219 2384 »:
1248 2340 1326 2383 sed
1352 2353 1446 2383 non
1464 2348 1614 2398 potest
1641 2339 1802 2398 aliquis
1830 2353 2100 2384 consecrare

130 2407 479 2461 Eucharistiam,
505 2407 592 2450 nisi
610 2407 668 2451 sit
685 2421 791 2451 cum
818 2407 1063 2451 sacerdotii
1088 2406 1333 2465 dignitate3
1361 2421 1471 2466 ergo
1498 2406 1732 2462 haeretici,
1759 2417 1804 2452 et
1830 2407 1999 2451 caeteri
2019 2407 2100 2450 hu-

127 2474 330 2535 jusmodi
355 2488 451 2518 non
475 2484 669 2533 possunt
693 2473 1030 2518 Eucharistiam
1058 2487 1342 2519 consecrare.

222 2556 260 2602 3.
281 2541 579 2587 PRAETEREA.
596 2541 679 2586 Ille
700 2541 778 2601 qui
795 2551 864 2586 est
880 2551 1005 2586 extra
1022 2541 1292 2595 Ecclesiam,
1315 2555 1410 2586 non
1427 2542 1605 2586 videtur
1623 2541 1792 2601 aliquid
1810 2555 1944 2601 posse
1963 2555 2098 2600 agere

130 2612 176 2655 in
192 2623 384 2669 persona
402 2609 541 2654 totius
568 2608 824 2654 Ecclesiae:
852 2609 931 2654 sed
949 2609 1163 2653 sacerdos
1188 2623 1462 2653 consecrans
1480 2608 1816 2653 Eucharistiam
1833 2609 1923 2653 hoc
1943 2609 2036 2667 agit
2052 2608 2098 2652 in

129 2691 326 2737 persona
351 2677 489 2721 totius
516 2676 773 2731 Ecclesiae;
807 2674 928 2736 quod
956 2686 1081 2736 patet
1107 2691 1160 2720 ex
1192 2676 1298 2731 hoc,
1325 2677 1447 2735 quod
1481 2690 1642 2720 omnes
1676 2678 1904 2720 orationes
1937 2690 2099 2735 propo-

129 2745 195 2790 nit
225 2745 272 2789 in
303 2758 500 2804 persona
529 2743 786 2799 Ecclesiae3
820 2758 931 2803 ergo
963 2744 1153 2798 videtur,
1182 2744 1304 2803 quod
1335 2743 1401 2787 illi
1428 2744 1504 2803 qui
1531 2754 1635 2787 sunt
1668 2754 1791 2786 extra
1825 2742 2096 2796 Ecclesiam,

129 2812 304 2857 scilicet
329 2810 561 2866 haeretici,
579 2811 875 2866 schismatici,
903 2821 947 2856 et
972 2811 1374 2866 excommunicatI,
1400 2825 1494 2854 non
1512 2811 1688 2869 possint
1715 2824 1985 2854 consecrare
2012 2810 2096 2854 Eu-

130 2879 408 2925 charistiam.

218 2948 313 2993 SED
331 2958 527 2992 CONTRA
554 2955 636 2999 est,
661 2945 785 3010 quod
807 2945 928 3005 Aug.
946 2946 1055 2991 dicit
1080 2946 1126 2990 in
1154 2958 1194 2990 2.
1220 2955 1378 2990 contra
1406 2944 1763 2989 Parmenianum
1783 2943 1895 3003 (cap.
1923 2959 1978 3003 13.
2001 2951 2096 2990 ante

126 3014 269 3072 med.).·
297 3030 322 3056 t<
341 3013 470 3058 Sicut
481 3013 732 3072 baptismus
748 3012 795 3057 in
812 3013 877 3058 eis
894 3030 936 3067 »,
959 3013 1134 3058 scilicet
1155 3013 1413 3066 haereticis,
1431 3011 1750 3065 schismaticis,
1769 3021 1813 3055 et
1831 3025 2096 3056 excommu-

127 3082 304 3136 nicatis,
324 3098 348 3124 <c
375 3083 437 3126 ita
469 3080 696 3125 ordinatio
723 3081 890 3124 mansit
914 3080 1092 3140 integra
1108 3097 1158 3126 »ε
1187 3081 1266 3124 sed
1300 3095 1353 3124 ex
1379 3080 1424 3122 vi
1451 3078 1751 3122 ordinationis
1774 3079 1987 3124 sacerdos
2019 3093 2096 3139 po·

127 3159 215 3195 test
241 3162 511 3195 consecrare
536 3147 896 3202 Eucharistiam3
921 3161 1030 3207 ergo
1053 3147 1288 3201 haeretici,
1311 3145 1606 3199 schismatici,
1630 3155 1675 3189 et
1692 3146 2094 3203 excommunicati,

128 3230 234 3262 cum
251 3217 298 3261 in
325 3216 388 3261 eis
411 3224 594 3260 maneat
611 3214 838 3259 ordinatio
863 3214 1055 3274 integra,
1077 3215 1254 3260 videtur
1276 3214 1399 3273 quod
1422 3212 1598 3272 possint
1618 3226 1889 3259 consecrare
1914 3212 2093 3259 Eucha-

129 3283 319 3329 ristiam.

217 3351 507 3397 Responnzo
534 3348 793 3403 dicendum,
816 3349 938 3409 quod
960 3349 1145 3408 quidam
1164 3349 1384 3401 dixerunt,
1404 3347 1526 3406 quod
1538 3347 1771 3402 haeretici,
1794 3347 2090 3405 schismatici,

128 3429 174 3463 et
198 3418 598 3472 excommunicati,
625 3417 729 3477 quia
756 3425 860 3461 sunt
886 3425 1010 3461 extra
1036 3416 1306 3468 Ecclesiam,
1333 3428 1427 3459 non
1449 3425 1640 3474 possunt
1663 3415 1890 3460 conficere
1915 3416 2007 3461 hoc
2020 3430 2093 3462 sa-

130 3495 432 3531 eramentum.
464 3484 555 3530 Sed
585 3484 634 3528 in
669 3484 759 3528 hoc
797 3483 1096 3543 decipiuntur,
1132 3483 1254 3543 quia,
1279 3482 1396 3527 sicut
1421 3481 1615 3541 August.
1642 3481 1751 3527 dicit
1780 3482 1827 3527 in
1854 3495 1894 3528 2.
1933 3493 2093 3528 contra

128 3551 484 3598 Parmenianum
509 3552 609 3611 (loc.
632 3552 739 3611 cit),
771 3566 795 3592 κ
812 3549 934 3596 aliud
960 3559 1028 3596 est
1052 3549 1222 3610 aliquid
1249 3549 1441 3594 omnino
1462 3563 1557 3594 non
1585 3549 1768 3604 habere,
1796 3549 1917 3595 aliud
1935 3560 2090 3596 autem

127 3633 222 3667 non
247 3628 368 3667 recte
392 3619 563 3665 habere
580 3636 623 3674 »,
649 3628 694 3665 et
719 3617 926 3666 similiter
943 3617 1082 3666 etiam
1111 3633 1136 3663 ot
1153 3627 1221 3664 est
1246 3616 1366 3664 aliud
1388 3631 1482 3664 non
1500 3617 1622 3673 dare,
1641 3627 1687 3664 et
1706 3617 1828 3664 aliud
1855 3633 1950 3664 non
1968 3629 2091 3666 recte
