2352 3926
121 3 142 19 »ς-
152 0 184 20 aas.
210 2 215 4 ·

695 218 974 268 QUAESTIO
1015 218 1090 259 1x.
1130 219 1439 260 ARTICULUS
1478 219 1552 259 1v.
2000 220 2022 258 1
2037 219 2096 274 13

838 432 1274 491 ARTICULUS
1316 434 1411 490 1v.
2044 444 2101 505 67

168 530 408 623 ,ΞΠΤΚΟΜ
441 570 708 610 CHRISTUS
742 569 1018 608 HABUERIT
1051 567 1306 616 ALIQUAM
1333 568 1632 609 SCIENTIAM
1664 566 2027 615 ACQUISITAM.

436 681 571 741 (Infr.
597 695 636 741 q.
662 695 726 726 12.
753 686 833 725 art.
860 694 900 725 2.
927 684 964 725 et
988 694 1026 739 q.
1053 693 1110 739 15.
1135 684 1216 723 art.
1243 679 1285 725 8.
1311 684 1349 723 et
1374 686 1513 738 opusc.
1537 693 1576 723 2.
1605 685 1694 738 cap.
1721 692 1805 737 215.

319 755 357 795 et
382 764 419 810 3.
451 749 564 794 Dist.
597 761 662 806 14.
695 762 733 807 q.
762 763 799 808 3.
832 753 913 792 art.
941 761 979 806 3.
1011 761 1050 806 q.
1078 761 1116 806 5.
1150 745 1217 790 ad.
1244 760 1281 805 3.
1314 751 1353 790 et
1383 746 1494 790 Dist.
1531 747 1597 790 18.
1624 752 1708 791 art.
1735 761 1771 805 3.
1805 745 1861 790 ad
1886 759 1924 806 5.

773 821 810 860 et
844 815 953 860 Veri.
980 828 1019 874 q.
1045 828 1116 859 20.
1144 819 1224 858 art.
1248 827 1284 873 3.
1313 812 1379 857 ad.
1401 813 1471 869 1.).

204 953 206 955 v
230 928 308 974 AD
339 938 576 979 QUARTUM
607 926 672 971 sic
698 925 971 986 proceditur.
998 924 1204 978 Videtur,
1231 923 1355 984 quod
1380 924 1427 967 in
1455 922 1643 968 Christo
1669 937 1764 968 non
1789 923 1925 968 fuerit
1957 922 2110 984 aliqua

76 994 330 1054 {.jzscientia
356 993 721 1053 experimentalis
748 993 986 1052 acquisita:
1015 991 1233 1052 quidquid
1259 991 1384 1035 enim
1403 990 1589 1035 Christo
1609 991 1888 1035 conveniens
1912 990 2011 1045 fuit,
2033 1005 2106 1036 ex-

71 1057 465 1111 -i'zfo‘enentissime
491 1061 672 1106 habuit:
700 1060 780 1106 sed
807 1060 1018 1105 Christus
1042 1073 1137 1104 non
1169 1059 1328 1104 habuit
1359 1057 1741 1102 excellentissime
1774 1058 2014 1103 scientiam
2040 1072 2111 1103 ac-

142 1128 380 1193 q‘hisitam:
405 1143 501 1174 non
517 1128 643 1174 enim
664 1128 823 1173 institit
846 1128 996 1172 studio
1018 1126 1267 1181 literarum,
1290 1141 1381 1186 quo
1399 1125 1727 1185 perfectissime
1745 1126 1936 1171 scientia
1962 1126 2112 1186 acqui-

76 1189 118 1237 {¹3
140 1195 274 1245 fitur.
302 1196 468 1242 dicitur
494 1196 618 1241 enim
637 1195 770 1255 Joan.
798 1208 862 1254 7..
895 1196 1176 1240 Mirabantur
1199 1193 1352 1252 sudaei
1382 1194 1583 1239 dicentes.-
1613 1193 1833 1251 Quomodo
1866 1193 1932 1239 hic
1969 1194 2111 1239 literas

140 1267 231 1322 stit,
252 1279 349 1311 oum
362 1277 447 1309 non
467 1262 692 1310 didicerit?
716 1262 839 1322 Ergo
862 1262 1053 1316 videtur,
1076 1261 1226 1321 quod
1214 1276 1262 1306 m
1280 1261 1468 1306 Christo
1484 1274 1580 1305 non
1596 1259 1731 1305 fuerit
1752 1259 1904 1337 aliqua
1921 1260 2112 1306 scientia

79 1342 113 1388 J<
139 1332 377 1394 '‘eqni-‘aita-

12 1407 13 1410 ’
76 1400 108 1440 f
197 1412 274 1446 2.
299 1400 598 1446 Palm-Eum.
623 1397 692 1453 Ei,
711 1398 835 1458 quod
858 1407 927 1442 est
950 1396 1153 1458 plenum,
1170 1410 1266 1441 non
1286 1405 1440 1456 potest
1457 1394 1627 1455 aliquid
1649 1395 1916 1454 superaddi:
1939 1395 2019 1441 sed
2036 1410 2114 1456 po-

80 1464 102 1522 ‘fg
141 1468 283 1516 tentia
308 1467 490 1512 animae
516 1466 690 1511 Christi
710 1465 796 1510 fuit
819 1465 1008 1525 impleta
1034 1478 1114 1524 per
1139 1464 1315 1524 species
1340 1462 1650 1522 intelligibiles
1684 1463 1898 1508 divinitus
1930 1463 2112 1518 inditas,

143 1544 193 1581 ut
216 1535 391 1580 dictum
416 1544 485 1579 est
511 1533 611 1591 (art.
631 1533 825 1593 praec.)‚·
854 1546 964 1592 ergo
991 1545 1086 1576 non
1112 1541 1360 1591 potuerunt
1391 1531 1682 1591 supervenire
1710 1532 1807 1590 ejus
1834 1531 2016 1575 animae
2038 1530 2114 1576 ali·

84 1639 94 1667 5
143 1611 260 1665 qnae
280 1602 454 1662 species
475 1601 737 1661 acquisitae.

162 1690 170 1693 »
235 1684 274 1730 3.
300 1669 600 1715 PRAETEREA.
637 1668 689 1712 In
721 1682 793 1722 eo,
826 1667 904 1727 qui
935 1668 1029 1726 jam
1060 1667 1198 1712 habet
1228 1666 1438 1711 habitum
1473 1666 1706 1720 scientiae,
1738 1679 1820 1725 per
1851 1680 1906 1711 ea
1937 1680 2054 1725 quae
2086 1679 2113 1710 a

146 1744 282 1783 sensu
308 1736 487 1795 accipit,
513 1749 608 1780 non
635 1735 881 1794 acquiritur
905 1748 1052 1779 novus
1078 1734 1282 1788 habitus3
1309 1733 1416 1793 quia
1447 1733 1513 1778 sic
1547 1733 1663 1777 duae
1694 1732 1874 1778 formae
1907 1734 2112 1792 ejusdem

147 1804 317 1864 speciei
341 1802 478 1848 simul
498 1812 649 1848 essent
669 1803 715 1846 in
743 1802 932 1846 eodem:
959 1802 1041 1846 sed
1065 1801 1262 1855 habitus,
1289 1801 1366 1860 qui
1391 1801 1516 1860 prius
1541 1801 1703 1854 inerat,
1731 1799 2041 1855 confirmatur,
2069 1810 2114 1845 et

146 1878 362 1930 iugerum
388 1873 501 1930 ergo
528 1883 634 1914 curn
661 1869 871 1914 Christus
896 1868 1106 1912 habuerit
1127 1868 1334 1913 habitum
1357 1867 1575 1912 scientiae
1597 1867 1781 1921 inditae,
1807 1882 1901 1912 non
1920 1867 2112 1921 videtur,

144 1937 267 1999 quod
292 1952 372 1998 per
397 1951 451 1982 ea
477 1951 592 1997 quae
619 1951 755 1981 sensu
782 1936 998 1995 percepit,
1026 1935 1228 1995 aliquam
1256 1935 1393 1979 aliam
1421 1935 1660 1979 scientiam
1687 1935 1961 1994 acquisierit.

90 1998 117 2007 ..
235 2005 330 2051 SED
357 2017 554 2050 CONTRA
580 2013 661 2058 est,
688 2004 812 2063 quod
839 2003 976 2048 Hebr.
1008 2018 1045 2059 5.
1074 2003 1260 2047 dicitur·
1293 2003 1401 2047 Cum
1418 2009 1511 2047 esset
1529 2003 1664 2047 Filius
1690 2003 1789 2057 Dei,
1816 2002 1963 2047 didicit
1987 2017 2036 2047 ex
2053 2002 2113 2046 his

266 2080 410 2133 passus
434 2078 506 2127 est,
534 2071 835 2124 obedientiam
861 2070 1015 2116 Gloss.
1041 2070 1198 2128 (interl.
1225 2070 1404 2130 Haym.)
1432 2069 1548 2114 idest
1572 2076 1765 2129 expertus
1790 2076 1869 2122 est,·
1892 2069 1977 2114 fuit
2001 2084 2112 2129 ergo

197 2138 408 2187 Christo
435 2138 587 2198 aliqua
612 2137 979 2198 experimentalis
1005 2138 1209 2192 scientia,
1237 2151 1354 2197 quae
1380 2147 1448 2182 est
1473 2137 1664 2182 scientia
1690 2137 1925 2196 acquisita.

142 2225 197 2255 r
230 2205 519 2253 Rnsrounno
536 2205 794 2260 dicendum,
813 2205 951 2264 quod,
972 2215 1022 2250 ut
1049 2221 1103 2251 ex
1128 2219 1264 2263 supra
1290 2204 1422 2249 dictis
1459 2213 1582 2264 patet
1618 2206 1718 2261 (art.
1738 2221 1774 2250 1.
1792 2204 1880 2263 huj.
1903 2204 1981 2263 q),
1998 2202 2116 2248 n1h11

91 2277 130 2348 if*
122 2282 309 2323 uotum
333 2287 451 2333 quae
476 2273 642 2319 Deus
630 2288 678 2317 ιιι
703 2283 859 2318 nostra
884 2282 1047 2318 natura
1071 2271 1307 2333 plantavit,
1330 2271 1471 2317 defuit
1485 2272 1717 2316 humanae
1734 2281 1923 2316 naturae
1945 2285 2116 2316 assum·

92 2346 251 2406 με
265 2354 292 2386 a
313 2341 404 2386 Dei
423 2341 602 2386 Verbo·
630 2339 926 2385 manifestum
948 2349 1017 2385 est
1033 2350 1202 2394 autem,
1224 2339 1381 2399 quod'
1369 2353 1417 2383 m
1442 2339 1647 2383 humana
1668 2348 1830 2383 natura
1845 2339 1972 2383 Deus
1993 2338 2116 2399 plan-

102 2408 260 2471 {stavit
272 2421 367 2453 non
384 2406 537 2453 solum
552 2407 836 2453 intellectum
853 2408 1134 2486 possibilem,
1152 2407 1231 2452 sed
1259 2408 1398 2452 etiam
1423 2406 1708 2451 intellectum
1733 2417 1971 2466 agentem;
1994 2405 2114 2451 unde

104 2468 336 2526 :fii-‘mecesse
361 2485 430 2520 est
454 2474 622 2530 dicere,
649 2475 809 2534 quod
797 2489 846 2519 ιιι
880 2475 1033 2519 anima
1066 2475 1240 2521 Christi
1269 2473 1354 2519 fuit
1378 2489 1474 2518 non
1507 2473 1659 2519 solum
1691 2473 1950 2519 intellectus
1976 2474 2117 2534 possi-

94 2533 267 2598 ωε
281 2541 361 2588 sed
388 2542 528 2588 etiam
553 2541 811 2588 intellectus
833 2556 997 2601 agens.
1020 2542 1060 2587 si
1081 2552 1235 2587 autem
1251 2542 1298 2586 in
1313 2541 1411 2586 aliis
1427 2542 1570 2595 Deus,
1583 2550 1628 2586 et
1643 2551 1805 2586 natura
1821 2541 1936 2586 nihil
1951 2541 2116 2586 frustra

103 2605 335 2666 ficiunt,
361 2618 411 2654 ut
435 2608 607 2654 Philos.
631 2609 767 2654 dicit
755 2624 803 2653 ιιι
834 2623 869 2653 1.
898 2609 953 2654 de
981 2608 1130 2654 Coelo
1161 2609 1258 2665 (tex.
1276 2624 1335 2667 31.
1359 2615 1397 2654 et
1422 2609 1493 2653 lib.
1511 2623 1550 2653 2.
1576 2615 1653 2653 tex.
1667 2624 1719 2667 59
1725 2608 1773 2666 .‚)
1800 2608 1946 2653 multo
1965 2609 2115 2652 minus

99 2673 217 2730 in
225 2675 378 2725 anima
406 2676 579 2722 Christi
604 2676 774 2736 aliquid
800 2675 884 2721 fuit
908 2676 1095 2721 frustra:
1123 2676 1286 2720 frustra
1314 2686 1467 2720 autern
1495 2685 1576 2730 est,
1603 2676 1725 2752 quod
1743 2690 1838 2719 non
1860 2675 1998 2720 habet
2018 2689 2118 2734 pro-

93 2736 297 2806 ,βίω
320 2743 662 2803 operationem,
690 2758 796 2788 cum
824 2744 974 2788 omnis
1000 2757 1072 2788 res
1089 2744 1146 2787 sit
1166 2754 1350 2802 propter
1373 2757 1501 2787 suam
1527 2743 1859 2802 operationem,
1882 2753 1932 2787 ut
1953 2742 2116 2787 dicitur

91 2807 349 2883 ffi'2.‘de
375 2809 526 2855 Coelo
558 2811 660 2869 (tex.
693 2825 742 2870 17
746 2810 807 2868 .):
841 2811 1025 2870 propria
1059 2820 1211 2855 autem
1239 2811 1444 2869 operatio
1471 2809 1730 2854 intellectus
1758 2811 1935 2869 agentis
1963 2820 2030 2854 est
2054 2809 2116 2853 fa-

104 2877 118 2886 ”
149 2878 151 2880 ’
282 2877 456 2956 species
480 2877 789 2936 intelligibiles
817 2888 934 2932 actu,
967 2877 1271 2922 abstrahendo
1299 2891 1375 2921 eas
1409 2891 1434 2921 a
1459 2877 1878 2936 phantasmatibus;
1904 2876 2024 2921 unde
2057 2876 2118 2920 di-

293 2943 359 2989 in
370 2958 408 3003 3.
435 2944 490 2990 de
517 2944 605 2989 An.
634 2945 737 3003 (tex.
763 2947 813 2991 18
817 2946 864 3002 .)‚
891 2945 1014 3004 quod
1041 2944 1297 2989 intellectus
1324 2958 1464 3003 agens
1487 2954 1568 2998 est,
1585 2944 1693 3003 quod
1717 2950 1774 2990 est
1790 2946 1930 2988 omnia
1942 2945 2114 3003 facere;

119 3006 234 3056 'nie
241 3009 378 3070 igitur
400 3024 588 3056 necesse
615 3021 682 3056 est
707 3012 871 3067 dicere,
894 3013 1053 3071 quod'
1043 3027 1089 3056 ιιι
1108 3011 1296 3056 Christo
1317 3010 1485 3056 fuerint
1511 3011 1690 3071 aliquae
1708 3011 1881 3071 species
1909 3009 2118 3068 intelligi-

82 3074 281 3131 isses,
306 3090 386 3137 per
411 3078 640 3123 actionem
673 3078 930 3124 intellectus
963 3079 1138 3138 agentis
1171 3080 1216 3122 in
1249 3077 1482 3123 intellectu
1515 3077 1721 3137 possibili
1753 3079 1849 3136 ejus
1881 3086 2117 3135 receptae3

91 3142 278 3205 »ξςιιοᾱ
303 3153 371 3189 est
394 3157 493 3189 esse
523 3145 571 3189 in
601 3145 701 3204 ipso
733 3145 972 3190 scientiam
1011 3145 1294 3222 acquisitam,
1321 3159 1460 3204 quam
1497 3145 1683 3204 quidam
1711 3142 2116 3203 experimentalem

95 3220 116 3260 ἓξ
153 3209 422 3265 nominant3
446 3220 493 3256 et
512 3211 633 3266 ideo,
659 3212 867 3271 quamvis
894 3212 1023 3257 aliter
1048 3211 1428 3271 alibiscripserim
1447 3213 1500 3270 (3.
1519 3213 1695 3257 Sentent.
1719 3226 1756 3270 q.
1776 3226 1811 3287 3.
1832 3217 1913 3255 art.
1931 3226 1967 3269 3.
1986 3224 2024 3268 q.
2038 3209 2116 3268 5),

100 3274 402 3321 ‘licendum
419 3284 511 3332 eat,
526 3277 574 3324 in
593 3278 779 3323 Christo
796 3278 933 3324 fuisse
956 3279 1195 3324 scientiam
1214 3279 1504 3338 acquisitam3
1522 3279 1627 3338 quia
1644 3278 1824 3353 proprie
1843 3286 1909 3321 est
1929 3276 2118 3321 scientia

97 3343 408 3388 ..secundum
434 3343 626 3389 modum
650 3345 922 3400 humanum,
947 3360 1042 3391 ιιοιι
1074 3346 1226 3391 301ιιιιι
1260 3360 1314 3390 ex
1346 3355 1471 3421 parte
1507 3346 1699 3403 subjecti
1734 3344 2006 3402 recipientis,
2037 3343 2117 3388 sed

16 3423 17 3426 ¹
59 3407 64 3411 ”
159 3407 299 3455 etiam
325 3422 379 3453 ex
409 3419 535 3467 parte
562 3424 726 3455 causae
753 3413 948 3470 agentis:
981 3427 1088 3456 nam
1116 3413 1218 3456 talis
1245 3413 1434 3456 scientia
1460 3412 1643 3470 ponitur
1668 3412 1713 3454 in
1742 3411 1929 3454 Christo
1956 3424 2118 3455 secun-

159 3473 270 3521 dum
281 3473 437 3520 lumen
447 3475 704 3522 intellectus
721 3479 911 3537 agentis,
927 3479 1050 3538 quod
1068 3489 1137 3523 est
1154 3479 1333 3523 animae
1354 3478 1584 3522 humanae
1598 3476 1908 3522 connaturale.
1926 3477 2117 3522 scientia

161 3543 314 3587 eumin
336 3540 487 3587 infusa
502 3542 755 3588 attribuitur
771 3544 951 3590 animae
968 3546 1198 3590 humanae
1230 3545 1483 3590 secundum
1501 3544 1658 3588 lumen
1677 3544 1871 3603 desuper
1890 3543 2117 3598 infusum;

159 3606 240 3667 qui
263 3607 429 3654 modus
455 3610 765 3666 cognoscendi
791 3620 860 3655 est
889 3611 1259 3670 proportionatus
1284 3621 1473 3656 naturae
1500 3610 1759 3668 angelicae:
1785 3610 1975 3656 scientia
2006 3623 2118 3656 vero

341 3684 377 3744 s'.
401 3708 555 3744 ‘raom
581 3710 712 3744 sm..
743 3710 944 3756 rmzogiu.
970 3712 1051 3746 voi.
1080 3711 1140 3745 xv,
1921 3715 1940 3746 a
