2352 3926
668 207 945 255 QUAEs'rlo
984 207 1169 248 LXXIX.
1209 207 1518 248 ARTICULUS
1558 207 1595 246 1.
2000 205 2107 263 707

139 309 382 372 spiritualis
413 309 618 368 refectio,
651 321 695 356 et
727 311 923 357 charitas
949 311 1048 357 sine
1084 313 1229 370 gratia
1251 325 1348 356 esse
1370 325 1465 356 non
1486 319 1650 370 potest,
1674 323 1727 354 ex
1753 308 1969 369 omnibus
1991 321 2116 368 prae-

140 377 291 423 missis
316 377 608 422 manifestum
636 383 717 433 est,
745 379 867 438 quod
894 379 984 423 hoc
1011 388 1348 423 sacramentum
1384 378 1577 437 gratiam
1605 375 1795 422 confert.

227 445 304 490 AD
330 457 518 490 PR1MUM
545 459 654 505 ergo
682 445 943 500 dicendum,
986 446 1107 505 quod
1135 446 1226 490 hoc
1253 455 1593 490 sacramentum
1622 459 1676 489 ex
1701 443 1852 503 seipso
1894 442 2111 486 virtutem

138 511 279 558 habet
297 512 493 570 gratiam
517 512 809 567 conferendi;
830 528 916 558 nec
944 513 1107 572 aliquis
1130 514 1267 557 habet
1289 513 1482 572 gratiam
1501 522 1603 556 ante
1621 511 1960 571 susceptionem
1978 509 2112 568 huius

139 580 429 635 sacramenti,
462 579 550 625 nisi
583 595 639 625 ex
671 580 824 640 aliquo
857 590 966 625 voto
999 580 1163 640 ipsius;
1209 579 1283 624 vel
1323 594 1402 638 per
1440 580 1657 639 seipsum,
1693 579 1809 622 sicut
1841 576 2006 631 adulti3
2038 574 2113 620 vel

139 657 251 691 voto
276 647 526 701 Ecclesiae,
554 648 670 691 sicut
701 647 891 707 parvuli,
923 648 1040 692 sicut
1070 661 1206 706 supra
1233 648 1405 691 dictum
1429 656 1496 691 est
1519 647 1576 705 (q.
1606 659 1664 705 73.
1692 651 1774 690 art.
1796 644 1871 705 3.).
1900 643 2035 688 Unde
2058 656 2113 687 ex

140 713 345 763 efficacia
375 715 550 759 virtutis
583 715 724 774 ipsius
757 725 836 768 est,
870 714 1163 773 quodetiam
1198 728 1251 758 ex
1283 724 1394 759 voto
1427 714 1567 773 ipsius
1601 712 1763 772 aliquis
1790 712 1985 771 gratiam
2007 724 2115 755 con·

140 790 368 840 sequatur,
400 795 480 840 per
511 796 651 841 quam
683 780 973 840 spiritualiter
1003 780 1269 824 vivificetur.
1303 780 1462 824 Restat
1491 780 1642 839 igitur,
1676 789 1726 824 ut
1748 793 1853 823 cum
1874 779 2026 838 ipsum
2049 791 2117 822 sa-

141 858 428 892 cramentum
460 849 641 893 realiter
671 848 877 903 sumitur,
910 848 1053 907 gratia
1088 856 1321 905 augeatur,
1356 857 1400 891 et
1430 847 1523 890 vita
1555 845 1800 904 spiritualis
1827 845 2111 905 perficiatur:

142 914 272 960 aliter
303 925 473 971 tamen,
506 930 644 975 quam
667 929 748 973 per
770 924 1109 960 sacramentum
1136 913 1514 968 confirmationis,
1536 914 1582 957 in
1606 927 1696 972 quo
1722 922 1927 971 augetur,
1955 921 2000 957 et
2021 925 2117 971 per-

141 981 291 1030 ficitur
321 982 466 1042 gratia
497 982 551 1026 ad
585 982 919 1042 persistendum
946 990 1104 1025 contra
1137 980 1384 1025 exteriores
1416 980 1784 1039 impugnationes
1817 979 2113 1023 inimicorum

145 1049 341 1095 Christi:
367 1064 448 1109 per
472 1049 564 1093 hoc
592 1059 746 1093 autem
778 1041 1123 1093 sacramentum
1150 1057 1341 1106 augetur
1362 1048 1522 1106 gratia,
1550 1058 1594 1092 et
1615 1046 1846 1106 perficitur
1866 1045 2118 1104 spiritualia

141 1116 250 1172 vita,
281 1116 339 1160 ad
369 1116 460 1162 hoc
493 1116 617 1176 quod
648 1116 794 1160 homo
826 1116 875 1160 in
905 1116 1055 1175 seipso
1088 1114 1314 1174 perfectus
1348 1115 1511 1160 existat
1542 1130 1623 1174 per
1650 1114 2026 1173 conjunctionem
2060 1113 2117 1157 ad

143 1182 314 1229 Deum.

234 1251 311 1296 AD
337 1263 599 1296 SECUNDUM
624 1250 885 1303 dicendum,
912 1251 1034 1310 quod
1065 1250 1156 1294 hoc
1183 1259 1525 1294 sacramentum
1551 1247 1730 1293 confert
1755 1248 1952 1307 gratiam
1993 1247 2119 1307 spiri-

145 1316 327 1363 tualiter
353 1332 461 1362 cum
475 1318 639 1363 virtute
658 1318 915 1371 charitatis3
943 1317 1063 1361 unde
1082 1318 1299 1361 Damasc.
1319 1317 1415 1375 (lib.
1431 1331 1474 1374 4.
1496 1317 1617 1362 Orth.
1635 1316 1732 1360 Fid.
1751 1325 1844 1375 cap.
1862 1329 1928 1372 14.
1947 1329 1974 1359 a
1990 1315 2117 1371 med.)

145 1394 383 1444 comparat
412 1385 502 1429 hoc
535 1395 875 1429 sacramentum
893 1385 1093 1438 carboni,
1108 1384 1409 1443 quem‘Isaias
1441 1384 1567 1438 vidit,
1592 1383 1694 1440 (Isa.
1718 1383 1802 1441 6.);
1831 1383 1969 1428 carbo
1993 1382 2118 1426 enim

143 1451 322 1511 lignum
354 1451 548 1510 simplex
580 1467 674 1496 non
701 1462 784 1507 est,
816 1452 895 1496 sed
929 1452 1107 1496 unitum
1140 1452 1259 1510 igni:
1293 1452 1356 1496 ita
1389 1462 1432 1496 et
1465 1451 1594 1510 panis
1639 1450 1983 1495 communionis
2026 1463 2122 1494 non

146 1517 340 1578 simplex
370 1520 498 1577 panis
533 1529 613 1574 est,
635 1519 713 1564 sed
741 1519 892 1563 unitur
917 1519 1153 1563 divinitati.
1179 1519 1308 1562 Sicut
1331 1529 1484 1562 autem
1509 1518 1761 1577 Gregorius
1794 1517 1904 1561 dicit
1923 1517 1971 1561 in
1992 1517 2121 1561 hom.

144 1586 444 1631 Pentecostes
473 1587 596 1645 (quae
620 1593 677 1632 est
692 1601 758 1646 30.
782 1588 827 1630 in
853 1587 1020 1644 Evang.
1047 1595 1207 1646 parum
1239 1601 1266 1630 a
1281 1587 1463 1646 princ),
1489 1603 1513 1628 «
1538 1599 1669 1629 amor
1689 1585 1780 1630 Dei
1800 1598 1895 1628 non
1918 1593 1985 1628 est
2007 1584 2122 1629 otio-

147 1667 248 1698 sus:
276 1667 445 1712 magna
471 1654 595 1698 enirn
628 1662 857 1712 operatur,
890 1654 928 1698 si
961 1663 1028 1698 est
1054 1669 1104 1709 »3
1139 1663 1183 1697 et
1213 1653 1317 1697 ideo
1351 1667 1432 1711 per
1462 1653 1554 1697 hoc
1587 1661 1942 1706 sacramentum,
1983 1665 2123 1710 quan·

148 1730 249 1765 tum
275 1730 343 1765 est
367 1734 421 1765 ex
447 1721 517 1765 sui
541 1721 720 1775 virtute,
745 1735 840 1765 non
866 1719 1019 1764 solum
1046 1720 1226 1764 habitus
1258 1721 1445 1778 gratiae,
1478 1729 1523 1765 et
1547 1720 1723 1763 virtutis
1758 1717 2002 1777 confertur,
2036 1717 2117 1763 sed

156 1787 295 1832 etiam
328 1787 546 1832 excitatur
583 1789 629 1831 in
667 1797 835 1841 actum,
871 1788 1125 1832 secundum
1159 1786 1272 1831 illud
1306 1800 1346 1831 2.
1382 1786 1593 1831 Corinth.
1630 1799 1692 1842 5.:
1731 1786 1929 1831 Charitas
1965 1785 2124 1830 Christi

150 1860 269 1913 urget
298 1869 384 1899 nos.
418 1855 475 1899 Et
498 1854 605 1899 inde
632 1866 713 1909 est,
746 1855 870 1914 quod
903 1870 957 1899 ex
982 1855 1147 1899 virtute
1170 1855 1306 1913 hujus
1338 1854 1615 1898 sacramenti
1648 1853 1802 1896 anima
1833 1851 2127 1911 spiritualiter

150 1921 363 1975 reficitur,
389 1936 469 1982 per
494 1923 585 1966 hoc
619 1922 742 1980 quod
769 1922 923 1966 anima
955 1921 1248 1980 spiritualiter
1276 1921 1543 1975 delectatur,
1578 1931 1622 1965 et
1654 1920 2001 1980 quodammodo
2034 1920 2127 1963 ine-

151 1989 322 2034 briatur
338 1988 578 2034 dulcedine
599 1989 813 2033 bonitatis
831 1989 1026 2042 divinae,
1044 1989 1299 2034 secundum
1322 1987 1435 2032 illud
1455 1989 1633 2033 Cantic.
1655 2000 1714 2043 5.:
1740 1987 1962 2041 Comedite,
1981 1987 2126 2039 amici,

153 2062 199 2103 a.
225 2057 363 2110 bibite,
389 2061 427 2100 et
456 2057 743 2109 inebriamini,
772 2056 1022 2102 charissimi.

242 2122 320 2167 AD
338 2135 556 2168 TERTIUM
589 2123 847 2177 dicendum,
875 2123 998 2182 quod
1022 2122 1129 2182 quia
1154 2132 1441 2166 sacramenta
1468 2131 1713 2180 operantur
1739 2120 1951 2174 salutem,
1984 2134 2123 2179 quam

153 2188 426 2250 significant,
458 2189 564 2235 ideo
602 2190 855 2234 secundum
890 2190 1139 2249 quamdam
1177 2189 1555 2234 assimilationem
1589 2189 1765 2242 dicitur,
1798 2187 1922 2248 quod
1953 2188 2000 2231 in
2032 2187 2123 2232 hoc

153 2267 445 2302 sacramento
473 2271 639 2315 corpus
667 2256 854 2301 offertur
872 2271 954 2316 pro
973 2257 1117 2301 salute
1146 2257 1366 2315 corporis,
1385 2267 1430 2301 et
1450 2256 1634 2316 sanguis
1651 2270 1733 2315 pro
1752 2255 1896 2299 salute
1917 2254 2120 2308 animae3

155 2323 364 2384 quamvis
392 2333 634 2382 utrumque
663 2324 718 2367 ad
745 2324 940 2368 salutem
966 2324 1198 2382 utriusque
1225 2333 1452 2382 operetur,
1480 2338 1585 2367 cum
1602 2324 1683 2367 sub
1703 2333 1895 2382 utroque
1918 2331 2040 2366 totus
2067 2321 2125 2365 sit

158 2390 382 2449 Christus,
409 2400 458 2435 ut
482 2405 619 2450 supra
643 2391 817 2435 dictum
844 2401 912 2436 est
948 2390 1005 2450 (q.
1040 2391 1108 2449 76.
1138 2397 1218 2436 art.
1239 2390 1332 2447 2.).·
1367 2400 1412 2435 et
1431 2390 1539 2434 licet
1564 2404 1730 2449 corpus
1755 2404 1850 2434 non
1883 2391 1940 2434 sit
1964 2389 2124 2432 imme-

156 2457 329 2502 diatum
366 2458 622 2517 subjectum
659 2458 846 2518 gratiae,
888 2472 943 2503 ex
987 2458 1141 2501 anima
1176 2467 1331 2501 tamen
1367 2458 1592 2502 redundat
1627 2456 1815 2501 effectus
1851 2456 2024 2516 gratiae
2068 2454 2126 2498 ad

157 2538 338 2583 corpus,
374 2523 484 2569 dum
519 2524 566 2569 in
592 2525 820 2584 praesenti
845 2525 1052 2569 membra
1083 2534 1240 2569 nostra
1266 2524 1532 2568 exhibemus
1564 2538 1689 2569 arma
1717 2525 1903 2583 justitiae
1936 2524 2044 2576 Deo,
2079 2531 2128 2565 ut

158 2591 350 2636 habetur
381 2590 518 2636 Rom.
555 2591 612 2647 6.,
639 2602 683 2637 et
721 2593 768 2637 in
795 2592 947 2637 futuro
987 2606 1152 2652 corpus
1178 2601 1387 2636 nostrum
1413 2592 1626 2636 sortietur
1651 2591 2061 2650 incorruptionem,
2088 2601 2133 2633 et

160 2657 357 2719 gloriam
385 2658 581 2704 animae.

881 2836 1319 2894 ARTICULUS
1363 2837 1434 2892 ΙΙ.
2044 2864 2128 2909 471

238 2970 433 3010 UTRUM
471 2970 749 3010 EFFECTUS
791 2971 956 3026 HUJUS
999 2972 1346 3012 SACRAMENTI
1381 2972 1467 3012 SIT
1507 2972 1751 3011 ADEPTIO
1794 2971 2051 3011 GLORIAE.

690 3082 818 3141 (Infr.
846 3097 885 3142 q.
912 3083 983 3129 80.
1010 3090 1092 3129 art.
1119 3099 1159 3130 2.
1187 3085 1241 3129 ad
1265 3101 1300 3131 Ι.
1324 3091 1359 3130 et
1378 3086 1503 3142 Joan.
1533 3086 1611 3143 6.).

256 3192 333 3239 An
349 3206 612 3239 szcuNDuM
629 3193 692 3238 sic
720 3194 994 3253 proceditur.
1011 3195 1215 3251 Videtur,
1243 3196 1365 3256 quod
1384 3195 1571 3240 effectus
1592 3194 1727 3252 hujus
1749 3195 2026 3239 sacramenti
2038 3209 2134 3240 non

166 3259 226 3307 sit
255 3260 437 3320 adeptio
470 3260 670 3319 gloriae:
699 3260 887 3306 effectus
913 3262 1038 3307 enim
1063 3266 1436 3323 proportionatur
1468 3276 1577 3306 suae
1610 3275 1798 3306 causae:
1831 3261 1910 3305 sed
1941 3261 2033 3306 hoc
2066 3276 2134 3307 sa-

169 3338 455 3374 cramentum
482 3328 703 3387 competit
733 3329 1003 3374 viatoribus:
1038 3332 1157 3375 unde
1191 3342 1235 3375 et
1266 3331 1485 3375 viaticum
1518 3329 1706 3383 dicitur;
1740 3343 1846 3372 cum
1881 3329 2019 3387 igitur
2043 3329 2134 3373 via-

168 3405 293 3441 tores
309 3395 516 3440 nondum
540 3398 630 3440 sint
647 3410 839 3455 capaces
857 3396 1045 3456 gloriae,
1063 3398 1241 3442 videtur
1258 3398 1380 3457 quod
1400 3398 1488 3441 hoc
1506 3406 1844 3440 sacramentum
1862 3409 1956 3439 non
1979 3407 2137 3442 causet

172 3462 466 3522 adeptionem
492 3462 681 3521 gloriae.

262 3541 305 3575 2.
335 3525 634 3575 PRAETEREA.
661 3530 818 3574 Posita
845 3544 982 3577 causa
1007 3530 1262 3586 sufficienti,
1289 3530 1473 3590 ponitur
1505 3529 1716 3574 effectus:
1750 3529 1830 3574 sed
1863 3528 1994 3574 multi
2021 3530 2137 3574 acci-

174 3596 306 3658 piunt
336 3595 428 3643 hoc
455 3607 811 3652 sacramentum,
835 3597 912 3658 qui
947 3611 1182 3658 nunquam
1208 3598 1475 3660 pervenient
1501 3597 1555 3642 ad
1590 3595 1802 3657 gloriam,
1834 3606 1883 3643 ut
1913 3606 2037 3658 patet
2061 3612 2141 3658 per
