2352 3926
284 218 394 286 694
790 227 1078 273 QUAES'HO}
1104 225 1343 267 nxxvm.
1375 226 1763 273 *intentus-115

282 345 448 391 corpus
474 345 622 383 suum,
649 340 693 373 et
717 328 988 386 sanguinem
1015 327 1330 373 consecravit}
1356 327 1436 371 sed
1459 326 1678 373 Christus
1697 334 1803 373 ante
1827 327 2248 388 benedixitzpflnem

281 408 537 457 acceptum,
556 407 599 440 et
624 404 784 454 postea
801 393 930 439 dixit.
956 394 1160 452 Accipite,
1179 399 1219 439 et
1238 393 1461 446 comedite«
1474 394 1554 439 hoc
1575 399 1631 439 est
1650 400 1805 454 corpus
1820 409 1977 449 mmm,
1992 396 2250 443 uehebatur

280 463 441 509 Matth.
469 461 555 515 26„
583 471 627 505 et
651 460 859 507 similiter
883 458 992 504 fecit
1016 459 1072 504 de
1092 459 1267 514 calice;
1294 473 1407 552 ergo
1432 460 1678 561 praedicta
1684 460 1831 554 verba-
1844 470 2093 506 nomsunt
2087 460 2249 509 funin

280 530 415 588 hujus
442 527 728 572 sacramenti
962 550 964 552 ·
1619 546 1626 554 ν
1959 531 2014 571 }r·2
2032 548 2045 569 ι
2071 544 2229 587 :mr-1014-

370 608 410 639 2
437 596 735 641 PRAETEREA.
762 567 983 637 Eusebius
1004 545 1277 640 Emissenus
1299 554 1409 637 dicit
1434 592 1568 650 (hom.
1593 607 1635 652 -.5
1638 592 1718 638 ὧι
1729 550 1925 647 Busche,
1924 599 2049 652 quae
2062 594 2248 654 incipiit:

281 661 534 720 Magnitudo
560 660 711 704 coelest.
745 674 771 703 a
789 661 923 719 princ
928 661 975 712 .),
1002 659 1140 718 quod
1146 675 1178 707 α
1198 647 1437 709 invisibilis
1460 660 1700 715 sacerdos
1694 659 1916 707 visibiles
1934 659 2250 721 :creamasiin

282 741 414 772 suurn
449 741 613 785 corpus
646 726 884 782 convertit,
915 725 1098 773 dicens:
1131 727 1338 786 Accipite,
1366 732 1415 772 et
1427 726 1661 775 comedite
1630 747 1661 779 5
1672 726 1771 772 hoc
1782 733 1858 772 ests
1838 735 2029 787 rcnnpus
2036 741 2250 782 nnuman

280 808 391 854 ergo
422 804 572 838 totum
604 794 696 838 hoc
727 793 905 839 videtur
930 792 1154 852 pertinere
1187 794 1243 838 ad
1281 792 1482 839 formam
1513 794 1658 852 hujus
1679 794 1995 839 sacramentiz.
1998 793 2248 841 ..etieadh‘m

279 862 396 906 ratio
424 870 491 905 est
517 860 574 905 de
599 860 748 905 verbis
776 859 1109 918 pertinentibus.
1130 860 1204 904 ad
1202 861 1506 919 sanguinem.
1572 900 1576 904 ,
1656 881 1658 883 >
1811 867 1882 906 &cs
1913 879 1966 913 ,ν-
1983 880 2005 905 2:
2028 875 2082 905 ἲν
2108 881 2145 905 η
2159 878 2227 906 a*

373 942 410 986 3.
437 927 736 972 PRAETEREA.
771 927 824 970 In
853 925 1005 971 forma
1044 926 1261 986 baptismi
1294 927 1561 986 exprimitur
1581 899 1799 985 persona
1813 927 2031 981 ministri,
2049 936 2110 972 zet
2115 930 2250 972 πῶς

281 994 390 1052 ejus,
409 1008 514 1037 cum
533 993 718 1038 dicitur:
745 1008 768 1034 «
790 993 890 1052 Ego
908 1003 952 1036 te
969 993 1149 1050 baptizo
1167 1010 1218 1037 »z
1242 993 1354 1037 sed
1343 1009 1389 1037 in
1408 994 1669 1052 praemissis
1690 994 1851 1038 verbis
1857 993 1986 1039 nulla
1997 994 2056 1039 ..fit
2067 994 2251 1039 :mutio

279 1060 337 1105 de
371 1074 566 1120 persona
602 1059 812 1113 ministri,
845 1073 931 1104 nec
967 1059 1025 1103 de
1061 1069 1163 1104 actu
1191 1059 1307 1117 ejus3
1334 1074 1446 1119 ergo
1471 1075 1569 1106 non
1595 1070 1680 1106 est
1689 1063 1967 1107 conveniens
1996 1060 2160 1135 forma
2179 1074 2252 1106 sa·

280 1127 517 1178 eramenti.
1162 1161 1166 1163 .
1456 1149 1473 1152 »-
1667 1148 1669 1151 -
1847 1151 1849 1153 ·
1956 1146 1963 1154 ³
2001 1145 2010 1151 ·
2150 1147 2182 1170 ης

367 1206 410 1249 4.
428 1194 727 1241 PRAETEREA.
745 1193 912 1238 Forma
930 1166 1205 1237 sacramenti
1222 1191 1387 1238 sufficit
1403 1194 1458 1239 ad
1470 1193 1807 1253 perfectionem
1823 1163 2127 1249 sacramenti,
2123 1194 2250 1240 unde

279 1271 617 1311 sacramentum
637 1259 852 1318 baptismi
876 1259 1153 1336 quandoque
1176 1259 1332 1318 perfici
1356 1267 1512 1318 potest
1537 1260 1648 1306 solis
1669 1262 1819 1322 verbis
1837 1261 2020 1307 {omae
2030 1261 2246 1321 prolatis,

281 1327 492 1372 omnibus
521 1327 619 1372 aliis
645 1326 998 1384 praetermissis;
1026 1326 1064 1370 si
1090 1340 1201 1384 ergo
1228 1326 1456 1384 praedicta
1475 1328 1627 1374 verba
1639 1338 1759 1374 sunt
1770 1327 2088 1387 formashnjns
2102 1334 2252 1375 §ahsa-

280 1394 438 1448 menti,
463 1394 642 1438 videtur
665 1393 787 1452 quod
816 1392 1060 1451 aliquando
1082 1393 1226 1451 possit
1241 1392 1332 1438 hoc
1350 1393 1705 1440 sacramentum
1716 1394 1873 1454 perfici
1889 1394 2088 1455 hissociis
2102 1387 2251 1442 ωε

280 1461 484 1519 prolatis,
512 1470 556 1505 et
576 1460 795 1513 *omnibus
823 1459 922 1503 aliis
948 1459 1294 1518 praetermissis,
1318 1471 1447 1518 ‘quaess
1461 1474 1507 1504 m
1533 1474 1674 1507 missa
1687 1461 2251 1521 dicuntum-:quomrum

280 1527 458 1572 videtur
484 1541 584 1571 esse
609 1526 790 1580 falsum,
822 1526 933 1584 ,quia
960 1527 1036 1570 ubi
1061 1526 1199 1573 verba
1226 1525 1315 1569 alia
1346 1529 2097 1587 praetermitterentur,-pramdicmv
2107 1529 2252 1578 metha

283 1595 595 1653 acciperentur
621 1608 676 1637 ex
701 1606 897 1651 persona
919 1592 1169 1636 sacerdotis
1199 1592 1484 1651 proferentis,
1502 1595 1549 1637 in
1567 1595 1696 1652 cujus
1719 1605 1961 1654 corpusyet
1977 1596 2250 1655 sanguinem

281 1662 424 1719 panis,
449 1671 493 1704 et
517 1661 676 1703 vinum
699 1673 793 1703 non
816 1668 1164 1713 convertuntur;
1191 1673 1286 1703 non
1305 1674 1416 1718 ergo
1439 1660 1671 1719 praedicta
1683 1661 1822 1705 verba
1838 1672 1943 1706 sunt
1953 1661 2104 1706 forma
2115 1653 2250 1722 hujus

281 1737 569 1771 sacramenti.
2117 1772 2123 1779 ,

371 1796 465 1840 SED
495 1807 692 1840 CONTRA
725 1803 806 1847 est,
838 1794 962 1853 quod
989 1794 1205 1838 Ambros.
1239 1794 1349 1838 dicit
1379 1795 1426 1838 in
1452 1794 1527 1838 lib.
1560 1807 1603 1850 4.
1637 1795 1693 1839 de
1727 1795 2036 1840 Sacramentis
2062 1797 2176 1856 (cap.
2207 1812 2250 1854 4.

280 1877 306 1907 a
321 1865 502 1923 princ.):
529 1878 553 1904 «
576 1861 879 1906 Consecratio
896 1861 946 1904 fit
961 1861 1124 1915 verbis,
1142 1870 1184 1905 et
1202 1862 1488 1923 sermonibus
1506 1862 1702 1906 Domini
1715 1862 1837 1920 Jesu,
1854 1877 1963 1907 nam
1979 1877 2061 1922 per
2076 1863 2251 1923 reliqua

280 1931 450 1984 omnia,
478 1943 593 1989 quae
621 1929 847 1982 dicuntur,
861 1926 961 1977 laus
987 1927 1090 1972 Deo
1119 1927 1336 1982 defertur,
1348 1929 1496 1972 oratio
1519 1923 1821 1987 praemittitur
1846 1943 1931 1988 pro
1955 1929 2144 1990 populo,
2166 1945 2249 1990 pro

276 1998 472 2056 regibus,
499 2010 582 2055 pro
609 1995 823 2039 caeteris:
852 1995 928 2039 ubi
955 2005 1108 2039 autem
1133 1995 1326 2049 venitur,
1348 2004 1398 2039 ut
1425 1995 1692 2040 conficiatur
1713 1996 1971 2041 venerabile
1993 2009 2250 2043 sacramen·

277 2075 390 2118 tum,
412 2066 506 2122 jam
527 2077 622 2107 non
644 2062 734 2106 suis
752 2062 1038 2106 sermonibus
1054 2061 1269 2106 sacerdos
1286 2063 1437 2117 utitur,
1454 2062 1534 2107 sed
1553 2063 1692 2108 utitur
1704 2063 1994 2113 sermonibus
2010 2060 2183 2109 Christi
2199 2081 2248 2119 »3

278 2145 388 2190 ergo
417 2144 569 2174 sermo
597 2129 769 2174 Christi
795 2128 980 2173 conficit
1004 2139 1359 2190 sacramentum.

367 2198 657 2242 RESPONDEO
676 2195 935 2249 dicendum,
960 2195 1082 2254 quod
1104 2196 1195 2239 hoc
1223 2205 1562 2240 sacramentum
1586 2197 1639 2240 ab
1663 2196 1762 2241 aliis
1779 2198 2077 2242 sacramentis
2100 2196 2249 2243 differt

276 2267 323 2309 in
351 2265 532 2308 duobus:
553 2265 696 2322 primo
723 2262 923 2322 quidem,
950 2273 1171 2321 quantum
1196 2263 1251 2306 ad
1272 2263 1380 2316 hoc,
1397 2263 1520 2322 quod
1542 2263 1634 2307 hoc
1657 2274 1996 2308 sacramentum
2019 2264 2250 2324 perficitur

275 2332 324 2375 in
352 2330 698 2375 consecratione
725 2329 959 2383 materiae,
985 2329 1076 2374 alia
1099 2343 1211 2373 vero
1236 2340 1524 2374 sacramenta
1550 2329 2008 2389 perficiuntutzinusu
2025 2331 2248 2376 materiae

277 2406 595 2442 consecratae:
621 2396 811 2450 secundo,
838 2396 944 2455 quia
969 2395 1016 2439 in
1043 2395 1142 2439 aliis
1169 2397 1466 2440 sacramentis
1491 2398 1776 2441 consecratio
1798 2399 2017 2442 materiae
2041 2399 2250 2444 consistit

278 2465 427 2509 solum
451 2465 499 2507 in
525 2463 722 2522 quadam
747 2462 1081 2516 benedictione,
1109 2476 1162 2506 ex
1188 2476 1278 2521 qua
1299 2464 1490 2507 materia
1515 2474 1783 2508 consecrata
1801 2464 1966 2523 accipit
1980 2465 2249 2510 instrumen-

276 2531 427 2578 taliter
443 2530 670 2590 quandam
691 2528 972 2588 spiritualem
997 2529 1228 2583 virtutem,
1250 2543 1366 2588 quae
1388 2543 1468 2589 per
1490 2531 1764 2585 ministrum,
1781 2531 1864 2590 qui.
1885 2541 1951 2588 est
1977 2533 2250 2590 instrumen-

276 2612 374 2644 tum
402 2599 676 2650 animarum,
700 2605 851 2655 potest
876 2595 932 2639 ad
957 2596 1257 2641 instrumenta
1283 2596 1535 2641 inanimata
1561 2597 1834 2656 procedere:
1868 2599 1948 2650 sed
1980 2599 2027 2646 in
2058 2599 2149 2646 hoc
2181 2594 2249 2644 sa·

277 2675 514 2710 eramento
543 2663 828 2708 consecratio
855 2662 1073 2707 materiae
1100 2662 1307 2706 consistit
1330 2663 1378 2706 in
1405 2663 1606 2722 quadam
1631 2664 1908 2724 miraculosa
1941 2667 2244 2725 con-versione

276 2732 568 2785 substantiae,
591 2743 707 2790 quae
725 2744 750 2773 a
768 2728 868 2773 solo
893 2729 998 2772 Deo
1021 2728 1177 2786 perfici
1203 2739 1374 2788 potest3
1398 2730 1519 2785 unde
1541 2731 1748 2776 minister
1768 2732 1815 2787 in
1838 2720 1929 2791 hoc
1956 2743 2246 2797 sacramento

276 2799 553 2860 perficiendo
580 2811 675 2841 non
701 2797 839 2840 habet
861 2796 1002 2839 alium
1020 2805 1174 2839 actum
1193 2796 1278 2840 nisi
1296 2796 1603 2855 prolationem
1621 2798 1885 2844 verborum.
1883 2780 1955 2851 Et
1960 2801 2079 2859 quia
2088 2789 2245 2859 forma

277 2868 410 2912 debet
435 2879 533 2910 esse
561 2863 839 2908 conveniens
864 2863 944 2916 rei,
970 2862 1075 2906 ideo
1101 2861 1253 2906 forma
1277 2863 1413 2921 hujus
1439 2865 1715 2909 sacramenti
1741 2851 1898 2925 differt
1899 2881 1948 2925 ja
1958 2860 2132 2925 formis
2134 2868 2247 2913 alio·

274 2948 376 2978 rum
403 2941 798 2978 sacramentorum
823 2931 869 2973 in
896 2929 1093 2974 duobus:
1124 2931 1264 2988 ptimo
1292 2931 1491 2988 quidem,
1519 2932 1624 2990 quia
1656 2931 1834 2977 formae
1866 2910 2062 2978 aliorum
2095 2948 2245 2981 sacra-

276 3012 539 3045 mentorum
555 2999 804 3057 important
821 3011 953 3040 usum
971 2996 1203 3048 materiae,
1220 3007 1328 3055 puta
1347 2998 1715 3057 baptizationem,
1727 2999 1801 3044 vel
1819 3002 2243 3060 consignationem:

273 3068 352 3113 sed
378 3067 528 3111 forma
554 3066 688 3124 huJus
716 3065 989 3109 sacramenti
1015 3062 1233 3122 importat
1257 3062 1406 3107 solam
1432 3067 1831 3111 consecrationem
1858 3069 2092 3122 materiae,
2118 3082 2237 3130 qnae

276 3136 320 3178 in
346 3131 825 3178 transubstantiatione
843 3130 1063 3184 consistit,
1099 3139 1209 3189 puta
1237 3143 1342 3173 cum
1370 3132 1555 3176 dicitur:
1584 3149 1607 3174 «
1627 3133 1729 3178 Hoc
1751 3143 1820 3179 est
1834 3146 2005 3196 corpus
2028 3149 2184 3199 meum
2192 3153 2244 3199 5,

276 3201 369 3247 vel:
396 3217 418 3242 «
443 3201 528 3244 Hic
556 3209 624 3244 est
649 3196 765 3242 calix
791 3197 1024 3257 sanguinis
1050 3194 1142 3241 mei
1164 3212 1214 3242 »t
1240 3197 1426 3251 secund0‚
1446 3200 1551 3258 quia
1575 3199 1751 3245 formae
1767 3182 2244 3248 aiioriitfi}3acrambti

274 3279 427 3313 torum
455 3266 741 3326 proferuntur
773 3274 840 3309 ex
859 3270 1054 3324 pei-'sona
1085 3263 1293 3317 ministri,
1323 3266 1410 3309 sive
1450 3280 1531 3324 per
1562 3267 1755 3311 'modum
1786 3269 2036 3314 exercentis
2070 3280 2241 3325 actum,

275 3337 392 3380 sicut
418 3349 524 3378 cum
551 3334 735 3378 dicitur:
766 3350 790 3374 «
807 3332 908 3389 Ego
933 3341 979 3376 te
1004 3330 1243 3390 baptizo»,
1270 3331 1366 3375 vel:
1392 3348 1415 3373 «
1435 3332 1534 3391 Ego
1560 3342 1605 3378 te
1629 3334 1909 3389 confirmo»,
1933 3344 2035 3391 etc.;
2061 3338 2147 3381 sive
2162 3350 2244 3397 per

276 3402 467 3446 modum
493 3401 774 3459 imperantis,
815 3399 933 3443 sicut
958 3403 1063 3441 cum
1100 3397 1146 3440 in
1178 3408 1468 3443 sacramento
1495 3399 1666 3445 ordinis
1700 3401 1886 3446 dicitur:
1913 3417 1938 3443 «
1960 3402 2133 3463 Accipe
2165 3417 2244 3463 po-

275 3479 503 3522 testatem,
531 3477 616 3512 etc
639 3483 681 3522 »3
707 3469 794 3512 sive
805 3479 899 3528 per
924 3464 1116 3510 modum
1139 3464 1438 3527 deprecantis,
1476 3467 1591 3513 sicut
1609 3481 1715 3512 cum
1733 3469 1777 3512 in
1795 3479 2088 3531 sacramento
2105 3479 2245 3529 extre·

278 3549 381 3579 mae
394 3534 621 3579 unctionis
637 3502 818 3579 dicitur:
838 3549 863 3574 <t
876 3532 1109 3580 Peristam
1120 3531 1405 3587 tinctionem,
1419 3543 1463 3578 et
1473 3543 1682 3596 nostram
1698 3535 2193 3597 mtercessionemetc
2189 3553 2240 3596 .5.

278 3603 366 3647 Sed
380 3602 528 3646 forma
547 3602 680 3660 hujus
697 3600 973 3645 sacramenti
987 3597 1214 3661 profertur
1225 3599 1352 3659 quasi
1374 3614 1427 3644 ex
1444 3614 1638 3660 persona
1652 3602 1795 3661 ipsius
1808 3602 1983 3661 Christi
1997 3602 2242 3662 loquentis,
