2352 3926
295 197 404 249 626
806 207 1085 254 QUAESTIO
1126 207 1295 246 Lxxn.
1333 183 1642 247 ani-mutus
1680 207 1754 247 lv.

223 349 229 354 .
292 311 528 365 cramend,
554 309 728 354 scilicet
753 308 987 367 plenitudo
1023 308 1215 367 Spiritus
1249 307 1421 364 Sancti,
1450 308 1722 367 quibusdam
1744 308 1994 357 visibilibus
2018 309 2161 370 signis
2176 310 2259 362 mi-
2334 291 2346 307 ⁹

290 377 499 422 raculose
528 391 553 420 a
579 377 681 420 Deo
710 374 897 429 effectis,
923 375 1002 433 qui
1023 385 1174 434 potest
1190 374 1407 419 effectum
1428 376 1704 420 sacramenti
1722 376 1820 420 sine
1842 387 2129 422 sacramento
2145 390 2258 433 con—

291 443 430 498 ferre3
460 454 504 488 et
529 453 635 487 tunc
662 456 757 485 non
784 452 879 485 erat
905 442 1162 486 necessaria
1188 456 1271 486 nec
1300 443 1505 495 materia,
1523 455 1607 485 nec
1634 441 1783 486 forma
1808 442 1944 501 hujus
1960 436 2254 496 sacramenti:

293 511 567 569 quandoque
591 517 758 561 autem,
781 518 1000 567 tanquam
1027 509 1220 552 ministri
1237 518 1647 562 sacramentorum,
1669 508 1760 552 hoc
1779 519 2118 554 sacramentum
2134 522 2259 570 perae-

292 577 481 630 bebant3
509 585 554 619 et
578 585 684 619 tunc
719 575 834 619 sicut
859 577 1064 630 materia,
1096 576 1158 620 ita
1191 585 1236 620 et
1265 575 1415 619 forma
1449 589 1502 619 ex
1537 575 1755 619 mandato
1788 575 1960 620 Christi
1990 575 2257 623 utebantur:

293 642 436 686 multa
471 643 593 686 enim
627 642 867 686 servabant
900 642 1096 700 apostoli
1127 643 1175 686 in
1201 652 1596 687 sacramentorum
1631 641 1894 696 collatione,
1920 656 2037 702 quae
2067 642 2115 687 in
2141 642 2258 692 Scri-

293 710 436 768 pturis
471 711 778 753 communiter
809 709 1052 768 propositis
1082 723 1176 753 non
1209 719 1314 753 sunt
1344 709 1534 762 tradita;
1568 708 1688 752 unde
1720 709 1912 767 Dionys.
1949 709 2060 753 dicit
2082 708 2130 753 in
2168 709 2257 755 fine

289 775 464 820 Eccles.
493 775 730 819 Hierarch.
760 774 871 834 (cap.
895 776 970 820 ult.
997 777 1111 820 inter
1126 776 1230 820 med.
1250 782 1288 820 et
1301 775 1424 833 ftn.).·
1455 791 1478 816 ‹<
1497 774 1906 819 Consummativas
1942 775 2256 820 invocationes

291 843 428 898 (idest
451 843 590 886 verba
616 842 778 901 quibus
810 842 1103 901 perficiuntur
1129 845 1435 900 sacramenta)
1459 856 1552 886 non
1581 852 1649 886 est
1673 843 1844 900 justum
1860 842 2105 900 scripturas
2120 843 2256 888 inter-

288 910 584 969 pretantibus,
602 923 750 968 neque
769 910 1016 969 mysticum
1040 923 1212 964 earum,
1241 919 1318 954 aut
1342 909 1389 953 in
1414 909 1522 967 ipsis
1549 919 1758 968 operatas
1785 923 1839 953 ex
1863 909 1968 953 Deo
1992 909 2180 954 virtutes
2203 924 2255 954 ex

287 976 471 1020 occulto
506 977 561 1020 ad
588 990 836 1020 commune
863 976 1116 1021 adducere:
1143 976 1223 1020 sed
1247 986 1404 1020 nostra
1436 990 1564 1021 sacra
1590 976 1772 1020 traditio
1800 976 1896 1020 sine
1922 989 2094 1036 pompa
2120 976 2257 1035 (idest

288 1042 490 1100 occulte)
514 1057 590 1087 eas
617 1042 818 1087 edocet»
835 1058 845 1087 :
871 1043 989 1086 unde
1009 1053 1053 1087 et
1069 1041 1321 1102 Apostolus
1345 1043 1453 1087 dicit
1469 1042 1662 1101 loquens
1681 1042 1736 1086 de
1756 1042 2060 1088 celebratione
2081 1040 2257 1088 Eucha-

288 1110 441 1154 ristiae
474 1124 510 1155 1.
538 1109 749 1154 Corinth.
782 1123 876 1153 11.:
906 1109 1097 1165 Caetera,
1122 1125 1215 1154 cum
1236 1124 1405 1164 venero,
1430 1110 1661 1169 disponam.

377 1177 453 1221 AD
471 1190 730 1222 SECUNDUM
748 1176 1006 1229 dicendum,
1027 1176 1148 1235 quod
1167 1177 1381 1220 sanctitas
1400 1186 1467 1221 est
1492 1176 1648 1220 salutis
1673 1190 1833 1220 causa:
1861 1186 1906 1221 et
1929 1176 2035 1222 ideo
2060 1177 2108 1222 in
2129 1177 2251 1222 idem

287 1244 417 1298 redit,
445 1245 567 1303 quod
595 1244 784 1288 dicitur:
815 1261 838 1287 «
860 1244 1121 1288 Chrismate
1144 1244 1313 1301 salutis,
1338 1254 1382 1288 et
1402 1243 1774 1288 sanctificationis
1791 1261 1833 1288 >›.

377 1313 454 1356 AD
491 1325 707 1356 TERTmM
739 1311 997 1365 dicendum,
1031 1312 1154 1370 quod
1185 1311 1437 1369 baptismus
1470 1321 1537 1355 est
1577 1312 1864 1370 regeneratio
1895 1312 1943 1356 in
1974 1312 2255 1371 spiritualem

286 1379 444 1433 vitam,
471 1394 560 1438 qua
583 1379 727 1422 homo
755 1379 866 1422 vivit
891 1378 937 1421 in
964 1378 1132 1436 seipso,
1160 1387 1206 1422 et
1237 1378 1341 1422 ideo
1369 1393 1463 1422 non
1480 1379 1663 1437 ponitur
1684 1378 1731 1422 in
1758 1378 1909 1422 forma
1933 1379 2149 1438 baptismi
2168 1380 2256 1425 nisi

289 1461 405 1490 unus
434 1456 559 1490 actus
588 1447 643 1489 ad
669 1446 819 1504 ipsum
845 1445 1086 1488 hominem
1107 1445 1484 1488 sanctificandum
1501 1445 1753 1504 pertinens:
1781 1449 1862 1490 sed
1883 1445 1975 1490 hoc
2001 1455 2258 1493 sacramen·

287 1524 386 1558 tum
417 1528 512 1557 non
539 1513 691 1557 solum
718 1513 951 1556 ordinatur
979 1511 1035 1555 ad
1067 1512 1173 1565 hoc,
1207 1512 1329 1570 quod
1361 1512 1507 1555 homo
1534 1511 1841 1556 sanctificetur
1874 1512 1922 1556 in
1954 1513 2124 1572 seipso,
2170 1513 2251 1559 sed

287 1581 526 1639 exponitur
552 1579 734 1624 cuidam
752 1593 931 1638 pugnae
958 1579 1193 1633 exteriori3
1221 1588 1265 1623 et
1289 1578 1393 1622 ideo
1419 1592 1514 1622 non
1539 1578 1692 1622 solum
1719 1578 1768 1622 fit
1784 1579 1959 1624 mentio
1979 1579 2036 1624 de
2050 1580 2256 1625 interiori
2323 1587 2342 1620 .’

287 1647 662 1700 sanctificatione,
678 1661 784 1690 cum
797 1646 978 1690 dicitur:
1007 1662 1029 1686 (ε
1045 1645 1286 1690 Confirmo
1305 1655 1348 1689 te
1369 1646 1612 1689 chrismate
1631 1645 1819 1690 salutis»
1834 1661 1846 1700 ;
1862 1646 1941 1690 sed
1954 1646 2093 1690 etiam
2109 1647 2255 1692 consi-

293 1724 456 1773 gnatur
481 1714 626 1758 homo
655 1713 849 1756 exterius
876 1714 1004 1771 quasi
1030 1712 1197 1756 vexillo
1225 1712 1371 1755 crucis
1399 1712 1454 1755 ad
1481 1727 1683 1770 pugnam
1710 1711 2020 1771 spiritualem3
2046 1712 2170 1772 quod
2195 1713 2254 1758 si·
2335 1753 2340 1771 ‚b

289 1781 543 1840 gnificatur,
561 1795 668 1823 cum
682 1780 867 1823 dicitur:
889 1795 911 1820 ‹<
928 1779 1167 1838 Consigno
1180 1789 1224 1822 te
1242 1780 1373 1837 signo
1388 1779 1584 1823 crucis».
1604 1780 1653 1822 In
1666 1779 1767 1837 ipso
1785 1789 1940 1825 autem
1957 1779 2098 1824 verbo
2115 1781 2255 1839 bapti·
2330 1811 2345 1833 3.

288 1848 434 1901 zandi,
461 1847 584 1906 quod
612 1846 893 1890 ablutionem
919 1845 1158 1904 significat,
1184 1855 1335 1905 potest
1358 1844 1553 1904 intelligi
1579 1855 1623 1889 et
1648 1846 1839 1890 materia
1864 1846 2004 1905 (quae
2031 1855 2101 1891 est
2131 1858 2251 1906 aqua
2327 1861 2346 1872 0

290 1915 498 1972 abluens)
527 1925 571 1959 et
603 1913 790 1958 effectus
817 1913 990 1969 salutis,
1058 1927 1143 1957 uae
1164 1927 1259 1957 non
1284 1911 1597 1971 intell1guntur
1622 1913 1668 1956 in
1690 1912 1829 1957 verbo
1856 1912 2184 1967 confirmandi;
2206 1923 2251 1958 et

290 1982 394 2026 ideo
422 1981 623 2040 oportuit
647 1981 762 2025 haec
789 1994 984 2039 ponere:
1013 1981 1038 2023 d
1061 1990 1184 2024 ctum
1212 1990 1279 2024 est
1296 1989 1448 2023 autem
1475 1993 1610 2038 supra
1635 1981 1691 2038 (q.
1710 1979 1783 2024 66.
1802 1986 1886 2025 art.
1906 1994 1943 2039 5.
1966 1978 2020 2024 ad
2034 1979 2110 2038 1.),
2129 1981 2250 2040 quod
2314 1966 2337 2011 »s

284 2050 375 2093 hoc
408 2049 531 2108 quod
558 2048 744 2092 dicitur:
772 2049 877 2106 Ego,
900 2062 993 2092 non
1022 2057 1089 2091 est
1121 2048 1175 2090 de
1207 2046 1479 2091 necessitate
1511 2045 1688 2090 formae
1719 2045 2026 2106 baptismalis3
2052 2047 2159 2106 quia
2189 2047 2254 2091 in-
2311 2043 2329 2050 ’

282 2115 501 2174 telligitur
522 2116 568 2159 in
594 2115 734 2159 verbo
761 2115 936 2173 primae
957 2128 1205 2172 personae3
1233 2114 1474 2172 apponitur
1490 2123 1647 2158 tamen
1665 2112 1720 2157 ad
1738 2109 2085 2173 exprimendam
2105 2113 2252 2161 inten-
2317 2125 2322 2176 J

284 2183 475 2237 tionem,
503 2183 625 2241 quod
651 2197 746 2227 non
773 2192 841 2226 est
865 2182 930 2226 ita
954 2182 1266 2226 necessarium
1292 2182 1339 2224 in
1367 2180 1731 2234 confirmatione,
1759 2194 1875 2239 quae
1899 2195 1996 2227 non
2013 2180 2253 2227 exhibetur
2313 2179 2326 2244 J*

287 2250 375 2294 nisi
401 2250 455 2294 ab
484 2248 723 2294 excellenti
748 2249 973 2304 ministro,
1000 2259 1050 2292 ut
1073 2247 1189 2292 infra
1216 2248 1390 2304 dicetur
1415 2248 1521 2305 (art.
1553 2260 1613 2293 Π.
1647 2248 1733 2306 huj.
1757 2247 1834 2306 q.).
2323 2249 2325 2251 ’

1003 2424 1437 2483 ARTICULUS
1471 2422 1540 2480 V.
2159 2439 2250 2495 418
2296 2407 2318 2500 [J

319 2564 513 2603 UTRUM
546 2562 956 2602 SACRAMENTUM
990 2561 1461 2601 CONFIRMATIONIS
1490 2560 1757 2600 IMPRIMAT
1786 2548 2209 2600 CHARACTERBM.
2306 2539 2318 2550 Γ

662 2674 724 2731 (4.
748 2672 858 2717 Dist.
886 2685 924 2731 7.
952 2687 990 2731 q.
1017 2686 1057 2717 2.
1084 2678 1166 2716 art.
1193 2688 1228 2718 ι.
1257 2686 1294 2730 q.
1323 2687 1357 2717 1.
1384 2677 1421 2716 et
1446 2685 1483 2729 q.
1506 2685 1542 2730 3.
1570 2677 1651 2715 art.
1675 2685 1711 2730 3.
1739 2686 1776 2730 q.
1800 2671 1872 2730 3.).

320 2815 323 2818 -
373 2783 450 2828 AD
478 2794 707 2833 QUINTUM
743 2781 806 2826 sic
835 2781 1107 2840 proceditur.
1140 2780 1345 2835 Videtur,
1373 2780 1495 2839 quod
1522 2790 1862 2825 sacramentum
1888 2779 2251 2828 confirmationis
2300 2777 2304 2811 i

282 2865 377 2896 non
402 2850 636 2909 imprimat
668 2849 1002 2893 characterem:
1038 2848 1275 2893 character
1307 2849 1429 2892 enim
1462 2848 1680 2907 importat
1711 2847 1944 2907 quoddam
1975 2848 2159 2907 signum
2189 2846 2251 2893 di·
2298 2870 2316 2906 3·

282 2918 569 2963 stinctivum:
597 2917 676 2962 sed
702 2932 782 2976 per
814 2926 1152 2961 sacramentum
1187 2916 1548 2960 confirmationis
1581 2930 1675 2960 non
1708 2915 1997 2975 distinguitur
2021 2915 2167 2961 homo
2194 2914 2248 2960 ab
2345 2970 2350 2974 ,

281 2985 563 3039 infidelibus;
589 2984 679 3029 hoc
714 2984 836 3028 enirn
864 2983 913 3027 fit
938 2997 1017 3041 per
1033 2983 1337 3042 baptismum3
1364 2997 1512 3042 neque
1540 2983 1678 3027 etiam
1700 2982 1754 3027 ab
1773 2982 1872 3028 aliis
1894 2981 2122 3037 fidelibus3
2144 2981 2251 3042 quia
2348 2992 2351 3000 ²

282 3053 373 3097 hoc
401 3061 740 3096 sacramentum
767 3050 1000 3095 ordinatur
1027 3050 1081 3094 ad
1108 3065 1311 3108 pugnam
1337 3050 1633 3109 spiritualem,
1660 3063 1777 3109 quae
1803 3049 2016 3094 omnibus
2040 3047 2248 3097 fidelibus
2294 3058 2310 3112 j
2346 3067 2349 3070 ⁴

283 3119 517 3174 indicitur;
544 3133 640 3163 non
666 3131 777 3176 ergo
803 3117 849 3161 in
875 3117 966 3162 hoc
994 3127 1282 3161 sacramento
1308 3117 1584 3176 imprimitur
1611 3115 1773 3175 aliquis
1799 3116 2048 3162 character.
2296 3151 2321 3159 .,

373 3200 413 3231 2.
446 3186 744 3231 PRAETEREA.
773 3185 919 3243 Supra
945 3184 1116 3229 dictum
1144 3194 1211 3228 est
1239 3183 1295 3242 (q.
1316 3184 1379 3243 63.
1399 3190 1482 3228 art.
1505 3184 1583 3243 2.),
1610 3182 1735 3243 quod
1761 3183 2001 3228 character
2022 3191 2092 3227 est
2116 3191 2251 3242 quae·

285 3255 390 3299 dam
417 3255 618 3313 potentia
644 3251 910 3311 spiritualis:
938 3251 1140 3310 potentia
1164 3259 1317 3295 autem
1339 3265 1433 3295 non
1456 3260 1538 3304 est,
1562 3250 1650 3294 nisi
1672 3250 1834 3305 activa,
1853 3249 1930 3295 vel
1948 3250 2152 3309 passivae
2173 3261 2252 3309 po·
2285 3254 2309 3304 ²31

283 3323 424 3367 tentia
446 3331 600 3365 autem
627 3320 774 3364 activa
800 3321 846 3364 in
872 3318 1167 3364 sacramentis
1201 3317 1432 3362 confertur
1464 3332 1543 3376 per
1575 3327 1915 3362 sacramentum
1946 3315 2141 3362 ordinis:
2167 3328 2250 3376 po·-

284 3390 424 3434 tentia
457 3397 608 3432 autem
641 3387 834 3446 passiva,
865 3386 960 3431 sive
992 3385 1220 3443 receptiva
1253 3399 1333 3443 per
1365 3394 1704 3428 sacramentum
1739 3382 1976 3444 baptismi3
2017 3396 2128 3443 ergo
2167 3394 2250 3443 per

285 3464 624 3500 sacramentum
651 3452 1011 3498 confirmationis
1038 3450 1189 3496 nullus
1217 3452 1453 3496 character
1483 3451 1771 3510 imprimitur.
2316 3455 2318 3458 ’

379 3536 416 3581 3.
443 3523 742 3567 PRAETEREA.
770 3521 822 3565 In
848 3518 1213 3572 circumcisione,
1237 3532 1352 3577 quae
1386 3528 1454 3562 est
1487 3517 1722 3562 character
1748 3514 2015 3576 corporalis,
2040 3528 2147 3562 non.
2165 3514 2247 3560 im-

285 3588 491 3651 primitur
517 3587 678 3648 aliquis
703 3586 947 3648 spiritualis
975 3585 1232 3632 character:
1259 3585 1340 3630 sed
1361 3585 1407 3629 in
1423 3584 1514 3630 hoc
1541 3593 1829 3630 sacramento
1855 3582 2128 3642 imprimitur
2144 3581 2248 3643 iqui·
