2352 3926
691 77 700 88 ,
731 79 734 82 Δ

645 111 758 150 ,ln-¹3

616 205 939 305 ⁸Q1Ansno
979 240 1201 282 Lxxxm.
1239 239 1548 282 Anncums
1585 238 1663 279 111.
2044 222 2147 293 825

202 344 479 404 baptismum
514 345 723 401 conscius
746 345 880 392 fuerit
903 361 956 401 »3
982 345 1061 391 sed
1091 345 1183 391 hoc
1208 358 1303 390 non
1348 354 1417 390 est
1446 343 1622 403 ratione
1654 340 1846 402 peccati,
1873 339 1952 385 sed
1977 340 2153 385 ratione

202 410 565 471 irregularitatis:
599 419 747 473 quarto
788 422 972 473 propter
1008 411 1296 468 scandalum;
1337 411 1471 467 unde,
1503 422 1552 455 ut
1591 411 1636 454 in
1664 409 1824 454 eadem
1848 408 1965 453 Dist.
1990 406 2154 466 legitur

203 478 333 539 (cap.:
365 481 431 525 De
462 480 522 525 his
546 482 687 540 vero),
712 480 924 525 Rabanus
951 479 1060 524 dicit
1084 480 1178 538 (lib.
1204 495 1239 525 ι.
1263 479 1562 524 Poenitentium
1583 477 1636 522 ad
1665 476 1933 535 othgarium,
1956 482 2050 534 cap.
2076 475 2152 532 1.):

135 590 136 593 ,
205 562 230 588 «
262 546 321 590 Hi
347 544 731 607 qui'deprehensi,
755 546 829 591 vel
855 548 974 607 capti
998 547 1163 591 fuerint
1188 546 1366 606 publice
1390 546 1438 590 in
1464 545 1676 605 perjurio,
1702 543 1838 597 furto,
1861 552 1994 602 atque
2019 540 2154 586 forni-

204 613 397 668 catione,
436 624 479 659 et
520 614 708 659 caeteris
748 614 1012 674 hujusmodi
1048 613 1324 667 criminibus,
1357 612 1609 657 secundum
1657 625 1886 656 canonum
1918 622 2154 653 sacrorum

203 679 402 725 instituta
429 694 455 724 a
471 682 654 741 proprio
677 681 818 740 gradu
843 681 1082 734 decidant;
1108 681 1213 740 quia
1238 679 1506 725 scandalum
1533 688 1600 723 est
1621 677 1792 737 populo
1810 676 1912 732 Dei,
1929 675 2042 720 tales
2059 689 2154 734 per-

202 759 339 792 sonas
363 761 499 807 supra
529 762 578 792 se
614 748 785 807 positas
810 748 1000 792 habere:
1028 747 1105 807 qui
1131 757 1283 792 autem
1309 746 1365 790 de
1386 745 1626 806 praedictis
1652 744 1852 805 peccatis
1879 743 2100 787 absconse
2128 755 2154 786 a

203 827 251 858 se
278 814 536 859 commissis
563 814 742 859 occulte
768 814 991 859 sacerdoti
1009 813 1293 867 confitentur,
1314 813 1352 857 si
1378 827 1425 857 se
1452 827 1531 871 per
1552 811 1734 871 jejunia,
1752 819 1795 854 et
1821 808 2153 868 eleemosynas,

201 879 486 940 vigiliasque,
515 891 560 926 et
585 895 735 926 sacras
762 882 1048 941 operationes
1089 894 1281 939 purgare
1323 879 1590 933 curaverint,
1615 878 1686 922 his
1713 878 1851 922 etiarn
1878 876 2019 935 gradu
2055 889 2155 935 pro·

204 947 304 1007 prio
329 957 508 992 servato
535 962 637 1008 spes
661 947 823 992 veniae
849 946 905 991 de
926 946 1240 991 misericordia
1264 946 1354 990 Dei
1383 945 1688 1005 promittenda
1725 954 1793 989 est
1822 961 1863 987 ».
1890 942 1946 988 Et
1970 942 2061 987 hoc
2087 951 2155 986 est

202 1014 324 1074 quod
340 1014 502 1059 dicitur
527 1025 663 1070 extra,
689 1016 760 1059 De
785 1013 1000 1074 qualitate
1026 1013 1382 1058 ordinandorum
1410 1014 1548 1071 (σαμε
1573 1013 1858 1070 Quaesitum):
1884 1010 1968 1054 «Si
1992 1022 2155 1068 propo-

202 1082 287 1126 sita
318 1082 509 1126 crimina
549 1082 707 1127 ordine
738 1081 974 1140 judiciario
1017 1081 1329 1139 comprobata,
1368 1080 1441 1124 vel
1488 1080 1598 1123 alias
1629 1079 1810 1124 notoria
1849 1092 1943 1122 non
1973 1076 2155 1130 fuerint,

201 1156 379 1208 praeter
401 1161 504 1192 reos
530 1148 782 1203 homicidii,
814 1158 917 1207 post
941 1147 1269 1207 poenitentiam
1294 1147 1341 1191 in
1367 1147 1600 1206 susceptis,
1631 1146 1707 1191 vel
1737 1147 1830 1205 jam
1856 1142 2154 1203 suscipiendis

201 1213 431 1259 ordinibus
455 1214 665 1274 impediri
688 1230 782 1260 non
815 1225 1003 1275 possunt
1027 1232 1068 1259 ».

259 1318 263 1321 .
289 1280 366 1326 AD
395 1293 584 1327 PRIMUM
609 1296 719 1342 ergo
747 1282 1004 1336 dicendum,
1036 1281 1158 1341 quod
1191 1280 1351 1326 eadem
1378 1281 1494 1325 ratio
1521 1290 1589 1324 est
1614 1279 1670 1324 de
1696 1279 2040 1338 recuperatione
2070 1278 2155 1322 vir-

201 1347 415 1407 ginitatis,
441 1358 486 1393 et
511 1349 566 1393 de
591 1351 933 1409 recuperatione
964 1349 1270 1403 innocentiae,
1302 1362 1418 1408 quae
1444 1347 1639 1408 pertinet
1671 1346 1725 1390 ad
1752 1345 2068 1391 secundariam
2094 1345 2156 1389 di-

200 1415 421 1474 gnitatem
451 1416 604 1475 quoad
629 1417 795 1461 Deum.

289 1482 366 1527 An
398 1495 658 1528 SECUNDUM
690 1483 948 1538 dicendum,
975 1482 1096 1542 quod
1115 1483 1423 1542 Hieronymus
1449 1482 1495 1526 in
1521 1481 1669 1526 verbis
1694 1479 1782 1525 illis
1802 1493 1896 1524 non
1923 1479 2031 1523 dicit
2057 1493 2155 1524 esse

199 1548 495 1608 impossibile,
521 1550 599 1595 sed
622 1564 720 1605 esse
747 1550 941 1606 difficile,
964 1550 1201 1594 hominem
1224 1563 1489 1608 recuperare
1515 1559 1620 1608 post
1651 1558 1891 1607 peccatum
1915 1547 2151 1606 pristinum

202 1616 417 1676 gradum3
444 1617 548 1676 quia
573 1617 664 1662 hoc
689 1631 784 1663 non
811 1618 1076 1662 conceditur
1100 1617 1187 1661 nisi
1212 1616 1407 1677 perfecte
1430 1616 1694 1676 poenitenti,
1721 1624 1769 1659 ut
1794 1615 1965 1659 dictum
1998 1624 2065 1658 est
2089 1615 2154 1671 (in

202 1684 339 1743 corp).
365 1683 439 1728 Ad
465 1693 630 1728 statuta
666 1695 817 1730 autem
846 1699 1091 1739 canonum,
1124 1699 1240 1743 quae
1265 1685 1356 1729 hoc
1383 1684 1623 1743 prohibere
1650 1683 1875 1736 videntur,
1910 1682 2155 1740 respondet

206 1750 327 1809 Aug.
351 1750 589 1796 Bonifacio
616 1752 816 1797 scribens
842 1753 975 1813 (epist.
997 1768 1063 1812 50.
1097 1753 1299 1811 aliquant.
1332 1758 1424 1796 ante
1437 1753 1565 1810 fin.).·
1603 1767 1626 1792 (ε
1653 1751 1716 1795 Ut
1737 1749 2082 1794 constitueretur
2106 1748 2153 1792 in

203 1816 422 1872 Ecclesia,
447 1831 505 1862 ne
526 1818 767 1878 quisquam
801 1829 906 1879 post
930 1818 1119 1878 alicujus
1151 1819 1353 1863 criminis
1389 1818 1716 1878 poenitentiam
1750 1816 2013 1861 clericatum
2041 1814 2154 1859 acci-

201 1883 308 1942 piat,
328 1883 402 1928 vel
424 1884 480 1928 ad
506 1885 770 1930 clericatum
792 1885 960 1940 redeat,
991 1885 1065 1930 vel
1091 1888 1136 1930 in
1165 1886 1380 1931 clericatu
1407 1895 1604 1939 maneat,
1629 1899 1722 1929 non
1749 1883 2064 1943 desperatione
2091 1882 2155 1925 in-

200 1949 474 2010 dulgentiae,
498 1952 578 1996 sed
602 1953 754 2012 rigore
786 1952 958 1998 factum
991 1963 1057 1997 est
1083 1953 1378 2012 disciplinae;
1412 1953 1612 2012 alioquin
1639 1962 1798 1996 contra
1825 1950 1975 1995 claves
2000 1949 2153 1994 Eccle-

200 2017 294 2063 siae
329 2018 456 2064 datas
487 2020 796 2080 disputabitur,
829 2021 885 2066 de
924 2022 1084 2080 quibus
1121 2022 1294 2065 dictum
1326 2031 1420 2077 est:
1458 2022 1751 2079 Quaecumque
1791 2020 1998 2064 solveritis
2033 2025 2154 2076 super

200 2089 371 2140 terram,
406 2087 538 2132 soluta
561 2094 682 2133 erunt
702 2095 738 2133 et
767 2090 812 2132 in
833 2089 941 2133 coelo
968 2104 1020 2143 »;
1048 2099 1091 2133 et
1116 2099 1276 2148 postea
1302 2089 1451 2133 subdit
1473 2103 1482 2132 ε
1521 2104 1544 2129 «
1570 2088 1691 2132 Nam
1718 2096 1763 2131 et
1794 2097 1975 2132 sanctus
2002 2084 2151 2130 David

200 2151 256 2197 de
281 2153 544 2199 criminibus
565 2154 808 2200 mortiferis
841 2156 933 2214 egit
958 2156 1306 2215 poenitentiam;
1324 2165 1369 2200 et
1385 2166 1539 2200 tamen
1565 2156 1610 2199 in
1627 2155 1805 2199 honore
1831 2167 1915 2198 suo
1937 2152 2152 2212 perstitit3

201 2228 246 2264 et
274 2220 459 2264 beatum
491 2221 691 2275 Petrum,
724 2223 905 2281 quando
943 2223 1251 2267 amarissimas
1287 2223 1513 2282 lacrymas
1548 2222 1675 2276 fudit,
1708 2223 1860 2281 utique
1895 2221 2152 2265 Dominum

198 2299 389 2345 negasse
413 2288 650 2347 poenituit,
676 2299 721 2333 et
743 2299 898 2334 tamen
926 2289 1178 2348 Apostolus
1203 2290 1477 2349 permansit:
1505 2290 1583 2335 sed
1610 2303 1703 2333 non
1731 2290 1834 2333 ideo
1860 2288 2058 2348 putanda
2085 2296 2152 2331 est

197 2367 477 2412 supervacua
508 2356 812 2414 posteriorum
846 2357 1087 2401 doctorum
1123 2356 1370 2416 diligentia,
1397 2357 1487 2416 qui,
1520 2357 1597 2400 ubi
1632 2356 1766 2401 saluti
1801 2355 1917 2399 nihil
1951 2355 2153 2399 detrahe-

197 2421 341 2475 batur,
366 2421 612 2466 humilitati
637 2421 804 2482 aliquid
831 2422 1111 2479 addiderunt,
1144 2423 1314 2482 experti
1339 2425 1408 2480 (ut
1434 2423 1592 2481 credo)
1612 2423 1868 2482 aliquorum
1893 2422 2023 2466 fictas
2048 2435 2153 2482 poe·

197 2487 408 2533 nitentias
433 2503 513 2547 per
539 2488 770 2534 affectatas
795 2489 1026 2534 honorum
1054 2491 1278 2549 potentias
1302 2491 1377 2548 [al.
1410 2491 1623 2550 pompas]
1643 2507 1684 2534 ».

286 2555 362 2599 AD
393 2568 607 2601 TERTmM
642 2557 900 2612 dicendum,
927 2559 1045 2617 quod
1073 2557 1184 2602 illud
1217 2567 1435 2602 statutum
1470 2557 1734 2617 intelligitur
1760 2557 1815 2602 de
1841 2557 1946 2611 illis,
1973 2556 2050 2615 qui
2074 2570 2149 2615 pu·

198 2620 366 2666 blicam
386 2623 712 2682 poenitentiam
735 2635 887 2684 agunt,
906 2625 982 2684 qui
1003 2625 1297 2684 postmodum
1319 2639 1413 2670 non
1437 2635 1623 2685 possunt
1641 2626 1695 2669 ad
1715 2627 1937 2684 majorem
1960 2622 2150 2683 provehi

201 2688 416 2747 gradum3
446 2704 555 2734 nam
587 2701 632 2735 et
661 2691 822 2736 Petrus
853 2702 956 2751 post
986 2693 1280 2751 negationem
1313 2703 1469 2751 pastor
1499 2693 1654 2737 ovium
1683 2692 1854 2737 Christi
1880 2690 2149 2735 constitutus

201 2765 281 2811 est,
303 2766 353 2800 ut
375 2766 497 2815 patet
515 2757 644 2813 Joan.
671 2757 766 2812 ult„
787 2759 865 2803 ubi
890 2760 1028 2804 etiam
1056 2759 1295 2819 Chrysost.
1322 2761 1430 2804 dicit
1457 2760 1587 2818 (hom.
1610 2762 1678 2819 87.
1696 2762 1740 2804 in
1756 2761 1878 2816 Joan.
1897 2765 1990 2803 ante
2005 2757 2146 2815 med),

200 2822 322 2881 quod
344 2837 367 2864 ct
384 2823 568 2868 Petrum
586 2835 688 2882 post
711 2827 1020 2884 negationem,
1037 2837 1081 2871 et
1096 2827 1426 2886 poenitentiam
1444 2828 1653 2881 ostendit,
1672 2840 1718 2870 se
1735 2826 1902 2870 habere
1924 2826 2148 2883 majorem

200 2888 415 2934 fiduciam
441 2891 496 2934 ad
514 2890 774 2946 Christum;
796 2893 874 2951 qui
894 2893 1079 2937 enimin
1097 2907 1241 2938 coena
1256 2908 1350 2938 non
1369 2894 1562 2938 audebat
1582 2894 1876 2952 interrogare,
1893 2892 1971 2936 sed
1983 2891 2149 2950 Joanni

199 2955 604 3015 interrogationem
637 2959 880 3013 commisit,
911 2960 1018 3003 huic
1050 2970 1209 3019 postea
1235 2971 1279 3005 et
1304 2961 1613 3020 praepositura
1645 2960 1833 3004 fratrum
1865 2959 2035 3003 credita
2067 2968 2148 3012 est,

201 3033 246 3069 et
265 3037 359 3067 non
385 3023 536 3068 solum
561 3038 654 3069 non
681 3026 925 3070 committit
950 3026 1078 3071 alteri
1101 3027 1395 3086 interrogare,
1419 3042 1534 3087 quae
1562 3027 1617 3071 ad
1643 3028 1792 3086 ipsum
1814 3027 2052 3086 pertinent,
2069 3026 2147 3070 sed

201 3090 257 3136 de
282 3090 457 3150 reliquo
483 3091 579 3150 ipse
606 3106 687 3151 pro
708 3092 884 3151 Joanne
910 3093 1178 3152 Magistrum
1206 3096 1454 3154 interrogat
1474 3112 1515 3137 n.
