2352 3926
670 213 949 261 Quasssno
989 214 1082 255 vn.
1122 212 1430 255 Amemus
1468 212 1506 253 1.
2000 199 2066 270 83

144 343 150 351 ·
203 318 280 364 An
310 327 571 362 SECUNDUM
602 314 862 370 dicendum,
894 316 1016 376 quod
1049 315 1252 370 Christo,
1283 317 1552 376 inquantum
1584 325 1653 361 est
1682 314 1900 360 naturalis
1925 314 2065 360 Filius

40 385 44 388 ’
112 385 216 440 Dei,
241 384 428 429 debetur
452 382 708 428 haereditas
724 393 923 436 aeterna,
940 396 1056 442 quae
1083 393 1152 427 est
1176 384 1274 442 ipsa
1299 382 1531 429 beatitudo
1559 383 1775 438 increata,
1796 396 1877 442 per
1901 382 2073 427 increa-

111 461 211 498 tum
237 461 390 496 actum
419 449 710 509 cognitionis,
727 459 772 495 et
798 449 967 495 amoris
992 449 1095 504 Dei,
1122 450 1336 495 eumdem
1363 450 1538 495 scilicet
1554 464 1646 510 quo
1662 451 1796 495 Pater
1817 450 2072 509 cognoscit,

113 527 160 566 e‘t
183 527 307 564 amat
331 519 552 579 seipsum:
577 519 704 578 cujus
731 527 857 562 actus
884 518 1037 562 anima
1055 531 1197 578 capax
1222 532 1316 562 non
1343 528 1437 563 erat
1463 529 1647 578 propter
1673 517 1975 564 differentiam
1999 532 2076 563 na-

110 595 260 643 turae3
285 586 407 631 unde
438 585 691 646 oportebat,
717 585 840 644 quod
874 585 1115 644 attingeret
1148 585 1203 629 ad
1230 586 1383 630 Deum
1410 601 1490 645 per
1516 596 1670 631 actum
1703 585 1929 632 fruitionis
1955 599 2076 630 crea-

42 701 51 708 ,
111 661 233 698 tum:
261 653 338 713 qui
363 653 547 713 quidem
565 666 663 697 esse
680 666 775 696 non
797 662 962 713 potest,
979 653 1065 697 nisi
1081 666 1162 712 per
1179 653 1394 712 gratiam:
1414 652 1622 697 similiter
1649 653 1786 698 etiam
1803 653 2074 713 inquantum

111 727 181 766 “est
203 719 407 766 Verbum
425 720 527 775 Dei,
553 719 711 764 habuit
734 719 999 765 facultatem
1026 721 1183 764 omnia
1214 719 1329 763 bene
1352 721 1570 778 operandi
1602 720 1868 780 operatione
1894 719 2071 765 divina:

112 787 192 833 sed
217 787 323 847 quia
354 797 531 847 praeter
556 787 871 846 operationem
904 787 1105 831 divinam
1143 795 1324 846 oportet
1349 787 1459 845 poni
1495 788 1540 830 in
1573 801 1629 830 eo
1657 788 1972 846 operationem
1997 787 2077 832 hu·

115 864 317 908 mariam,
343 864 391 899 ut
417 853 530 898 infra
555 854 725 913 patebit
758 853 814 912 (q.
841 869 905 913 19.
939 860 1020 899 art.
1044 854 1119 911 1.)‚
1147 854 1350 914 oportuit
1374 854 1419 898 in
1449 867 1504 898 eo
1538 867 1636 898 esse
1668 855 1949 900 habitualem
1975 869 2073 914 gra-

111 920 238 975 tiam,
264 935 345 980 per
369 934 508 980 quam
533 921 800 980 hujusmodi
823 921 1028 981 operatio
1055 921 1102 965 in
1129 935 1186 965 eo
1214 930 1333 965 esset
1358 920 1570 980 perfecta.

132 983 134 1002 ³
199 987 277 1033 AD
302 1000 519 1034 TERTIUM
546 987 805 1043 dicendum,
832 988 955 1047 quod
981 988 1243 1032 humanitas
1278 988 1452 1034 Christi
1485 998 1551 1032 est
1584 988 1936 1034 instrumentum
1969 988 2078 1033 divi-

10 1039 36 1111 'fs
105 1050 278 1110 fiatis,
302 1067 396 1099 non
422 1055 607 1115 quidem
633 1055 749 1099 sicut
773 1055 1125 1099 instrumentum
1152 1055 1470 1109 inanimatum,
1497 1055 1620 1114 quod
1645 1055 1773 1101 nullo
1800 1057 1943 1100 modo
1967 1056 2076 1116 agit,

0 1119 29 1181 .ss
106 1122 193 1169 *ned
224 1121 376 1168 solum
409 1122 578 1182 agitur3
613 1122 692 1166 sed
723 1131 943 1182 tanquam
974 1122 1327 1167 instrumentum
1371 1122 1523 1166 anima
1563 1122 1776 1167 rationali
1808 1123 2076 1177 animatum,

0 1222 35 1258 3
106 1189 237 1265 quod
261 1189 322 1234 ita
346 1189 506 1249 agitur,
527 1189 649 1249 quod
673 1189 811 1234 etiam
834 1189 951 1248 agit;
978 1198 1023 1234 et
1047 1189 1152 1233 ideo
1176 1190 1231 1234 ad
1255 1189 1623 1234 convenientiam
1645 1190 1838 1236 actionis
1860 1190 2076 1250 oportuit,

6 1264 53 1321 55³
115 1265 222 1303 eum
246 1254 415 1302 habere
441 1256 636 1316 gratiam
661 1256 958 1301 habitualem.

830 1434 1264 1493 ARTICULUS
1307 1435 1378 1492 11.
1938 1486 1942 1492 .
2018 1464 2075 1509 44

524 1570 716 1626 UTRUM
747 1570 804 1611 IN
837 1570 1076 1610 CHRISTO
1109 1571 1347 1611 FUERINT
1378 1571 1669 1611 VIRTUTES.

308 1681 441 1742 (Infr.
467 1688 550 1728 art.
571 1697 610 1743 3.
635 1681 689 1727 ad
713 1697 748 1728 1.
775 1688 811 1727 et
835 1683 948 1728 Dist.
975 1697 1030 1742 15.
1057 1689 1140 1728 art.
1167 1697 1208 1728 2.
1234 1688 1271 1728 et
1288 1697 1324 1742 3.
1351 1683 1464 1727 Dist.
1490 1697 1546 1741 13.
1569 1697 1607 1741 q.
1634 1697 1675 1727 1.
1699 1687 1780 1726 art.
1807 1681 1882 1740 1.).

203 1794 281 1839 AD
307 1807 566 1841 SECUNDUM
591 1795 655 1839 sic
682 1795 952 1854 proceditur.
980 1795 1184 1849 Videtur,
1211 1794 1333 1854 quod
1365 1794 1411 1839 in
1446 1793 1632 1839 Christo
1663 1807 1757 1838 non
1789 1793 1956 1838 fuerint
1986 1793 2078 1837 vir-

107 1869 254 1908 tutes:
278 1861 488 1907 Christus
511 1862 633 1907 enim
655 1862 813 1906 habuit
835 1862 1157 1906 abundantiam
1181 1862 1375 1920 gratiae:
1399 1861 1477 1906 sed
1501 1861 1644 1920 gratia
1662 1860 1824 1904 sufficit
1844 1860 1898 1904 ad
1918 1861 2075 1904 omnia

38 1938 41 1941 “
111 1939 234 1974 recte
261 1929 502 1988 agendum,
529 1930 782 1974 secundum
808 1928 919 1973 illud
947 1941 986 1973 2.
1016 1928 1125 1973 Cor.
1159 1941 1249 1973 12.:
1280 1929 1438 1989 Sufficit
1463 1931 1540 1974 tibi
1564 1930 1703 1987 gratia
1728 1943 1847 1981 mem
1882 1942 1993 1987 ergo
2027 1930 2072 1972 in

116 1996 301 2043 Christo
325 2009 420 2040 non
446 1995 625 2041 fuerunt
649 1997 851 2040 virtutes.

204 2075 245 2108 2.
280 2062 576 2108 PRAETEREA.
615 2063 878 2107 Secundum
915 2062 1087 2107 Philos.
1125 2075 1165 2120 7.
1203 2061 1403 2107 Ethicor.
1440 2062 1550 2121 (cap.
1584 2062 1660 2119 1.),
1689 2062 1828 2106 virtus
1865 2061 2078 2106 dividitur

114 2139 274 2178 contra
298 2130 545 2189 quemdam
571 2129 826 2184 heroicum,
849 2130 943 2174 sive
971 2130 1174 2173 divinum
1202 2130 1424 2184 habiturn,
1441 2130 1519 2188 qui
1542 2129 1796 2173 attribuitur
1814 2129 2076 2172 hominibus
2129 2170 2137 2177 ,

0 2189 54 2239 2³2?
107 2196 296 2257 fiivinis:
322 2197 397 2241 hic
426 2206 579 2241 autern
605 2197 805 2241 maxime
833 2198 1047 2242 convenit
1073 2196 1282 2252 Christo;
1311 2210 1421 2256 ergo
1450 2196 1659 2241 Christus
1688 2210 1783 2240 non
1805 2196 1963 2241 habuit
1988 2196 2078 2239 vir-

110 2273 243 2319 tutes,
268 2264 347 2309 sed
373 2263 543 2324 aliquid
569 2263 701 2308 altius
728 2264 906 2309 virtute.

205 2345 242 2391 3.
273 2331 572 2377 Puni-Enna.
606 2331 735 2376 Sicut
764 2331 811 2375 in
844 2345 885 2376 2.
918 2331 1091 2376 dictum
1124 2341 1191 2376 est
1217 2331 1325 2390 (1-2.
1360 2346 1398 2390 q.
1432 2330 1493 2389 65.
1526 2337 1609 2375 art.
1637 2346 1672 2376 1.
1705 2336 1745 2375 et
1773 2331 1852 2387 2.)‚
1887 2330 2073 2375 virtutes

0 2396 49 2453 '‘55
114 2411 274 2444 omnes
299 2397 438 2443 simul
462 2398 708 2443 habentur:
743 2398 822 2443 sed
855 2398 1041 2443 Christo
1067 2413 1162 2443 non
1188 2397 1274 2442 fuit
1300 2397 1578 2443 conveniens
1604 2397 1773 2442 habere
1801 2411 1963 2442 omnes
1989 2398 2074 2441 vir-

100 2474 252 2512 .tutes:
278 2465 398 2511 sicut
421 2475 545 2526 patet
570 2465 624 2511 de
651 2464 934 2521 liberalitate,
963 2475 1008 2511 et
1033 2465 1390 2525 magnificentia,
1416 2478 1532 2524 quae
1564 2464 1734 2509 habent
1760 2473 1914 2509 actum
1940 2478 2074 2508 suum

0 2532 7 2553 ⁵
28 2526 65 2588 ‘'j'
113 2532 236 2578 circa
259 2532 453 2587 divitias,
478 2547 592 2592 quas
620 2532 829 2578 Christus
857 2533 1147 2592 contempsit,
1173 2532 1427 2578 secundum
1452 2531 1563 2575 illud
1586 2532 1747 2576 Matth.
1771 2531 1836 2576 8.:
1859 2532 1992 2576 Filius
2010 2532 2077 2576 ho-

34 2590 62 2652 ἶ
112 2601 237 2646 minis
267 2615 351 2645 non
381 2601 516 2654 habet,
550 2601 623 2645 ubi
657 2606 787 2660 caput
819 2615 941 2645 suum
975 2601 1167 2645 reclinet:
1198 2599 1500 2658 temperantia
1533 2592 1686 2653 etiam,
1719 2608 1764 2643 et
1796 2599 2076 2643 continentia

48 2683 68 2723 j
102 2673 217 2713 ‘sunt
242 2667 363 2712 circa
385 2667 777 2727 concupiscentias
794 2680 969 2727 pravas,
988 2681 1104 2727 quae
1122 2669 1169 2711 in
1188 2667 1376 2713 Christo
1397 2679 1492 2710 non
1513 2665 1717 2720 fuerunt;
1736 2680 1846 2725 ergo
1865 2665 2076 2710 Christus

8 2750 10 2777 ;
100 2742 208 2780 ‘non
232 2733 392 2779 habuit
414 2735 615 2779 virtutes.
2107 2772 2110 2777 .

50 2796 77 2854 5²s
104 2810 126 2813 ·’
204 2800 300 2847 SED
325 2813 523 2847 eoum
549 2811 630 2856 est,
657 2801 779 2861 quod
806 2815 941 2861 super
964 2800 1076 2846 illud
1102 2802 1176 2846 Ps.
1209 2815 1269 2846 1.:
1294 2800 1374 2846 Sed
1393 2802 1439 2845 in
1461 2801 1540 2859 lege
1558 2801 1739 2845 Domini
1757 2800 1950 2846 voluntas
1971 2802 2071 2859 ejus,

57 2864 87 2898 5
114 2866 225 2913 dicit
250 2867 381 2914 Glos.
408 2869 566 2928 (ordin.
592 2868 817 2927 Cassiod.):
850 2884 873 2910 «
895 2868 982 2913 Hic
1009 2869 1259 2914 ostenditur
1287 2868 1497 2914 Christus
1529 2867 1690 2928 plenus
1717 2868 1846 2912 omni
1870 2868 1996 2912 bono
2019 2882 2071 2910 »:

58 2935 193 2981 &sed
217 2935 339 2980 bona
365 2935 558 2996 qualitas
583 2937 748 2982 mentis
775 2946 843 2981 est
867 2936 1035 2990 virtus;
1062 2950 1172 2996 ergo
1200 2936 1409 2981 Christus
1441 2934 1525 2979 fuit
1558 2934 1718 2994 plenus
1745 2934 1873 2980 omni
1898 2936 2072 2979 virtute.

52 3000 67 3013 '⁴
203 3002 494 3049 Responneo
520 3003 780 3058 dicendum,
797 3003 934 3063 quod,
951 3003 1068 3048 sicut
1088 3004 1134 3047 in
1157 3019 1196 3049 2.
1221 3004 1395 3048 dictum
1418 3012 1485 3047 est
1501 3007 1600 3061 (1-2.
1619 3018 1657 3062 q.
1675 3019 1762 3049 110.
1781 3009 1862 3047 art.
1883 3018 1917 3061 3.
1937 3008 1973 3046 et
1989 3003 2069 3063 4.),

11 3064 13 3066 ’
43 3083 68 3101 22
117 3068 235 3115 sicut
265 3069 411 3130 gratia
444 3070 628 3130 respicit
662 3071 907 3116 essentiam
944 3070 1149 3125 animae;
1184 3070 1246 3115 ita
1277 3070 1420 3115 virtus
1455 3070 1638 3130 respicit
1673 3070 1925 3128 potentiam
1953 3069 2073 3126 ejus;

115 3136 235 3181 unde
267 3146 460 3196 oportet,
488 3137 610 3198 quod
642 3138 759 3183 sicut
789 3138 1019 3196 potentiae
1053 3138 1233 3182 animae
1260 3137 1519 3181 derivantur
1552 3138 1605 3181 ab
1640 3139 1736 3196 ejus
1769 3135 1978 3188 essentia,
2011 3135 2073 3178 ita

57 3212 72 3250 ,ἱ
111 3203 299 3248 virtutes
320 3204 410 3248 sint
431 3205 656 3263 quaedam
678 3205 980 3250 derivationes
1003 3205 1198 3263 gratiae:
1222 3215 1392 3263 quanto
1417 3214 1569 3249 autem
1592 3203 1775 3263 aliquod
1800 3202 2071 3261 principium

11 3296 15 3312 τ
108 3280 182 3317 ἐει
205 3269 462 3330 perfectius,
487 3279 614 3316 tanto
641 3272 787 3332 magis
816 3271 1036 3331 imprimit
1062 3286 1170 3316 suos
1198 3271 1408 3326 effectus;
1440 3272 1560 3315 unde
1588 3285 1691 3314 cum
1726 3271 1869 3328 gratia
1897 3268 2070 3312 Christi

62 3335 81 3395 s
103 3335 246 3382 fuerit
285 3336 627 3397 perfectissima,
659 3352 945 3398 consequens
976 3349 1056 3393 est,
1089 3339 1211 3398 quod
1245 3353 1298 3383 ex
1331 3339 1425 3398 ipsa
1458 3338 1760 3398 processerint
1792 3336 1977 3379 virtutes
2011 3336 2066 3379 ad

114 3403 438 3465 perficiendum
471 3404 672 3463 singulas
703 3406 929 3465 potentias
963 3406 1143 3450 animae
1176 3416 1396 3465 quantum
1430 3405 1485 3449 ad
1519 3418 1679 3449 omnes
1713 3403 1893 3446 animae
1921 3411 2071 3457 actus3

44 3485 45 3488 ’
63 3465 85 3511 ³³5
105 3478 160 3516 'et
182 3470 245 3515 ita
271 3469 459 3516 Christus
479 3471 624 3516 habuit
648 3486 787 3517 omnes
808 3474 1002 3519 virtutes.

204 3537 281 3583 AD
305 3549 493 3584 numm
511 3551 621 3598 ergo
639 3539 895 3594 dicendum,
913 3540 1035 3600 quod
1053 3540 1197 3599 gratia
1214 3538 1377 3584 sufficit
1391 3538 1583 3591 homini,
1602 3547 1822 3597 quantum
1841 3536 1895 3581 ad
1913 3536 2069 3581 omnia

115 3605 276 3665 quibus
301 3606 534 3652 ordinatur
560 3607 614 3652 ad
639 3607 988 3654 beatitudinem:
1011 3607 1178 3652 horum
1203 3617 1357 3652 tamen
1381 3605 1605 3666 quaedam
1626 3603 1802 3663 perficit
1825 3603 1969 3663 gratia
1990 3604 2073 3648 im·
