2352 3926
684 218 964 266 QUABSTIO
1004 217 1092 257 ιν.
1133 214 1447 256 armemus
1488 213 1566 252 111.
2002 199 2107 268 465

41 318 50 334 ⁵
93 319 97 322 ’
152 339 244 373 nua
266 339 347 371 eos
371 324 595 385 potuisset
619 323 783 367 ducere
809 316 855 366 in
882 334 1100 374 errorem,
1126 328 1176 364 ut
1201 319 1259 363 ad
1284 316 1486 363 similem
1507 317 1650 361 vitam
1683 329 1789 360 eum
1812 314 2113 360 resurrexisse

154 393 404 445 crederent,
432 405 569 450 quam
597 391 719 450 prius
744 390 986 433 habuerat:
1015 386 1385 432 consolationem
1412 395 1564 429 autem
1592 384 1647 427 de
1666 382 1882 427 continua
1904 382 1974 426 sui
1991 395 2114 440 prae-

152 460 297 506 sentia
324 460 389 503 eis
405 460 451 502 in
469 458 557 502 alia
583 458 675 501 vita
701 455 975 515 repromisit,
1001 454 1252 500 secundum
1272 453 1381 496 illud
1394 453 1524 511 Joan.
1556 449 1647 497 16.:
1675 451 1834 496 Iterum
1853 450 1999 495 videbo
2020 464 2110 504 vos,

153 532 193 574 e't
211 526 404 587 gaudebit
430 540 502 570 cor
522 532 723 577 vestrum,
750 530 789 569 et
811 522 1011 582 gaudium
1032 527 1216 565 vestrum
1243 535 1359 564 nemo
1387 520 1495 563 tollet
1526 533 1552 562 a
1583 520 1714 563 vobis.

242 595 319 638 An
352 604 612 638 SECUNDUM
639 588 1043 648 dicendumsquod
1072 587 1282 631 Christus
1307 600 1401 630 non
1427 586 1531 629 ideo
1565 599 1658 629 non
1682 585 1896 629 continue
1924 598 2115 629 conver-

153 661 335 706 sabatur
361 674 467 704 cum
493 657 740 716 discipulis,
773 656 879 715 quia
903 664 1133 714 reputaret
1158 668 1205 698 se
1233 654 1339 697 alibi
1372 653 1716 697 convenientius
1743 666 1866 707 esse;
1898 653 1975 696 sed
2009 653 2115 711 quia

152 728 243 772 hoc
270 726 503 786 discipulis
535 724 810 769 instruendis
848 722 1195 772 convenientius
1227 721 1471 780 judicabat,
1498 721 1536 763 si
1561 734 1655 764 non
1683 719 1898 763 continue
1925 733 2116 764 conver-

151 804 328 840 saretur
353 808 458 837 cum
487 792 566 845 eis,
588 791 764 835 ratione
790 788 1021 849 praedicta
1049 787 1113 844 (in
1146 789 1276 846 corp.)
1292 803 1308 842 ;
1341 787 1630 846 incognitum
1658 796 1810 830 autem
1839 797 1919 841 est,
1953 787 2113 846 quibus

154 862 200 906 in
231 860 348 905 locis
369 858 640 904 intermedio
656 868 865 916 ternpore
889 854 1184 914 corporaliter
1202 864 1334 908 esset,
1352 868 1461 898 cum·
1480 854 1570 897 hoc
1590 853 1822 912 Scriptura
1838 868 1932 898 non
1954 853 2115 908 tradat,

155 937 202 973 et
223 927 272 972 in
298 927 426 972 omni
452 925 559 970 loco
586 924 644 971 sit
675 922 929 968 dominatio
957 924 1066 980 ejus.

242 995 319 1040 AD
346 1006 562 1039 TERTmM
589 986 847 1044 dicendum,
882 989 1004 1048 quod
1030 989 1135 1033 ideo
1162 989 1310 1048 prima
1351 988 1424 1033 die
1451 987 1730 1047 frequentius
1758 988 1978 1046 apparuit,
2010 989 2116 1048 quia

151 1075 232 1121 per
257 1059 386 1120 plura
411 1059 579 1104 indicia
605 1068 734 1103 erant
756 1057 1048 1110 admonendi,
1067 1066 1115 1100 ut
1132 1071 1157 1099 a
1175 1056 1398 1115 principio
1426 1055 1563 1099 fidem
1589 1055 1932 1098 resurrectionis
1949 1055 2117 1114 recipe-

152 1138 274 1174 rent:
301 1137 547 1187 postquam
574 1135 727 1170 autem
753 1126 845 1182 jam
864 1138 965 1168 eam
984 1117 1263 1182 receperant,
1289 1137 1384 1166 non
1412 1122 1650 1182 oportebat
1676 1135 1754 1165 eos
1782 1123 1875 1180 jam
1903 1122 2117 1166 certifica-

152 1209 225 1240 tos
249 1204 345 1240 tam
370 1193 677 1253 frequentibus
706 1191 1064 1251 apparitionibus
1092 1191 1275 1245 instrui;
1304 1190 1421 1234 unde
1453 1190 1499 1233 in
1532 1188 1783 1248 Evangelio
1810 1203 1905 1233 non
1937 1188 2116 1248 legitur,

153 1263 276 1323 quod
302 1271 406 1321 post
431 1262 630 1321 primum
657 1260 780 1303 diem
807 1259 872 1304 eis
900 1259 1169 1317 apparuerit,
1195 1258 1282 1302 nisi
1308 1259 1534 1316 quinquies.
1554 1257 1617 1300 Ut
1643 1256 1765 1300 enim
1793 1256 1984 1315 August.
2010 1256 2118 1301 dicit

152 1330 201 1374 in
233 1329 309 1373 lib.
340 1343 379 1388 3.
405 1328 461 1372 de
489 1327 730 1373 Consensu
758 1326 932 1384 Evang.
963 1326 1070 1384 (cap.
1091 1325 1165 1371 ult.
1188 1339 1214 1369 a
1235 1325 1383 1381 med.)‚
1412 1334 1516 1384 post
1531 1324 1702 1383 primas
1730 1323 1928 1382 quinque
1947 1324 2120 1383 appari-

153 1397 302 1442 tiones
319 1405 447 1440 sexto
465 1394 530 1439 eis
551 1394 772 1453 apparuit,
799 1393 875 1436 ubi
891 1393 1003 1436 vidit
1020 1406 1125 1436 eum
1150 1391 1383 1436 Thomas:
1412 1392 1607 1450 septimo
1627 1391 1683 1435 ad
1702 1405 1827 1435 mare
1846 1389 2117 1450 Tyberiadis

157 1465 205 1508 in
232 1463 445 1523 captione
470 1462 682 1520 piscium:
707 1470 872 1504 octavo
891 1461 935 1503 in
951 1469 1108 1503 monte
1128 1459 1377 1513 Galilaeae,
1392 1460 1644 1503 secundum
1661 1458 1838 1513 Matth.;
1855 1474 1978 1514 nono,
1996 1459 2119 1518 quod

155 1531 262 1575 dicit
293 1530 499 1574 Marcus:
533 1528 768 1573 Novissime
808 1528 1136 1571 recumbentibus
1147 1542 1163 1579 ;
1198 1527 1303 1586 quia
1339 1527 1432 1584 jam
1468 1540 1563 1570 non
1605 1537 1730 1570 erant
1772 1526 1819 1569 in
1854 1536 1973 1570 terra
2012 1541 2118 1571 cum

157 1597 239 1643 illo
270 1595 579 1641 convivaturi:
615 1594 797 1639 decimo
823 1595 867 1638 in
891 1594 991 1652 ipso
1019 1594 1091 1637 die
1119 1594 1414 1647 ascensionis,
1443 1607 1538 1637 non
1563 1594 1657 1651 jam
1689 1594 1735 1637 in
1761 1603 1894 1648 terra,
1921 1593 1999 1638 sed
2033 1593 2120 1638 ele—

154 1674 285 1708 vatus
309 1664 356 1707 in
381 1663 517 1716 nube,
545 1676 651 1706 cum
682 1662 734 1714 in,
756 1661 938 1705 coelum
965 1661 1241 1705 ascenderet.
1267 1660 1357 1705 Sed
1375 1675 1468 1704 non
1488 1661 1644 1704 omnia
1670 1660 1836 1720 scripta
1858 1671 1976 1715 sunt,
2002 1661 2119 1706 sicut

150 1730 352 1789 Joannes
372 1728 560 1782 fatetur3
585 1728 740 1773 crebra
767 1729 889 1772 enim
902 1738 997 1772 erat
1023 1729 1117 1785 ejus
1142 1742 1248 1771 cum
1275 1728 1338 1771 eis
1359 1728 1659 1781 conversatio,
1677 1728 1939 1787 priusquam
1968 1742 2119 1772 ascen-

159 1798 298 1845 disset
327 1796 375 1841 in
407 1795 616 1849 coelum;
650 1805 694 1839 et
725 1795 815 1838 hoc
844 1795 898 1838 ad
934 1794 1300 1839 consolationem
1331 1795 1560 1854 ipsorum:
1582 1796 1699 1839 unde
1719 1805 1764 1839 et
1785 1810 1820 1839 1.
1840 1795 1895 1838 ad
1910 1795 2018 1839 Cor.
2051 1809 2116 1854 15.

161 1864 339 1917 dicitur,
356 1862 479 1922 quod
499 1865 613 1907 visus
627 1868 683 1906 est
690 1862 914 1921 plusquam
931 1863 1167 1920 'quingentis
1173 1863 1390 1920 fratribus
1409 1863 1546 1915 simul,
1575 1862 1716 1907 deinde
1748 1865 1862 1907 visus
1877 1869 1935 1908 est
1943 1864 2115 1920 Jacob0,

160 1931 217 1976 de
243 1930 406 1990 quibus
433 1929 787 1990 apparitionibus
819 1929 865 1972 in
888 1929 1140 1987 Evangelio
1172 1943 1266 1972 non
1293 1929 1484 1973 habetur
1510 1930 1698 1974 mentio.

247 1998 324 2043 An
366 2009 605 2048 QUARTUM
644 1997 904 2050 dicendum,
938 1996 1060 2054 quod
1095 1995 1334 2055 Chrysost.
1369 2010 1601 2054 exponens
1637 1996 1749 2041 illud
1791 1998 1913 2056 quod
1956 1998 2120 2042 dicitur

159 2065 322 2111 Matth.
359 2061 457 2109 26.:'
486 2064 710 2122 Postquam
745 2077 1024 2116 resurrexero,
1049 2063 1300 2122 praecedam
1334 2078 1408 2107 vos
1440 2065 1484 2107 in
1518 2064 1755 2108 Gah'laeam
1788 2066 1952 2121 (homil.
1989 2067 2036 2125 83
2073 2067 2119 2109 in

157 2131 313 2177 Mattb.
340 2137 434 2175 ante
463 2130 619 2187 med.).·
655 2130 817 2184 «Non,
850 2130 1009 2188 inquit,
1035 2130 1080 2173 in
1107 2129 1407 2189 longinquam
1435 2132 1664 2189 quandam
1701 2132 1955 2190 regionem,
1981 2143 2030 2177 ut
2056 2133 2119 2177 eis

159 2208 388 2258 appareat,
411 2197 548 2251 vadit,
581 2197 660 2241 sed
682 2197 728 2240 in
754 2197 852 2256 ipsa
874 2207 1023 2255 gente,
1051 2207 1095 2240 et
1119 2197 1166 2240 in
1199 2198 1306 2256 ipsis
1333 2197 1426 2242 fere
1443 2198 1719 2256 regionibus,
1752 2199 1798 2243 in
1825 2200 1985 2258 quibus
2013 2214 2119 2244 cum

163 2276 221 2311 eo
258 2264 507 2326 plurimum
537 2263 716 2308 fuerant
753 2264 1034 2317 conversati3
1061 2273 1111 2307 ut
1132 2274 1177 2308 et
1201 2265 1308 2308 hinc
1337 2266 1584 2321 crederent.
1619 2267 1839 2324 quoniam
1872 2267 1949 2326 qui
1980 2269 2120 2312 cruci-

25 2313 65 2350 '⁷³²
91 2363 94 2365 Α
161 2330 277 2376 fixus
308 2341 389 2385 est,
421 2331 517 2390 ipse
546 2341 613 2375 est
640 2340 683 2375 et
715 2331 791 2390 qui
817 2331 1058 2375 resurrexit
1075 2347 1114 2376 ».
1134 2332 1327 2390 Propter
1343 2332 1433 2376 hoc
1461 2333 1599 2376 etiam
1616 2333 1662 2376 in
1691 2333 1948 2378 Galilaeam
1981 2350 2028 2379 se
2054 2336 2119 2380 ire

60 2392 71 2407 ,

158 2398 283 2453 dicit,
308 2407 357 2443 ut
389 2412 415 2442 a
439 2398 606 2443 timore
631 2397 910 2456 Judaeorum
935 2398 1246 2444 liberarentur.
1274 2399 1350 2443 Sic
1383 2414 1509 2458 ergo,
1536 2409 1584 2444 ut
1611 2400 1824 2445 Ambros.
1852 2401 1961 2446 dicit
1986 2417 2120 2462 super

161 2465 272 2510 Luc.
289 2465 352 2522 (in
374 2466 463 2525 fine
479 2471 696 2510 comment.
695 2465 736 2523 ),
769 2481 793 2506 c<
809 2465 1038 2509 Dominus
1065 2466 1363 2511 mandaverat
1380 2466 1625 2526 discipulis,
1648 2476 1696 2511 ut
1721 2468 1768 2511 in
1787 2468 1993 2514 Galilaea
2013 2484 2119 2514 eum

159 2530 385 2578 viderent:
403 2532 483 2576 sed
500 2532 588 2576 illis
602 2532 658 2576 ob
682 2542 856 2576 metum
874 2532 990 2576 intra
1004 2533 1222 2578 conclave
1239 2534 1551 2588 residentibus,
1566 2534 1659 2593 ipse
1677 2535 1874 2594 primum
1892 2551 1940 2581 se
1958 2538 2122 2583 obtulit

162 2597 269 2655 (nec
285 2598 376 2642 hoc
394 2609 462 2643 est
487 2600 696 2659 promissi
713 2600 1004 2658 trangressio,
1018 2601 1097 2644 sed
1114 2601 1265 2659 potius
1282 2600 1490 2644 festinata
1509 2615 1561 2645 ex
1579 2602 1856 2660 benignitate
1874 2603 2119 2663 impletio);

163 2674 321 2724 postea
349 2679 474 2719 vero,
501 2665 780 2710 confirmatis
808 2667 986 2720 animis,
1018 2666 1084 2710 illi
1113 2667 1371 2711 Galilaeam
1397 2669 1678 2727 petierunt».
1707 2669 1794 2714 Vel
1815 2671 1930 2715 nihil
1957 2672 2118 2725 obstat,

163 2731 203 2775 si
232 2730 452 2786 dicamus,
478 2733 716 2790 pauciores
749 2734 864 2777 intra
891 2734 1125 2788 conclave,
1145 2743 1188 2779 et
1211 2734 1470 2794 complures
1492 2737 1535 2778 in
1564 2746 1719 2781 monte
1746 2736 1896 2782 fuisse.
1916 2739 1979 2783 Ut
1996 2740 2118 2783 enirn

0 2763 2 2837 ᾇ
98 2795 100 2799 “
165 2796 384 2842 Eusebius
414 2797 523 2842 dicit
549 2799 664 2856 (hab.
696 2802 741 2844 in
761 2801 856 2846 Cat.
883 2802 943 2846 D.
970 2801 1116 2845 Thom.
1148 2810 1236 2861 sup.
1264 2802 1367 2846 illud
1392 2803 1532 2847 Lucae
1558 2804 1632 2848 ult.
1650 2819 1663 2848 .·
1689 2804 1807 2849 Stetit
1825 2806 1939 2863 Jesus
1965 2807 2009 2849 in
2036 2821 2119 2850 me-

164 2864 249 2918 dio,
264 2865 376 2922 eta),
402 2880 428 2907 κ
454 2865 545 2909 duo
570 2865 902 2927 Evangelistae‚
928 2867 1102 2912 scilicet
1127 2869 1289 2923 Lucas,
1309 2879 1353 2913 et
1377 2869 1591 2927 Joannes,
1614 2871 1724 2915 solis
1757 2872 1969 2916 undecim
1996 2873 2117 2917 hunc

166 2931 369 2976 scribunt
393 2932 650 2990 apparuisse
680 2933 727 2978 in
743 2934 1053 2979 Hierusalem:
1083 2936 1249 2980 caeteri
1272 2950 1382 2980 vero
1401 2937 1492 2981 duo
1520 2938 1566 2981 in
1591 2937 1847 2982 Galilaeam
1876 2953 2117 2998 properare

163 3011 258 3043 non
284 2997 393 3042 solis
420 2997 647 3053 undecim,
673 3000 751 3044 sed
778 3001 995 3046 universis
1022 3002 1267 3061 discipulis,
1286 3013 1330 3047 et
1354 3002 1563 3048 fratribus
1590 3005 1795 3049 dixerunt
1823 3005 2052 3064 angelum,
2075 3016 2119 3050 et

166 3063 454 3109 Salvatorem
479 3064 683 3125 jussisse:
709 3067 766 3110 de
797 3068 957 3127 quibus
992 3079 1036 3113 et
1066 3069 1233 3114 Paulus
1268 3071 1477 3115 meminit
1511 3071 1686 3117 dicens:
1726 3073 1883 3117 Deinde
1919 3075 2121 3132 apparuit

163 3131 383 3191 plusquam
415 3132 644 3189 quingentis
662 3133 877 3191 fratribus
906 3137 1082 3179 simul».
1111 3136 1189 3180 Est
1216 3147 1367 3181 autem
1394 3138 1545 3182 verior
1570 3139 1752 3193 solutio,
1780 3140 1900 3198 quod
1924 3141 2045 3198 prius
2071 3140 2118 3183 in

164 3197 453 3242 Hierusalem
478 3196 753 3243 latitantibus
784 3201 942 3254 semel,
969 3212 1046 3246 aut
1070 3202 1136 3247 bis
1163 3204 1284 3247 visus
1311 3215 1391 3258 est,
1435 3206 1490 3249 ad
1528 3220 1688 3249 eorum
1726 3206 2117 3252 consolationem:

163 3264 211 3309 in
228 3263 438 3309 Galilaea
459 3278 569 3308 vero
594 3278 688 3308 non
706 3263 842 3319 clam,
859 3277 936 3311 aut
961 3268 1118 3323 semel,
1140 3281 1216 3314 aut
1241 3271 1323 3324 bis,
1351 3272 1430 3316 sed
1449 3286 1553 3315 cum
1572 3271 1714 3316 multa
1733 3283 1955 3331 potestate
1974 3283 2120 3318 osten-

166 3331 343 3377 sionem
377 3331 446 3375 sui
470 3329 591 3384 fecit,
618 3332 838 3390 praebens
855 3347 908 3393 §e
940 3334 1005 3378 eis
1030 3334 1260 3380 viventem
1287 3349 1390 3397 post
1422 3340 1681 3398 passionem
1716 3339 1760 3382 in
1785 3340 1924 3398 signis
1948 3339 2118 3396 multis,

165 3408 216 3443 ut
240 3398 388 3443 Lucas
428 3407 615 3442 testatur
640 3398 686 3442 in
712 3399 862 3444 Actib.
896 3399 1008 3460 (cap.
1035 3405 1107 3460 L).
1140 3404 1241 3457 Vel,
1274 3406 1387 3449 sicut
1425 3406 1532 3449 dicit
1565 3407 1757 3464 August.
1791 3407 1836 3450 in
1875 3407 1950 3451 lib.
1993 3422 2028 3467 3.
2063 3409 2120 3454 de

167 3464 409 3511 Consensu
432 3465 603 3523 Evang.
623 3466 735 3525 (cap.
758 3466 830 3510 ult.
857 3466 911 3511 ad
931 3468 1040 3526 fin),
1059 3471 1180 3529 quod
1209 3472 1304 3515 «ab
1339 3472 1519 3531 angelo,
1547 3483 1591 3516 et
1607 3473 1811 3517 Domino
1840 3474 2010 3518 dictum
2038 3486 2119 3531 est,
2163 3483 2165 3485 ’

165 3532 289 3591 quod
314 3532 604 3591 praecederet
629 3545 710 3576 eos
735 3532 780 3576 in
810 3532 1081 3589 Galilaeam,
1106 3538 1370 3596 prophetice
1402 3540 1716 3597 accipiendum
1743 3550 1823 3584 est.
1842 3540 1893 3585 In
1912 3540 2120 3588 Galilaea

166 3597 289 3643 enim
304 3598 554 3643 secundum
574 3599 984 3658 transmigrationis
1001 3602 1382 3662 significationem
1405 3606 1749 3664 intelligendum
1769 3608 1980 3665 occurrit,
1997 3611 2119 3670 quod

346 3700 380 3734 S.
408 3700 564 3735 Tunius
590 3700 721 3735 summa
754 3700 956 3747 Theologiea.
980 3703 1062 3738 Vol.
1089 3704 1150 3740 1v.
1904 3724 1944 3754 30
