2352 3926
637 228 916 293 Quasssrto
959 230 1015 270 11.
1056 231 1364 272 ARTICULUS
1403 232 1517 272 vm.
1986 235 2053 291 43

771 441 1206 503 ARTICULUS
1244 443 1400 499 vm.
2008 470 2060 514 14

189 575 383 619 UTRUM
422 575 559 618 UNIO
593 577 750 618 VERBI
789 577 1089 617 INCARNATI
1129 578 1215 620 SIT
1255 578 1392 617 IDExt
1432 579 1592 624 QUOD
1633 578 1962 624 ASSUMPTIO.

719 687 775 748 (3.
798 688 912 732 Dist.
933 702 970 747 5.
997 702 1035 748 q.
1061 703 1098 733 1.
1125 693 1206 733 art.
1232 703 1268 734 1.
1295 702 1334 747 q.
1355 689 1431 747 5.).

185 796 262 842 AD
288 809 526 842 ocTAvtm
543 797 608 842 sic
626 797 899 857 proceditur.
921 798 1127 852 Videtur,
1154 799 1277 857 quod
1294 798 1417 842 idem
1436 798 1492 842 sit
1505 799 1628 854 unio,
1648 800 1771 858 quod
1789 801 2056 860 assumptio:

95 862 340 909 relationes
367 865 505 919 enim,
530 865 648 909 sicut
668 875 712 909 et
737 875 904 919 motus,
931 865 1250 923 specificantur
1266 866 1520 910 secundum
1545 867 1816 913 terminum·
1839 868 1918 911 sed
1935 868 2059 912 idem

96 941 165 976 est
187 931 406 976 terminus
433 932 770 1009 assumptionis,
797 942 842 978 et
858 932 1053 987 unionis,
1071 932 1247 978 scilicet
1262 933 1415 977 divina
1431 933 1716 992 hypostasis3
1736 948 1846 993 ergo
1865 934 2057 1021 videtur,

60 992 68 997 ’
94 997 218 1059 quod
242 1012 338 1043 non
363 997 571 1046 differant
597 999 721 1053 unio,
749 1009 793 1044 et
819 999 1084 1059 assumptio.

183 1079 225 1112 2.
242 1066 539 1112 PRAETEREA.
557 1067 609 1111 In
631 1067 848 1127 mysterio
865 1067 1190 1112 incarnationis
1206 1067 1330 1112 idem
1355 1067 1532 1112 videtur
1549 1082 1648 1113 esse
1671 1068 1847 1123 uniens,
1870 1078 1915 1112 et
1932 1083 2060 1114 assu-

93 1146 240 1188 mens,
255 1133 447 1190 unitum,
465 1144 510 1178 et
526 1144 832 1193 assumptum:
851 1135 930 1179 sed
947 1135 1071 1193 uni0,
1095 1145 1139 1179 et
1157 1136 1405 1194 assumptio
1423 1134 1631 1179 videntur
1653 1135 1781 1194 sequi
1804 1135 2051 1191 actionem,

95 1209 141 1245 et
164 1200 425 1260 passionem
447 1201 658 1256 unientis,
681 1211 726 1246 et
742 1201 868 1256 uniti,
886 1201 960 1246 vel
977 1201 1263 1258 assumentis,
1277 1211 1322 1246 et
1343 1201 1586 1261 assumpti3
1606 1215 1716 1261 ergo
1743 1201 1920 1246 videtur
1935 1202 2060 1246 idem

94 1280 195 1313 ense
229 1268 354 1325 unio,
388 1268 510 1329 quod
538 1269 802 1329 assumptio.

185 1349 224 1395 3.
250 1335 546 1382 PRAETEREA.
571 1336 788 1382 Damasc.
816 1336 923 1382 dicit
949 1337 996 1381 in
1026 1336 1103 1382 lib.
1140 1351 1177 1396 3.
1204 1336 1352 1395 (Orth.
1379 1335 1475 1381 Fid.
1503 1343 1593 1396 cap.
1626 1336 1738 1394 11.).·
1769 1352 1792 1377 «
1824 1335 1965 1380 Aliud
1991 1345 2059 1381 est

92 1401 219 1458 unio,
244 1402 367 1448 aliud
390 1403 669 1449 incarnatio:
696 1418 806 1449 nam
831 1405 941 1449 unio
974 1404 1124 1450 solam
1151 1405 1436 1448 demonstrat
1461 1403 1830 1462 copulationem3
1859 1403 1915 1447 ad
1952 1403 2060 1462 quid

94 1479 250 1515 autem
273 1469 393 1516 facta
419 1480 488 1516 est
506 1470 755 1531 copulatio,
780 1485 876 1516 non
902 1472 1075 1517 adhuc:
1093 1471 1364 1516 humanatio
1387 1481 1557 1525 autem,
1580 1481 1626 1516 et
1646 1470 1899 1515 incarnatio
1918 1470 2060 1515 deter-

94 1536 283 1591 minant,
301 1537 357 1582 ad
372 1551 511 1597 quem
532 1538 590 1582 sit
605 1537 724 1583 facta
746 1538 976 1598 copulatio
994 1556 1017 1581 »
1035 1554 1045 1583 :
1063 1539 1142 1584 sed
1158 1538 1368 1584 similiter
1385 1538 1635 1596 assumptio
1657 1552 1753 1582 non
1770 1537 2059 1594 determinat,

96 1603 154 1648 ad
179 1618 316 1663 quem
341 1603 462 1649 facta
492 1604 549 1650 sit
573 1604 830 1664 copulati03
864 1620 974 1665 ergo
999 1605 1176 1650 videtur
1201 1607 1311 1650 unio
1343 1606 1467 1651 idem
1494 1619 1606 1660 esse,
1640 1606 1762 1664 quod
1788 1606 2057 1665 assumptio.

186 1670 282 1716 SED
295 1684 491 1717 coum
504 1682 586 1727 est,
603 1672 724 1731 quod
738 1673 890 1717 divina
901 1683 1062 1718 natura
1081 1674 1244 1718 dicitur
1261 1688 1360 1718 esse
1373 1673 1512 1728 unita,
1524 1687 1619 1717 non
1638 1683 1791 1718 autem
1808 1683 2055 1732 assumpta.

186 1737 475 1783 RESPONDEO
502 1738 761 1794 dicendum,
790 1740 925 1799 quod,
953 1742 1068 1785 sicut
1085 1741 1256 1785 dictum
1283 1751 1352 1785 est
1377 1742 1483 1799 (art.
1502 1742 1682 1800 praec),
1702 1741 1812 1784 unio
1838 1741 2057 1800 importat

93 1803 366 1850 relationem
391 1805 639 1865 quamdam
676 1806 856 1851 divinae
877 1817 1080 1862 naturae,
1107 1818 1152 1852 et
1184 1808 1428 1861 humanae,
1461 1807 1713 1865 secundum
1740 1807 1863 1866 quod
1896 1821 2061 1852 conve-

93 1871 225 1917 niunt
246 1871 295 1916 in
320 1886 411 1916 una
435 1886 656 1932 persona:
690 1876 840 1918 omnis
876 1884 1028 1918 autem
1066 1874 1241 1929 relatio,
1274 1888 1391 1933 quae
1426 1874 1584 1933 incipit
1616 1888 1714 1918 esse
1748 1888 1803 1918 ex
1833 1884 2058 1933 tempore,

94 1951 151 1983 ex
175 1937 326 1999 aliqua
364 1940 618 1984 mutatione
645 1950 884 1985 causatur:
917 1942 1110 1986 mutatio
1145 1952 1296 1986 autem
1331 1941 1536 1985 consistit
1567 1941 1614 1984 in
1649 1941 1842 1995 actione,
1886 1951 1931 1985 et
1961 1956 2059 2000 pas-

94 2005 245 2061 sione3
263 2006 327 2051 sic
350 2021 460 2066 ergo
489 2007 733 2051 dicendum
756 2018 837 2062 est,
870 2009 991 2067 quod
1019 2011 1181 2068 prima,
1211 2019 1256 2052 et
1276 2008 1539 2067 principalis
1566 2007 1820 2052 differentia
1852 2009 1969 2052 inter
2000 2023 2061 2053 as·

92 2071 385 2134 sumptionem,
405 2083 448 2119 et
464 2076 658 2120 unionem
679 2085 760 2130 est,
780 2076 902 2134 quod
920 2078 1029 2120 unio
1057 2078 1274 2135 importat
1305 2076 1452 2134 ipsam
1483 2074 1771 2129 relationem,
1805 2076 2056 2134 assumptio

93 2150 248 2187 antem
279 2143 523 2196 actionem,
548 2142 801 2187 secundum
829 2157 968 2202 quam
1000 2143 1165 2187 dicitur
1191 2142 1352 2202 aliquis
1380 2156 1640 2196 assumens;
1673 2141 1747 2186 vel
1779 2142 2057 2201 passionem,

93 2207 346 2262 ”eundum
372 2223 511 2268 quam
544 2210 708 2254 dicitur
733 2209 903 2269 aliquid
937 2220 1239 2269 assumptam:
1268 2224 1324 2254 ex
1354 2210 1442 2253 hac
1478 2219 1632 2253 autem
1658 2208 1912 2253 differentia
1945 2210 2060 2254 acci-

36 2294 37 2297 *
80 2274 215 2335 ‚pitui-
238 2276 444 2322 secundo
462 2277 550 2322 alia
566 2276 834 2332 differentia,
850 2292 959 2322 nam
976 2279 1200 2338 assumptio
1221 2277 1398 2331 dicitur,
1421 2277 1538 2321 sicut
1553 2278 1598 2321 in
1617 2277 1710 2332 fieri
1720 2292 1736 2329 ;
1762 2276 1871 2320 unio
1890 2287 2058 2331 autem,

93 2341 211 2388 sicut
231 2337 277 2387 ¹in
289 2344 410 2403 facto
437 2359 540 2397 esse;
576 2354 620 2389 et
644 2345 750 2389 ideo
784 2345 946 2390 uniens
968 2345 1132 2389 dicitur
1158 2359 1258 2390 esse
1291 2345 1485 2398 unitum,
1513 2357 1749 2388 assumens
1777 2353 1932 2389 autem
1963 2357 2058 2388 non

87 2408 260 2455 dicitur
284 2424 383 2457 esse
410 2420 718 2472 assumptum:
744 2422 906 2457 natura
933 2413 1056 2456 enirn
1082 2412 1286 2456 humana
1323 2411 1603 2471 significatur
1624 2420 1673 2455 ut
1694 2411 1741 2454 in
1762 2411 1961 2455 termino
1995 2426 2060 2455 as-

79 2477 368 2537 sumptionis
395 2479 451 2523 ad
477 2479 763 2539 hypostasim
788 2479 1007 2534 divinam,
1029 2494 1110 2539 per
1134 2480 1225 2524 hoc
1259 2480 1382 2539 quod
1415 2479 1578 2523 dicitur
1603 2478 1773 2534 homo;
1807 2479 1926 2523 unde
1951 2493 2057 2523 vere

1 2564 21 2593 f,
88 2543 301 2600 dicimus,
327 2545 451 2605 quod
471 2545 611 2591 Filius
635 2547 739 2601 Dei,
767 2547 845 2606 qui
877 2557 946 2592 est
970 2547 1130 2592 uniens
1156 2547 1241 2592 sibi
1266 2547 1519 2591 humanam
1544 2555 1770 2600 naturam,
1797 2555 1866 2590 est
1886 2545 2058 2600 homo3

88 2611 173 2658 aed
197 2611 400 2658 humana
429 2623 605 2668 natura,
626 2614 675 2658 in
697 2628 745 2659 se
778 2615 1080 2669 considerata,
1111 2614 1228 2659 idest
1257 2614 1304 2657 in
1333 2614 1575 2668 abstracto,
1608 2612 1889 2672 significatur
1914 2623 1963 2657 ut
1994 2627 2060 2657 as-

92 2688 291 2739 sumpta:
316 2693 412 2725 non
438 2690 591 2726 autem
624 2681 832 2736 dicimus,
859 2683 982 2741 quod
1007 2681 1147 2726 Filius
1171 2682 1261 2727 Dei
1287 2682 1345 2726 sit
1375 2682 1579 2725 humana
1604 2691 1784 2725 natura:
1813 2694 1868 2724 ex
1895 2680 2058 2725 eadem

93 2744 232 2791 etiam
257 2746 459 2806 sequitur
485 2750 608 2793 tertia
633 2747 899 2803 differentia,
927 2749 1049 2808 quod
1072 2748 1246 2804 relatio,
1269 2749 1511 2808 praecipue
1545 2747 1927 2807 aequiparandae,
1959 2761 2054 2792 non

1 2831 45 2873 fjg
93 2813 240 2872 magis
265 2827 314 2859 se
338 2814 477 2859 habet
501 2815 558 2860 ad
580 2829 722 2859 unum
750 2826 1020 2870 extremum,
1053 2830 1191 2876 quam
1219 2817 1276 2860 ad
1302 2816 1447 2860 aliud:
1484 2816 1604 2860 actio
1639 2825 1808 2869 autem,
1834 2825 1879 2860 et
1905 2815 2055 2874 passio

92 2878 396 2927 diversimode
422 2896 471 2926 se
496 2882 667 2928 habent
693 2883 749 2927 ad
777 2897 932 2942 agens,
955 2894 1000 2928 et
1024 2884 1215 2943 patiens,
1242 2894 1287 2928 et
1312 2884 1368 2927 ad
1394 2883 1600 2928 diversos
1617 2883 1864 2936 terminos;
1888 2892 1932 2927 et
1949 2882 2054 2926 ideo

1 2995 20 3003 7,
93 2948 344 3007 assumptio
371 2949 644 2994 determinat
658 2950 906 2995 terminum
929 2965 955 2994 a
981 2965 1090 3010 quo,
1117 2961 1163 2995 et
1189 2951 1244 2994 ad
1263 2965 1423 3009 quem:
1459 2950 1621 2995 dicitur
1644 2950 1767 2994 enim
1791 2949 2056 3007 assumptio,

10 3026 35 3070 ’,ς
93 3014 221 3074 quasi
245 3015 300 3060 ab
328 3014 419 3060 alio
447 3016 503 3061 ad
529 3031 578 3061 se
610 3019 838 3076 sumpti03
865 3019 965 3062 unio
992 3024 1128 3062 autem
1155 3018 1261 3062 nihil
1293 3019 1442 3062 horum
1477 3017 1750 3070 determinat;
1779 3017 1898 3061 unde
1930 3014 2057 3059 indif-

90 3079 287 3127 ferenter
310 3082 486 3139 dicitur,
511 3084 635 3143 quod
660 3084 864 3129 humana
889 3096 1050 3129 natura
1082 3095 1149 3130 est
1174 3085 1300 3129 unita
1327 3085 1522 3139 divinae,
1556 3094 1601 3129 et
1627 3099 1651 3128 e
1679 3097 1925 3128 converso:
1958 3096 2052 3126 non

93 3158 244 3194 autem
287 3150 450 3194 dicitur
490 3151 643 3196 divina
673 3162 833 3196 natura
874 3163 1107 3212 assumpta
1140 3152 1193 3196 ab
1227 3153 1444 3206 humana,
1487 3152 1567 3197 sed
1601 3166 1625 3196 e
1667 3165 1906 3208 converso,
1950 3150 2056 3208 quia

2 3210 28 3266 J¹¹
90 3213 295 3262 humana
317 3227 478 3263 natura
503 3219 716 3278 adjuncta
742 3229 810 3264 est
835 3219 892 3264 ad
918 3219 1292 3278 personalitatem
1325 3220 1541 3275 divinam,
1574 3229 1624 3263 ut
1655 3218 1830 3263 scilicet
1861 3230 2055 3276 persona

91 3281 246 3328 divina
266 3282 314 3329 in
333 3282 538 3330 humana
559 3296 722 3330 natura
747 3286 972 3331 subsistat.

181 3349 259 3394 An
279 3362 469 3396 PRIMUM
499 3366 609 3411 ergo
637 3353 1045 3413 dicendum‚'quod
1072 3355 1198 3409 unio,
1225 3364 1270 3399 et
1302 3354 1556 3413 assumptio
1587 3367 1683 3397 non
1715 3351 1880 3396 eodem
1911 3351 2053 3396 modo

14 3442 33 3466 ,ι
80 3423 141 3460 ‘se
161 3415 331 3461 habent
356 3417 411 3462 ad
435 3419 698 3475 terminum,
723 3420 802 3465 sed
825 3421 1146 3475 diversimode,
1174 3422 1290 3466 sicut
1316 3422 1490 3466 dictum
1517 3431 1584 3465 est
1608 3421 1677 3478 (in
1703 3428 1817 3478 corp.
1846 3420 1965 3478 art).

180 3482 259 3528 AD
295 3496 557 3531 SECUNDUM
588 3486 848 3542 dicendum,
881 3489 1004 3547 quod
1036 3489 1212 3543 uniens,
1246 3498 1290 3533 et
1322 3502 1558 3533 assumens
1600 3500 1694 3530 non
1727 3487 1919 3530 omnino
1950 3496 2055 3531 sunt

79 3546 239 3595 ¹idem:
264 3564 374 3596 nam
399 3551 551 3597 omnis
575 3567 771 3613 persona
797 3568 1033 3601 assumens
1056 3565 1124 3600 est
1144 3569 1319 3610 uniens,
1332 3569 1426 3599 non
1454 3564 1607 3598 autem
1630 3568 1654 3597 e
1672 3567 1922 3599 converso:
1945 3567 2054 3597 nam

9 3622 42 3674 g·
93 3627 289 3675 persona
302 3617 450 3664 Patris
474 3619 619 3665 univit
637 3630 849 3666 naturam
863 3621 1117 3667 humanam
1138 3622 1271 3677 Filio,
1287 3636 1382 3667 non
1401 3631 1554 3667 autem
1571 3621 1679 3675 sibi,
1697 3629 1743 3666 et
1762 3620 1868 3666 ideo
1890 3621 2055 3667 dicitur
