<?xml version="1.0" encoding="UTF-8"?>
<!DOCTYPE html PUBLIC "-//W3C//DTD XHTML 1.0 Transitional//EN"
    "http://www.w3.org/TR/xhtml1/DTD/xhtml1-transitional.dtd">
<html xmlns="http://www.w3.org/1999/xhtml" xml:lang="en" lang="en">
 <head>
  <title>
</title>
<meta http-equiv="Content-Type" content="text/html;charset=utf-8" />
  <meta name='ocr-system' content='tesseract 3.04.00' />
  <meta name='ocr-capabilities' content='ocr_page ocr_carea ocr_par ocr_line ocrx_word'/>
</head>
<body>
  <div class='ocr_page' id='page_1' title='image "./divithomaeaquina04thom_0142.png"; bbox 0 0 2352 3926; ppageno 0'>
   <div class='ocr_carea' id='block_1_1' title="bbox 288 179 1715 249">
    <p class='ocr_par' dir='ltr' id='par_1_1' title="bbox 288 179 1715 249">
     <span class='ocr_line' id='line_1_1' title="bbox 288 179 1715 249; baseline 0 -17"><span class='ocrx_word' id='word_1_1' title='bbox 288 179 388 249; x_wconf 82' lang='lat'>138</span> <span class='ocrx_word' id='word_1_2' title='bbox 817 192 1095 238; x_wconf 85' lang='lat' dir='ltr'>QUAESTIO</span> <span class='ocrx_word' id='word_1_3' title='bbox 1135 191 1251 230; x_wconf 86' lang='lat' dir='ltr'>xm.</span> <span class='ocrx_word' id='word_1_4' title='bbox 1292 191 1598 232; x_wconf 57' lang='lat' dir='ltr'>Alimentus</span> <span class='ocrx_word' id='word_1_5' title='bbox 1638 193 1715 234; x_wconf 92' lang='lat'>111.</span> 
     </span>
    </p>
   </div>
   <div class='ocr_carea' id='block_1_2' title="bbox 281 294 2246 1294">
    <p class='ocr_par' dir='ltr' id='par_1_2' title="bbox 281 294 2242 620">
     <span class='ocr_line' id='line_1_2' title="bbox 282 294 2238 352; baseline 0.001 -12"><span class='ocrx_word' id='word_1_6' title='bbox 282 295 492 340; x_wconf 88' lang='lat' dir='ltr'>Christus</span> <span class='ocrx_word' id='word_1_7' title='bbox 519 308 750 339; x_wconf 83' lang='lat' dir='ltr'>assumere</span> <span class='ocrx_word' id='word_1_8' title='bbox 783 295 1017 352; x_wconf 86' lang='lat' dir='ltr'>potuisset,</span> <span class='ocrx_word' id='word_1_9' title='bbox 1036 294 1074 338; x_wconf 91' lang='lat' dir='ltr'>si</span> <span class='ocrx_word' id='word_1_10' title='bbox 1098 294 1339 340; x_wconf 85' lang='lat' dir='ltr'>voluisset:</span> <span class='ocrx_word' id='word_1_11' title='bbox 1367 296 1446 340; x_wconf 91' lang='lat' dir='ltr'>sed</span> <span class='ocrx_word' id='word_1_12' title='bbox 1473 311 1579 341; x_wconf 90' lang='lat' dir='ltr'>cum</span> <span class='ocrx_word' id='word_1_13' title='bbox 1606 297 1694 341; x_wconf 89' lang='lat' dir='ltr'>sint</span> <span class='ocrx_word' id='word_1_14' title='bbox 1711 304 1790 342; x_wconf 78' lang='lat' dir='ltr'>tres</span> <span class='ocrx_word' id='word_1_15' title='bbox 1815 306 1955 342; x_wconf 86' lang='lat' dir='ltr'>status</span> <span class='ocrx_word' id='word_1_16' title='bbox 1980 296 2238 351; x_wconf 83' lang='lat' dir='ltr'>hominurn,</span> 
     </span>
     <span class='ocr_line' id='line_1_3' title="bbox 281 362 2242 440; baseline 0.001 -34"><span class='ocrx_word' id='word_1_17' title='bbox 281 362 476 406; x_wconf 86' lang='lat' dir='ltr'>scilicet:</span> <span class='ocrx_word' id='word_1_18' title='bbox 503 364 780 415; x_wconf 70' lang='lat' dir='ltr'><strong><em>innocentiae,</em></strong></span> <span class='ocrx_word' id='word_1_19' title='bbox 816 362 972 420; x_wconf 79' lang='lat' dir='ltr'>culpae,</span> <span class='ocrx_word' id='word_1_20' title='bbox 1008 371 1052 405; x_wconf 92' lang='lat' dir='ltr'>et</span> <span class='ocrx_word' id='word_1_21' title='bbox 1074 362 1246 420; x_wconf 82' lang='lat' dir='ltr'>gloriae,</span> <span class='ocrx_word' id='word_1_22' title='bbox 1275 363 1390 407; x_wconf 90' lang='lat' dir='ltr'>sicut</span> <span class='ocrx_word' id='word_1_23' title='bbox 1416 363 1470 407; x_wconf 89' lang='lat' dir='ltr'>de</span> <span class='ocrx_word' id='word_1_24' title='bbox 1496 373 1614 408; x_wconf 90' lang='lat' dir='ltr'>statu</span> <span class='ocrx_word' id='word_1_25' title='bbox 1647 363 1821 422; x_wconf 90' lang='lat' dir='ltr'>gloriae</span> <span class='ocrx_word' id='word_1_26' title='bbox 1849 363 2092 440; x_wconf 79' lang='lat' dir='ltr'>assumpsit</span> <span class='ocrx_word' id='word_1_27' title='bbox 2118 365 2242 408; x_wconf 79' lang='lat' dir='ltr'>com-</span> 
     </span>
     <span class='ocr_line' id='line_1_4' title="bbox 282 428 2240 488; baseline 0.002 -17"><span class='ocrx_word' id='word_1_28' title='bbox 282 429 648 487; x_wconf 89' lang='lat' dir='ltr'>prehensionem,</span> <span class='ocrx_word' id='word_1_29' title='bbox 668 438 711 472; x_wconf 88' lang='lat' dir='ltr'>et</span> <span class='ocrx_word' id='word_1_30' title='bbox 728 428 782 471; x_wconf 91' lang='lat' dir='ltr'>de</span> <span class='ocrx_word' id='word_1_31' title='bbox 807 437 924 471; x_wconf 86' lang='lat' dir='ltr'>statu</span> <span class='ocrx_word' id='word_1_32' title='bbox 947 428 1236 473; x_wconf 88' lang='lat' dir='ltr'>innocentiae</span> <span class='ocrx_word' id='word_1_33' title='bbox 1253 429 1587 475; x_wconf 88' lang='lat' dir='ltr'>immunitatem</span> <span class='ocrx_word' id='word_1_34' title='bbox 1608 445 1633 474; x_wconf 91' lang='lat' dir='ltr'>a</span> <span class='ocrx_word' id='word_1_35' title='bbox 1650 440 1865 488; x_wconf 87' lang='lat' dir='ltr'>peccato,</span> <span class='ocrx_word' id='word_1_36' title='bbox 1891 431 1953 474; x_wconf 87' lang='lat' dir='ltr'>ita</span> <span class='ocrx_word' id='word_1_37' title='bbox 1980 440 2024 474; x_wconf 90' lang='lat' dir='ltr'>et</span> <span class='ocrx_word' id='word_1_38' title='bbox 2049 431 2104 474; x_wconf 90' lang='lat' dir='ltr'>de</span> <span class='ocrx_word' id='word_1_39' title='bbox 2122 439 2240 475; x_wconf 87' lang='lat' dir='ltr'>statu</span> 
     </span>
     <span class='ocr_line' id='line_1_5' title="bbox 282 495 2240 577; baseline 0.002 -39"><span class='ocrx_word' id='word_1_40' title='bbox 282 495 442 554; x_wconf 88' lang='lat' dir='ltr'>culpae</span> <span class='ocrx_word' id='word_1_41' title='bbox 470 495 711 553; x_wconf 82' lang='lat' dir='ltr'>assumpsit</span> <span class='ocrx_word' id='word_1_42' title='bbox 735 495 1055 539; x_wconf 88' lang='lat' dir='ltr'>necessitatem</span> <span class='ocrx_word' id='word_1_43' title='bbox 1081 496 1344 554; x_wconf 89' lang='lat' dir='ltr'>subjacendi</span> <span class='ocrx_word' id='word_1_44' title='bbox 1363 497 1713 556; x_wconf 84' lang='lat' dir='ltr'>poenalitatibus</span> <span class='ocrx_word' id='word_1_45' title='bbox 1734 497 1866 556; x_wconf 86' lang='lat' dir='ltr'>hujus</span> <span class='ocrx_word' id='word_1_46' title='bbox 1890 499 2025 551; x_wconf 87' lang='lat' dir='ltr'>vitae,</span> <span class='ocrx_word' id='word_1_47' title='bbox 2050 507 2102 542; x_wconf 85' lang='lat' dir='ltr'>ut</span> <span class='ocrx_word' id='word_1_48' title='bbox 2124 495 2240 577; x_wconf 77' lang='lat' dir='ltr'>infra</span> 
     </span>
     <span class='ocr_line' id='line_1_6' title="bbox 282 562 809 620; baseline 0.002 -15"><span class='ocrx_word' id='word_1_49' title='bbox 282 562 455 606; x_wconf 88' lang='lat' dir='ltr'>dicetur</span> <span class='ocrx_word' id='word_1_50' title='bbox 472 563 532 620; x_wconf 85' lang='lat' dir='ltr'>(q.</span> <span class='ocrx_word' id='word_1_51' title='bbox 550 576 611 619; x_wconf 83' lang='lat'>14.</span> <span class='ocrx_word' id='word_1_52' title='bbox 635 568 713 606; x_wconf 82' lang='lat' dir='ltr'>art.</span> <span class='ocrx_word' id='word_1_53' title='bbox 732 562 809 619; x_wconf 90' lang='lat'><strong>2..)</strong></span> 
     </span>
    </p>

    <p class='ocr_par' dir='ltr' id='par_1_3' title="bbox 283 629 2246 1294">
     <span class='ocr_line' id='line_1_7' title="bbox 370 629 2242 690; baseline 0.001 -18"><span class='ocrx_word' id='word_1_54' title='bbox 370 630 445 672; x_wconf 89' lang='lat' dir='ltr'>AD</span> <span class='ocrx_word' id='word_1_55' title='bbox 481 642 696 674; x_wconf 75' lang='lat' dir='ltr'>TERTmM</span> <span class='ocrx_word' id='word_1_56' title='bbox 737 629 996 685; x_wconf 87' lang='lat' dir='ltr'>dicendum,</span> <span class='ocrx_word' id='word_1_57' title='bbox 1030 631 1153 690; x_wconf 89' lang='lat' dir='ltr'>quod</span> <span class='ocrx_word' id='word_1_58' title='bbox 1184 631 1518 690; x_wconf 88' lang='lat' dir='ltr'>imaginationi,</span> <span class='ocrx_word' id='word_1_59' title='bbox 1551 632 1590 676; x_wconf 91' lang='lat' dir='ltr'>si</span> <span class='ocrx_word' id='word_1_60' title='bbox 1620 631 1755 676; x_wconf 88' lang='lat' dir='ltr'>fuerit</span> <span class='ocrx_word' id='word_1_61' title='bbox 1795 631 1938 686; x_wconf 84' lang='lat' dir='ltr'>fortis,</span> <span class='ocrx_word' id='word_1_62' title='bbox 1978 629 2242 676; x_wconf 84' lang='lat' dir='ltr'>naturaliter</span> 
     </span>
     <span class='ocr_line' id='line_1_8' title="bbox 283 695 2240 757; baseline 0.002 -18"><span class='ocrx_word' id='word_1_63' title='bbox 283 695 435 739; x_wconf 90' lang='lat' dir='ltr'>obedit</span> <span class='ocrx_word' id='word_1_64' title='bbox 463 710 626 754; x_wconf 87' lang='lat' dir='ltr'>corpus</span> <span class='ocrx_word' id='word_1_65' title='bbox 653 706 873 755; x_wconf 88' lang='lat' dir='ltr'>quantum</span> <span class='ocrx_word' id='word_1_66' title='bbox 906 697 961 740; x_wconf 88' lang='lat' dir='ltr'>ad</span> <span class='ocrx_word' id='word_1_67' title='bbox 989 696 1164 757; x_wconf 84' lang='lat' dir='ltr'>aliqua3</span> <span class='ocrx_word' id='word_1_68' title='bbox 1191 708 1297 757; x_wconf 91' lang='lat' dir='ltr'>puta</span> <span class='ocrx_word' id='word_1_69' title='bbox 1323 708 1544 757; x_wconf 89' lang='lat' dir='ltr'>quantum</span> <span class='ocrx_word' id='word_1_70' title='bbox 1571 699 1627 742; x_wconf 90' lang='lat' dir='ltr'>ad</span> <span class='ocrx_word' id='word_1_71' title='bbox 1655 713 1811 743; x_wconf 87' lang='lat' dir='ltr'>casum</span> <span class='ocrx_word' id='word_1_72' title='bbox 1837 698 1893 742; x_wconf 92' lang='lat' dir='ltr'>de</span> <span class='ocrx_word' id='word_1_73' title='bbox 1924 698 2050 750; x_wconf 84' lang='lat' dir='ltr'>trabe</span> <span class='ocrx_word' id='word_1_74' title='bbox 2074 697 2122 742; x_wconf 88' lang='lat' dir='ltr'>in</span> <span class='ocrx_word' id='word_1_75' title='bbox 2149 697 2240 742; x_wconf 88' lang='lat' dir='ltr'>alto</span> 
     </span>
     <span class='ocr_line' id='line_1_9' title="bbox 285 762 2245 824; baseline 0.002 -19"><span class='ocrx_word' id='word_1_76' title='bbox 285 762 455 820; x_wconf 87' lang='lat' dir='ltr'>posita:</span> <span class='ocrx_word' id='word_1_77' title='bbox 486 763 590 821; x_wconf 89' lang='lat' dir='ltr'>quia</span> <span class='ocrx_word' id='word_1_78' title='bbox 616 763 884 822; x_wconf 89' lang='lat' dir='ltr'>imaginatio</span> <span class='ocrx_word' id='word_1_79' title='bbox 925 774 1031 808; x_wconf 87' lang='lat' dir='ltr'>nata</span> <span class='ocrx_word' id='word_1_80' title='bbox 1063 775 1130 809; x_wconf 90' lang='lat' dir='ltr'>est</span> <span class='ocrx_word' id='word_1_81' title='bbox 1165 779 1264 809; x_wconf 91' lang='lat' dir='ltr'>esse</span> <span class='ocrx_word' id='word_1_82' title='bbox 1290 765 1562 824; x_wconf 89' lang='lat' dir='ltr'>principium</span> <span class='ocrx_word' id='word_1_83' title='bbox 1604 776 1755 810; x_wconf 88' lang='lat' dir='ltr'>motus</span> <span class='ocrx_word' id='word_1_84' title='bbox 1796 765 1971 819; x_wconf 88' lang='lat' dir='ltr'>localis,</span> <span class='ocrx_word' id='word_1_85' title='bbox 2003 776 2052 809; x_wconf 88' lang='lat' dir='ltr'>ut</span> <span class='ocrx_word' id='word_1_86' title='bbox 2082 764 2245 809; x_wconf 87' lang='lat' dir='ltr'>dicitur</span> 
     </span>
     <span class='ocr_line' id='line_1_10' title="bbox 286 829 2243 891; baseline 0.002 -19"><span class='ocrx_word' id='word_1_87' title='bbox 286 843 324 886; x_wconf 81' lang='lat'>3.</span> <span class='ocrx_word' id='word_1_88' title='bbox 344 829 399 872; x_wconf 91' lang='lat' dir='ltr'>de</span> <span class='ocrx_word' id='word_1_89' title='bbox 417 830 505 873; x_wconf 91' lang='lat' dir='ltr'>An.</span> <span class='ocrx_word' id='word_1_90' title='bbox 526 830 622 885; x_wconf 80' lang='lat' dir='ltr'>(tex.</span> <span class='ocrx_word' id='word_1_91' title='bbox 639 831 710 887; x_wconf 85' lang='lat'>48.</span> <span class='ocrx_word' id='word_1_92' title='bbox 726 836 761 875; x_wconf 81' lang='lat' dir='ltr'>et</span> <span class='ocrx_word' id='word_1_93' title='bbox 776 833 994 889; x_wconf 82' lang='lat' dir='ltr'>sequentib.</span> <span class='ocrx_word' id='word_1_94' title='bbox 993 831 1036 889; x_wconf 89' lang='lat'>).·</span> <span class='ocrx_word' id='word_1_95' title='bbox 1056 832 1262 876; x_wconf 90' lang='lat' dir='ltr'>similiter</span> <span class='ocrx_word' id='word_1_96' title='bbox 1289 832 1425 877; x_wconf 90' lang='lat' dir='ltr'>etiarn</span> <span class='ocrx_word' id='word_1_97' title='bbox 1444 841 1663 891; x_wconf 88' lang='lat' dir='ltr'>quantum</span> <span class='ocrx_word' id='word_1_98' title='bbox 1690 833 1746 876; x_wconf 90' lang='lat' dir='ltr'>ad</span> <span class='ocrx_word' id='word_1_99' title='bbox 1773 831 2105 886; x_wconf 83' lang='lat' dir='ltr'>alterationem,</span> <span class='ocrx_word' id='word_1_100' title='bbox 2126 845 2243 891; x_wconf 88' lang='lat' dir='ltr'>quae</span> 
     </span>
     <span class='ocr_line' id='line_1_11' title="bbox 285 897 2245 959; baseline 0.003 -20"><span class='ocrx_word' id='word_1_101' title='bbox 285 905 351 939; x_wconf 91' lang='lat' dir='ltr'>est</span> <span class='ocrx_word' id='word_1_102' title='bbox 376 897 628 941; x_wconf 88' lang='lat' dir='ltr'>secundum</span> <span class='ocrx_word' id='word_1_103' title='bbox 656 897 873 952; x_wconf 87' lang='lat' dir='ltr'>calorem,</span> <span class='ocrx_word' id='word_1_104' title='bbox 900 908 944 942; x_wconf 92' lang='lat' dir='ltr'>et</span> <span class='ocrx_word' id='word_1_105' title='bbox 968 898 1124 958; x_wconf 83' lang='lat' dir='ltr'>frigus,</span> <span class='ocrx_word' id='word_1_106' title='bbox 1152 909 1196 943; x_wconf 92' lang='lat' dir='ltr'>et</span> <span class='ocrx_word' id='word_1_107' title='bbox 1222 899 1310 943; x_wconf 87' lang='lat' dir='ltr'>alia</span> <span class='ocrx_word' id='word_1_108' title='bbox 1337 900 1684 958; x_wconf 85' lang='lat' dir='ltr'>consequentia:</span> <span class='ocrx_word' id='word_1_109' title='bbox 1709 914 1765 944; x_wconf 91' lang='lat' dir='ltr'>eo</span> <span class='ocrx_word' id='word_1_110' title='bbox 1791 901 1914 959; x_wconf 91' lang='lat' dir='ltr'>quod</span> <span class='ocrx_word' id='word_1_111' title='bbox 1941 914 1996 945; x_wconf 84' lang='lat' dir='ltr'>ex</span> <span class='ocrx_word' id='word_1_112' title='bbox 2026 900 2245 959; x_wconf 83' lang='lat' dir='ltr'>imagina-</span> 
     </span>
     <span class='ocr_line' id='line_1_12' title="bbox 283 963 2244 1027; baseline 0.003 -21"><span class='ocrx_word' id='word_1_113' title='bbox 283 963 408 1007; x_wconf 88' lang='lat' dir='ltr'>tione</span> <span class='ocrx_word' id='word_1_114' title='bbox 437 974 768 1023; x_wconf 89' lang='lat' dir='ltr'>consequenter</span> <span class='ocrx_word' id='word_1_115' title='bbox 802 975 936 1010; x_wconf 86' lang='lat' dir='ltr'>natae</span> <span class='ocrx_word' id='word_1_116' title='bbox 970 976 1074 1010; x_wconf 87' lang='lat' dir='ltr'>sunt</span> <span class='ocrx_word' id='word_1_117' title='bbox 1110 967 1328 1025; x_wconf 89' lang='lat' dir='ltr'>consequi</span> <span class='ocrx_word' id='word_1_118' title='bbox 1364 966 1543 1010; x_wconf 89' lang='lat' dir='ltr'>animae</span> <span class='ocrx_word' id='word_1_119' title='bbox 1579 967 1828 1024; x_wconf 89' lang='lat' dir='ltr'>passiones,</span> <span class='ocrx_word' id='word_1_120' title='bbox 1854 966 2107 1012; x_wconf 88' lang='lat' dir='ltr'>secundum</span> <span class='ocrx_word' id='word_1_121' title='bbox 2131 980 2244 1027; x_wconf 87' lang='lat' dir='ltr'>quas</span> 
     </span>
     <span class='ocr_line' id='line_1_13' title="bbox 285 1032 2243 1092; baseline 0.002 -17"><span class='ocrx_word' id='word_1_122' title='bbox 285 1041 494 1075; x_wconf 86' lang='lat' dir='ltr'>movetur</span> <span class='ocrx_word' id='word_1_123' title='bbox 513 1046 617 1086; x_wconf 92' lang='lat' dir='ltr'>cor;</span> <span class='ocrx_word' id='word_1_124' title='bbox 635 1043 679 1076; x_wconf 87' lang='lat' dir='ltr'>et</span> <span class='ocrx_word' id='word_1_125' title='bbox 695 1032 759 1076; x_wconf 88' lang='lat' dir='ltr'>sic</span> <span class='ocrx_word' id='word_1_126' title='bbox 777 1046 857 1091; x_wconf 89' lang='lat' dir='ltr'>per</span> <span class='ocrx_word' id='word_1_127' title='bbox 874 1033 1240 1077; x_wconf 83' lang='lat' dir='ltr'>commotionem</span> <span class='ocrx_word' id='word_1_128' title='bbox 1267 1034 1506 1092; x_wconf 87' lang='lat' dir='ltr'>spirituum</span> <span class='ocrx_word' id='word_1_129' title='bbox 1522 1043 1670 1077; x_wconf 87' lang='lat' dir='ltr'>totum</span> <span class='ocrx_word' id='word_1_130' title='bbox 1689 1047 1853 1092; x_wconf 89' lang='lat' dir='ltr'>corpus</span> <span class='ocrx_word' id='word_1_131' title='bbox 1872 1033 2108 1089; x_wconf 86' lang='lat' dir='ltr'>alteratur;</span> <span class='ocrx_word' id='word_1_132' title='bbox 2128 1033 2243 1078; x_wconf 82' lang='lat' dir='ltr'>‘aliae</span> 
     </span>
     <span class='ocr_line' id='line_1_14' title="bbox 283 1099 2243 1159; baseline 0.002 -18"><span class='ocrx_word' id='word_1_133' title='bbox 283 1113 394 1142; x_wconf 86' lang='lat' dir='ltr'>vero</span> <span class='ocrx_word' id='word_1_134' title='bbox 421 1099 741 1158; x_wconf 90' lang='lat' dir='ltr'>dispositiones</span> <span class='ocrx_word' id='word_1_135' title='bbox 774 1100 1050 1159; x_wconf 85' lang='lat' dir='ltr'>corporales,</span> <span class='ocrx_word' id='word_1_136' title='bbox 1077 1114 1192 1159; x_wconf 89' lang='lat' dir='ltr'>quae</span> <span class='ocrx_word' id='word_1_137' title='bbox 1218 1115 1313 1144; x_wconf 91' lang='lat' dir='ltr'>non</span> <span class='ocrx_word' id='word_1_138' title='bbox 1339 1101 1520 1144; x_wconf 85' lang='lat' dir='ltr'>habent</span> <span class='ocrx_word' id='word_1_139' title='bbox 1532 1100 1787 1145; x_wconf 89' lang='lat' dir='ltr'>naturalem</span> <span class='ocrx_word' id='word_1_140' title='bbox 1813 1101 2022 1145; x_wconf 76' lang='lat' dir='ltr'>ordinem</span> <span class='ocrx_word' id='word_1_141' title='bbox 2048 1100 2141 1145; x_wconf 85' lang='lat' dir='ltr'>ad</span> <span class='ocrx_word' id='word_1_142' title='bbox 2129 1114 2243 1145; x_wconf 76' lang='lat' dir='ltr'>ima-</span> 
     </span>
     <span class='ocr_line' id='line_1_15' title="bbox 284 1166 2246 1259; baseline 0.002 -50"><span class='ocrx_word' id='word_1_143' title='bbox 284 1166 583 1223; x_wconf 88' lang='lat' dir='ltr'>ginationem,</span> <span class='ocrx_word' id='word_1_144' title='bbox 610 1181 704 1210; x_wconf 91' lang='lat' dir='ltr'>non</span> <span class='ocrx_word' id='word_1_145' title='bbox 729 1177 1088 1211; x_wconf 90' lang='lat' dir='ltr'>transmutantur</span> <span class='ocrx_word' id='word_1_146' title='bbox 1115 1169 1168 1211; x_wconf 90' lang='lat' dir='ltr'>ab</span> <span class='ocrx_word' id='word_1_147' title='bbox 1196 1168 1540 1226; x_wconf 87' lang='lat' dir='ltr'>imaginatione,</span> <span class='ocrx_word' id='word_1_148' title='bbox 1568 1178 1990 1228; x_wconf 85' lang='lat' dir='ltr'>quantumcumque</span> <span class='ocrx_word' id='word_1_149' title='bbox 2013 1167 2072 1250; x_wconf 78' lang='lat' dir='ltr'>sit</span> <span class='ocrx_word' id='word_1_150' title='bbox 2090 1166 2246 1259; x_wconf 79' lang='lat' dir='ltr'>fortis3</span> 
     </span>
     <span class='ocr_line' id='line_1_16' title="bbox 284 1233 2058 1294; baseline 0.002 -18"><span class='ocrx_word' id='word_1_151' title='bbox 284 1242 391 1291; x_wconf 87' lang='lat' dir='ltr'>puta</span> <span class='ocrx_word' id='word_1_152' title='bbox 415 1233 560 1292; x_wconf 87' lang='lat' dir='ltr'>figura</span> <span class='ocrx_word' id='word_1_153' title='bbox 587 1248 763 1289; x_wconf 91' lang='lat' dir='ltr'>manus,</span> <span class='ocrx_word' id='word_1_154' title='bbox 789 1234 863 1279; x_wconf 92' lang='lat' dir='ltr'>vel</span> <span class='ocrx_word' id='word_1_155' title='bbox 888 1235 1028 1294; x_wconf 88' lang='lat' dir='ltr'>pedis,</span> <span class='ocrx_word' id='word_1_156' title='bbox 1054 1235 1130 1279; x_wconf 90' lang='lat' dir='ltr'>vel</span> <span class='ocrx_word' id='word_1_157' title='bbox 1156 1234 1325 1294; x_wconf 88' lang='lat' dir='ltr'>aliquid</span> <span class='ocrx_word' id='word_1_158' title='bbox 1352 1235 1515 1280; x_wconf 91' lang='lat' dir='ltr'>simile.</span> <span class='ocrx_word' id='word_1_159' title='bbox 2057 1254 2058 1257; x_wconf 43' lang='lat'>¹</span> 
     </span>
    </p>
   </div>
   <div class='ocr_carea' id='block_1_3' title="bbox 975 1376 2242 1483">
    <p class='ocr_par' dir='ltr' id='par_1_4' title="bbox 975 1360 2242 1483">
     <span class='ocr_line' id='line_1_17' title="bbox 975 1376 2242 1483; baseline 0.003 -37"><span class='ocrx_word' id='word_1_160' title='bbox 975 1390 1411 1449; x_wconf 81' lang='lat' dir='ltr'>ARTICULUS</span> <span class='ocrx_word' id='word_1_161' title='bbox 1456 1391 1551 1446; x_wconf 86' lang='lat' dir='ltr'>IV.</span> <span class='ocrx_word' id='word_1_162' title='bbox 1839 1376 1857 1389; x_wconf 77' lang='grc'><strong>”</strong></span> <span class='ocrx_word' id='word_1_163' title='bbox 2018 1440 2021 1441; x_wconf 25' lang='grc'><em>.</em></span> <span class='ocrx_word' id='word_1_164' title='bbox 2121 1382 2135 1483; x_wconf 50' lang='lat' dir='ltr'>J</span> <span class='ocrx_word' id='word_1_165' title='bbox 2189 1403 2242 1463; x_wconf 86' lang='lat'>85</span> 
     </span>
    </p>
   </div>
   <div class='ocr_carea' id='block_1_4' title="bbox 525 1514 2018 1635">
    <p class='ocr_par' dir='ltr' id='par_1_5' title="bbox 525 1514 2018 1635">
     <span class='ocr_line' id='line_1_18' title="bbox 525 1514 2018 1559; baseline 0 -3"><span class='ocrx_word' id='word_1_166' title='bbox 525 1519 719 1558; x_wconf 89' lang='lat' dir='ltr'><strong>UTRUM</strong></span> <span class='ocrx_word' id='word_1_167' title='bbox 759 1518 933 1557; x_wconf 89' lang='lat' dir='ltr'>ANIMA</span> <span class='ocrx_word' id='word_1_168' title='bbox 974 1520 1192 1559; x_wconf 87' lang='lat' dir='ltr'>CHRISTI</span> <span class='ocrx_word' id='word_1_169' title='bbox 1234 1520 1508 1558; x_wconf 87' lang='lat' dir='ltr'>HABUERIT</span> <span class='ocrx_word' id='word_1_170' title='bbox 1550 1514 2018 1557; x_wconf 78' lang='lat' dir='ltr'>OMNIPOTENTIAM</span> 
     </span>
     <span class='ocr_line' id='line_1_19' title="bbox 636 1591 1898 1635; baseline -0.001 -2"><span class='ocrx_word' id='word_1_171' title='bbox 636 1594 913 1633; x_wconf 90' lang='lat' dir='ltr'>RESPECTU</span> <span class='ocrx_word' id='word_1_172' title='bbox 947 1595 1319 1635; x_wconf 89' lang='lat' dir='ltr'>EXECUTIONIS</span> <span class='ocrx_word' id='word_1_173' title='bbox 1355 1594 1493 1632; x_wconf 91' lang='lat' dir='ltr'>SUAE</span> <span class='ocrx_word' id='word_1_174' title='bbox 1523 1591 1898 1633; x_wconf 83' lang='lat' dir='ltr'>VOLUNTATIS.</span> 
     </span>
    </p>
   </div>
   <div class='ocr_carea' id='block_1_5' title="bbox 280 1701 2254 2705">
    <p class='ocr_par' dir='ltr' id='par_1_6' title="bbox 287 1701 2250 1966">
     <span class='ocr_line' id='line_1_20' title="bbox 375 1701 2250 1764; baseline 0 -17"><span class='ocrx_word' id='word_1_175' title='bbox 375 1704 451 1748; x_wconf 86' lang='lat' dir='ltr'>AD</span> <span class='ocrx_word' id='word_1_176' title='bbox 478 1716 716 1754; x_wconf 81' lang='lat' dir='ltr'>QUARTUM</span> <span class='ocrx_word' id='word_1_177' title='bbox 743 1705 806 1749; x_wconf 92' lang='lat' dir='ltr'>sic</span> <span class='ocrx_word' id='word_1_178' title='bbox 832 1705 1105 1764; x_wconf 88' lang='lat' dir='ltr'>proceditur.</span> <span class='ocrx_word' id='word_1_179' title='bbox 1132 1704 1336 1759; x_wconf 88' lang='lat' dir='ltr'>Videtur,</span> <span class='ocrx_word' id='word_1_180' title='bbox 1369 1704 1492 1764; x_wconf 93' lang='lat' dir='ltr'>quod</span> <span class='ocrx_word' id='word_1_181' title='bbox 1525 1704 1679 1749; x_wconf 87' lang='lat' dir='ltr'>anima</span> <span class='ocrx_word' id='word_1_182' title='bbox 1711 1703 1885 1748; x_wconf 83' lang='lat' dir='ltr'>Christi</span> <span class='ocrx_word' id='word_1_183' title='bbox 1913 1714 2009 1748; x_wconf 85' lang='lat' dir='ltr'>non</span> <span class='ocrx_word' id='word_1_184' title='bbox 2039 1701 2250 1747; x_wconf 73' lang='lat' dir='ltr'>habuerit</span> 
     </span>
     <span class='ocr_line' id='line_1_21' title="bbox 287 1769 2247 1832; baseline -0.001 -18"><span class='ocrx_word' id='word_1_185' title='bbox 287 1771 670 1830; x_wconf 87' lang='lat' dir='ltr'>omnipotentiam</span> <span class='ocrx_word' id='word_1_186' title='bbox 683 1782 891 1831; x_wconf 91' lang='lat' dir='ltr'>respectu</span> <span class='ocrx_word' id='word_1_187' title='bbox 904 1772 1183 1817; x_wconf 84' lang='lat' dir='ltr'>executionis</span> <span class='ocrx_word' id='word_1_188' title='bbox 1196 1772 1407 1832; x_wconf 90' lang='lat' dir='ltr'>propriae</span> <span class='ocrx_word' id='word_1_189' title='bbox 1418 1771 1682 1816; x_wconf 89' lang='lat' dir='ltr'>voluntatis:</span> <span class='ocrx_word' id='word_1_190' title='bbox 1694 1771 1858 1815; x_wconf 85' lang='lat' dir='ltr'>dicitur</span> <span class='ocrx_word' id='word_1_191' title='bbox 1879 1770 2017 1829; x_wconf 80' lang='lat' dir='ltr'>enim,</span> <span class='ocrx_word' id='word_1_192' title='bbox 2033 1769 2178 1814; x_wconf 71' lang='lat' dir='ltr'>Marci</span> <span class='ocrx_word' id='word_1_193' title='bbox 2189 1781 2247 1829; x_wconf 90' lang='lat'>7.,</span> 
     </span>
     <span class='ocr_line' id='line_1_22' title="bbox 288 1837 2247 1898; baseline 0 -17"><span class='ocrx_word' id='word_1_194' title='bbox 288 1838 411 1897; x_wconf 93' lang='lat' dir='ltr'>quod</span> <span class='ocrx_word' id='word_1_195' title='bbox 437 1838 667 1898; x_wconf 89' lang='lat' dir='ltr'>ingressus</span> <span class='ocrx_word' id='word_1_196' title='bbox 691 1839 883 1883; x_wconf 89' lang='lat' dir='ltr'>domurn</span> <span class='ocrx_word' id='word_1_197' title='bbox 909 1840 1144 1884; x_wconf 90' lang='lat' dir='ltr'>neminem</span> <span class='ocrx_word' id='word_1_198' title='bbox 1163 1839 1320 1894; x_wconf 46' lang='lat' dir='ltr'>voluit,</span> <span class='ocrx_word' id='word_1_199' title='bbox 1335 1839 1465 1893; x_wconf 90' lang='lat' dir='ltr'>scire,</span> <span class='ocrx_word' id='word_1_200' title='bbox 1493 1849 1537 1883; x_wconf 89' lang='lat' dir='ltr'>et</span> <span class='ocrx_word' id='word_1_201' title='bbox 1562 1852 1656 1882; x_wconf 93' lang='lat' dir='ltr'>non</span> <span class='ocrx_word' id='word_1_202' title='bbox 1673 1837 1820 1898; x_wconf 88' lang='lat' dir='ltr'>potuit</span> <span class='ocrx_word' id='word_1_203' title='bbox 1835 1837 1999 1892; x_wconf 79' lang='lat' dir='ltr'>latere3</span> <span class='ocrx_word' id='word_1_204' title='bbox 2016 1850 2115 1882; x_wconf 78' lang='lat' dir='ltr'>non</span> <span class='ocrx_word' id='word_1_205' title='bbox 2135 1850 2247 1897; x_wconf 81' lang='lat' dir='ltr'>ergo</span> 
     </span>
     <span class='ocr_line' id='line_1_23' title="bbox 287 1905 1664 1966; baseline 0.001 -18"><span class='ocrx_word' id='word_1_206' title='bbox 287 1906 434 1964; x_wconf 88' lang='lat' dir='ltr'>potuit</span> <span class='ocrx_word' id='word_1_207' title='bbox 457 1905 504 1948; x_wconf 92' lang='lat' dir='ltr'>in</span> <span class='ocrx_word' id='word_1_208' title='bbox 531 1906 744 1951; x_wconf 90' lang='lat' dir='ltr'>omnibus</span> <span class='ocrx_word' id='word_1_209' title='bbox 771 1907 933 1966; x_wconf 83' lang='lat' dir='ltr'>exequi</span> <span class='ocrx_word' id='word_1_210' title='bbox 956 1907 1242 1966; x_wconf 90' lang='lat' dir='ltr'>propositum</span> <span class='ocrx_word' id='word_1_211' title='bbox 1268 1921 1377 1951; x_wconf 91' lang='lat' dir='ltr'>suae</span> <span class='ocrx_word' id='word_1_212' title='bbox 1402 1905 1664 1951; x_wconf 89' lang='lat' dir='ltr'>voluntatis.</span> 
     </span>
    </p>

    <p class='ocr_par' dir='ltr' id='par_1_7' title="bbox 280 1972 2253 2353">
     <span class='ocr_line' id='line_1_24' title="bbox 378 1972 2251 2033; baseline 0.001 -17"><span class='ocrx_word' id='word_1_213' title='bbox 378 1985 418 2016; x_wconf 90' lang='lat'>2.</span> <span class='ocrx_word' id='word_1_214' title='bbox 457 1972 756 2018; x_wconf 76' lang='lat' dir='ltr'><strong>PRAETEREA.</strong></span> <span class='ocrx_word' id='word_1_215' title='bbox 790 1974 1092 2033; x_wconf 89' lang='lat' dir='ltr'>Praeceptum</span> <span class='ocrx_word' id='word_1_216' title='bbox 1125 1983 1193 2018; x_wconf 90' lang='lat' dir='ltr'>est</span> <span class='ocrx_word' id='word_1_217' title='bbox 1223 1974 1406 2033; x_wconf 89' lang='lat' dir='ltr'>signum</span> <span class='ocrx_word' id='word_1_218' title='bbox 1438 1973 1700 2027; x_wconf 89' lang='lat' dir='ltr'>voluntatis,</span> <span class='ocrx_word' id='word_1_219' title='bbox 1733 1982 1782 2017; x_wconf 91' lang='lat' dir='ltr'>ut</span> <span class='ocrx_word' id='word_1_220' title='bbox 1811 1972 1860 2016; x_wconf 90' lang='lat' dir='ltr'>in</span> <span class='ocrx_word' id='word_1_221' title='bbox 1896 1986 1932 2018; x_wconf 88' lang='lat'>1.</span> <span class='ocrx_word' id='word_1_222' title='bbox 1966 1972 2140 2017; x_wconf 88' lang='lat' dir='ltr'>dictum</span> <span class='ocrx_word' id='word_1_223' title='bbox 2182 1982 2251 2018; x_wconf 87' lang='lat' dir='ltr'>est</span> 
     </span>
     <span class='ocr_line' id='line_1_25' title="bbox 287 2039 2250 2102; baseline 0.001 -19"><span class='ocrx_word' id='word_1_224' title='bbox 287 2040 349 2098; x_wconf 87' lang='lat' dir='ltr'>(q.</span> <span class='ocrx_word' id='word_1_225' title='bbox 375 2054 440 2099; x_wconf 89' lang='lat'>19.</span> <span class='ocrx_word' id='word_1_226' title='bbox 469 2046 551 2085; x_wconf 84' lang='lat' dir='ltr'>art.</span> <span class='ocrx_word' id='word_1_227' title='bbox 579 2042 693 2098; x_wconf 80' lang='lat'><em>12.):</em></span> <span class='ocrx_word' id='word_1_228' title='bbox 720 2041 798 2085; x_wconf 92' lang='lat' dir='ltr'>sed</span> <span class='ocrx_word' id='word_1_229' title='bbox 824 2041 1053 2085; x_wconf 89' lang='lat' dir='ltr'>Dominus</span> <span class='ocrx_word' id='word_1_230' title='bbox 1076 2041 1301 2100; x_wconf 89' lang='lat' dir='ltr'>quaedam</span> <span class='ocrx_word' id='word_1_231' title='bbox 1317 2040 1527 2085; x_wconf 87' lang='lat' dir='ltr'>facienda</span> <span class='ocrx_word' id='word_1_232' title='bbox 1543 2041 1786 2100; x_wconf 89' lang='lat' dir='ltr'>praecepit,</span> <span class='ocrx_word' id='word_1_233' title='bbox 1806 2049 2004 2099; x_wconf 84' lang='lat' dir='ltr'>quorum</span> <span class='ocrx_word' id='word_1_234' title='bbox 2020 2039 2250 2102; x_wconf 75' lang='lat' dir='ltr'>contraria</span> 
     </span>
     <span class='ocr_line' id='line_1_26' title="bbox 289 2106 2248 2169; baseline 0.002 -20"><span class='ocrx_word' id='word_1_235' title='bbox 289 2106 571 2151; x_wconf 87' lang='lat' dir='ltr'>acciderunt:</span> <span class='ocrx_word' id='word_1_236' title='bbox 598 2108 762 2151; x_wconf 87' lang='lat' dir='ltr'>dicitur</span> <span class='ocrx_word' id='word_1_237' title='bbox 788 2108 926 2162; x_wconf 90' lang='lat' dir='ltr'>enim,</span> <span class='ocrx_word' id='word_1_238' title='bbox 951 2108 1112 2152; x_wconf 88' lang='lat' dir='ltr'>Matth.</span> <span class='ocrx_word' id='word_1_239' title='bbox 1141 2122 1198 2169; x_wconf 85' lang='lat'>9.‚</span> <span class='ocrx_word' id='word_1_240' title='bbox 1226 2109 1348 2167; x_wconf 93' lang='lat' dir='ltr'>quod</span> <span class='ocrx_word' id='word_1_241' title='bbox 1371 2109 1518 2153; x_wconf 88' lang='lat' dir='ltr'>caecis</span> <span class='ocrx_word' id='word_1_242' title='bbox 1550 2107 1817 2152; x_wconf 88' lang='lat' dir='ltr'>illuminatis</span> <span class='ocrx_word' id='word_1_243' title='bbox 1851 2107 2158 2152; x_wconf 85' lang='lat' dir='ltr'>comminatus</span> <span class='ocrx_word' id='word_1_244' title='bbox 2179 2116 2248 2152; x_wconf 81' lang='lat' dir='ltr'>est</span> 
     </span>
     <span class='ocr_line' id='line_1_27' title="bbox 280 2173 2251 2235; baseline 0.001 -18"><span class='ocrx_word' id='word_1_245' title='bbox 280 2173 425 2232; x_wconf 87' lang='lat' dir='ltr'>Jesus‚</span> <span class='ocrx_word' id='word_1_246' title='bbox 451 2174 627 2219; x_wconf 90' lang='lat' dir='ltr'>dicens:</span> <span class='ocrx_word' id='word_1_247' title='bbox 664 2175 817 2230; x_wconf 84' lang='lat' dir='ltr'>Videte,</span> <span class='ocrx_word' id='word_1_248' title='bbox 844 2191 893 2220; x_wconf 81' lang='lat' dir='ltr'>ne</span> <span class='ocrx_word' id='word_1_249' title='bbox 919 2177 1009 2234; x_wconf 87' lang='lat' dir='ltr'>quis</span> <span class='ocrx_word' id='word_1_250' title='bbox 1032 2178 1161 2220; x_wconf 83' lang='lat' dir='ltr'>sciat:</span> <span class='ocrx_word' id='word_1_251' title='bbox 1188 2177 1260 2220; x_wconf 85' lang='lat' dir='ltr'>Illi</span> <span class='ocrx_word' id='word_1_252' title='bbox 1286 2182 1422 2220; x_wconf 83' lang='lat' dir='ltr'>autem</span> <span class='ocrx_word' id='word_1_253' title='bbox 1447 2181 1632 2220; x_wconf 79' lang='lat' dir='ltr'>exeuntes</span> <span class='ocrx_word' id='word_1_254' title='bbox 1663 2175 1993 2233; x_wconf 80' lang='lat' dir='ltr'>diffamaverunt</span> <span class='ocrx_word' id='word_1_255' title='bbox 2021 2174 2143 2219; x_wconf 84' lang='lat' dir='ltr'>illum</span> <span class='ocrx_word' id='word_1_256' title='bbox 2168 2181 2251 2235; x_wconf 75' lang='lat' dir='ltr'>per</span> 
     </span>
     <span class='ocr_line' id='line_1_28' title="bbox 289 2243 2253 2302; baseline 0 -16"><span class='ocrx_word' id='word_1_257' title='bbox 289 2248 420 2286; x_wconf 85' lang='lat' dir='ltr'>totam</span> <span class='ocrx_word' id='word_1_258' title='bbox 447 2247 605 2286; x_wconf 80' lang='lat' dir='ltr'>terram</span> <span class='ocrx_word' id='word_1_259' title='bbox 632 2243 775 2288; x_wconf 84' lang='lat' dir='ltr'>illam:</span> <span class='ocrx_word' id='word_1_260' title='bbox 803 2257 897 2287; x_wconf 92' lang='lat' dir='ltr'>non</span> <span class='ocrx_word' id='word_1_261' title='bbox 925 2257 1035 2302; x_wconf 87' lang='lat' dir='ltr'>ergo</span> <span class='ocrx_word' id='word_1_262' title='bbox 1063 2245 1107 2287; x_wconf 90' lang='lat' dir='ltr'>in</span> <span class='ocrx_word' id='word_1_263' title='bbox 1134 2244 1347 2287; x_wconf 90' lang='lat' dir='ltr'>omnibus</span> <span class='ocrx_word' id='word_1_264' title='bbox 1374 2243 1521 2302; x_wconf 89' lang='lat' dir='ltr'>potuit</span> <span class='ocrx_word' id='word_1_265' title='bbox 1546 2243 1709 2302; x_wconf 88' lang='lat' dir='ltr'>exequi</span> <span class='ocrx_word' id='word_1_266' title='bbox 1734 2243 2022 2302; x_wconf 85' lang='lat' dir='ltr'>propositum</span> <span class='ocrx_word' id='word_1_267' title='bbox 2047 2253 2157 2286; x_wconf 85' lang='lat' dir='ltr'>suae</span> <span class='ocrx_word' id='word_1_268' title='bbox 2172 2254 2253 2286; x_wconf 82' lang='lat' dir='ltr'>vo-</span> 
     </span>
     <span class='ocr_line' id='line_1_29' title="bbox 287 2308 485 2353; baseline 0.005 -1"><span class='ocrx_word' id='word_1_269' title='bbox 287 2308 485 2353; x_wconf 86' lang='lat' dir='ltr'>luntatis.</span> 
     </span>
    </p>

    <p class='ocr_par' dir='ltr' id='par_1_8' title="bbox 288 2374 2252 2638">
     <span class='ocr_line' id='line_1_30' title="bbox 382 2374 2249 2437; baseline 0 -16"><span class='ocrx_word' id='word_1_270' title='bbox 382 2391 419 2435; x_wconf 82' lang='lat'>3.</span> <span class='ocrx_word' id='word_1_271' title='bbox 447 2377 744 2421; x_wconf 78' lang='lat' dir='ltr'><strong>PRAETEREA.</strong></span> <span class='ocrx_word' id='word_1_272' title='bbox 769 2377 818 2421; x_wconf 92' lang='lat' dir='ltr'>Id</span> <span class='ocrx_word' id='word_1_273' title='bbox 847 2377 968 2436; x_wconf 91' lang='lat' dir='ltr'>quod</span> <span class='ocrx_word' id='word_1_274' title='bbox 995 2388 1143 2437; x_wconf 90' lang='lat' dir='ltr'>potest</span> <span class='ocrx_word' id='word_1_275' title='bbox 1167 2378 1327 2437; x_wconf 91' lang='lat' dir='ltr'>aliquis</span> <span class='ocrx_word' id='word_1_276' title='bbox 1353 2377 1517 2431; x_wconf 89' lang='lat' dir='ltr'>facere,</span> <span class='ocrx_word' id='word_1_277' title='bbox 1543 2392 1637 2421; x_wconf 92' lang='lat' dir='ltr'>non</span> <span class='ocrx_word' id='word_1_278' title='bbox 1665 2377 1775 2436; x_wconf 86' lang='lat' dir='ltr'>petit</span> <span class='ocrx_word' id='word_1_279' title='bbox 1808 2377 1861 2420; x_wconf 86' lang='lat' dir='ltr'>ab</span> <span class='ocrx_word' id='word_1_280' title='bbox 1895 2375 2011 2421; x_wconf 89' lang='lat' dir='ltr'>alio:</span> <span class='ocrx_word' id='word_1_281' title='bbox 2043 2375 2123 2421; x_wconf 90' lang='lat' dir='ltr'>sed</span> <span class='ocrx_word' id='word_1_282' title='bbox 2153 2374 2249 2421; x_wconf 89' lang='lat' dir='ltr'>Do·</span> 
     </span>
     <span class='ocr_line' id='line_1_31' title="bbox 288 2441 2251 2504; baseline 0.001 -17"><span class='ocrx_word' id='word_1_283' title='bbox 288 2445 439 2487; x_wconf 90' lang='lat' dir='ltr'>minus</span> <span class='ocrx_word' id='word_1_284' title='bbox 453 2444 609 2501; x_wconf 90' lang='lat' dir='ltr'>petivit</span> <span class='ocrx_word' id='word_1_285' title='bbox 626 2459 652 2488; x_wconf 92' lang='lat' dir='ltr'>a</span> <span class='ocrx_word' id='word_1_286' title='bbox 674 2445 808 2489; x_wconf 89' lang='lat' dir='ltr'>Patre</span> <span class='ocrx_word' id='word_1_287' title='bbox 825 2445 998 2489; x_wconf 89' lang='lat' dir='ltr'>orando</span> <span class='ocrx_word' id='word_1_288' title='bbox 1016 2444 1127 2489; x_wconf 91' lang='lat' dir='ltr'>illud</span> <span class='ocrx_word' id='word_1_289' title='bbox 1146 2445 1267 2504; x_wconf 89' lang='lat' dir='ltr'>quod</span> <span class='ocrx_word' id='word_1_290' title='bbox 1285 2445 1382 2489; x_wconf 88' lang='lat' dir='ltr'>fieri</span> <span class='ocrx_word' id='word_1_291' title='bbox 1403 2445 1606 2489; x_wconf 88' lang='lat' dir='ltr'>volebat.</span> <span class='ocrx_word' id='word_1_292' title='bbox 1632 2445 1795 2488; x_wconf 91' lang='lat' dir='ltr'>dicitur</span> <span class='ocrx_word' id='word_1_293' title='bbox 1832 2444 1972 2498; x_wconf 87' lang='lat' dir='ltr'>enim,</span> <span class='ocrx_word' id='word_1_294' title='bbox 2005 2443 2162 2488; x_wconf 74' lang='lat' dir='ltr'>Lucae*¹</span> <span class='ocrx_word' id='word_1_295' title='bbox 2191 2441 2251 2498; x_wconf 92' lang='grc'>6.</span> 
     </span>
     <span class='ocr_line' id='line_1_32' title="bbox 289 2507 2252 2571; baseline 0.001 -17"><span class='ocrx_word' id='word_1_296' title='bbox 289 2510 412 2570; x_wconf 93' lang='lat' dir='ltr'>quod</span> <span class='ocrx_word' id='word_1_297' title='bbox 438 2513 539 2555; x_wconf 76' lang='lat' dir='ltr'>exiit</span> <span class='ocrx_word' id='word_1_298' title='bbox 563 2513 607 2555; x_wconf 87' lang='lat' dir='ltr'>in</span> <span class='ocrx_word' id='word_1_299' title='bbox 631 2519 812 2556; x_wconf 79' lang='lat' dir='ltr'>montem</span> <span class='ocrx_word' id='word_1_300' title='bbox 839 2526 976 2566; x_wconf 78' lang='lat' dir='ltr'>orare,</span> <span class='ocrx_word' id='word_1_301' title='bbox 1004 2519 1042 2557; x_wconf 80' lang='lat' dir='ltr'>et</span> <span class='ocrx_word' id='word_1_302' title='bbox 1066 2519 1155 2556; x_wconf 75' lang='lat' dir='ltr'>erat</span> <span class='ocrx_word' id='word_1_303' title='bbox 1170 2520 1418 2571; x_wconf 76' lang='lat' dir='ltr'>pernoctans</span> <span class='ocrx_word' id='word_1_304' title='bbox 1443 2515 1487 2557; x_wconf 90' lang='lat' dir='ltr'>in</span> <span class='ocrx_word' id='word_1_305' title='bbox 1510 2514 1698 2557; x_wconf 78' lang='lat' dir='ltr'>oratione</span> <span class='ocrx_word' id='word_1_306' title='bbox 1719 2513 1832 2565; x_wconf 84' lang='lat' dir='ltr'>Dei;</span> <span class='ocrx_word' id='word_1_307' title='bbox 1859 2525 1971 2571; x_wconf 88' lang='lat' dir='ltr'>ergo</span> <span class='ocrx_word' id='word_1_308' title='bbox 1992 2523 2087 2556; x_wconf 85' lang='lat' dir='ltr'>non</span> <span class='ocrx_word' id='word_1_309' title='bbox 2102 2507 2252 2571; x_wconf 80' lang='lat' dir='ltr'>potuit</span> 
     </span>
     <span class='ocr_line' id='line_1_33' title="bbox 291 2578 1492 2638; baseline 0 -15"><span class='ocrx_word' id='word_1_310' title='bbox 291 2578 454 2637; x_wconf 85' lang='lat' dir='ltr'>exequi</span> <span class='ocrx_word' id='word_1_311' title='bbox 478 2578 525 2622; x_wconf 92' lang='lat' dir='ltr'>in</span> <span class='ocrx_word' id='word_1_312' title='bbox 547 2579 758 2623; x_wconf 89' lang='lat' dir='ltr'>omnibus</span> <span class='ocrx_word' id='word_1_313' title='bbox 783 2581 1069 2638; x_wconf 90' lang='lat' dir='ltr'>propositum</span> <span class='ocrx_word' id='word_1_314' title='bbox 1097 2594 1204 2624; x_wconf 86' lang='lat' dir='ltr'>suae</span> <span class='ocrx_word' id='word_1_315' title='bbox 1232 2580 1492 2624; x_wconf 88' lang='lat' dir='ltr'>voluntatis.</span> 
     </span>
    </p>

    <p class='ocr_par' dir='ltr' id='par_1_9' title="bbox 381 2643 2254 2705">
     <span class='ocr_line' id='line_1_34' title="bbox 381 2643 2254 2705; baseline -0.001 -15"><span class='ocrx_word' id='word_1_316' title='bbox 381 2645 475 2690; x_wconf 77' lang='lat' dir='ltr'>SED</span> <span class='ocrx_word' id='word_1_317' title='bbox 504 2659 700 2691; x_wconf 81' lang='lat' dir='ltr'>CONTRA</span> <span class='ocrx_word' id='word_1_318' title='bbox 722 2657 802 2700; x_wconf 88' lang='lat' dir='ltr'>est,</span> <span class='ocrx_word' id='word_1_319' title='bbox 829 2647 951 2705; x_wconf 91' lang='lat' dir='ltr'>quod</span> <span class='ocrx_word' id='word_1_320' title='bbox 978 2647 1086 2691; x_wconf 88' lang='lat' dir='ltr'>dicit</span> <span class='ocrx_word' id='word_1_321' title='bbox 1111 2648 1303 2705; x_wconf 86' lang='lat' dir='ltr'>August.</span> <span class='ocrx_word' id='word_1_322' title='bbox 1330 2648 1376 2691; x_wconf 92' lang='lat' dir='ltr'>in</span> <span class='ocrx_word' id='word_1_323' title='bbox 1399 2647 1473 2691; x_wconf 90' lang='lat' dir='ltr'>lib.</span> <span class='ocrx_word' id='word_1_324' title='bbox 1501 2647 1556 2691; x_wconf 91' lang='lat' dir='ltr'>de</span> <span class='ocrx_word' id='word_1_325' title='bbox 1576 2646 1688 2700; x_wconf 94' lang='lat' dir='ltr'>QQ.</span> <span class='ocrx_word' id='word_1_326' title='bbox 1705 2647 1885 2702; x_wconf 90' lang='lat' dir='ltr'>veteris,</span> <span class='ocrx_word' id='word_1_327' title='bbox 1901 2656 1949 2691; x_wconf 84' lang='lat' dir='ltr'>et</span> <span class='ocrx_word' id='word_1_328' title='bbox 1961 2645 2073 2691; x_wconf 85' lang='lat' dir='ltr'>novi</span> <span class='ocrx_word' id='word_1_329' title='bbox 2095 2643 2254 2690; x_wconf 81' lang='lat' dir='ltr'>Testa-</span> 
     </span>
    </p>
   </div>
   <div class='ocr_carea' id='block_1_6' title="bbox 289 2711 2256 3650">
    <p class='ocr_par' dir='ltr' id='par_1_10' title="bbox 289 2711 2253 2839">
     <span class='ocr_line' id='line_1_35' title="bbox 291 2711 2253 2773; baseline 0 -16"><span class='ocrx_word' id='word_1_330' title='bbox 291 2713 436 2757; x_wconf 89' lang='lat' dir='ltr'>menti</span> <span class='ocrx_word' id='word_1_331' title='bbox 463 2713 520 2771; x_wconf 90' lang='lat' dir='ltr'>(q.</span> <span class='ocrx_word' id='word_1_332' title='bbox 549 2727 614 2772; x_wconf 87' lang='lat'>77.</span> <span class='ocrx_word' id='word_1_333' title='bbox 641 2715 686 2757; x_wconf 85' lang='lat' dir='ltr'>in</span> <span class='ocrx_word' id='word_1_334' title='bbox 700 2716 840 2772; x_wconf 84' lang='lat' dir='ltr'>princ.</span> <span class='ocrx_word' id='word_1_335' title='bbox 849 2714 893 2763; x_wconf 86' lang='lat'>).·</span> <span class='ocrx_word' id='word_1_336' title='bbox 925 2729 947 2755; x_wconf 90' lang='lat'>«</span> <span class='ocrx_word' id='word_1_337' title='bbox 974 2714 1259 2772; x_wconf 86' lang='lat' dir='ltr'>Impossibile</span> <span class='ocrx_word' id='word_1_338' title='bbox 1277 2725 1357 2768; x_wconf 87' lang='lat' dir='ltr'>est,</span> <span class='ocrx_word' id='word_1_339' title='bbox 1380 2726 1430 2759; x_wconf 94' lang='lat' dir='ltr'>ut</span> <span class='ocrx_word' id='word_1_340' title='bbox 1456 2715 1707 2759; x_wconf 86' lang='lat' dir='ltr'>Salvatoris</span> <span class='ocrx_word' id='word_1_341' title='bbox 1727 2714 1940 2758; x_wconf 86' lang='lat' dir='ltr'>voluntas</span> <span class='ocrx_word' id='word_1_342' title='bbox 1955 2726 2051 2760; x_wconf 85' lang='lat' dir='ltr'>non</span> <span class='ocrx_word' id='word_1_343' title='bbox 2066 2711 2253 2773; x_wconf 86' lang='lat' dir='ltr'>implea-</span> 
     </span>
     <span class='ocr_line' id='line_1_36' title="bbox 289 2780 1599 2839; baseline -0.001 -15"><span class='ocrx_word' id='word_1_344' title='bbox 289 2789 387 2835; x_wconf 83' lang='lat' dir='ltr'>tur;</span> <span class='ocrx_word' id='word_1_345' title='bbox 413 2794 497 2824; x_wconf 88' lang='lat' dir='ltr'>nec</span> <span class='ocrx_word' id='word_1_346' title='bbox 526 2790 675 2839; x_wconf 90' lang='lat' dir='ltr'>potest</span> <span class='ocrx_word' id='word_1_347' title='bbox 701 2780 833 2834; x_wconf 89' lang='lat' dir='ltr'>velle,</span> <span class='ocrx_word' id='word_1_348' title='bbox 860 2781 982 2839; x_wconf 91' lang='lat' dir='ltr'>quod</span> <span class='ocrx_word' id='word_1_349' title='bbox 1009 2781 1094 2824; x_wconf 89' lang='lat' dir='ltr'>scit</span> <span class='ocrx_word' id='word_1_350' title='bbox 1119 2781 1215 2824; x_wconf 89' lang='lat' dir='ltr'>fieri</span> <span class='ocrx_word' id='word_1_351' title='bbox 1240 2796 1334 2825; x_wconf 92' lang='lat' dir='ltr'>non</span> <span class='ocrx_word' id='word_1_352' title='bbox 1367 2782 1531 2826; x_wconf 86' lang='lat' dir='ltr'>debere</span> <span class='ocrx_word' id='word_1_353' title='bbox 1558 2798 1599 2825; x_wconf 87' lang='lat'>».</span> 
     </span>
    </p>

    <p class='ocr_par' dir='ltr' id='par_1_11' title="bbox 292 2846 2256 3312">
     <span class='ocr_line' id='line_1_37' title="bbox 379 2846 2251 2908; baseline 0 -16"><span class='ocrx_word' id='word_1_354' title='bbox 379 2847 669 2892; x_wconf 79' lang='lat' dir='ltr'><strong>RESPONDEO</strong></span> <span class='ocrx_word' id='word_1_355' title='bbox 688 2847 949 2902; x_wconf 86' lang='lat' dir='ltr'>dicendum,</span> <span class='ocrx_word' id='word_1_356' title='bbox 977 2848 1098 2906; x_wconf 88' lang='lat' dir='ltr'>quod</span> <span class='ocrx_word' id='word_1_357' title='bbox 1126 2849 1278 2892; x_wconf 90' lang='lat' dir='ltr'>anima</span> <span class='ocrx_word' id='word_1_358' title='bbox 1313 2849 1484 2893; x_wconf 88' lang='lat' dir='ltr'>Christi</span> <span class='ocrx_word' id='word_1_359' title='bbox 1516 2849 1738 2908; x_wconf 80' lang='lat' dir='ltr'>dupliciter</span> <span class='ocrx_word' id='word_1_360' title='bbox 1768 2847 1937 2907; x_wconf 88' lang='lat' dir='ltr'>aliquid</span> <span class='ocrx_word' id='word_1_361' title='bbox 1969 2846 2136 2892; x_wconf 83' lang='lat' dir='ltr'>voluit:</span> <span class='ocrx_word' id='word_1_362' title='bbox 2166 2860 2251 2892; x_wconf 81' lang='lat' dir='ltr'>uno</span> 
     </span>
     <span class='ocr_line' id='line_1_38' title="bbox 292 2913 2251 2975; baseline 0 -16"><span class='ocrx_word' id='word_1_363' title='bbox 292 2915 412 2959; x_wconf 85' lang='lat' dir='ltr'>m&#39;odo</span> <span class='ocrx_word' id='word_1_364' title='bbox 440 2916 570 2974; x_wconf 89' lang='lat' dir='ltr'>quasi</span> <span class='ocrx_word' id='word_1_365' title='bbox 595 2929 675 2974; x_wconf 87' lang='lat' dir='ltr'>per</span> <span class='ocrx_word' id='word_1_366' title='bbox 700 2929 747 2959; x_wconf 91' lang='lat' dir='ltr'>se</span> <span class='ocrx_word' id='word_1_367' title='bbox 780 2915 1089 2973; x_wconf 90' lang='lat' dir='ltr'>implendum;</span> <span class='ocrx_word' id='word_1_368' title='bbox 1124 2926 1168 2959; x_wconf 91' lang='lat' dir='ltr'>et</span> <span class='ocrx_word' id='word_1_369' title='bbox 1199 2916 1263 2959; x_wconf 86' lang='lat' dir='ltr'>sic</span> <span class='ocrx_word' id='word_1_370' title='bbox 1297 2917 1542 2960; x_wconf 89' lang='lat' dir='ltr'>dicendum</span> <span class='ocrx_word' id='word_1_371' title='bbox 1576 2926 1656 2970; x_wconf 90' lang='lat' dir='ltr'>est,</span> <span class='ocrx_word' id='word_1_372' title='bbox 1689 2916 1811 2975; x_wconf 91' lang='lat' dir='ltr'>quod</span> <span class='ocrx_word' id='word_1_373' title='bbox 1844 2915 2061 2975; x_wconf 88' lang='lat' dir='ltr'>quidquid</span> <span class='ocrx_word' id='word_1_374' title='bbox 2092 2913 2251 2969; x_wconf 84' lang='lat' dir='ltr'>voluit,</span> 
     </span>
     <span class='ocr_line' id='line_1_39' title="bbox 292 2975 2252 3043; baseline 0 -17"><span class='ocrx_word' id='word_1_375' title='bbox 292 2985 460 3041; x_wconf 85' lang='lat' dir='ltr'>potuit:</span> <span class='ocrx_word' id='word_1_376' title='bbox 486 2997 580 3027; x_wconf 88' lang='lat' dir='ltr'>non</span> <span class='ocrx_word' id='word_1_377' title='bbox 607 2983 730 3027; x_wconf 88' lang='lat' dir='ltr'>enim</span> <span class='ocrx_word' id='word_1_378' title='bbox 759 2983 1022 3027; x_wconf 89' lang='lat' dir='ltr'>conveniret</span> <span class='ocrx_word' id='word_1_379' title='bbox 1048 2984 1295 3041; x_wconf 89' lang='lat' dir='ltr'>sapientiae</span> <span class='ocrx_word' id='word_1_380' title='bbox 1324 2985 1432 3041; x_wconf 88' lang='lat' dir='ltr'>ejus,</span> <span class='ocrx_word' id='word_1_381' title='bbox 1460 2994 1509 3028; x_wconf 91' lang='lat' dir='ltr'>ut</span> <span class='ocrx_word' id='word_1_382' title='bbox 1535 2983 1704 3043; x_wconf 90' lang='lat' dir='ltr'>aliquid</span> <span class='ocrx_word' id='word_1_383' title='bbox 1730 2975 1868 3028; x_wconf 55' lang='lat' dir='ltr'>Vellet</span> <span class='ocrx_word' id='word_1_384' title='bbox 1897 2994 1979 3043; x_wconf 87' lang='lat' dir='ltr'>per</span> <span class='ocrx_word' id='word_1_385' title='bbox 2008 2996 2058 3027; x_wconf 86' lang='lat' dir='ltr'>se</span> <span class='ocrx_word' id='word_1_386' title='bbox 2087 2981 2252 3035; x_wconf 82' lang='lat' dir='ltr'>facere,</span> 
     </span>
     <span class='ocr_line' id='line_1_40' title="bbox 293 3048 2255 3110; baseline -0.001 -16"><span class='ocrx_word' id='word_1_387' title='bbox 293 3050 415 3109; x_wconf 91' lang='lat' dir='ltr'>quod</span> <span class='ocrx_word' id='word_1_388' title='bbox 441 3065 550 3094; x_wconf 86' lang='lat' dir='ltr'>suae</span> <span class='ocrx_word' id='word_1_389' title='bbox 574 3051 724 3094; x_wconf 87' lang='lat' dir='ltr'>virtuti</span> <span class='ocrx_word' id='word_1_390' title='bbox 750 3064 843 3094; x_wconf 92' lang='lat' dir='ltr'>non</span> <span class='ocrx_word' id='word_1_391' title='bbox 871 3051 1146 3109; x_wconf 86' lang='lat' dir='ltr'>subjaceret:</span> <span class='ocrx_word' id='word_1_392' title='bbox 1174 3051 1257 3094; x_wconf 80' lang='lat' dir='ltr'>alio</span> <span class='ocrx_word' id='word_1_393' title='bbox 1284 3051 1404 3095; x_wconf 86' lang='lat' dir='ltr'>modo</span> <span class='ocrx_word' id='word_1_394' title='bbox 1432 3051 1578 3095; x_wconf 88' lang='lat' dir='ltr'>voluit</span> <span class='ocrx_word' id='word_1_395' title='bbox 1605 3050 1772 3110; x_wconf 80' lang='lat' dir='ltr'>aliquid</span> <span class='ocrx_word' id='word_1_396' title='bbox 1798 3060 1848 3095; x_wconf 90' lang='lat' dir='ltr'>ut</span> <span class='ocrx_word' id='word_1_397' title='bbox 1868 3049 2155 3110; x_wconf 85' lang='lat' dir='ltr'>implendum</span> <span class='ocrx_word' id='word_1_398' title='bbox 2169 3048 2255 3093; x_wconf 78' lang='lat' dir='ltr'>vir-</span> 
     </span>
     <span class='ocr_line' id='line_1_41' title="bbox 292 3116 2256 3177; baseline 0 -16"><span class='ocrx_word' id='word_1_399' title='bbox 292 3127 386 3162; x_wconf 86' lang='lat' dir='ltr'>tute</span> <span class='ocrx_word' id='word_1_400' title='bbox 415 3117 590 3173; x_wconf 90' lang='lat' dir='ltr'>divina;</span> <span class='ocrx_word' id='word_1_401' title='bbox 618 3120 734 3162; x_wconf 90' lang='lat' dir='ltr'>sicut</span> <span class='ocrx_word' id='word_1_402' title='bbox 755 3118 1147 3162; x_wconf 88' lang='lat' dir='ltr'>resuscitationem</span> <span class='ocrx_word' id='word_1_403' title='bbox 1176 3119 1343 3177; x_wconf 82' lang='lat' dir='ltr'>proprii</span> <span class='ocrx_word' id='word_1_404' title='bbox 1372 3119 1588 3177; x_wconf 89' lang='lat' dir='ltr'>corporis,</span> <span class='ocrx_word' id='word_1_405' title='bbox 1617 3128 1661 3163; x_wconf 91' lang='lat' dir='ltr'>et</span> <span class='ocrx_word' id='word_1_406' title='bbox 1678 3117 1765 3162; x_wconf 88' lang='lat' dir='ltr'>alia</span> <span class='ocrx_word' id='word_1_407' title='bbox 1782 3117 2049 3176; x_wconf 80' lang='lat' dir='ltr'>hujusmodi</span> <span class='ocrx_word' id='word_1_408' title='bbox 2063 3116 2256 3162; x_wconf 82' lang='lat' dir='ltr'>miracu-</span> 
     </span>
     <span class='ocr_line' id='line_1_42' title="bbox 294 3180 2255 3245; baseline 0 -16"><span class='ocrx_word' id='word_1_409' title='bbox 294 3185 392 3229; x_wconf 88' lang='lat' dir='ltr'>losa</span> <span class='ocrx_word' id='word_1_410' title='bbox 420 3199 579 3244; x_wconf 88' lang='lat' dir='ltr'>opera.</span> <span class='ocrx_word' id='word_1_411' title='bbox 598 3200 714 3245; x_wconf 86' lang='lat' dir='ltr'>quae</span> <span class='ocrx_word' id='word_1_412' title='bbox 737 3185 922 3244; x_wconf 88' lang='lat' dir='ltr'>quidem</span> <span class='ocrx_word' id='word_1_413' title='bbox 941 3199 1034 3228; x_wconf 92' lang='lat' dir='ltr'>non</span> <span class='ocrx_word' id='word_1_414' title='bbox 1053 3194 1229 3244; x_wconf 90' lang='lat' dir='ltr'>poterat</span> <span class='ocrx_word' id='word_1_415' title='bbox 1251 3186 1432 3244; x_wconf 90' lang='lat' dir='ltr'>propria</span> <span class='ocrx_word' id='word_1_416' title='bbox 1454 3188 1631 3239; x_wconf 88' lang='lat' dir='ltr'>virtute,</span> <span class='ocrx_word' id='word_1_417' title='bbox 1655 3186 1731 3230; x_wconf 89' lang='lat' dir='ltr'>sed</span> <span class='ocrx_word' id='word_1_418' title='bbox 1750 3186 2003 3231; x_wconf 79' lang='lat' dir='ltr'>secundum</span> <span class='ocrx_word' id='word_1_419' title='bbox 2017 3180 2141 3245; x_wconf 81' lang='lat' dir='ltr'>quod</span> <span class='ocrx_word' id='word_1_420' title='bbox 2158 3191 2255 3230; x_wconf 72' lang='lat' dir='ltr'>erat</span> 
     </span>
     <span class='ocr_line' id='line_1_43' title="bbox 293 3251 2228 3312; baseline 0.001 -16"><span class='ocrx_word' id='word_1_421' title='bbox 293 3254 644 3298; x_wconf 89' lang='lat' dir='ltr'>instrumentum</span> <span class='ocrx_word' id='word_1_422' title='bbox 673 3253 930 3306; x_wconf 88' lang='lat' dir='ltr'>divinitatis,</span> <span class='ocrx_word' id='word_1_423' title='bbox 958 3263 1006 3296; x_wconf 90' lang='lat' dir='ltr'>ut</span> <span class='ocrx_word' id='word_1_424' title='bbox 1033 3254 1203 3295; x_wconf 87' lang='lat' dir='ltr'>dictum</span> <span class='ocrx_word' id='word_1_425' title='bbox 1231 3263 1299 3296; x_wconf 89' lang='lat' dir='ltr'>est</span> <span class='ocrx_word' id='word_1_426' title='bbox 1325 3251 1429 3310; x_wconf 86' lang='lat' dir='ltr'>(art</span> <span class='ocrx_word' id='word_1_427' title='bbox 1458 3268 1495 3297; x_wconf 89' lang='lat'>2.</span> <span class='ocrx_word' id='word_1_428' title='bbox 1525 3254 1610 3311; x_wconf 83' lang='lat' dir='ltr'>huj.</span> <span class='ocrx_word' id='word_1_429' title='bbox 1639 3254 1714 3312; x_wconf 89' lang='lat' dir='ltr'>q..)</span> <span class='ocrx_word' id='word_1_430' title='bbox 2226 3278 2228 3282; x_wconf 63' lang='lat'>=</span> 
     </span>
    </p>

    <p class='ocr_par' dir='ltr' id='par_1_12' title="bbox 293 3288 2255 3650">
     <span class='ocr_line' id='line_1_44' title="bbox 383 3288 2255 3378; baseline -0.002 -12"><span class='ocrx_word' id='word_1_431' title='bbox 383 3321 459 3365; x_wconf 81' lang='lat' dir='ltr'>An</span> <span class='ocrx_word' id='word_1_432' title='bbox 491 3334 679 3366; x_wconf 69' lang='lat' dir='ltr'>Prummu</span> <span class='ocrx_word' id='word_1_433' title='bbox 705 3334 814 3378; x_wconf 88' lang='lat' dir='ltr'>ergo</span> <span class='ocrx_word' id='word_1_434' title='bbox 843 3320 1100 3373; x_wconf 89' lang='lat' dir='ltr'>dicendum,</span> <span class='ocrx_word' id='word_1_435' title='bbox 1128 3319 1264 3377; x_wconf 85' lang='lat' dir='ltr'>quod,</span> <span class='ocrx_word' id='word_1_436' title='bbox 1291 3319 1406 3363; x_wconf 88' lang='lat' dir='ltr'>sicut</span> <span class='ocrx_word' id='word_1_437' title='bbox 1432 3320 1625 3377; x_wconf 86' lang='lat' dir='ltr'>August.</span> <span class='ocrx_word' id='word_1_438' title='bbox 1653 3320 1761 3364; x_wconf 89' lang='lat' dir='ltr'>dicit</span> <span class='ocrx_word' id='word_1_439' title='bbox 1786 3319 1832 3364; x_wconf 87' lang='lat' dir='ltr'>in</span> <span class='ocrx_word' id='word_1_440' title='bbox 1857 3318 1934 3365; x_wconf 82' lang='lat' dir='ltr'>lib.</span> <span class='ocrx_word' id='word_1_441' title='bbox 1956 3288 2017 3364; x_wconf 74' lang='lat' dir='ltr'>de</span> <span class='ocrx_word' id='word_1_442' title='bbox 2044 3317 2158 3372; x_wconf 91' lang='lat' dir='ltr'>QQ.</span> <span class='ocrx_word' id='word_1_443' title='bbox 2182 3329 2255 3363; x_wconf 78' lang='lat' dir='ltr'>ve·</span> 
     </span>
     <span class='ocr_line' id='line_1_45' title="bbox 293 3386 2253 3445; baseline -0.001 -13"><span class='ocrx_word' id='word_1_444' title='bbox 293 3388 414 3442; x_wconf 77' lang='lat' dir='ltr'>teri3‚</span> <span class='ocrx_word' id='word_1_445' title='bbox 443 3398 488 3432; x_wconf 86' lang='lat' dir='ltr'>et</span> <span class='ocrx_word' id='word_1_446' title='bbox 512 3388 622 3432; x_wconf 91' lang='lat' dir='ltr'>novi</span> <span class='ocrx_word' id='word_1_447' title='bbox 640 3386 925 3431; x_wconf 89' lang='lat' dir='ltr'>Testamenti</span> <span class='ocrx_word' id='word_1_448' title='bbox 945 3387 1039 3443; x_wconf 83' lang='lat' dir='ltr'>(loc.</span> <span class='ocrx_word' id='word_1_449' title='bbox 1064 3388 1116 3431; x_wconf 81' lang='lat' dir='ltr'>cit</span> <span class='ocrx_word' id='word_1_450' title='bbox 1121 3387 1169 3444; x_wconf 88' lang='lat'>.,)</span> <span class='ocrx_word' id='word_1_451' title='bbox 1193 3402 1215 3427; x_wconf 79' lang='grc' dir='ltr'>(ε</span> <span class='ocrx_word' id='word_1_452' title='bbox 1239 3386 1360 3445; x_wconf 90' lang='lat' dir='ltr'>quod</span> <span class='ocrx_word' id='word_1_453' title='bbox 1388 3386 1559 3431; x_wconf 88' lang='lat' dir='ltr'>factum</span> <span class='ocrx_word' id='word_1_454' title='bbox 1586 3398 1667 3442; x_wconf 87' lang='lat' dir='ltr'>est,</span> <span class='ocrx_word' id='word_1_455' title='bbox 1694 3388 1784 3432; x_wconf 91' lang='lat' dir='ltr'>hoc</span> <span class='ocrx_word' id='word_1_456' title='bbox 1810 3387 2011 3432; x_wconf 86' lang='lat' dir='ltr'>voluisse</span> <span class='ocrx_word' id='word_1_457' title='bbox 2027 3386 2253 3431; x_wconf 88' lang='lat' dir='ltr'>dicendus</span> 
     </span>
     <span class='ocr_line' id='line_1_46' title="bbox 296 3452 2255 3514; baseline -0.001 -14"><span class='ocrx_word' id='word_1_458' title='bbox 296 3466 363 3500; x_wconf 89' lang='lat' dir='ltr'>est</span> <span class='ocrx_word' id='word_1_459' title='bbox 390 3456 614 3500; x_wconf 90' lang='lat' dir='ltr'>Christus.</span> <span class='ocrx_word' id='word_1_460' title='bbox 642 3454 984 3500; x_wconf 87' lang='lat' dir='ltr'>Advertendum</span> <span class='ocrx_word' id='word_1_461' title='bbox 1011 3464 1079 3498; x_wconf 89' lang='lat' dir='ltr'>est</span> <span class='ocrx_word' id='word_1_462' title='bbox 1104 3454 1242 3507; x_wconf 88' lang='lat' dir='ltr'>enim,</span> <span class='ocrx_word' id='word_1_463' title='bbox 1269 3454 1390 3513; x_wconf 91' lang='lat' dir='ltr'>quod</span> <span class='ocrx_word' id='word_1_464' title='bbox 1418 3453 1564 3497; x_wconf 86' lang='lat' dir='ltr'>illud</span> <span class='ocrx_word' id='word_1_465' title='bbox 1554 3470 1606 3498; x_wconf 27' lang='lat' dir='ltr'>m.</span> <span class='ocrx_word' id='word_1_466' title='bbox 1626 3455 1789 3499; x_wconf 81' lang='lat' dir='ltr'>finibus</span> <span class='ocrx_word' id='word_1_467' title='bbox 1822 3465 2004 3514; x_wconf 86' lang='lat' dir='ltr'>gestum</span> <span class='ocrx_word' id='word_1_468' title='bbox 2021 3463 2104 3499; x_wconf 68' lang='lat' dir='ltr'>est</span> <span class='ocrx_word' id='word_1_469' title='bbox 2135 3452 2255 3499; x_wconf 83' lang='lat' dir='ltr'>Gen·</span> 
     </span>
     <span class='ocr_line' id='line_1_47' title="bbox 295 3519 2253 3583; baseline -0.001 -16"><span class='ocrx_word' id='word_1_470' title='bbox 295 3523 458 3578; x_wconf 90' lang='lat' dir='ltr'>tilium,</span> <span class='ocrx_word' id='word_1_471' title='bbox 485 3524 645 3583; x_wconf 89' lang='lat' dir='ltr'>quibus</span> <span class='ocrx_word' id='word_1_472' title='bbox 673 3523 821 3567; x_wconf 92' lang='lat' dir='ltr'>adhuc</span> <span class='ocrx_word' id='word_1_473' title='bbox 847 3532 1028 3581; x_wconf 89' lang='lat' dir='ltr'>tempus</span> <span class='ocrx_word' id='word_1_474' title='bbox 1053 3521 1340 3580; x_wconf 87' lang='lat' dir='ltr'>praedicandi</span> <span class='ocrx_word' id='word_1_475' title='bbox 1367 3535 1462 3565; x_wconf 87' lang='lat' dir='ltr'>non</span> <span class='ocrx_word' id='word_1_476' title='bbox 1490 3532 1608 3566; x_wconf 85' lang='lat' dir='ltr'>erat:</span> <span class='ocrx_word' id='word_1_477' title='bbox 1636 3521 1754 3566; x_wconf 90' lang='lat' dir='ltr'>ultro</span> <span class='ocrx_word' id='word_1_478' title='bbox 1776 3532 1931 3566; x_wconf 86' lang='lat' dir='ltr'>tamen</span> <span class='ocrx_word' id='word_1_479' title='bbox 1946 3520 2180 3567; x_wconf 82' lang='lat' dir='ltr'>venientes</span> <span class='ocrx_word' id='word_1_480' title='bbox 2197 3519 2253 3565; x_wconf 76' lang='lat' dir='ltr'>ad</span> 
     </span>
     <span class='ocr_line' id='line_1_48' title="bbox 296 3587 2253 3650; baseline -0.001 -16"><span class='ocrx_word' id='word_1_481' title='bbox 296 3590 433 3635; x_wconf 88' lang='lat' dir='ltr'>fidem</span> <span class='ocrx_word' id='word_1_482' title='bbox 459 3604 554 3635; x_wconf 91' lang='lat' dir='ltr'>non</span> <span class='ocrx_word' id='word_1_483' title='bbox 581 3590 824 3650; x_wconf 88' lang='lat' dir='ltr'>suscipere,</span> <span class='ocrx_word' id='word_1_484' title='bbox 842 3589 1036 3634; x_wconf 88' lang='lat' dir='ltr'>invidiae</span> <span class='ocrx_word' id='word_1_485' title='bbox 1051 3598 1166 3633; x_wconf 86' lang='lat' dir='ltr'>erat:</span> <span class='ocrx_word' id='word_1_486' title='bbox 1187 3602 1212 3632; x_wconf 88' lang='lat' dir='ltr'>a</span> <span class='ocrx_word' id='word_1_487' title='bbox 1229 3588 1320 3633; x_wconf 90' lang='lat' dir='ltr'>suis</span> <span class='ocrx_word' id='word_1_488' title='bbox 1339 3602 1449 3647; x_wconf 84' lang='lat' dir='ltr'>ergo</span> <span class='ocrx_word' id='word_1_489' title='bbox 1466 3588 1613 3633; x_wconf 89' lang='lat' dir='ltr'>noluit</span> <span class='ocrx_word' id='word_1_490' title='bbox 1630 3589 1895 3648; x_wconf 85' lang='lat' dir='ltr'>praedicari,</span> <span class='ocrx_word' id='word_1_491' title='bbox 1911 3587 2080 3648; x_wconf 78' lang='lat' dir='ltr'>requiri</span> <span class='ocrx_word' id='word_1_492' title='bbox 2101 3597 2253 3634; x_wconf 74' lang='lat' dir='ltr'>autem</span> 
     </span>
    </p>
   </div>
  </div>
 </body>
</html>
