2352 3926
299 247 410 301 310
805 243 1084 289 QUAESTIO
1124 243 1311 283 xxxvi.
1353 219 1661 283 ARTICULUS
1699 242 1755 281 v.

296 362 457 392 eorum
483 349 576 406 jam
604 346 928 405 quaerebatur3
955 345 1042 401 vel,
1077 346 1193 390 sicut
1218 345 1315 390 Leo
1331 345 1456 406 Papa
1481 345 1591 389 dicit
1614 344 1662 388 in
1685 344 1910 388 Sermone
1931 341 1987 388 de
2007 339 2269 405 Epiphania*

297 415 389 473 (qui
413 420 467 459 est
492 428 533 471 4.
561 413 687 472 ejusd.
702 413 814 471 festi,
840 421 931 472 cap.
953 427 990 472 3.
1014 419 1108 458 ante
1134 412 1278 472 med),
1316 428 1345 454 t<
1364 420 1543 472 praeter
1568 411 1695 455 illam
1723 411 1938 469 speciem,
1958 423 2077 469 quae
2103 422 2269 470 eorpo—

294 497 423 526 reum
455 481 675 525 indicavit
700 480 927 534 obtutum,
954 479 1205 539 fulgentior
1229 480 1429 524 veritatis
1455 479 1606 523 radius
1638 492 1802 523 eorum
1834 477 1974 522 corda
1999 475 2269 567 ροζόᾳςμὶες

297 549 419 608 quod
453 549 509 593 ad
531 548 938 592 illuminationem·
949 547 1057 591 fidei
1081 547 1334 606 pertinebat
1349 563 1391 591 n.

986 705 1420 764 ARTICULUS
1473 705 1572 762 VI.
2001 781 2006 787 .
2172 712 2262 770 '4201'

545 838 739 877 UTRUM
779 838 1075 878 NATIVITAS
1118 839 1338 877 CHRISTI
1379 838 1590 877 ORDINE
1633 834 2009 877 CONVENIENTI

955 913 1153 951 FUERIT
1196 913 1600 953 MANIFESTATA.
2127 927 2135 949 ι

385 1022 460 1067 AD
494 1035 685 1067 SEXTUM
717 1022 781 1067 sic
814 1022 1087 1081 proceditur.
1120 1022 1324 1077 Videtur,
1361 1023 1483 1082 quod
1516 1020 1861 1066 inconvenienti
1893 1020 2053 1064 ordine
2095 1015 2267 1065 eluisti

296 1089 507 1133 nativitas
533 1089 668 1133 fuerit
693 1089 1006 1134 manifestata:
1033 1089 1122 1133 illis
1148 1090 1273 1133 enim
1296 1090 1448 1134 debuit
1474 1090 1624 1149 primo
1647 1087 1929 1133 manifestari
1957 1083 2133 1132 Christi
2154 1085 2270 1131 nati·

295 1157 425 1210 vitas,
444 1157 521 1216 qui
540 1157 725 1201 Christo
744 1157 1091 1216 propinquiores
1113 1156 1308 1212 fuerunt,
1336 1167 1381 1201 et
1406 1158 1483 1216 qui
1509 1156 1658 1215 magis
1682 1156 1919 1200 Christum
1933 1154 2266 1209 desiderabant,

296 1225 547 1268 secundum
573 1223 684 1268 illud
713 1224 818 1282 Sap.
846 1222 908 1267 6.:
938 1225 1223 1284 Praeoceupat
1248 1239 1326 1278 eos,
1354 1226 1426 1282 qui
1451 1239 1489 1268 se
1517 1226 1825 1282 concupiscunt,
1848 1229 1895 1268 ut
1915 1237 1954 1267 se
1967 1223 2160 1282 priorem
2183 1220 2266 1266 illis

297 1292 502 1336 ostendat.-
536 1291 615 1335 sed
641 1292 747 1350 justi
779 1291 1156 1350 propinquissimi
1188 1301 1315 1335 erant
1343 1291 1530 1335 Christo
1561 1305 1644 1350 per
1675 1290 1828 1344 fidem,
1860 1298 1907 1334 et
1933 1290 2138 1334 maxime
2163 1289 2267 1348 feius

297 1359 545 1403 adventum
578 1358 914 1402 desiderabant:
950 1358 1068 1402 unde
1102 1358 1264 1402 dicitur
1297 1357 1408 1402 Luc.
1443 1370 1483 1402 2.
1518 1357 1573 1401 de
1608 1357 1841 1411 Simeone,
1874 1355 1998 1416 quod
2026 1361 2122 1401 arat
2141 1355 2275 1400 'homo¹

295 1429 447 1486 justus,
481 1433 519 1471 et
550 1428 786 1480 timoratus,
821 1432 1038 1484 expectans
1063 1426 1382 1484 redemptionem
1412 1425 1570 1477 Israel;
1599 1427 1711 1483 er'go
1738 1423 1861 1483 prius
1901 1422 2059 1468 debuit
2078 1420 2275 1467 manife-

298 1493 407 1538 stari
434 1493 607 1538 Christi
632 1493 842 1537 nativitas
870 1492 1092 1547 Simeoni,
1119 1507 1257 1551 quarn
1284 1486 1556 1550 pastoribus,
1579 1491 1649 1536 vel
1678 1490 1842 1550 Magis.

390 1574 428 1604 2.
457 1561 755 1605 PRAETEREA.
790 1559 1054 1603 Secundum
1085 1559 1278 1618 August.
1314 1559 1455 1617 (serm.
1484 1575 1550 1619 30.
1585 1558 1631 1603 de
1671 1558 1812 1635 Temp.
1846 1559 1926 1604 cir.
1948 1555 2132 1618 μήνιε.)
2139 1553 2278 1616 Magi·

299 1627 479 1672 fuerunt
504 1627 730 1686 primitiae
758 1627 964 1686 gentium
989 1627 1174 1671 Christo
1203 1627 1554 1671 crediturarum:
1583 1626 1662 1670 sed
1681 1627 1830 1685 primo
1845 1623 2060 1685 plenitudo
2084 1625 2271 1684 gandium

301 1698 436 1740 intrat
457 1695 511 1738 ad
526 1695 670 1753 fidem,
691 1701 730 1739 et
748 1694 1009 1753 postmodum
1037 1697 1169 1738 omnis
1186 1695 1318 1739 Israel
1337 1695 1477 1739 salvus
1491 1695 1583 1753 fiet,
1610 1703 1661 1738 ut
1685 1693 1849 1737 dicitur
1873 1692 2012 1737 Rom.
2032 1697 2267 1751 ·11.;ergo

303 1763 424 1822 prius
454 1762 607 1806 debuit
633 1760 911 1805 manifestari
941 1761 1113 1806 Christi
1138 1762 1349 1806 nativitas
1375 1762 1538 1820 Magis,
1563 1776 1701 1821 quam
1727 1759 1998 1820 pastoribus.
2177 1751 2179 1753 ¹

395 1844 432 1887 3.
460 1830 758 1874 PRAETEREA.
786 1829 948 1873 Matth.
977 1842 1016 1874 2.
1046 1830 1222 1884 dicitur,
1250 1830 1371 1888 quod
1407 1828 1592 1874 Herodes
1628 1829 1776 1874 occidit
1817 1842 1954 1874 omnes
1987 1835 2167 1888 patron*
2194 1827 2267 1886 qui

307 1905 424 1943 erunt
450 1900 494 1941 in
521 1898 766 1952 Bethlehem,
794 1904 830 1942 et
862 1899 907 1941 in
935 1899 1125 1942 omnibus
1146 1899 1305 1957 finibus
1331 1901 1431 1957 ejus,
1460 1913 1487 1942 a
1513 1899 1688 1951 bimatu,
1717 1903 1753 1941 et
1778 1897 1908 1955 infra,
1938 1894 2159 1940 secundum
2170 1900 2275 1939 vtem·

295 1975 378 2025 pus
405 1965 512 2023 quod
538 1967 790 2024 exquisierat
816 1979 841 2008 α
867 1966 1032 2023 magis:
1062 1974 1106 2008 et
1127 1966 1191 2008 sic
1218 1965 1408 2019 videtur,
1436 1965 1558 2024 quod
1576 1979 1656 2024 per
1673 1964 1788 2008 duos
1812 1977 1958 2008 annos
1980 1971 2089 2022 post
2099 1960 2277 2006 Christi

300 2033 586 2076 nativitatem
613 2032 737 2090 Magi
767 2031 821 2074 ad
857 2031 1095 2075 Christum
1127 2034 1438 2090 pervenerint:
1472 2032 1850 2076 inconvenienter
1879 2029 2017 2090 igitur
2046 2037 2151 2089 post
2180 2037 2278 2102 tan-

302 2109 402 2144 tum
428 2109 608 2158 tempus
635 2098 719 2142 fuit
747 2098 1004 2143 Gentilibus
1034 2099 1206 2143 Christi
1232 2100 1443 2144 nativitas
1471 2098 1774 2143 manifestata.
2128 2128 2131 2132 ,
2330 2092 2335 2098 ’

395 2167 489 2210 SED
510 2179 705 2211 CONTRA
726 2176 805 2220 est,
833 2166 956 2224 quod
984 2165 1147 2209 dicitur
1168 2166 1288 2210 Dan.
1312 2179 1367 2210 2.:
1390 2167 1480 2227 Ipse
1501 2173 1638 2212 mutat
1660 2173 1865 2225 tempora,
1889 2171 1930 2210 et
1950 2169 2127 2210 aetates:
2147 2172 2194 2208 et
2210 2161 2277 2207 ita

302 2244 482 2292 tempus
509 2232 888 2277 manifestationis
914 2233 1162 2279 nativitatis
1190 2233 1361 2278 Christi
1387 2233 1566 2278 videtur
1592 2246 1801 2292 congruo
1827 2231 1986 2276 ordine
2007 2244 2106 2276 esse
2129 2230 2279 2290 dispe»

305 2302 458 2346 situm.

395 2368 685 2412 RESPONDEO
713 2368 973 2422 dicendum,
1001 2369 1123 2427 quod
1158 2369 1330 2414 Christi
1361 2369 1574 2414 nativitas
1600 2368 1750 2428 primo
1777 2366 1963 2427 quidem
1981 2363 2276 2412 zmanffestata

305 2446 372 2481 est
397 2435 652 2495 pastoribus
678 2435 778 2494 ipso
806 2435 878 2479 die
905 2436 1151 2480 nativitatis
1180 2436 1366 2482 Christi.
1395 2437 1459 2481 Ut
1486 2436 1610 2481 enim
1636 2435 1799 2480 dicitur
1825 2435 1980 2479 Lucae
2006 2445 2069 2479 2.:
2085 2433 2281 2489 Pastore-t

303 2510 426 2548 erant
449 2505 494 2547 in
520 2505 684 2561 regione
710 2503 850 2547 eadem
876 2504 1110 2561 vigilantes,
1138 2510 1175 2548 et
1196 2504 1457 2548 custodientes
1473 2503 1643 2562 vigilias
1663 2504 1793 2547 noctis
1808 2510 1932 2562 super
1943 2513 2110 2561 gregem
2122 2513 2278 2546 sunm:

303 2578 342 2616 et
383 2577 428 2615 ut
452 2571 718 2614 discesserunt
744 2571 795 2614 ab
829 2571 882 2614 eis
915 2571 1052 2627 angeli
1076 2572 1121 2614 in
1153 2571 1324 2626 coelum,
1359 2571 1634 2629 loquebantur
1664 2569 1718 2614 ad
1750 2571 1964 2614 invicem}
1999 2566 2280 2614 Transeamus

302 2653 427 2697 usque
458 2637 701 2691 Bethlehem,
730 2643 769 2681 et
789 2643 992 2681 venerunt
1007 2638 1243 2693 festinantes
1253 2654 1269 2690 ,·
1287 2637 1461 2683 secundo
1481 2647 1634 2680 autem
1654 2638 1774 2695 Magi
1782 2634 2136 2696 pervenemntad
2155 2633 2278 2680 Chri-

302 2711 410 2750 stum
434 2705 566 2748 tertia
589 2704 768 2748 decima
795 2704 865 2747 die
892 2703 1140 2748 nativitatis
1169 2706 1279 2763 eius,
1303 2719 1393 2764 quo
1422 2704 1493 2748 die
1510 2703 1677 2748 festum
1695 2702 1979 2763 Epiphaniae
1993 2700 2273 2747 celebratur:

303 2772 493 2817 sienim
530 2771 740 2815 revoluto
769 2784 905 2825 anno,
931 2770 1005 2814 vel
1038 2771 1176 2815 etiam
1210 2772 1387 2816 duobus
1422 2772 1549 2815 annis
1582 2771 1827 2825 venissent,
1867 2783 1963 2814 non
1994 2769 2277 2817 invenissent

305 2853 412 2883 eum
438 2839 483 2882 in
511 2837 809 2882 Bethlehem:
839 2851 944 2881 cum
972 2838 1190 2897 scriptum
1207 2839 1265 2882 sit
1292 2839 1401 2882 Luc.
1423 2850 1462 2883 2.
1491 2838 1614 2897 quod
1628 2844 1851 2898 postquam
1862 2837 2276 2897 perfeceruntomnia

295 2896 524 2951 'secundum
566 2905 689 2964 legem
732 2906 928 2959 Domini,
963 2905 1182 2962 offerentes,
1226 2905 1400 2950 scilicet
1438 2919 1628 2964 puerum
1665 2905 1822 2963 Jesum
1858 2904 1905 2948 in
1937 2902 2177 2968 templum,
2216 2919 2278 2950 re·

303 2975 416 3018 versi
439 2979 532 3018 sunt
557 2974 602 3016 in
633 2972 870 3018 Galilaeam
903 2972 1113 3016 civitatem
1145 2987 1261 3017 suam
1299 2974 1448 3030 Nuzar
1450 2973 1538 3025 eth
1574 2974 1696 3017 tertio
1735 2982 1890 3016 autem
1923 2971 2188 3031 manifestata
2217 2978 2278 3018 est

298 3045 422 3100 justis
442 3044 486 3085 in
510 3041 657 3099 templo
685 3039 1038 3098 quadragesimo
1066 3040 1137 3084 die
1166 3055 1191 3083 a
1218 3041 1453 3084 nativitate
1483 3040 1668 3093 Christi,
1696 3050 1745 3084 ut
1772 3039 1965 3084 habetur
1989 3038 2103 3085 Luc·
2132 3051 2198 3094 ἀις
2231 3048 2279 3084 et

303 3110 438 3167 hujus
466 3108 636 3152 ordinis
662 3107 778 3150 ratio
806 3118 886 3160 est,
921 3107 1026 3165 quia
1058 3122 1138 3166 per
1170 3117 1374 3166 pastores
1408 3107 1720 3166 significantur
1745 3105 1975 3166 Apostoli,
2008 3115 2054 3151 et
2082 3104 2160 3151 alii
2186 3118 2279 3152 cre-

304 3177 460 3220 dentes
489 3180 541 3220 ex
562 3174 760 3233 Judaeis,
787 3174 948 3233 quibus
968 3175 1111 3233 primo
1139 3173 1428 3218 manifestata
1457 3184 1524 3218 est
1550 3173 1660 3218 fides
1689 3173 1888 3228 Christi;
1913 3172 2032 3218 inter
2057 3184 2174 3232 quos
2186 3185 2278 3218 mm

299 3244 471 3301 furunt
512 3243 634 3287 multi
663 3248 756 3301 pot
748 3247 859 3295 ntes,
899 3256 969 3285 nec
1004 3241 1125 3285 multi
1152 3242 1285 3285 nobil
1278 3257 1320 3295 s,
1349 3251 1398 3285 ut
1425 3241 1588 3285 dicitur
1620 3255 1655 3285 1.
1683 3241 1738 3285 ad
1762 3240 1985 3286 Corinth.
2008 3252 2046 3284 1.
2060 3236 2276 3296 ςςιοιαὰὶο

305 3321 456 3354 autem
488 3310 597 3354 fides
626 3309 796 3353 Christi
825 3322 932 3366 perv
938 3308 1031 3352 enit
1059 3309 1112 3351 ad
1140 3308 1472 3367 plenitudinem
1502 3308 1737 3363 Gentium,
1757 3321 1872 3367 quae
1887 3316 1958 3352 est
1973 3303 2274 3366 praefigurata

305 3393 385 3436 per
427 3378 609 3435 Magos:
656 3378 776 3421 tertio
819 3385 970 3419 autem
1014 3375 1218 3434 pervenit
1257 3375 1311 3418 ad
1355 3374 1686 3432 plenitudinem
1727 3374 2021 3433 Judaeorum,
2058 3386 2174 3433 quae
2209 3383 2279 3418 est

303 3445 604 3503 praefigurata
632 3458 709 3504 per
733 3444 900 3502 justos:
930 3442 1049 3486 unde
1077 3452 1121 3486 et
1148 3443 1191 3485 in
1218 3441 1392 3500 templo
1414 3442 1695 3501 Judaeorum
1717 3451 1786 3487 est
1810 3441 1875 3487 eis
1899 3439 2111 3486 Christus
2135 3439 2277 3486 mani·

301 3511 502 3556 festatus
2231 3527 2234 3532 ·

393 3579 469 3623 AD
506 3591 693 3623 PR1MUM
722 3591 831 3637 ergo
865 3577 1123 3631 dicendum,
1157 3577 1278 3636 quod
1307 3578 1422 3622 sicut
1450 3578 1609 3637 Apost.
1644 3577 1753 3622 dicit
1789 3574 1925 3621 Rom.
1954 3574 2192 3637 93139·αᾶ
2219 3586 2276 3621 se·
2343 3613 2347 3622 ,

301 3645 451 3690 ctando
489 3646 613 3704 legem
638 3646 843 3705 justitiae,
877 3646 923 3689 in
963 3644 1088 3704 legem
1124 3646 1312 3703 justitiae
1343 3660 1426 3690 non
1450 3652 1579 3705 perv
1571 3647 1667 3691 nit:
1701 3644 1779 3689 sed
1810 3641 2035 3699 Gentiles,
2066 3640 2166 3703 qui
2172 3651 2272 3688 non
2337 3673 2339 3676 .
