2352 3926
668 237 960 286 QUABSTIO
1000 237 1097 277 XV.-
1131 237 1438 278 ARTICULUS
1476 237 1512 277 1.
1958 237 2054 293 145

762 588 1208 666 QUAESTIO
1257 588 1401 649 XV.

344 746 426 786 DE
457 744 822 786 DEFECI'IBUS
845 744 1082 784 ANIMAE
1115 745 1156 784 A
1183 743 1437 786 CHRISTO
1469 745 1808 796 ASSUMPTIS,

621 834 687 874 IN
718 833 924 875 DECEM
956 833 1286 875 ARTICULOS
1318 833 1539 875 DIVISA.

109 1042 112 1043 ν
192 1011 370 1058 Deinde
397 1010 779 1056 considerandum
807 1020 874 1055 est
905 1011 960 1055 de
986 1009 1234 1055 defectibus
1266 991 1592 1069 pertinentibus
1620 1011 1674 1055 ad
1702 1010 1917 1055 animam.

700 1123 756 1167 Et
780 1123 895 1167 circa
920 1122 995 1167 hoc
1021 1128 1279 1180 quaeruntur
1303 1121 1452 1167 decem.

144 1254 146 1256 ,
190 1213 364 1259 Primo.
390 1213 557 1258 Utrum
587 1213 635 1257 in
670 1211 856 1257 Christo
888 1211 1022 1256 fuerit
1047 1222 1304 1271 peccatum.

193 1280 421 1327 Secundo.
454 1281 621 1325 Utrum
643 1280 691 1324 in
717 1293 772 1324 eo
798 1278 934 1324 fuerit
957 1278 1106 1324 fomes
1132 1279 1324 1339 peccati.

192 1346 366 1394 Tertio.
394 1348 561 1393 Utrum
581 1348 628 1392 in
655 1361 711 1392 eo
737 1346 872 1391 fuerit
891 1347 1164 1406 ignorantia.

43 1415 50 1435 ”
110 1452 115 1458 .
193 1415 389 1470 Quarto.
416 1416 584 1461 Utrum
610 1415 763 1459 anima
790 1415 886 1473 ejus
911 1413 1046 1459 fuerit
1070 1413 1308 1474 passibilis.

192 1482 386 1536 Quinto.
411 1483 578 1528 Utrum
603 1483 651 1527 in
677 1497 734 1527 eo
759 1481 894 1527 fuerit
911 1481 1044 1526 dolor
1069 1481 1308 1527 sensibilis.

193 1550 349 1603 Sexto.
384 1550 548 1595 Utrum
573 1550 619 1594 in
652 1563 708 1595 eo
734 1549 869 1594 fuerit
888 1549 1081 1594 tristitia.

193 1617 418 1678 Septimo.
445 1618 613 1662 Utrum
637 1617 686 1661 in
713 1631 770 1661 eo
795 1616 930 1661 fuerit
953 1617 1107 1661 timor.

196 1684 394 1730 Octavo.
418 1684 585 1730 Utrum
616 1684 664 1728 in
690 1698 746 1729 eo
763 1683 898 1729 fuerit
923 1684 1180 1729 admiratio.

189 1750 343 1797 Nono.
366 1751 535 1797 Utrum
559 1752 606 1796 in
633 1765 690 1797 eo
712 1751 846 1796 fuerit
871 1752 951 1796 ira.

156 1856 158 1859 .
190 1819 406 1865 Decimo.
433 1819 601 1864 Utrum
626 1819 763 1864 simul
787 1818 922 1864 fuerit
946 1819 1108 1874 viator,
1131 1832 1176 1864 et
1201 1819 1576 1879 comprehensor.

821 1997 1256 2056 ARTICULUS
1299 1998 1342 2054 Ι.
2008 2027 2068 2074 90

511 2135 705 2174 UTRUM
736 2135 794 2175 IN
827 2134 1066 2175 CHRISTO
1108 2136 1306 2175 FUERIT
1339 2135 1655 2175 PECCATUM.

39 2208 72 2304 ’
124 2247 126 2250 ’
216 2307 227 2313 „
251 2243 382 2314 (Insr.
408 2259 448 2305 q.
469 2259 529 2305 31.
557 2251 638 2290 art.
671 2258 709 2305 7.
732 2251 772 2292 et
796 2261 833 2306 3.
851 2247 961 2291 Dist.
990 2246 1032 2292 6.
1055 2260 1094 2306 q.
1120 2262 1155 2292 1.
1184 2253 1296 2306 corp.
1323 2253 1360 2291 et
1384 2247 1495 2292 Dist.
1521 2260 1584 2292 12.
1612 2261 1650 2306 q.
1673 2260 1712 2291 2.
1735 2253 1815 2307 per
1845 2251 1916 2292 tot.

60 2320 63 2322 ’
127 2328 131 2331 ·
758 2319 795 2358 et
821 2313 974 2372 Quodl.
1001 2327 1044 2371 4.
1071 2328 1109 2374 q.
1137 2329 1196 2359 11.
1224 2319 1305 2358 art.
1335 2313 1408 2372 1.).

194 2422 273 2468 AD
296 2435 487 2469 PRIMUM
512 2423 576 2468 sic
603 2424 878 2484 proceditur.
904 2424 1110 2479 Videtur,
1135 2425 1258 2484 quod
1282 2425 1330 2469 in
1348 2424 1536 2470 Christo
1562 2423 1697 2470 fuerit
1717 2434 1979 2484 peccatum:
2003 2423 2065 2468 di-

48 2489 77 2531 J?
92 2489 221 2536 *citur
236 2490 361 2536 enim
380 2490 429 2535 in
445 2490 616 2536 Psalm.
644 2504 720 2536 21:
739 2493 868 2546 Deus,
896 2493 1011 2537 Deus
1035 2507 1162 2546 meus,
1187 2494 1338 2552 respice
1361 2494 1408 2536 in
1428 2508 1519 2537 me:
1542 2506 1671 2551 quare
1692 2507 1756 2537 me
1776 2491 2064 2550 dereliquisti?

54 2556 224 2621 &longe
238 2570 266 2602 α
280 2558 410 2604 salute
432 2573 524 2604 mea
541 2560 672 2604 verba
691 2558 934 2604 delictorum
955 2575 1160 2605 meorum:
1179 2559 1258 2604 sed
1274 2560 1389 2604 haec
1406 2560 1544 2605 verba
1567 2560 1776 2604 dicuntur
1793 2573 1849 2604 ex
1870 2573 2066 2619 persona

60 2621 242 2686 {ipsius
262 2625 449 2680 Christi,
475 2636 525 2671 ut
555 2636 679 2686 patet
703 2641 759 2671 ex
789 2627 896 2681 hoc,
919 2628 1042 2687 quod
1067 2627 1163 2687 ipse
1190 2641 1245 2672 ea
1270 2627 1318 2671 in
1345 2642 1478 2672 cruce
1506 2627 1715 2687 protulit;
1743 2641 1854 2686 ergo
1875 2626 2066 2680 videtur,

65 2693 227 2752 „quod
251 2692 301 2737 in
326 2692 513 2739 Christo
539 2693 703 2739 fuerint
729 2694 908 2739 delicta.
1502 2737 1507 2743 ,

63 2751 93 2777 '³‘
152 2791 155 2795 -
195 2771 237 2804 2.
253 2759 552 2806 Puni-ensa.
574 2761 714 2805 Rom.
737 2774 773 2819 5.
793 2762 902 2806 dicit
917 2761 1184 2820 Apostolus,
1212 2761 1334 2820 quod
1360 2763 1404 2806 in
1432 2762 1573 2807 Adam
1600 2777 1736 2806 omnes
1754 2766 2062 2821 peccaverunt;

68 2825 213 2887 quia
237 2826 414 2872 scilicet
436 2828 484 2872 in
511 2842 567 2872 eo
586 2828 868 2887 originaliter
884 2828 1088 2874 fuerunt:
1116 2829 1194 2873 sed
1217 2828 1428 2873 Christus
1456 2830 1595 2874 etiam
1613 2827 1895 2887 originaliter
1919 2827 2004 2872 fuit
2020 2828 2066 2871 in

67 2891 284 2955 ζΜαιῐη
311 2908 421 2954 ergo
448 2895 495 2939 in
522 2909 578 2939 eo
610 2896 830 2954 peccavit.
1574 2934 1576 2936 ,

198 2974 240 3020 3.,
258 2960 556 3007 PRAETEREA.
574 2962 827 3021 Apostolus
859 2962 969 3007 dicit
994 2963 1130 3007 Hebr.
1159 2977 1215 3018 2.,
1242 2963 1365 3023 quod
1387 2965 1431 3008 in
1448 2979 1509 3019 eo,
1535 2966 1580 3008 in
1611 2978 1690 3023 quo
1712 2963 1899 3008 Christus
1927 2970 2068 3021 passus

60 3031 179 3091 m,
209 3033 248 3073 et
268 3033 471 3084 tentatus,
481 3035 624 3088 potens
639 3035 694 3074 est
724 3036 761 3075 et
785 3031 847 3074 his
878 3032 949 3089 qui
976 3037 1202 3085 tentantur,
1236 3031 1473 3076 auxiliari:
1500 3031 1579 3075 sed
1611 3031 1810 3075 maxime
1842 3028 2068 3088 indigeba-

23 3094 34 3101 ”
70 3093 212 3140 ’ὃπως
230 3094 398 3140 auxilio
425 3097 520 3154 ejus
548 3106 707 3141 contra
733 3106 995 3156 peccatum3
1023 3111 1133 3156 ergo
1158 3097 1351 3151 videtur,
1369 3098 1491 3157 quod
1518 3098 1564 3142 in
1582 3112 1638 3142 eo
1663 3097 1798 3142 fuerit
1813 3106 2067 3156 peccatum.

69 3165 123 3211 ἒς
184 3172 238 3216 4.
263 3159 562 3208 PRAETER-EA.
590 3176 615 3208 2
650 3164 707 3208 ad
734 3163 844 3208 Cor.
877 3177 912 3221 5.
941 3164 1118 3219 dicitur,
1145 3166 1267 3224 quod
1293 3166 1421 3210 Deus
1443 3181 1551 3219 eum,
1577 3167 1651 3224 qui
1679 3180 1764 3209 non
1788 3170 1965 3208 noverat
1975 3172 2068 3223 pec-

62 3225 264 3290 gratum,
295 3227 470 3274 scilicet
494 3229 747 3284 Christum,
773 3239 859 3291 pro
884 3232 1002 3276 nobis
1016 3238 1237 3291 peccatum
1254 3233 1376 3288 fecit:
1403 3234 1484 3276 sed
1511 3232 1622 3276 illud
1648 3246 1753 3276 vere
1781 3241 1861 3284 est,
1889 3230 2010 3289 quod
2039 3245 2066 3274 a

86 3289 211 3353 {Deo
242 3292 414 3339 factum
439 3306 532 3348 est;
559 3310 669 3356 ergo
702 3297 748 3341 in
781 3297 967 3342 Christo
994 3312 1100 3343 vere
1125 3298 1208 3342 fuit
1234 3309 1488 3358 peccatum.

199 3372 236 3417 5.
255 3360 552 3407 Puerum.
572 3362 700 3407 Sicut
724 3364 915 3422 August.
944 3365 1052 3409 dicit
1067 3365 1112 3409 in
1136 3365 1251 3410 libro
1278 3366 1332 3410 de
1360 3379 1508 3424 agone
1537 3365 1800 3410 Christiano
1827 3365 1942 3424 (cap.
1969 3365 2064 3422 IL),

87 3431 141 3487 ἕῑῑιι
163 3425 210 3470 in
234 3426 422 3471 homine
450 3427 637 3473 Christo
663 3443 710 3474 se
737 3430 868 3475 nobis
895 3431 951 3474 ad
978 3432 1237 3490 exemplum
1266 3433 1385 3476 vitae
1413 3432 1615 3491 praebuit
1641 3431 1779 3475 Filius
1807 3431 1895 3476 Dei
1913 3445 1962 3474 »t
1986 3432 2064 3476 sed

87 3488 255 3559 ijhomo
279 3493 453 3552 indiget
473 3495 685 3555 exemplo
711 3510 805 3540 non
823 3497 973 3541 solum
991 3498 1045 3541 ad
1064 3509 1187 3542 recte
1209 3499 1471 3552 vivendum,
1491 3498 1570 3542 sed
1589 3498 1726 3542 etiam
1755 3498 1810 3541 ad
1833 3498 1924 3543 hoc
1942 3499 2064 3558 quod

86 3559 341 3622 ,poeniteat
365 3561 421 3604 de
445 3561 670 3619 peccatis;
696 3576 808 3621 ergo
824 3564 1014 3618 videtur,
1032 3565 1154 3623 quod
1180 3565 1227 3608 in
1261 3565 1447 3609 Christo
1465 3564 1669 3608 debuerit
1689 3578 1788 3609 esse
1810 3574 2065 3624 peccatum,

22 3623 248 3702 ,2¹¹de
270 3626 470 3684 peccatis
501 3626 794 3685 poenitendo,
819 3630 1126 3688 poenitentiae
1151 3631 1283 3675 nobis
1310 3631 1438 3675 daret
1464 3630 1737 3689 exemplum.

23 3699 76 3781 ἓξ
291 3725 327 3760 S.
351 3725 505 3761 Tuoun
530 3726 661 3762 samm
694 3728 903 3774 Theologica.
931 3730 1012 3767 v01.
1039 3730 1099 3767 IV.
1843 3744 1882 3768 10
