<?xml version="1.0" encoding="UTF-8"?>
<!DOCTYPE html PUBLIC "-//W3C//DTD XHTML 1.0 Transitional//EN"
    "http://www.w3.org/TR/xhtml1/DTD/xhtml1-transitional.dtd">
<html xmlns="http://www.w3.org/1999/xhtml" xml:lang="en" lang="en">
 <head>
  <title>
</title>
<meta http-equiv="Content-Type" content="text/html;charset=utf-8" />
  <meta name='ocr-system' content='tesseract 3.04.00' />
  <meta name='ocr-capabilities' content='ocr_page ocr_carea ocr_par ocr_line ocrx_word'/>
</head>
<body>
  <div class='ocr_page' id='page_1' title='image "./divithomaeaquina04thom_0600.png"; bbox 0 0 2352 3926; ppageno 0'>
   <div class='ocr_carea' id='block_1_1' title="bbox 248 182 1727 252">
    <p class='ocr_par' dir='ltr' id='par_1_1' title="bbox 248 182 1727 252">
     <span class='ocr_line' id='line_1_1' title="bbox 248 182 1727 252; baseline 0 -16"><span class='ocrx_word' id='word_1_1' title='bbox 248 183 358 252; x_wconf 89' lang='lat'>596</span> <span class='ocrx_word' id='word_1_2' title='bbox 732 194 1013 242; x_wconf 74' lang='lat' dir='ltr'>QUAEsrro</span> <span class='ocrx_word' id='word_1_3' title='bbox 1054 194 1242 234; x_wconf 83' lang='lat' dir='ltr'>vam.</span> <span class='ocrx_word' id='word_1_4' title='bbox 1284 182 1592 236; x_wconf 65' lang='lat' dir='ltr'>Amemus</span> <span class='ocrx_word' id='word_1_5' title='bbox 1630 196 1727 236; x_wconf 86' lang='lat' dir='ltr'>xn.</span> 
     </span>
    </p>
   </div>
   <div class='ocr_carea' id='block_1_2' title="bbox 245 297 2216 691">
    <p class='ocr_par' dir='ltr' id='par_1_2' title="bbox 245 297 2213 412">
     <span class='ocr_line' id='line_1_2' title="bbox 245 297 2213 366; baseline 0.002 -21"><span class='ocrx_word' id='word_1_6' title='bbox 245 311 312 345; x_wconf 89' lang='lat' dir='ltr'>est</span> <span class='ocrx_word' id='word_1_7' title='bbox 337 299 572 359; x_wconf 88' lang='lat' dir='ltr'>judicium,</span> <span class='ocrx_word' id='word_1_8' title='bbox 600 299 717 344; x_wconf 91' lang='lat' dir='ltr'>sicut</span> <span class='ocrx_word' id='word_1_9' title='bbox 742 298 797 342; x_wconf 89' lang='lat' dir='ltr'>de</span> <span class='ocrx_word' id='word_1_10' title='bbox 816 297 902 351; x_wconf 90' lang='lat' dir='ltr'>his,</span> <span class='ocrx_word' id='word_1_11' title='bbox 916 297 994 356; x_wconf 90' lang='lat' dir='ltr'>qui</span> <span class='ocrx_word' id='word_1_12' title='bbox 1019 311 1157 341; x_wconf 90' lang='lat' dir='ltr'>sanae</span> <span class='ocrx_word' id='word_1_13' title='bbox 1175 297 1341 341; x_wconf 90' lang='lat' dir='ltr'>mentis</span> <span class='ocrx_word' id='word_1_14' title='bbox 1358 297 1567 352; x_wconf 86' lang='lat' dir='ltr'>existunt,</span> <span class='ocrx_word' id='word_1_15' title='bbox 1593 298 1671 358; x_wconf 91' lang='lat' dir='ltr'>qui</span> <span class='ocrx_word' id='word_1_16' title='bbox 1685 298 1970 360; x_wconf 85' lang='lat' dir='ltr'>baptizantur</span> <span class='ocrx_word' id='word_1_17' title='bbox 1987 301 2213 366; x_wconf 78' lang='lat' dir='ltr'>volentes,</span> 
     </span>
     <span class='ocr_line' id='line_1_3' title="bbox 245 367 684 412; baseline -0.007 0"><span class='ocrx_word' id='word_1_18' title='bbox 245 382 341 412; x_wconf 90' lang='lat' dir='ltr'>non</span> <span class='ocrx_word' id='word_1_19' title='bbox 365 377 516 412; x_wconf 89' lang='lat' dir='ltr'>autem</span> <span class='ocrx_word' id='word_1_20' title='bbox 542 367 684 409; x_wconf 84' lang='lat' dir='ltr'>inviti.</span> 
     </span>
    </p>

    <p class='ocr_par' dir='ltr' id='par_1_3' title="bbox 246 430 2215 691">
     <span class='ocr_line' id='line_1_4' title="bbox 337 430 2212 509; baseline 0.002 -31"><span class='ocrx_word' id='word_1_21' title='bbox 337 434 413 478; x_wconf 86' lang='lat' dir='ltr'>AD</span> <span class='ocrx_word' id='word_1_22' title='bbox 435 446 624 478; x_wconf 85' lang='lat' dir='ltr'><strong>PRIMUM</strong></span> <span class='ocrx_word' id='word_1_23' title='bbox 647 446 758 491; x_wconf 86' lang='lat' dir='ltr'>ergo</span> <span class='ocrx_word' id='word_1_24' title='bbox 786 430 1046 485; x_wconf 88' lang='lat' dir='ltr'>dicendum,</span> <span class='ocrx_word' id='word_1_25' title='bbox 1074 430 1196 490; x_wconf 90' lang='lat' dir='ltr'>quod</span> <span class='ocrx_word' id='word_1_26' title='bbox 1225 441 1442 486; x_wconf 84' lang='lat' dir='ltr'>amentes,</span> <span class='ocrx_word' id='word_1_27' title='bbox 1470 432 1547 491; x_wconf 89' lang='lat' dir='ltr'>qui</span> <span class='ocrx_word' id='word_1_28' title='bbox 1571 446 1806 509; x_wconf 78' lang='lat' dir='ltr'>nunquam</span> <span class='ocrx_word' id='word_1_29' title='bbox 1831 433 2102 491; x_wconf 87' lang='lat' dir='ltr'>habuerunt,</span> <span class='ocrx_word' id='word_1_30' title='bbox 2123 444 2212 499; x_wconf 56' lang='lat' dir='ltr'>nec</span> 
     </span>
     <span class='ocr_line' id='line_1_5' title="bbox 246 494 2216 557; baseline 0.001 -12"><span class='ocrx_word' id='word_1_31' title='bbox 246 501 417 545; x_wconf 88' lang='lat' dir='ltr'>habent</span> <span class='ocrx_word' id='word_1_32' title='bbox 442 515 575 543; x_wconf 91' lang='lat' dir='ltr'>usum</span> <span class='ocrx_word' id='word_1_33' title='bbox 602 499 805 552; x_wconf 85' lang='lat' dir='ltr'>rationis,</span> <span class='ocrx_word' id='word_1_34' title='bbox 831 498 1114 557; x_wconf 85' lang='lat' dir='ltr'>baptizantur</span> <span class='ocrx_word' id='word_1_35' title='bbox 1131 512 1185 542; x_wconf 87' lang='lat' dir='ltr'>ex</span> <span class='ocrx_word' id='word_1_36' title='bbox 1201 498 1453 543; x_wconf 87' lang='lat' dir='ltr'>intentione</span> <span class='ocrx_word' id='word_1_37' title='bbox 1479 498 1728 554; x_wconf 85' lang='lat' dir='ltr'>Ecclesiae,</span> <span class='ocrx_word' id='word_1_38' title='bbox 1746 499 1862 544; x_wconf 90' lang='lat' dir='ltr'>sicut</span> <span class='ocrx_word' id='word_1_39' title='bbox 1883 509 1928 544; x_wconf 91' lang='lat' dir='ltr'>et</span> <span class='ocrx_word' id='word_1_40' title='bbox 1943 513 1998 546; x_wconf 82' lang='lat' dir='ltr'>ex</span> <span class='ocrx_word' id='word_1_41' title='bbox 2014 510 2119 547; x_wconf 86' lang='lat' dir='ltr'>actu</span> <span class='ocrx_word' id='word_1_42' title='bbox 2124 494 2216 550; x_wconf 78' lang='lat' dir='ltr'>Ec-</span> 
     </span>
     <span class='ocr_line' id='line_1_6' title="bbox 248 565 2212 628; baseline 0.001 -17"><span class='ocrx_word' id='word_1_43' title='bbox 248 568 412 612; x_wconf 88' lang='lat' dir='ltr'>clesiae</span> <span class='ocrx_word' id='word_1_44' title='bbox 441 567 642 621; x_wconf 87' lang='lat' dir='ltr'>credunt,</span> <span class='ocrx_word' id='word_1_45' title='bbox 662 576 705 609; x_wconf 90' lang='lat' dir='ltr'>et</span> <span class='ocrx_word' id='word_1_46' title='bbox 732 565 981 624; x_wconf 84' lang='lat' dir='ltr'><strong>poenitent,</strong></span> <span class='ocrx_word' id='word_1_47' title='bbox 1000 565 1118 608; x_wconf 90' lang='lat' dir='ltr'>sicut</span> <span class='ocrx_word' id='word_1_48' title='bbox 1143 579 1279 624; x_wconf 90' lang='lat' dir='ltr'>supra</span> <span class='ocrx_word' id='word_1_49' title='bbox 1306 565 1361 609; x_wconf 89' lang='lat' dir='ltr'>de</span> <span class='ocrx_word' id='word_1_50' title='bbox 1387 566 1537 624; x_wconf 90' lang='lat' dir='ltr'>pueris</span> <span class='ocrx_word' id='word_1_51' title='bbox 1560 565 1731 610; x_wconf 90' lang='lat' dir='ltr'>dictum</span> <span class='ocrx_word' id='word_1_52' title='bbox 1760 577 1827 610; x_wconf 90' lang='lat' dir='ltr'>est</span> <span class='ocrx_word' id='word_1_53' title='bbox 1843 566 1946 625; x_wconf 87' lang='lat' dir='ltr'>(art.</span> <span class='ocrx_word' id='word_1_54' title='bbox 1964 582 2006 627; x_wconf 88' lang='grc'>9.</span> <span class='ocrx_word' id='word_1_55' title='bbox 2024 567 2114 627; x_wconf 82' lang='lat' dir='ltr'>huj.</span> <span class='ocrx_word' id='word_1_56' title='bbox 2137 567 2212 628; x_wconf 70' lang='lat' dir='ltr'>q).</span> 
     </span>
     <span class='ocr_line' id='line_1_7' title="bbox 247 602 2215 691; baseline 0.001 -13"><span class='ocrx_word' id='word_1_57' title='bbox 247 635 319 678; x_wconf 87' lang='lat' dir='ltr'>Illi</span> <span class='ocrx_word' id='word_1_58' title='bbox 345 648 470 687; x_wconf 88' lang='lat' dir='ltr'>vero,</span> <span class='ocrx_word' id='word_1_59' title='bbox 497 634 575 691; x_wconf 91' lang='lat' dir='ltr'>qui</span> <span class='ocrx_word' id='word_1_60' title='bbox 602 602 755 691; x_wconf 82' lang='lat' dir='ltr'>aliquo</span> <span class='ocrx_word' id='word_1_61' title='bbox 783 643 993 691; x_wconf 87' lang='lat' dir='ltr'>tempore</span> <span class='ocrx_word' id='word_1_62' title='bbox 1018 632 1287 686; x_wconf 88' lang='lat' dir='ltr'>habuerunt,</span> <span class='ocrx_word' id='word_1_63' title='bbox 1305 632 1378 676; x_wconf 89' lang='lat' dir='ltr'>vel</span> <span class='ocrx_word' id='word_1_64' title='bbox 1396 633 1566 677; x_wconf 89' lang='lat' dir='ltr'>habent</span> <span class='ocrx_word' id='word_1_65' title='bbox 1581 647 1716 677; x_wconf 92' lang='lat' dir='ltr'>usum</span> <span class='ocrx_word' id='word_1_66' title='bbox 1733 634 1936 690; x_wconf 87' lang='lat' dir='ltr'>rationis,</span> <span class='ocrx_word' id='word_1_67' title='bbox 1961 634 2215 679; x_wconf 88' lang='lat' dir='ltr'>secundum</span> 
     </span>
    </p>
   </div>
   <div class='ocr_carea' id='block_1_3' title="bbox 247 699 2216 812">
    <p class='ocr_par' dir='ltr' id='par_1_4' title="bbox 247 699 2216 812">
     <span class='ocr_line' id='line_1_8' title="bbox 247 699 2216 761; baseline 0.002 -17"><span class='ocrx_word' id='word_1_68' title='bbox 247 701 477 761; x_wconf 86' lang='lat' dir='ltr'>propriam</span> <span class='ocrx_word' id='word_1_69' title='bbox 495 700 799 744; x_wconf 87' lang='lat' dir='ltr'>intentionem</span> <span class='ocrx_word' id='word_1_70' title='bbox 815 699 1114 758; x_wconf 83' lang='lat' dir='ltr'>baptizantur,</span> <span class='ocrx_word' id='word_1_71' title='bbox 1133 713 1272 758; x_wconf 87' lang='lat' dir='ltr'>quam</span> <span class='ocrx_word' id='word_1_72' title='bbox 1288 699 1472 754; x_wconf 89' lang='lat' dir='ltr'>habent,</span> <span class='ocrx_word' id='word_1_73' title='bbox 1489 699 1563 744; x_wconf 89' lang='lat' dir='ltr'>vel</span> <span class='ocrx_word' id='word_1_74' title='bbox 1584 700 1842 753; x_wconf 79' lang='lat' dir='ltr'>habuerunt</span> <span class='ocrx_word' id='word_1_75' title='bbox 1856 710 2064 761; x_wconf 88' lang='lat' dir='ltr'>tempore</span> <span class='ocrx_word' id='word_1_76' title='bbox 2077 716 2216 747; x_wconf 89' lang='lat' dir='ltr'>sanae</span> 
     </span>
     <span class='ocr_line' id='line_1_9' title="bbox 248 778 430 812; baseline 0 -1"><span class='ocrx_word' id='word_1_77' title='bbox 248 778 430 812; x_wconf 78' lang='lat' dir='ltr'>mentlS.</span> 
     </span>
    </p>
   </div>
   <div class='ocr_carea' id='block_1_4' title="bbox 336 833 2264 892">
    <p class='ocr_par' dir='ltr' id='par_1_5' title="bbox 336 833 2264 892">
     <span class='ocr_line' id='line_1_10' title="bbox 336 833 2264 892; baseline 0.002 -13"><span class='ocrx_word' id='word_1_78' title='bbox 336 835 412 878; x_wconf 86' lang='lat' dir='ltr'>AD</span> <span class='ocrx_word' id='word_1_79' title='bbox 441 847 701 879; x_wconf 79' lang='lat' dir='ltr'>SECUNDUM</span> <span class='ocrx_word' id='word_1_80' title='bbox 729 833 989 888; x_wconf 88' lang='lat' dir='ltr'>dicendum,</span> <span class='ocrx_word' id='word_1_81' title='bbox 1022 833 1144 892; x_wconf 92' lang='lat' dir='ltr'>quod</span> <span class='ocrx_word' id='word_1_82' title='bbox 1177 833 1350 888; x_wconf 89' lang='lat' dir='ltr'>furiosi,</span> <span class='ocrx_word' id='word_1_83' title='bbox 1376 834 1450 878; x_wconf 85' lang='lat' dir='ltr'>vel</span> <span class='ocrx_word' id='word_1_84' title='bbox 1478 845 1682 880; x_wconf 85' lang='lat' dir='ltr'>amentes</span> <span class='ocrx_word' id='word_1_85' title='bbox 1716 841 1871 881; x_wconf 83' lang='lat' dir='ltr'>carent</span> <span class='ocrx_word' id='word_1_86' title='bbox 1900 850 1984 882; x_wconf 88' lang='lat' dir='ltr'>usu</span> <span class='ocrx_word' id='word_1_87' title='bbox 2020 837 2211 882; x_wconf 89' lang='lat' dir='ltr'>rationis</span> <span class='ocrx_word' id='word_1_88' title='bbox 2261 834 2264 838; x_wconf 72' lang='grc'>’</span> 
     </span>
    </p>
   </div>
   <div class='ocr_carea' id='block_1_5' title="bbox 246 900 2218 1431">
    <p class='ocr_par' dir='ltr' id='par_1_6' title="bbox 246 900 2213 1081">
     <span class='ocr_line' id='line_1_11' title="bbox 246 900 2212 962; baseline 0.002 -17"><span class='ocrx_word' id='word_1_89' title='bbox 246 916 326 961; x_wconf 88' lang='lat' dir='ltr'>per</span> <span class='ocrx_word' id='word_1_90' title='bbox 353 902 578 955; x_wconf 90' lang='lat' dir='ltr'>accidens,</span> <span class='ocrx_word' id='word_1_91' title='bbox 602 900 777 945; x_wconf 91' lang='lat' dir='ltr'>scilicet</span> <span class='ocrx_word' id='word_1_92' title='bbox 802 910 985 960; x_wconf 89' lang='lat' dir='ltr'>propter</span> <span class='ocrx_word' id='word_1_93' title='bbox 1012 900 1196 960; x_wconf 85' lang='lat' dir='ltr'>aliquod</span> <span class='ocrx_word' id='word_1_94' title='bbox 1229 901 1609 960; x_wconf 88' lang='lat' dir='ltr'>impedimentum</span> <span class='ocrx_word' id='word_1_95' title='bbox 1638 903 1800 961; x_wconf 86' lang='lat' dir='ltr'>organi</span> <span class='ocrx_word' id='word_1_96' title='bbox 1826 903 2092 962; x_wconf 87' lang='lat' dir='ltr'>corporalis,</span> <span class='ocrx_word' id='word_1_97' title='bbox 2117 918 2212 949; x_wconf 89' lang='lat' dir='ltr'>non</span> 
     </span>
     <span class='ocr_line' id='line_1_12' title="bbox 247 967 2213 1028; baseline 0.002 -15"><span class='ocrx_word' id='word_1_98' title='bbox 247 978 400 1013; x_wconf 88' lang='lat' dir='ltr'>autem</span> <span class='ocrx_word' id='word_1_99' title='bbox 429 978 612 1028; x_wconf 90' lang='lat' dir='ltr'>propter</span> <span class='ocrx_word' id='word_1_100' title='bbox 638 967 867 1012; x_wconf 89' lang='lat' dir='ltr'>defectum</span> <span class='ocrx_word' id='word_1_101' title='bbox 894 968 1075 1012; x_wconf 88' lang='lat' dir='ltr'>animae</span> <span class='ocrx_word' id='word_1_102' title='bbox 1100 968 1352 1023; x_wconf 89' lang='lat' dir='ltr'>rationalis,</span> <span class='ocrx_word' id='word_1_103' title='bbox 1379 970 1494 1013; x_wconf 89' lang='lat' dir='ltr'>sicut</span> <span class='ocrx_word' id='word_1_104' title='bbox 1525 970 1657 1013; x_wconf 90' lang='lat' dir='ltr'>bruta</span> <span class='ocrx_word' id='word_1_105' title='bbox 1689 969 1932 1015; x_wconf 88' lang='lat' dir='ltr'>animalia:</span> <span class='ocrx_word' id='word_1_106' title='bbox 1966 970 2087 1016; x_wconf 90' lang='lat' dir='ltr'>unde</span> <span class='ocrx_word' id='word_1_107' title='bbox 2117 985 2213 1017; x_wconf 92' lang='lat' dir='ltr'>non</span> 
     </span>
     <span class='ocr_line' id='line_1_13' title="bbox 247 1035 845 1081; baseline 0.002 -1"><span class='ocrx_word' id='word_1_108' title='bbox 247 1046 314 1080; x_wconf 90' lang='lat' dir='ltr'>est</span> <span class='ocrx_word' id='word_1_109' title='bbox 346 1036 401 1079; x_wconf 90' lang='lat' dir='ltr'>de</span> <span class='ocrx_word' id='word_1_110' title='bbox 427 1036 498 1079; x_wconf 89' lang='lat' dir='ltr'>his</span> <span class='ocrx_word' id='word_1_111' title='bbox 524 1035 687 1079; x_wconf 86' lang='lat' dir='ltr'>similis</span> <span class='ocrx_word' id='word_1_112' title='bbox 714 1035 845 1081; x_wconf 88' lang='lat' dir='ltr'>ratio.</span> 
     </span>
    </p>

    <p class='ocr_par' dir='ltr' id='par_1_7' title="bbox 247 1101 2218 1431">
     <span class='ocr_line' id='line_1_14' title="bbox 337 1101 2218 1165; baseline 0.002 -18"><span class='ocrx_word' id='word_1_113' title='bbox 337 1104 414 1147; x_wconf 86' lang='lat' dir='ltr'>AD</span> <span class='ocrx_word' id='word_1_114' title='bbox 441 1115 658 1147; x_wconf 79' lang='lat' dir='ltr'>TERTIUM</span> <span class='ocrx_word' id='word_1_115' title='bbox 691 1102 950 1155; x_wconf 90' lang='lat' dir='ltr'>dicendum,</span> <span class='ocrx_word' id='word_1_116' title='bbox 979 1101 1102 1160; x_wconf 93' lang='lat' dir='ltr'>quod</span> <span class='ocrx_word' id='word_1_117' title='bbox 1131 1101 1411 1146; x_wconf 86' lang='lat' dir='ltr'>dormientes</span> <span class='ocrx_word' id='word_1_118' title='bbox 1436 1117 1531 1147; x_wconf 92' lang='lat' dir='ltr'>non</span> <span class='ocrx_word' id='word_1_119' title='bbox 1557 1113 1662 1148; x_wconf 91' lang='lat' dir='ltr'>sunt</span> <span class='ocrx_word' id='word_1_120' title='bbox 1686 1103 1958 1163; x_wconf 88' lang='lat' dir='ltr'>baptizandi,</span> <span class='ocrx_word' id='word_1_121' title='bbox 1989 1105 2078 1150; x_wconf 92' lang='lat' dir='ltr'>nisi</span> <span class='ocrx_word' id='word_1_122' title='bbox 2106 1105 2218 1165; x_wconf 87' lang='lat' dir='ltr'>peri-</span> 
     </span>
     <span class='ocr_line' id='line_1_15' title="bbox 247 1169 2216 1229; baseline 0.002 -15"><span class='ocrx_word' id='word_1_123' title='bbox 247 1169 403 1214; x_wconf 91' lang='lat' dir='ltr'>culum</span> <span class='ocrx_word' id='word_1_124' title='bbox 430 1170 591 1214; x_wconf 91' lang='lat' dir='ltr'>mortis</span> <span class='ocrx_word' id='word_1_125' title='bbox 617 1169 879 1213; x_wconf 89' lang='lat' dir='ltr'>immineat:</span> <span class='ocrx_word' id='word_1_126' title='bbox 904 1169 950 1212; x_wconf 89' lang='lat' dir='ltr'>in</span> <span class='ocrx_word' id='word_1_127' title='bbox 974 1183 1064 1227; x_wconf 89' lang='lat' dir='ltr'>quo</span> <span class='ocrx_word' id='word_1_128' title='bbox 1090 1182 1197 1212; x_wconf 88' lang='lat' dir='ltr'>casu</span> <span class='ocrx_word' id='word_1_129' title='bbox 1219 1169 1434 1228; x_wconf 87' lang='lat' dir='ltr'>baptizari</span> <span class='ocrx_word' id='word_1_130' title='bbox 1455 1170 1632 1224; x_wconf 87' lang='lat' dir='ltr'>debent,</span> <span class='ocrx_word' id='word_1_131' title='bbox 1651 1171 1689 1214; x_wconf 85' lang='lat' dir='ltr'>si</span> <span class='ocrx_word' id='word_1_132' title='bbox 1710 1171 1829 1229; x_wconf 86' lang='lat' dir='ltr'>prius</span> <span class='ocrx_word' id='word_1_133' title='bbox 1852 1171 1900 1215; x_wconf 89' lang='lat' dir='ltr'>in</span> <span class='ocrx_word' id='word_1_134' title='bbox 1923 1171 1986 1216; x_wconf 86' lang='lat' dir='ltr'>eis</span> <span class='ocrx_word' id='word_1_135' title='bbox 2003 1171 2216 1217; x_wconf 89' lang='lat' dir='ltr'>voluntas</span> 
     </span>
     <span class='ocr_line' id='line_1_16' title="bbox 248 1236 2215 1299; baseline 0.002 -18"><span class='ocrx_word' id='word_1_136' title='bbox 248 1238 455 1296; x_wconf 83' lang='lat' dir='ltr'>apparuit</span> <span class='ocrx_word' id='word_1_137' title='bbox 471 1237 747 1295; x_wconf 75' lang='lat' dir='ltr'>suscipiendi</span> <span class='ocrx_word' id='word_1_138' title='bbox 759 1237 1052 1295; x_wconf 78' lang='lat' dir='ltr'>baptismum</span> <span class='ocrx_word' id='word_1_139' title='bbox 1066 1236 1183 1279; x_wconf 90' lang='lat' dir='ltr'>sicut</span> <span class='ocrx_word' id='word_1_140' title='bbox 1200 1246 1243 1279; x_wconf 88' lang='lat' dir='ltr'>et</span> <span class='ocrx_word' id='word_1_141' title='bbox 1261 1237 1316 1279; x_wconf 88' lang='lat' dir='ltr'>de</span> <span class='ocrx_word' id='word_1_142' title='bbox 1335 1237 1590 1281; x_wconf 83' lang='lat' dir='ltr'>amentibus</span> <span class='ocrx_word' id='word_1_143' title='bbox 1614 1237 1786 1282; x_wconf 89' lang='lat' dir='ltr'>dictum</span> <span class='ocrx_word' id='word_1_144' title='bbox 1806 1248 1873 1283; x_wconf 89' lang='lat' dir='ltr'>est</span> <span class='ocrx_word' id='word_1_145' title='bbox 1889 1239 1956 1297; x_wconf 87' lang='lat' dir='ltr'>(in</span> <span class='ocrx_word' id='word_1_146' title='bbox 1966 1247 2078 1299; x_wconf 84' lang='lat' dir='ltr'>corp.</span> <span class='ocrx_word' id='word_1_147' title='bbox 2091 1241 2215 1297; x_wconf 83' lang='lat' dir='ltr'>art.)‚·</span> 
     </span>
     <span class='ocr_line' id='line_1_17' title="bbox 247 1301 2218 1366; baseline 0.002 -17"><span class='ocrx_word' id='word_1_148' title='bbox 247 1306 364 1349; x_wconf 86' lang='lat' dir='ltr'>sicut</span> <span class='ocrx_word' id='word_1_149' title='bbox 385 1305 580 1363; x_wconf 87' lang='lat' dir='ltr'>August.</span> <span class='ocrx_word' id='word_1_150' title='bbox 602 1315 755 1348; x_wconf 88' lang='lat' dir='ltr'>narrat</span> <span class='ocrx_word' id='word_1_151' title='bbox 777 1304 823 1347; x_wconf 89' lang='lat' dir='ltr'>in</span> <span class='ocrx_word' id='word_1_152' title='bbox 844 1316 886 1359; x_wconf 86' lang='lat'>4.</span> <span class='ocrx_word' id='word_1_153' title='bbox 910 1303 986 1348; x_wconf 91' lang='lat' dir='ltr'>lib.</span> <span class='ocrx_word' id='word_1_154' title='bbox 1012 1301 1148 1347; x_wconf 92' lang='lat' dir='ltr'>Conf.</span> <span class='ocrx_word' id='word_1_155' title='bbox 1169 1303 1267 1361; x_wconf 85' lang='lat' dir='ltr'>(loc.</span> <span class='ocrx_word' id='word_1_156' title='bbox 1286 1311 1373 1362; x_wconf 80' lang='lat' dir='ltr'>sup.</span> <span class='ocrx_word' id='word_1_157' title='bbox 1392 1306 1446 1348; x_wconf 81' lang='lat' dir='ltr'>cit</span> <span class='ocrx_word' id='word_1_158' title='bbox 1450 1304 1483 1362; x_wconf 93' lang='lat'>.)</span> <span class='ocrx_word' id='word_1_159' title='bbox 1506 1304 1561 1349; x_wconf 92' lang='lat' dir='ltr'>de</span> <span class='ocrx_word' id='word_1_160' title='bbox 1585 1305 1736 1349; x_wconf 89' lang='lat' dir='ltr'>amico</span> <span class='ocrx_word' id='word_1_161' title='bbox 1755 1319 1854 1359; x_wconf 89' lang='lat' dir='ltr'>suo,</span> <span class='ocrx_word' id='word_1_162' title='bbox 1872 1305 1951 1365; x_wconf 91' lang='lat' dir='ltr'>qui</span> <span class='ocrx_word' id='word_1_163' title='bbox 1965 1306 2218 1366; x_wconf 86' lang='lat' dir='ltr'>baptizatus</span> 
     </span>
     <span class='ocr_line' id='line_1_18' title="bbox 248 1369 1263 1431; baseline -0.003 -14"><span class='ocrx_word' id='word_1_164' title='bbox 248 1382 315 1417; x_wconf 89' lang='lat' dir='ltr'>est</span> <span class='ocrx_word' id='word_1_165' title='bbox 339 1372 565 1427; x_wconf 89' lang='lat' dir='ltr'>nesciens,</span> <span class='ocrx_word' id='word_1_166' title='bbox 591 1382 777 1431; x_wconf 89' lang='lat' dir='ltr'>propter</span> <span class='ocrx_word' id='word_1_167' title='bbox 802 1369 1060 1430; x_wconf 88' lang='lat' dir='ltr'>periculum</span> <span class='ocrx_word' id='word_1_168' title='bbox 1087 1370 1263 1414; x_wconf 88' lang='lat' dir='ltr'>mortis.</span> 
     </span>
    </p>
   </div>
   <div class='ocr_carea' id='block_1_6' title="bbox 868 1709 1599 1788">
    <p class='ocr_par' dir='ltr' id='par_1_8' title="bbox 868 1709 1599 1788">
     <span class='ocr_line' id='line_1_19' title="bbox 868 1709 1599 1788; baseline -0.003 -17"><span class='ocrx_word' id='word_1_169' title='bbox 868 1709 1316 1788; x_wconf 75' lang='lat' dir='ltr'>QUAESTIO</span> <span class='ocrx_word' id='word_1_170' title='bbox 1368 1709 1599 1770; x_wconf 84' lang='lat' dir='ltr'>LXIX.</span> 
     </span>
    </p>
   </div>
   <div class='ocr_carea' id='block_1_7' title="bbox 361 1865 2118 1916">
    <p class='ocr_par' dir='ltr' id='par_1_9' title="bbox 361 1865 2118 1916">
     <span class='ocr_line' id='line_1_20' title="bbox 361 1865 2118 1916; baseline -0.001 -8"><span class='ocrx_word' id='word_1_171' title='bbox 361 1868 442 1908; x_wconf 92' lang='lat' dir='ltr'>DE</span> <span class='ocrx_word' id='word_1_172' title='bbox 474 1868 548 1908; x_wconf 92' lang='lat' dir='ltr'>EF</span> <span class='ocrx_word' id='word_1_173' title='bbox 550 1867 584 1907; x_wconf 93' lang='lat' dir='ltr'><strong>F</strong></span> <span class='ocrx_word' id='word_1_174' title='bbox 586 1867 833 1908; x_wconf 90' lang='lat' dir='ltr'>ECTIBUS</span> <span class='ocrx_word' id='word_1_175' title='bbox 866 1866 1160 1916; x_wconf 88' lang='lat' dir='ltr'>BAPTISMI,</span> <span class='ocrx_word' id='word_1_176' title='bbox 1197 1865 1264 1906; x_wconf 93' lang='lat' dir='ltr'>IN</span> <span class='ocrx_word' id='word_1_177' title='bbox 1295 1866 1501 1907; x_wconf 90' lang='lat' dir='ltr'>DECEM</span> <span class='ocrx_word' id='word_1_178' title='bbox 1533 1865 1866 1908; x_wconf 90' lang='lat' dir='ltr'>ARTICULOS</span> <span class='ocrx_word' id='word_1_179' title='bbox 1895 1865 2118 1908; x_wconf 87' lang='lat' dir='ltr'>DIVISA.</span> 
     </span>
    </p>
   </div>
   <div class='ocr_carea' id='block_1_8' title="bbox 341 2043 1625 2104">
    <p class='ocr_par' dir='ltr' id='par_1_10' title="bbox 341 2043 1625 2104">
     <span class='ocr_line' id='line_1_21' title="bbox 341 2043 1625 2104; baseline -0.001 -14"><span class='ocrx_word' id='word_1_180' title='bbox 341 2045 521 2092; x_wconf 90' lang='lat' dir='ltr'>Deinde</span> <span class='ocrx_word' id='word_1_181' title='bbox 549 2045 935 2091; x_wconf 82' lang='lat' dir='ltr'>considerandum</span> <span class='ocrx_word' id='word_1_182' title='bbox 962 2055 1030 2090; x_wconf 89' lang='lat' dir='ltr'>est</span> <span class='ocrx_word' id='word_1_183' title='bbox 1056 2045 1112 2090; x_wconf 88' lang='lat' dir='ltr'>de</span> <span class='ocrx_word' id='word_1_184' title='bbox 1138 2043 1372 2090; x_wconf 84' lang='lat' dir='ltr'>effectibus</span> <span class='ocrx_word' id='word_1_185' title='bbox 1398 2044 1625 2104; x_wconf 87' lang='lat' dir='ltr'>baptismi.</span> 
     </span>
    </p>
   </div>
   <div class='ocr_carea' id='block_1_9' title="bbox 867 2156 1619 2217">
    <p class='ocr_par' dir='ltr' id='par_1_11' title="bbox 867 2156 1619 2217">
     <span class='ocr_line' id='line_1_22' title="bbox 867 2156 1619 2217; baseline -0.003 -13"><span class='ocrx_word' id='word_1_186' title='bbox 867 2160 924 2204; x_wconf 89' lang='lat' dir='ltr'>Et</span> <span class='ocrx_word' id='word_1_187' title='bbox 949 2161 1064 2204; x_wconf 80' lang='lat' dir='ltr'>circa</span> <span class='ocrx_word' id='word_1_188' title='bbox 1090 2159 1163 2203; x_wconf 80' lang='lat' dir='ltr'>hoc</span> <span class='ocrx_word' id='word_1_189' title='bbox 1186 2164 1445 2217; x_wconf 81' lang='lat' dir='ltr'>quaeruntur</span> <span class='ocrx_word' id='word_1_190' title='bbox 1469 2156 1619 2203; x_wconf 79' lang='lat' dir='ltr'>decem.</span> 
     </span>
    </p>
   </div>
   <div class='ocr_carea' id='block_1_10' title="bbox 322 2246 2224 2909">
    <p class='ocr_par' dir='ltr' id='par_1_12' title="bbox 344 2246 1818 2308">
     <span class='ocr_line' id='line_1_23' title="bbox 344 2246 1818 2308; baseline -0.002 -16"><span class='ocrx_word' id='word_1_191' title='bbox 344 2248 516 2292; x_wconf 84' lang='lat' dir='ltr'>Primo.</span> <span class='ocrx_word' id='word_1_192' title='bbox 545 2247 712 2292; x_wconf 88' lang='lat' dir='ltr'>Utrum</span> <span class='ocrx_word' id='word_1_193' title='bbox 739 2262 816 2308; x_wconf 89' lang='lat' dir='ltr'>per</span> <span class='ocrx_word' id='word_1_194' title='bbox 840 2248 1120 2307; x_wconf 90' lang='lat' dir='ltr'>baptismum</span> <span class='ocrx_word' id='word_1_195' title='bbox 1147 2246 1407 2292; x_wconf 87' lang='lat' dir='ltr'>auferantur</span> <span class='ocrx_word' id='word_1_196' title='bbox 1433 2246 1589 2290; x_wconf 87' lang='lat' dir='ltr'>omnia</span> <span class='ocrx_word' id='word_1_197' title='bbox 1615 2254 1818 2304; x_wconf 87' lang='lat' dir='ltr'>peccata.</span> 
     </span>
    </p>

    <p class='ocr_par' dir='ltr' id='par_1_13' title="bbox 348 2312 2019 2374">
     <span class='ocr_line' id='line_1_24' title="bbox 348 2312 2019 2374; baseline -0.001 -15"><span class='ocrx_word' id='word_1_198' title='bbox 348 2316 578 2360; x_wconf 87' lang='lat' dir='ltr'>Secundo.</span> <span class='ocrx_word' id='word_1_199' title='bbox 599 2316 773 2372; x_wconf 88' lang='lat' dir='ltr'>Utrum</span> <span class='ocrx_word' id='word_1_200' title='bbox 799 2331 879 2374; x_wconf 92' lang='lat' dir='ltr'>per</span> <span class='ocrx_word' id='word_1_201' title='bbox 899 2315 1178 2374; x_wconf 89' lang='lat' dir='ltr'>baptismum</span> <span class='ocrx_word' id='word_1_202' title='bbox 1203 2314 1420 2358; x_wconf 88' lang='lat' dir='ltr'>liberetur</span> <span class='ocrx_word' id='word_1_203' title='bbox 1444 2314 1590 2358; x_wconf 84' lang='lat' dir='ltr'>ho&#39;mo</span> <span class='ocrx_word' id='word_1_204' title='bbox 1619 2313 1672 2357; x_wconf 92' lang='lat' dir='ltr'>ab</span> <span class='ocrx_word' id='word_1_205' title='bbox 1701 2312 1829 2357; x_wconf 92' lang='lat' dir='ltr'>omni</span> <span class='ocrx_word' id='word_1_206' title='bbox 1853 2325 2019 2372; x_wconf 87' lang='lat' dir='ltr'>poena.</span> 
     </span>
    </p>

    <p class='ocr_par' dir='ltr' id='par_1_14' title="bbox 347 2379 1840 2441">
     <span class='ocr_line' id='line_1_25' title="bbox 347 2379 1840 2441; baseline -0.001 -15"><span class='ocrx_word' id='word_1_207' title='bbox 347 2381 522 2426; x_wconf 86' lang='lat' dir='ltr'>Tertio.</span> <span class='ocrx_word' id='word_1_208' title='bbox 551 2382 719 2426; x_wconf 91' lang='lat' dir='ltr'>Utrum</span> <span class='ocrx_word' id='word_1_209' title='bbox 743 2382 993 2441; x_wconf 86' lang='lat' dir='ltr'>baptismus</span> <span class='ocrx_word' id='word_1_210' title='bbox 1022 2381 1194 2426; x_wconf 91' lang='lat' dir='ltr'>auferat</span> <span class='ocrx_word' id='word_1_211' title='bbox 1220 2379 1520 2440; x_wconf 87' lang='lat' dir='ltr'>poenalitates</span> <span class='ocrx_word' id='word_1_212' title='bbox 1546 2380 1681 2437; x_wconf 88' lang='lat' dir='ltr'>hujus</span> <span class='ocrx_word' id='word_1_213' title='bbox 1706 2379 1840 2424; x_wconf 88' lang='lat' dir='ltr'>vitae.</span> 
     </span>
    </p>

    <p class='ocr_par' dir='ltr' id='par_1_15' title="bbox 349 2446 2151 2574">
     <span class='ocr_line' id='line_1_26' title="bbox 349 2446 2151 2509; baseline -0.001 -16"><span class='ocrx_word' id='word_1_214' title='bbox 349 2448 544 2502; x_wconf 84' lang='lat' dir='ltr'>Quarto.</span> <span class='ocrx_word' id='word_1_215' title='bbox 572 2449 739 2493; x_wconf 91' lang='lat' dir='ltr'>Utrum</span> <span class='ocrx_word' id='word_1_216' title='bbox 765 2464 845 2508; x_wconf 92' lang='lat' dir='ltr'>per</span> <span class='ocrx_word' id='word_1_217' title='bbox 868 2449 1147 2508; x_wconf 90' lang='lat' dir='ltr'>baptismum</span> <span class='ocrx_word' id='word_1_218' title='bbox 1175 2447 1466 2492; x_wconf 87' lang='lat' dir='ltr'>conferantur</span> <span class='ocrx_word' id='word_1_219' title='bbox 1491 2447 1672 2490; x_wconf 90' lang='lat' dir='ltr'>homini</span> <span class='ocrx_word' id='word_1_220' title='bbox 1699 2447 1858 2506; x_wconf 86' lang='lat' dir='ltr'>gratia,</span> <span class='ocrx_word' id='word_1_221' title='bbox 1885 2455 1930 2492; x_wconf 87' lang='lat' dir='ltr'>et</span> <span class='ocrx_word' id='word_1_222' title='bbox 1949 2446 2151 2509; x_wconf 72' lang='lat' dir='ltr'>virtutes.</span> 
     </span>
     <span class='ocr_line' id='line_1_27' title="bbox 349 2512 2013 2574; baseline -0.001 -14"><span class='ocrx_word' id='word_1_223' title='bbox 349 2516 541 2569; x_wconf 87' lang='lat' dir='ltr'>Quint0.</span> <span class='ocrx_word' id='word_1_224' title='bbox 568 2516 639 2560; x_wconf 90' lang='lat' dir='ltr'>De</span> <span class='ocrx_word' id='word_1_225' title='bbox 667 2515 901 2560; x_wconf 87' lang='lat' dir='ltr'>effectibus</span> <span class='ocrx_word' id='word_1_226' title='bbox 927 2518 1162 2569; x_wconf 84' lang='lat' dir='ltr'>virtutum,</span> <span class='ocrx_word' id='word_1_227' title='bbox 1189 2515 1266 2574; x_wconf 92' lang='lat' dir='ltr'>qui</span> <span class='ocrx_word' id='word_1_228' title='bbox 1291 2529 1371 2574; x_wconf 91' lang='lat' dir='ltr'>per</span> <span class='ocrx_word' id='word_1_229' title='bbox 1396 2514 1676 2572; x_wconf 90' lang='lat' dir='ltr'>baptismum</span> <span class='ocrx_word' id='word_1_230' title='bbox 1705 2512 2013 2558; x_wconf 86' lang='lat' dir='ltr'>conferuntur.</span> 
     </span>
    </p>

    <p class='ocr_par' dir='ltr' id='par_1_16' title="bbox 322 2578 2224 2842">
     <span class='ocr_line' id='line_1_28' title="bbox 349 2578 2170 2641; baseline -0.001 -14"><span class='ocrx_word' id='word_1_231' title='bbox 349 2583 503 2628; x_wconf 80' lang='lat' dir='ltr'>Sexto.</span> <span class='ocrx_word' id='word_1_232' title='bbox 531 2583 698 2627; x_wconf 84' lang='lat' dir='ltr'>Utrum</span> <span class='ocrx_word' id='word_1_233' title='bbox 727 2583 862 2627; x_wconf 89' lang='lat' dir='ltr'>etiam</span> <span class='ocrx_word' id='word_1_234' title='bbox 887 2582 1064 2641; x_wconf 88' lang='lat' dir='ltr'>parvuli</span> <span class='ocrx_word' id='word_1_235' title='bbox 1090 2585 1135 2626; x_wconf 91' lang='lat' dir='ltr'>in</span> <span class='ocrx_word' id='word_1_236' title='bbox 1161 2581 1388 2641; x_wconf 87' lang='lat' dir='ltr'>baptismo</span> <span class='ocrx_word' id='word_1_237' title='bbox 1416 2581 1625 2640; x_wconf 87' lang='lat' dir='ltr'>gratiam,</span> <span class='ocrx_word' id='word_1_238' title='bbox 1648 2590 1693 2625; x_wconf 88' lang='lat' dir='ltr'>et</span> <span class='ocrx_word' id='word_1_239' title='bbox 1717 2580 1904 2625; x_wconf 89' lang='lat' dir='ltr'>virtutes</span> <span class='ocrx_word' id='word_1_240' title='bbox 1930 2578 2170 2641; x_wconf 82' lang='lat' dir='ltr'>accipiant.</span> 
     </span>
     <span class='ocr_line' id='line_1_29' title="bbox 349 2646 2224 2709; baseline -0.001 -15"><span class='ocrx_word' id='word_1_241' title='bbox 349 2650 571 2709; x_wconf 87' lang='lat' dir='ltr'>Septimo.</span> <span class='ocrx_word' id='word_1_242' title='bbox 600 2650 767 2694; x_wconf 84' lang='lat' dir='ltr'>Utrum</span> <span class='ocrx_word' id='word_1_243' title='bbox 789 2664 868 2709; x_wconf 90' lang='lat' dir='ltr'>per</span> <span class='ocrx_word' id='word_1_244' title='bbox 889 2650 1168 2707; x_wconf 87' lang='lat' dir='ltr'>baptismum</span> <span class='ocrx_word' id='word_1_245' title='bbox 1188 2649 1412 2707; x_wconf 84' lang='lat' dir='ltr'>aperiatur</span> <span class='ocrx_word' id='word_1_246' title='bbox 1428 2648 1663 2706; x_wconf 85' lang='lat' dir='ltr'>baptizatis</span> <span class='ocrx_word' id='word_1_247' title='bbox 1688 2649 1824 2706; x_wconf 86' lang='lat' dir='ltr'>janua</span> <span class='ocrx_word' id='word_1_248' title='bbox 1850 2648 1981 2707; x_wconf 84' lang='lat' dir='ltr'>regni</span> <span class='ocrx_word' id='word_1_249' title='bbox 1997 2646 2224 2693; x_wconf 83' lang='lat' dir='ltr'>coelestis.</span> 
     </span>
     <span class='ocr_line' id='line_1_30' title="bbox 351 2714 2224 2776; baseline -0.002 -14"><span class='ocrx_word' id='word_1_250' title='bbox 351 2718 548 2762; x_wconf 87' lang='lat' dir='ltr'>Octavo.</span> <span class='ocrx_word' id='word_1_251' title='bbox 569 2717 734 2761; x_wconf 90' lang='lat' dir='ltr'>Utrum</span> <span class='ocrx_word' id='word_1_252' title='bbox 754 2717 1006 2775; x_wconf 87' lang='lat' dir='ltr'>baptismus</span> <span class='ocrx_word' id='word_1_253' title='bbox 1025 2716 1265 2775; x_wconf 83' lang='lat' dir='ltr'>aequalem</span> <span class='ocrx_word' id='word_1_254' title='bbox 1279 2715 1492 2759; x_wconf 85' lang='lat' dir='ltr'>effectum</span> <span class='ocrx_word' id='word_1_255' title='bbox 1505 2715 1672 2759; x_wconf 85' lang='lat' dir='ltr'>habeat</span> <span class='ocrx_word' id='word_1_256' title='bbox 1682 2715 1729 2759; x_wconf 88' lang='lat' dir='ltr'>in</span> <span class='ocrx_word' id='word_1_257' title='bbox 1740 2715 1953 2760; x_wconf 87' lang='lat' dir='ltr'>omnibus</span> <span class='ocrx_word' id='word_1_258' title='bbox 1972 2714 2224 2776; x_wconf 85' lang='lat' dir='ltr'>baptizatis.</span> 
     </span>
     <span class='ocr_line' id='line_1_31' title="bbox 322 2782 1589 2842; baseline -0.003 -13"><span class='ocrx_word' id='word_1_259' title='bbox 322 2815 325 2818; x_wconf 67' lang='grc'><em>»</em></span> <span class='ocrx_word' id='word_1_260' title='bbox 350 2785 505 2829; x_wconf 91' lang='lat' dir='ltr'>Nono.</span> <span class='ocrx_word' id='word_1_261' title='bbox 531 2784 699 2828; x_wconf 90' lang='lat' dir='ltr'>Utrum</span> <span class='ocrx_word' id='word_1_262' title='bbox 726 2783 850 2828; x_wconf 89' lang='lat' dir='ltr'>fictio</span> <span class='ocrx_word' id='word_1_263' title='bbox 877 2783 1097 2842; x_wconf 87' lang='lat' dir='ltr'>impediat</span> <span class='ocrx_word' id='word_1_264' title='bbox 1123 2782 1336 2826; x_wconf 85' lang='lat' dir='ltr'>effectum</span> <span class='ocrx_word' id='word_1_265' title='bbox 1363 2782 1589 2840; x_wconf 84' lang='lat' dir='ltr'>baptismi.</span> 
     </span>
    </p>

    <p class='ocr_par' dir='ltr' id='par_1_17' title="bbox 351 2848 2190 2909">
     <span class='ocr_line' id='line_1_32' title="bbox 351 2848 2190 2909; baseline -0.001 -12"><span class='ocrx_word' id='word_1_266' title='bbox 351 2853 565 2898; x_wconf 90' lang='lat' dir='ltr'>Decimo.</span> <span class='ocrx_word' id='word_1_267' title='bbox 591 2852 774 2906; x_wconf 88' lang='lat' dir='ltr'>Utrum,</span> <span class='ocrx_word' id='word_1_268' title='bbox 802 2851 1043 2896; x_wconf 87' lang='lat' dir='ltr'>recedente</span> <span class='ocrx_word' id='word_1_269' title='bbox 1068 2850 1268 2904; x_wconf 90' lang='lat' dir='ltr'>fictione,</span> <span class='ocrx_word' id='word_1_270' title='bbox 1294 2850 1545 2909; x_wconf 84' lang='lat' dir='ltr'>baptismus</span> <span class='ocrx_word' id='word_1_271' title='bbox 1572 2849 1774 2895; x_wconf 86' lang='lat' dir='ltr'>obtineat</span> <span class='ocrx_word' id='word_1_272' title='bbox 1799 2864 1934 2895; x_wconf 88' lang='lat' dir='ltr'>suum</span> <span class='ocrx_word' id='word_1_273' title='bbox 1959 2848 2190 2896; x_wconf 84' lang='lat' dir='ltr'>effectum.</span> 
     </span>
    </p>
   </div>
   <div class='ocr_carea' id='block_1_11' title="bbox 1001 3027 2238 3116">
    <p class='ocr_par' dir='ltr' id='par_1_18' title="bbox 1001 2981 2352 3117">
     <span class='ocr_line' id='line_1_33' title="bbox 1001 3027 2238 3116; baseline -0.004 -32"><span class='ocrx_word' id='word_1_274' title='bbox 1001 3029 1436 3087; x_wconf 82' lang='lat' dir='ltr'>ARTICULUS</span> <span class='ocrx_word' id='word_1_275' title='bbox 1480 3030 1522 3085; x_wconf 93' lang='lat'>1.</span> <span class='ocrx_word' id='word_1_276' title='bbox 2140 3027 2238 3116; x_wconf 46' lang='lat'>3953</span> 
     </span>
    </p>
   </div>
   <div class='ocr_carea' id='block_1_12' title="bbox 473 3164 2019 3209">
    <p class='ocr_par' dir='ltr' id='par_1_19' title="bbox 473 3164 2019 3209">
     <span class='ocr_line' id='line_1_34' title="bbox 473 3164 2019 3209; baseline -0.003 0"><span class='ocrx_word' id='word_1_277' title='bbox 473 3167 668 3209; x_wconf 88' lang='lat' dir='ltr'>UTRUM</span> <span class='ocrx_word' id='word_1_278' title='bbox 699 3168 801 3207; x_wconf 90' lang='lat' dir='ltr'>PER</span> <span class='ocrx_word' id='word_1_279' title='bbox 831 3166 1148 3205; x_wconf 83' lang='lat' dir='ltr'>BAPTIS&#39;MUM</span> <span class='ocrx_word' id='word_1_280' title='bbox 1179 3165 1517 3205; x_wconf 81' lang='lat' dir='ltr'>TOLLANTUR</span> <span class='ocrx_word' id='word_1_281' title='bbox 1544 3166 1722 3206; x_wconf 90' lang='lat' dir='ltr'>OMNIA</span> <span class='ocrx_word' id='word_1_282' title='bbox 1747 3164 2019 3206; x_wconf 73' lang='grc' dir='ltr'>ΡΒΟΟΑΤΔ.</span> 
     </span>
    </p>
   </div>
   <div class='ocr_carea' id='block_1_13' title="bbox 283 3235 2242 3339">
    <p class='ocr_par' dir='ltr' id='par_1_20' title="bbox 283 3235 2325 3352">
     <span class='ocr_line' id='line_1_35' title="bbox 283 3235 2242 3339; baseline -0.001 -13"><span class='ocrx_word' id='word_1_283' title='bbox 283 3279 338 3338; x_wconf 85' lang='lat' dir='ltr'>(t.</span> <span class='ocrx_word' id='word_1_284' title='bbox 361 3281 472 3326; x_wconf 80' lang='lat' dir='ltr'>Dist.</span> <span class='ocrx_word' id='word_1_285' title='bbox 495 3294 558 3339; x_wconf 85' lang='lat'>32.</span> <span class='ocrx_word' id='word_1_286' title='bbox 583 3294 621 3339; x_wconf 89' lang='lat' dir='ltr'>q.</span> <span class='ocrx_word' id='word_1_287' title='bbox 643 3295 677 3325; x_wconf 86' lang='lat'><em>1</em></span> <span class='ocrx_word' id='word_1_288' title='bbox 702 3284 780 3324; x_wconf 79' lang='lat' dir='ltr'>art.</span> <span class='ocrx_word' id='word_1_289' title='bbox 804 3293 839 3324; x_wconf 83' lang='lat'>1.</span> <span class='ocrx_word' id='word_1_290' title='bbox 862 3284 958 3335; x_wconf 79' lang='lat' dir='ltr'>et4.</span> <span class='ocrx_word' id='word_1_291' title='bbox 980 3277 1093 3323; x_wconf 84' lang='lat' dir='ltr'>Dist.</span> <span class='ocrx_word' id='word_1_292' title='bbox 1116 3290 1157 3334; x_wconf 88' lang='lat'>4.</span> <span class='ocrx_word' id='word_1_293' title='bbox 1182 3292 1220 3336; x_wconf 90' lang='lat' dir='ltr'>q.</span> <span class='ocrx_word' id='word_1_294' title='bbox 1242 3291 1282 3322; x_wconf 90' lang='lat'>2.</span> <span class='ocrx_word' id='word_1_295' title='bbox 1305 3283 1387 3324; x_wconf 84' lang='lat' dir='ltr'>art.</span> <span class='ocrx_word' id='word_1_296' title='bbox 1406 3293 1440 3322; x_wconf 79' lang='grc' dir='ltr'><strong><em>ι.</em></strong></span> <span class='ocrx_word' id='word_1_297' title='bbox 1459 3292 1497 3335; x_wconf 91' lang='lat' dir='ltr'>q.</span> <span class='ocrx_word' id='word_1_298' title='bbox 1514 3293 1550 3323; x_wconf 87' lang='lat' dir='ltr'>r.</span> <span class='ocrx_word' id='word_1_299' title='bbox 1574 3277 1748 3323; x_wconf 82' lang='lat' dir='ltr'>etDist.</span> <span class='ocrx_word' id='word_1_300' title='bbox 1766 3289 1829 3336; x_wconf 79' lang='lat'>17.</span> <span class='ocrx_word' id='word_1_301' title='bbox 1847 3291 1887 3336; x_wconf 88' lang='lat' dir='ltr'>q.</span> <span class='ocrx_word' id='word_1_302' title='bbox 1904 3291 1942 3337; x_wconf 84' lang='lat'>3.</span> <span class='ocrx_word' id='word_1_303' title='bbox 1964 3281 2095 3336; x_wconf 71' lang='lat' dir='ltr'>art-5.</span> <span class='ocrx_word' id='word_1_304' title='bbox 2112 3290 2152 3336; x_wconf 86' lang='lat' dir='ltr'>q.</span> <span class='ocrx_word' id='word_1_305' title='bbox 2154 3235 2242 3323; x_wconf 53' lang='lat' dir='ltr'>rG</span> 
     </span>
    </p>
   </div>
   <div class='ocr_carea' id='block_1_14' title="bbox 262 3512 2332 3603">
    <p class='ocr_par' dir='ltr' id='par_1_21' title="bbox 262 3512 2332 3603">
     <span class='ocr_line' id='line_1_36' title="bbox 262 3512 2332 3603; baseline -0 -34"><span class='ocrx_word' id='word_1_306' title='bbox 262 3525 420 3569; x_wconf 89' lang='lat' dir='ltr'>omnia</span> <span class='ocrx_word' id='word_1_307' title='bbox 446 3535 656 3585; x_wconf 84' lang='lat' dir='ltr'>peccata:</span> <span class='ocrx_word' id='word_1_308' title='bbox 696 3525 947 3603; x_wconf 88' lang='lat' dir='ltr'>baptismus</span> <span class='ocrx_word' id='word_1_309' title='bbox 980 3522 1103 3568; x_wconf 89' lang='lat' dir='ltr'>enim</span> <span class='ocrx_word' id='word_1_310' title='bbox 1136 3532 1203 3567; x_wconf 89' lang='lat' dir='ltr'>est</span> <span class='ocrx_word' id='word_1_311' title='bbox 1236 3523 1461 3582; x_wconf 87' lang='lat' dir='ltr'>quaedam</span> <span class='ocrx_word' id='word_1_312' title='bbox 1497 3522 1740 3583; x_wconf 87' lang='lat' dir='ltr'>spiritualis</span> <span class='ocrx_word' id='word_1_313' title='bbox 1775 3521 2078 3583; x_wconf 84' lang='lat' dir='ltr'>regeneratio,</span> <span class='ocrx_word' id='word_1_314' title='bbox 2107 3512 2231 3584; x_wconf 64' lang='lat' dir='ltr'>quae.</span> <span class='ocrx_word' id='word_1_315' title='bbox 2283 3522 2289 3546; x_wconf 73' lang='lat'>‘³</span> <span class='ocrx_word' id='word_1_316' title='bbox 2327 3581 2332 3592; x_wconf 39' lang='lat'>‚</span> 
     </span>
    </p>
   </div>
   <div class='ocr_carea' id='block_1_15' title="bbox 546 3343 1949 3404">
    <p class='ocr_par' dir='ltr' id='par_1_22' title="bbox 546 3343 1949 3404">
     <span class='ocr_line' id='line_1_37' title="bbox 546 3343 1949 3404; baseline -0.001 -12"><span class='ocrx_word' id='word_1_317' title='bbox 546 3353 582 3392; x_wconf 82' lang='lat' dir='ltr'>et</span> <span class='ocrx_word' id='word_1_318' title='bbox 607 3347 679 3392; x_wconf 88' lang='lat' dir='ltr'>lib.</span> <span class='ocrx_word' id='word_1_319' title='bbox 705 3360 747 3403; x_wconf 86' lang='lat'>4.</span> <span class='ocrx_word' id='word_1_320' title='bbox 778 3346 924 3391; x_wconf 80' lang='lat' dir='ltr'>Contr.</span> <span class='ocrx_word' id='word_1_321' title='bbox 948 3359 988 3403; x_wconf 86' lang='lat' dir='ltr'>g.</span> <span class='ocrx_word' id='word_1_322' title='bbox 1015 3352 1104 3404; x_wconf 82' lang='lat' dir='ltr'>cap.</span> <span class='ocrx_word' id='word_1_323' title='bbox 1127 3357 1191 3403; x_wconf 86' lang='lat'>57.</span> <span class='ocrx_word' id='word_1_324' title='bbox 1218 3350 1254 3388; x_wconf 80' lang='lat' dir='ltr'>et</span> <span class='ocrx_word' id='word_1_325' title='bbox 1280 3357 1346 3403; x_wconf 92' lang='lat'>72.</span> <span class='ocrx_word' id='word_1_326' title='bbox 1373 3351 1411 3389; x_wconf 74' lang='lat' dir='ltr'>et</span> <span class='ocrx_word' id='word_1_327' title='bbox 1435 3344 1567 3389; x_wconf 82' lang='lat' dir='ltr'>Hebr.</span> <span class='ocrx_word' id='word_1_328' title='bbox 1595 3344 1638 3389; x_wconf 88' lang='lat'>6.</span> <span class='ocrx_word' id='word_1_329' title='bbox 1665 3345 1755 3390; x_wconf 78' lang='lat' dir='ltr'>lect.</span> <span class='ocrx_word' id='word_1_330' title='bbox 1778 3359 1814 3403; x_wconf 84' lang='lat'>3.</span> <span class='ocrx_word' id='word_1_331' title='bbox 1829 3343 1949 3403; x_wconf 74' lang='lat' dir='ltr'>fin.)-</span> 
     </span>
    </p>
   </div>
   <div class='ocr_carea' id='block_1_16' title="bbox 353 3447 2270 3534">
    <p class='ocr_par' dir='ltr' id='par_1_23' title="bbox 353 3447 2270 3534">
     <span class='ocr_line' id='line_1_38' title="bbox 353 3447 2270 3534; baseline 0 -31"><span class='ocrx_word' id='word_1_332' title='bbox 353 3457 429 3503; x_wconf 85' lang='lat' dir='ltr'>An</span> <span class='ocrx_word' id='word_1_333' title='bbox 461 3471 650 3503; x_wconf 67' lang='lat' dir='ltr'>Panium</span> <span class='ocrx_word' id='word_1_334' title='bbox 682 3458 745 3502; x_wconf 93' lang='lat' dir='ltr'>sic</span> <span class='ocrx_word' id='word_1_335' title='bbox 773 3455 1050 3534; x_wconf 89' lang='lat' dir='ltr'>proceditur.</span> <span class='ocrx_word' id='word_1_336' title='bbox 1072 3453 1276 3510; x_wconf 88' lang='lat' dir='ltr'>Videtur,</span> <span class='ocrx_word' id='word_1_337' title='bbox 1303 3455 1425 3515; x_wconf 91' lang='lat' dir='ltr'>quod</span> <span class='ocrx_word' id='word_1_338' title='bbox 1463 3470 1542 3515; x_wconf 90' lang='lat' dir='ltr'>per</span> <span class='ocrx_word' id='word_1_339' title='bbox 1573 3455 1851 3514; x_wconf 89' lang='lat' dir='ltr'>baptismum</span> <span class='ocrx_word' id='word_1_340' title='bbox 1882 3467 1986 3502; x_wconf 87' lang='lat' dir='ltr'>non</span> <span class='ocrx_word' id='word_1_341' title='bbox 2007 3447 2270 3513; x_wconf 72' lang='lat' dir='ltr'>tollantur</span> 
     </span>
    </p>
   </div>
   <div class='ocr_carea' id='block_1_17' title="bbox 262 3588 2223 3653">
    <p class='ocr_par' dir='ltr' id='par_1_24' title="bbox 262 3588 2223 3653">
     <span class='ocr_line' id='line_1_39' title="bbox 262 3588 2223 3653; baseline 0.001 -16"><span class='ocrx_word' id='word_1_342' title='bbox 262 3593 608 3653; x_wconf 85' lang='lat' dir='ltr'>contraponitur</span> <span class='ocrx_word' id='word_1_343' title='bbox 648 3591 936 3653; x_wconf 87' lang='lat' dir='ltr'>generationi</span> <span class='ocrx_word' id='word_1_344' title='bbox 972 3590 1169 3637; x_wconf 86' lang='lat' dir='ltr'>carnali:</span> <span class='ocrx_word' id='word_1_345' title='bbox 1202 3589 1282 3636; x_wconf 87' lang='lat' dir='ltr'>sed</span> <span class='ocrx_word' id='word_1_346' title='bbox 1317 3604 1396 3650; x_wconf 89' lang='lat' dir='ltr'>per</span> <span class='ocrx_word' id='word_1_347' title='bbox 1430 3590 1777 3650; x_wconf 86' lang='lat' dir='ltr'>generationem</span> <span class='ocrx_word' id='word_1_348' title='bbox 1810 3589 2045 3637; x_wconf 76' lang='lat' dir='ltr'>carnalem</span> <span class='ocrx_word' id='word_1_349' title='bbox 2077 3588 2223 3653; x_wconf 75' lang='lat' dir='ltr'>homo</span> 
     </span>
    </p>
   </div>
   <div class='ocr_carea' id='block_1_18' title="bbox 2279 1610 2352 3926">
    <p class='ocr_par' dir='ltr' id='par_1_25' title="bbox 2279 1610 2352 3926">
     <span class='ocr_line' id='line_1_40' title="bbox 2279 1610 2352 3926; baseline 0 0"><span class='ocrx_word' id='word_1_350' title='bbox 2279 1610 2352 3926; x_wconf 95' lang='lat' dir='ltr'>   </span> 
     </span>
    </p>
   </div>
  </div>
 </body>
</html>
