2352 3926
293 226 401 281 570
817 224 1093 270 QUAESTIO
1135 224 1279 263 LXVI.
1313 208 1621 264 ARTICULUS
1658 224 1753 264 XII.

282 323 413 381 Joan.
438 336 525 381 15.:
555 324 766 380 Majorem
784 323 859 366 hac
881 322 1137 368 dilectionem
1153 337 1270 367 nemo
1294 323 1427 378 habet,
1445 337 1571 382 quam
1595 328 1642 367 ut
1664 325 1854 368 animam
1873 338 1992 370 suam
2006 330 2139 384 ponat
2158 327 2249 385 quis

280 398 362 449 pro
390 392 536 434 amicis
556 392 652 434 suis.

379 458 453 501 AD
475 469 663 501 PRIMUM
686 469 796 513 ergo
817 455 1074 510 dicendum,
1093 456 1215 515 quod
1235 456 1470 501 character
1497 467 1564 501 est
1589 471 1674 511 res,
1702 466 1745 501 et
1771 468 2249 506 sacramentumtzaon

290 535 442 567 autem
469 524 677 576 dicimus,
705 523 826 582 quod
851 523 1104 582 baptismus
1131 525 1365 582 sanguinis
1391 525 1797 584 praeeminentiam
1814 525 1982 570 habeat
1997 527 2248 572 secundum

287 591 508 634 rationem
538 589 827 644 sacramenti,
854 590 932 634 sed
964 600 1184 650 quantum
1212 592 1268 635 ad
1294 593 1570 636 sacramenti
1597 591 1825 636 effectum.

376 657 451 701 AD
486 670 746 701 SECUNDUM
791 657 1050 712 dicendum,
1089 659 1211 718 quod
1248 658 1409 703 effusio
1452 658 1686 718 sanguinis
1717 674 1812 704 non
1846 659 1984 705 habet
2022 661 2247 706 rationem

286 723 513 783 baptismi,
547 724 585 768 si
616 724 673 768 sit
704 724 800 769 sine
834 724 1067 769 charitate.
1101 725 1167 769 Ex
1199 740 1290 785 quo
1322 735 1459 786 patet,
1487 726 1609 785 quod
1639 727 1889 785 baptismus
1920 727 2152 786 sanguinis
2186 728 2249 772 in-

286 790 426 834 cludit
450 790 726 849 baptismum
752 790 963 846 flaminis,
990 802 1034 836 et
1049 806 1144 836 non
1166 807 1191 837 e
1210 806 1449 848 converso,
1465 793 1585 837 unde
1612 807 1666 838 ex
1683 793 1774 838 hoc
1795 793 1897 854 ipso
1916 794 2132 854 probatur
2151 809 2246 855 per-

287 857 463 902 fectior.

376 925 453 969 AD
473 937 690 970 TERTIUM
715 925 974 981 dicendum,
992 926 1115 986 quod
1131 925 1382 986 baptismus
1412 927 1645 986 sanguinis
1670 927 2077 987 praeeminentiam
2096 927 2247 984 habet,

286 1006 381 1036 non
406 991 559 1036 solum
591 1007 645 1037 ex
670 1003 798 1052 parte
819 993 1042 1052 passionis
1070 992 1258 1049 Christi,
1284 994 1364 1040 sed
1391 995 1529 1039 etiam
1556 1009 1610 1039 ex
1635 1004 1761 1054 parte
1788 994 1980 1054 Spiritus
2001 995 2174 1052 Sancti,
2198 1006 2249 1041 ut

287 1059 459 1104 dictum
487 1070 555 1104 est
580 1060 648 1118 (in
669 1068 782 1121 corp.
809 1060 931 1119 art).

887 1373 1335 1451 QUAESTIO
1386 1373 1638 1433 LXVII.
1658 1414 1662 1418 ,

308 1529 388 1570 DE
420 1528 738 1579 MINISTRIS,
775 1529 887 1569 PER
919 1527 1075 1579 QUOS
1105 1529 1412 1570 TRADITUR
1445 1527 1722 1569 BAPTISMI
1760 1527 2227 1580 SACRAMENTUM,

827 1619 892 1659 IN
927 1619 1081 1660 OCTO
1114 1618 1444 1659 ARTICULOS
1477 1617 1697 1659 DIVISA.

371 1795 550 1841 Deinde
576 1795 959 1842 considerandum
986 1805 1055 1841 est
1085 1795 1142 1841 de
1169 1795 1401 1851 ministris,
1427 1810 1508 1856 per
1541 1809 1656 1856 quos
1686 1795 1877 1840 traditur
1905 1803 2244 1841 sacramentum

283 1863 510 1923 baptismi.

915 1969 970 2014 Et
991 1969 1105 2014 circa
1131 1968 1205 2013 hoc
1231 1974 1490 2027 quaeruntur
1510 1975 1615 2014 octo.

371 2068 543 2113 Primo.
570 2068 738 2113 Utrum
766 2067 821 2112 ad
849 2068 1095 2112 diaconum
1122 2069 1344 2128 pertineat
1369 2067 1610 2127 baptizare.

372 2135 599 2180 Secundo.
623 2135 791 2180 Utrum
817 2136 1039 2194 pertineat
1066 2135 1121 2179 ad
1148 2136 1476 2194 presbyterum,
1502 2134 1577 2178 vel
1603 2132 1755 2178 solum
1782 2133 1839 2178 ad
1865 2133 2147 2194 episcopum.

372 2201 546 2247 Tertio.
571 2203 737 2247 Utrum
763 2202 906 2247 laicus
933 2203 1076 2262 possit
1101 2213 1441 2247 sacramentum
1463 2201 1676 2261 baptismi
1703 2200 1924 2246 conferre.

371 2269 565 2322 Quarto.
592 2270 758 2315 Utrum
783 2270 875 2314 hoc
897 2270 1040 2329 possit
1064 2269 1215 2314 facere
1242 2269 1420 2313 mulier.

371 2336 561 2389 Quinto.
585 2337 751 2381 Utrum
778 2352 873 2381 non
897 2337 1148 2396 baptizatus
1176 2338 1318 2395 possit
1338 2337 1579 2396 baptizare.

370 2404 524 2449 Sexto.
553 2405 719 2449 Utrum
745 2404 895 2464 plures
921 2405 1098 2463 possint
1123 2404 1258 2449 simul
1283 2404 1509 2463 baptizare
1535 2417 1692 2458 unum,
1720 2412 1765 2448 et
1790 2401 2019 2447 eumdem.

371 2471 593 2532 Septimo.
621 2472 788 2517 Utrum
814 2486 1003 2517 necesse
1030 2472 1087 2516 sit
1114 2471 1310 2531 aliquem
1340 2485 1438 2516 esse
1473 2471 1551 2530 qui
1574 2470 1851 2530 baptizatum
1877 2470 1933 2514 de
1958 2482 2091 2515 sacro
2115 2467 2243 2514 fonte

281 2541 374 2585 reci
407 2540 483 2584 iat.

371 2554 568 2653 getavo.
607 2605 771 2652 Utrum
799 2606 1048 2666 suscipiens
1077 2605 1277 2665 aliquem
1302 2604 1358 2650 de
1391 2619 1523 2650 sacro
1548 2604 1674 2650 fonte
1707 2604 1934 2665 obligetur
1965 2603 2021 2693 ad
2053 2605 2150 2664 ejus
2179 2603 2245 2649 in·

279 2674 594 2722 structionem.

1000 2820 1433 2879 ARTICULUS
1478 2821 1521 2875 1.
2161 2831 2242 2893 37⁶

466 2944 658 2984 UTRUM
696 2943 770 2982 AD
812 2942 1078 2982 OFFICIUM
1117 2941 1352 2982 DIACONI
1390 2940 1699 2981 PERTINEAT
1740 2939 2055 2980 BAPTIZARE.

520 3042 581 3100 (4.
609 3043 902 3101 Dist..5..q2
930 3047 1070 3085 ar..t1
1099 3055 1136 3098 q.
1164 3041 1862 3099 1.etDist........7q3artrq1
1889 3045 2003 3099 corp.

831 3113 867 3153 et
893 3109 1004 3152 Dzst
1030 3121 1084 3167 13.
1108 3122 1145 3165 q.
1174 3121 1212 3151 2.
1237 3113 1378 3166 art.3.
1406 3122 1444 3165 q.
1471 3121 1510 3152 2.
1539 3107 1690 3166 corp..)

368 3215 443 3260 AD
470 3227 658 3260 PR1MUM
691 3213 753 3258 sic
787 3212 1058 3272 proceditur.
1099 3211 1303 3265 Videtur,
1332 3211 1453 3270 quod
1486 3211 1541 3254 ad
1569 3210 1773 3255 officium
1804 3208 1988 3255 diaconi
2016 3207 2243 3269 pertineat

278 3284 526 3344 baptizare:
548 3282 685 3328 simul
703 3283 825 3327 enim
844 3281 1090 3340 injungitur
1112 3294 1137 3323 a
1164 3280 1368 3324 Domino
1388 3279 1591 3324 officium
1610 3278 1900 3337 praedicandi
1921 3276 2241 3336 Evangelium,

279 3362 323 3396 et
347 3351 617 3411 baptizandi,
636 3348 887 3395 secundum
914 3347 1022 3392 illud
1042 3346 1202 3390 Matth.
1222 3346 1323 3392 ult.:
1352 3348 1507 3392 Euntes
1523 3347 1659 3391 docete
1676 3361 1814 3391 omnes
1827 3351 1970 3405 gentes,
1990 3346 2241 3405 baptizantes

278 3435 355 3474 eos,
385 3430 494 3466 etc.:
522 3419 599 3465 sed
627 3418 683 3463 ad
710 3417 914 3463 officium
947 3415 1128 3460 diaconi
1155 3415 1348 3474 pertinet
1383 3414 1720 3474 evangelizare3
1753 3426 1864 3473 ergo
1896 3412 2087 3468 videtur,
2113 3410 2236 3472 quod

279 3488 417 3532 etiam
445 3486 501 3531 ad
529 3485 732 3531 officium
760 3479 941 3529 diaconi
965 3482 1185 3543 pertineat
1209 3482 1450 3541 baptizare.

369 3567 408 3599 2.
432 3554 729 3599 PRAETEREA.
750 3551 1014 3597 Secundum
1035 3549 1227 3609 Dionys.
1261 3562 1295 3607 5.
1326 3563 1423 3607 cap.
1445 3548 1792 3594 Ecclesiasticae
1820 3545 2116 3593 Hierarchiae
2141 3545 2240 3604 (ali-

278 3628 419 3681 quant.
447 3636 472 3666 a
500 3621 726 3682 princip),
754 3633 947 3680 purgare
980 3617 1170 3677 pertinet
1196 3615 1251 3661 ad
1279 3615 1481 3661 officium
1509 3616 1712 3661 diaconi:
1741 3615 1819 3661 sed
1851 3614 2060 3676 purgatio
2087 3626 2113 3658 a
2138 3626 2238 3673 pec·
