<?xml version="1.0" encoding="UTF-8"?>
<!DOCTYPE html PUBLIC "-//W3C//DTD XHTML 1.0 Transitional//EN"
    "http://www.w3.org/TR/xhtml1/DTD/xhtml1-transitional.dtd">
<html xmlns="http://www.w3.org/1999/xhtml" xml:lang="en" lang="en">
 <head>
  <title>
</title>
<meta http-equiv="Content-Type" content="text/html;charset=utf-8" />
  <meta name='ocr-system' content='tesseract 3.04.00' />
  <meta name='ocr-capabilities' content='ocr_page ocr_carea ocr_par ocr_line ocrx_word'/>
</head>
<body>
  <div class='ocr_page' id='page_1' title='image "./divithomaeaquina04thom_0551.png"; bbox 0 0 2352 3926; ppageno 0'>
   <div class='ocr_carea' id='block_1_1' title="bbox 0 0 89 785">
    <p class='ocr_par' dir='ltr' id='par_1_1' title="bbox 0 0 89 785">
     <span class='ocr_line' id='line_1_1' title="bbox 0 0 89 785; baseline 0 3141"><span class='ocrx_word' id='word_1_1' title='bbox 0 0 89 785; x_wconf 95' lang='lat' dir='ltr'> </span> 
     </span>
    </p>
   </div>
   <div class='ocr_carea' id='block_1_2' title="bbox 0 1051 50 3926">
    <p class='ocr_par' dir='ltr' id='par_1_2' title="bbox 0 1051 50 3926">
     <span class='ocr_line' id='line_1_2' title="bbox 0 1051 50 3926; baseline 0 0"><span class='ocrx_word' id='word_1_2' title='bbox 0 1051 50 3926; x_wconf 95' lang='lat' dir='ltr'> </span> 
     </span>
    </p>
   </div>
   <div class='ocr_carea' id='block_1_3' title="bbox 741 127 2163 198">
    <p class='ocr_par' dir='ltr' id='par_1_3' title="bbox 741 127 2163 198">
     <span class='ocr_line' id='line_1_3' title="bbox 741 127 2163 198; baseline -0.001 -17"><span class='ocrx_word' id='word_1_3' title='bbox 741 127 1022 195; x_wconf 65' lang='lat' dir='ltr'>Quaus‘rro</span> <span class='ocrx_word' id='word_1_4' title='bbox 1062 140 1536 182; x_wconf 73' lang='lat' dir='ltr'>va.ART1cur.us</span> <span class='ocrx_word' id='word_1_5' title='bbox 1575 141 1612 179; x_wconf 88' lang='lat'>1.</span> <span class='ocrx_word' id='word_1_6' title='bbox 2048 141 2163 198; x_wconf 84' lang='lat'>547</span> 
     </span>
    </p>
   </div>
   <div class='ocr_carea' id='block_1_4' title="bbox 185 243 2178 1578">
    <p class='ocr_par' dir='ltr' id='par_1_4' title="bbox 185 243 2178 910">
     <span class='ocr_line' id='line_1_4' title="bbox 198 243 2166 309; baseline -0.001 -18"><span class='ocrx_word' id='word_1_7' title='bbox 198 244 285 304; x_wconf 78' lang='lat' dir='ltr'>tuit</span> <span class='ocrx_word' id='word_1_8' title='bbox 305 243 564 304; x_wconf 82' lang='lat' dir='ltr'>specialiter</span> <span class='ocrx_word' id='word_1_9' title='bbox 587 244 843 291; x_wconf 87' lang='lat' dir='ltr'>remedium</span> <span class='ocrx_word' id='word_1_10' title='bbox 867 244 1075 291; x_wconf 81' lang='lat' dir='ltr'>adhiberi</span> <span class='ocrx_word' id='word_1_11' title='bbox 1096 258 1178 305; x_wconf 91' lang='lat' dir='ltr'>per</span> <span class='ocrx_word' id='word_1_12' title='bbox 1202 243 1388 305; x_wconf 84' lang='lat' dir='ltr'>aliquod</span> <span class='ocrx_word' id='word_1_13' title='bbox 1413 252 1776 306; x_wconf 83' lang='lat' dir='ltr'>sacramentum·</span> <span class='ocrx_word' id='word_1_14' title='bbox 1796 243 1942 303; x_wconf 82' lang='lat' dir='ltr'>primo</span> <span class='ocrx_word' id='word_1_15' title='bbox 1965 243 2166 309; x_wconf 80' lang='lat' dir='ltr'>quidem,</span> 
     </span>
     <span class='ocr_line' id='line_1_5' title="bbox 198 309 2178 372; baseline -0.001 -14"><span class='ocrx_word' id='word_1_16' title='bbox 198 311 306 372; x_wconf 82' lang='lat' dir='ltr'>quia</span> <span class='ocrx_word' id='word_1_17' title='bbox 328 326 410 372; x_wconf 86' lang='lat' dir='ltr'>per</span> <span class='ocrx_word' id='word_1_18' title='bbox 434 312 697 371; x_wconf 87' lang='lat' dir='ltr'>hujusmodi</span> <span class='ocrx_word' id='word_1_19' title='bbox 723 312 1144 371; x_wconf 82' lang='lat' dir='ltr'>concupiscentiam</span> <span class='ocrx_word' id='word_1_20' title='bbox 1168 326 1263 357; x_wconf 90' lang='lat' dir='ltr'>non</span> <span class='ocrx_word' id='word_1_21' title='bbox 1289 311 1442 357; x_wconf 88' lang='lat' dir='ltr'>solum</span> <span class='ocrx_word' id='word_1_22' title='bbox 1466 310 1650 356; x_wconf 88' lang='lat' dir='ltr'>vitiatur</span> <span class='ocrx_word' id='word_1_23' title='bbox 1674 324 1885 371; x_wconf 88' lang='lat' dir='ltr'>persona,</span> <span class='ocrx_word' id='word_1_24' title='bbox 1911 309 1991 356; x_wconf 90' lang='lat' dir='ltr'>sed</span> <span class='ocrx_word' id='word_1_25' title='bbox 2024 309 2178 357; x_wconf 84' lang='lat' dir='ltr'>etiam·</span> 
     </span>
     <span class='ocr_line' id='line_1_6' title="bbox 198 376 2152 439; baseline -0.001 -15"><span class='ocrx_word' id='word_1_26' title='bbox 198 388 382 425; x_wconf 84' lang='lat' dir='ltr'>natura:</span> <span class='ocrx_word' id='word_1_27' title='bbox 405 379 579 426; x_wconf 82' lang='lat' dir='ltr'>secundo</span> <span class='ocrx_word' id='word_1_28' title='bbox 606 388 789 439; x_wconf 88' lang='lat' dir='ltr'>propter</span> <span class='ocrx_word' id='word_1_29' title='bbox 812 379 1154 424; x_wconf 85' lang='lat' dir='ltr'>vehementiam</span> <span class='ocrx_word' id='word_1_30' title='bbox 1179 380 1292 438; x_wconf 88' lang='lat' dir='ltr'>ejus,</span> <span class='ocrx_word' id='word_1_31' title='bbox 1318 392 1434 438; x_wconf 91' lang='lat' dir='ltr'>quae</span> <span class='ocrx_word' id='word_1_32' title='bbox 1461 378 1688 423; x_wconf 86' lang='lat' dir='ltr'>rationem</span> <span class='ocrx_word' id='word_1_33' title='bbox 1714 376 2152 425; x_wconf 81' lang='lat' dir='ltr'>absorbet..</span> 
     </span>
     <span class='ocr_line' id='line_1_7' title="bbox 185 444 2164 506; baseline -0.002 -15"><span class='ocrx_word' id='word_1_34' title='bbox 185 465 188 467; x_wconf 93' lang='grc'><em>·</em></span> <span class='ocrx_word' id='word_1_35' title='bbox 286 446 364 492; x_wconf 84' lang='lat' dir='ltr'>An</span> <span class='ocrx_word' id='word_1_36' title='bbox 390 459 583 493; x_wconf 74' lang='lat' dir='ltr'>SEXTUM</span> <span class='ocrx_word' id='word_1_37' title='bbox 608 447 865 501; x_wconf 86' lang='lat' dir='ltr'>dicendum,</span> <span class='ocrx_word' id='word_1_38' title='bbox 891 446 1014 506; x_wconf 91' lang='lat' dir='ltr'>quod</span> <span class='ocrx_word' id='word_1_39' title='bbox 1041 460 1158 506; x_wconf 88' lang='lat' dir='ltr'>aqua</span> <span class='ocrx_word' id='word_1_40' title='bbox 1182 446 1436 499; x_wconf 88' lang='lat' dir='ltr'>benedicta,</span> <span class='ocrx_word' id='word_1_41' title='bbox 1463 455 1508 490; x_wconf 91' lang='lat' dir='ltr'>et</span> <span class='ocrx_word' id='word_1_42' title='bbox 1533 444 1650 490; x_wconf 89' lang='lat' dir='ltr'>aliae</span> <span class='ocrx_word' id='word_1_43' title='bbox 1678 444 2048 490; x_wconf 87' lang='lat' dir='ltr'>consecrationes</span> <span class='ocrx_word' id='word_1_44' title='bbox 2068 457 2164 488; x_wconf 89' lang='lat' dir='ltr'>non</span> 
     </span>
     <span class='ocr_line' id='line_1_8' title="bbox 198 510 2170 573; baseline -0.002 -15"><span class='ocrx_word' id='word_1_45' title='bbox 198 512 410 559; x_wconf 84' lang='lat' dir='ltr'>dicuntur</span> <span class='ocrx_word' id='word_1_46' title='bbox 433 523 734 568; x_wconf 89' lang='lat' dir='ltr'>sacramenta,</span> <span class='ocrx_word' id='word_1_47' title='bbox 760 513 866 573; x_wconf 89' lang='lat' dir='ltr'>quia</span> <span class='ocrx_word' id='word_1_48' title='bbox 890 527 986 557; x_wconf 91' lang='lat' dir='ltr'>non</span> <span class='ocrx_word' id='word_1_49' title='bbox 1002 513 1254 572; x_wconf 91' lang='lat' dir='ltr'>perducunt</span> <span class='ocrx_word' id='word_1_50' title='bbox 1272 513 1327 557; x_wconf 89' lang='lat' dir='ltr'>ad</span> <span class='ocrx_word' id='word_1_51' title='bbox 1346 512 1620 556; x_wconf 85' lang='lat' dir='ltr'>sacramenti</span> <span class='ocrx_word' id='word_1_52' title='bbox 1643 510 1873 566; x_wconf 86' lang='lat' dir='ltr'>effectum,</span> <span class='ocrx_word' id='word_1_53' title='bbox 1892 512 1968 571; x_wconf 90' lang='lat' dir='ltr'>qui</span> <span class='ocrx_word' id='word_1_54' title='bbox 1988 521 2055 556; x_wconf 91' lang='lat' dir='ltr'>est</span> <span class='ocrx_word' id='word_1_55' title='bbox 2071 519 2170 569; x_wconf 77' lang='lat' dir='ltr'>gra-</span> 
     </span>
     <span class='ocr_line' id='line_1_9' title="bbox 198 579 2171 639; baseline -0.002 -14"><span class='ocrx_word' id='word_1_56' title='bbox 198 581 290 633; x_wconf 84' lang='lat' dir='ltr'>tiae</span> <span class='ocrx_word' id='word_1_57' title='bbox 315 582 606 635; x_wconf 80' lang='lat' dir='ltr'>consecuti03</span> <span class='ocrx_word' id='word_1_58' title='bbox 631 581 710 625; x_wconf 91' lang='lat' dir='ltr'>sed</span> <span class='ocrx_word' id='word_1_59' title='bbox 735 589 839 625; x_wconf 91' lang='lat' dir='ltr'>sunt</span> <span class='ocrx_word' id='word_1_60' title='bbox 864 580 1183 639; x_wconf 88' lang='lat' dir='ltr'>dispositiones</span> <span class='ocrx_word' id='word_1_61' title='bbox 1226 580 1452 639; x_wconf 88' lang='lat' dir='ltr'>quaedam</span> <span class='ocrx_word' id='word_1_62' title='bbox 1493 579 1549 622; x_wconf 90' lang='lat' dir='ltr'>ad</span> <span class='ocrx_word' id='word_1_63' title='bbox 1587 590 1898 624; x_wconf 89' lang='lat' dir='ltr'>sacramenta:</span> <span class='ocrx_word' id='word_1_64' title='bbox 1924 579 1992 623; x_wconf 77' lang='lat' dir='ltr'>vel</span> <span class='ocrx_word' id='word_1_65' title='bbox 2022 591 2171 623; x_wconf 90' lang='lat' dir='ltr'>remo-</span> 
     </span>
     <span class='ocr_line' id='line_1_10' title="bbox 197 646 2168 707; baseline -0.001 -16"><span class='ocrx_word' id='word_1_66' title='bbox 197 647 348 697; x_wconf 84' lang='lat' dir='ltr'>vendo</span> <span class='ocrx_word' id='word_1_67' title='bbox 374 648 643 707; x_wconf 90' lang='lat' dir='ltr'>prohibens;</span> <span class='ocrx_word' id='word_1_68' title='bbox 669 647 787 691; x_wconf 88' lang='lat' dir='ltr'>sicut</span> <span class='ocrx_word' id='word_1_69' title='bbox 811 661 930 706; x_wconf 86' lang='lat' dir='ltr'>aqua</span> <span class='ocrx_word' id='word_1_70' title='bbox 955 646 1192 690; x_wconf 88' lang='lat' dir='ltr'>benedicta</span> <span class='ocrx_word' id='word_1_71' title='bbox 1218 646 1453 690; x_wconf 90' lang='lat' dir='ltr'>ordinatur</span> <span class='ocrx_word' id='word_1_72' title='bbox 1476 656 1635 690; x_wconf 88' lang='lat' dir='ltr'>contra</span> <span class='ocrx_word' id='word_1_73' title='bbox 1655 646 1842 691; x_wconf 86' lang='lat' dir='ltr'>insidias</span> <span class='ocrx_word' id='word_1_74' title='bbox 1869 646 2168 698; x_wconf 88' lang='lat' dir='ltr'>daemonum,</span> 
     </span>
     <span class='ocr_line' id='line_1_11' title="bbox 200 711 2170 774; baseline -0.002 -15"><span class='ocrx_word' id='word_1_75' title='bbox 200 724 246 759; x_wconf 87' lang='lat' dir='ltr'>et</span> <span class='ocrx_word' id='word_1_76' title='bbox 265 724 425 759; x_wconf 88' lang='lat' dir='ltr'>contra</span> <span class='ocrx_word' id='word_1_77' title='bbox 450 718 639 774; x_wconf 74' lang='lat' dir='ltr'>Peccata</span> <span class='ocrx_word' id='word_1_78' title='bbox 664 712 881 758; x_wconf 86' lang='lat' dir='ltr'>venialia:</span> <span class='ocrx_word' id='word_1_79' title='bbox 907 713 974 757; x_wconf 74' lang='lat' dir='ltr'>vel</span> <span class='ocrx_word' id='word_1_80' title='bbox 1000 713 1139 757; x_wconf 87' lang='lat' dir='ltr'>etiam</span> <span class='ocrx_word' id='word_1_81' title='bbox 1179 712 1478 756; x_wconf 81' lang='lat' dir='ltr'>idoneitatem</span> <span class='ocrx_word' id='word_1_82' title='bbox 1513 713 1744 771; x_wconf 88' lang='lat' dir='ltr'>quandam</span> <span class='ocrx_word' id='word_1_83' title='bbox 1781 711 1992 758; x_wconf 88' lang='lat' dir='ltr'>faciendo</span> <span class='ocrx_word' id='word_1_84' title='bbox 2021 712 2078 759; x_wconf 90' lang='lat' dir='ltr'>ad</span> <span class='ocrx_word' id='word_1_85' title='bbox 2103 717 2170 756; x_wconf 74' lang='lat' dir='ltr'>sa-</span> 
     </span>
     <span class='ocr_line' id='line_1_12' title="bbox 200 779 2168 839; baseline -0.002 -13"><span class='ocrx_word' id='word_1_86' title='bbox 200 781 422 826; x_wconf 85' lang='lat' dir='ltr'>cramenti</span> <span class='ocrx_word' id='word_1_87' title='bbox 460 780 802 839; x_wconf 85' lang='lat' dir='ltr'>perfectionem,</span> <span class='ocrx_word' id='word_1_88' title='bbox 829 790 874 824; x_wconf 90' lang='lat' dir='ltr'>et</span> <span class='ocrx_word' id='word_1_89' title='bbox 898 780 1263 839; x_wconf 82' lang='lat' dir='ltr'>perceptionem3</span> <span class='ocrx_word' id='word_1_90' title='bbox 1305 780 1421 823; x_wconf 91' lang='lat' dir='ltr'>sicut</span> <span class='ocrx_word' id='word_1_91' title='bbox 1463 790 1756 824; x_wconf 87' lang='lat' dir='ltr'>consecratur</span> <span class='ocrx_word' id='word_1_92' title='bbox 1797 779 1952 834; x_wconf 87' lang='lat' dir='ltr'>altare,</span> <span class='ocrx_word' id='word_1_93' title='bbox 1980 790 2025 825; x_wconf 92' lang='lat' dir='ltr'>et</span> <span class='ocrx_word' id='word_1_94' title='bbox 2057 793 2168 824; x_wconf 84' lang='lat' dir='ltr'>vasa</span> 
     </span>
     <span class='ocr_line' id='line_1_13' title="bbox 198 847 1060 910; baseline -0.006 -13"><span class='ocrx_word' id='word_1_95' title='bbox 198 858 383 910; x_wconf 71' lang='lat' dir='ltr'>propter</span> <span class='ocrx_word' id='word_1_96' title='bbox 406 848 709 894; x_wconf 83' lang='lat' dir='ltr'>reverentiam</span> <span class='ocrx_word' id='word_1_97' title='bbox 736 847 1060 892; x_wconf 85' lang='lat' dir='ltr'>Eucharistiae.</span> 
     </span>
    </p>

    <p class='ocr_par' dir='ltr' id='par_1_5' title="bbox 198 911 2173 1174">
     <span class='ocr_line' id='line_1_14' title="bbox 289 911 2165 972; baseline -0.001 -12"><span class='ocrx_word' id='word_1_98' title='bbox 289 915 366 966; x_wconf 84' lang='lat' dir='ltr'>An</span> <span class='ocrx_word' id='word_1_99' title='bbox 393 927 635 960; x_wconf 77' lang='lat' dir='ltr'>SEPT1MUM</span> <span class='ocrx_word' id='word_1_100' title='bbox 662 914 920 968; x_wconf 84' lang='lat' dir='ltr'>dicendum,</span> <span class='ocrx_word' id='word_1_101' title='bbox 949 913 1069 972; x_wconf 89' lang='lat' dir='ltr'>quod</span> <span class='ocrx_word' id='word_1_102' title='bbox 1098 912 1369 966; x_wconf 86' lang='lat' dir='ltr'>oblationes,</span> <span class='ocrx_word' id='word_1_103' title='bbox 1398 923 1441 957; x_wconf 88' lang='lat' dir='ltr'>et</span> <span class='ocrx_word' id='word_1_104' title='bbox 1468 913 1673 956; x_wconf 85' lang='lat' dir='ltr'>decimae</span> <span class='ocrx_word' id='word_1_105' title='bbox 1716 923 1843 957; x_wconf 84' lang='lat' dir='ltr'>erant</span> <span class='ocrx_word' id='word_1_106' title='bbox 1869 923 1962 957; x_wconf 87' lang='lat' dir='ltr'>tam</span> <span class='ocrx_word' id='word_1_107' title='bbox 1990 913 2036 957; x_wconf 90' lang='lat' dir='ltr'>in</span> <span class='ocrx_word' id='word_1_108' title='bbox 2062 911 2165 971; x_wconf 89' lang='lat' dir='ltr'>lege</span> 
     </span>
     <span class='ocr_line' id='line_1_15' title="bbox 198 979 2169 1040; baseline -0.003 -11"><span class='ocrx_word' id='word_1_109' title='bbox 198 991 401 1036; x_wconf 79' lang='lat' dir='ltr'>naturae,</span> <span class='ocrx_word' id='word_1_110' title='bbox 427 996 566 1040; x_wconf 86' lang='lat' dir='ltr'>quam</span> <span class='ocrx_word' id='word_1_111' title='bbox 591 982 636 1024; x_wconf 91' lang='lat' dir='ltr'>in</span> <span class='ocrx_word' id='word_1_112' title='bbox 662 981 763 1038; x_wconf 87' lang='lat' dir='ltr'>lege</span> <span class='ocrx_word' id='word_1_113' title='bbox 789 981 941 1039; x_wconf 90' lang='lat' dir='ltr'>Moysi</span> <span class='ocrx_word' id='word_1_114' title='bbox 963 980 1211 1033; x_wconf 85' lang='lat' dir='ltr'>ordinatae,</span> <span class='ocrx_word' id='word_1_115' title='bbox 1230 995 1323 1024; x_wconf 91' lang='lat' dir='ltr'>non</span> <span class='ocrx_word' id='word_1_116' title='bbox 1341 979 1490 1024; x_wconf 90' lang='lat' dir='ltr'>solum</span> <span class='ocrx_word' id='word_1_117' title='bbox 1508 980 1553 1023; x_wconf 91' lang='lat' dir='ltr'>in</span> <span class='ocrx_word' id='word_1_118' title='bbox 1573 980 1823 1024; x_wconf 87' lang='lat' dir='ltr'>subsidium</span> <span class='ocrx_word' id='word_1_119' title='bbox 1841 980 2169 1034; x_wconf 82' lang='lat' dir='ltr'>ministrorum,</span> 
     </span>
     <span class='ocr_line' id='line_1_16' title="bbox 202 1047 2173 1109; baseline -0.001 -15"><span class='ocrx_word' id='word_1_120' title='bbox 202 1058 249 1101; x_wconf 81' lang='lat' dir='ltr'>et</span> <span class='ocrx_word' id='word_1_121' title='bbox 272 1063 539 1109; x_wconf 82' lang='lat' dir='ltr'>pauperum,</span> <span class='ocrx_word' id='word_1_122' title='bbox 565 1048 644 1093; x_wconf 88' lang='lat' dir='ltr'>sed</span> <span class='ocrx_word' id='word_1_123' title='bbox 671 1049 809 1093; x_wconf 87' lang='lat' dir='ltr'>etiam</span> <span class='ocrx_word' id='word_1_124' title='bbox 837 1049 883 1091; x_wconf 90' lang='lat' dir='ltr'>in</span> <span class='ocrx_word' id='word_1_125' title='bbox 910 1047 1129 1106; x_wconf 80' lang='lat' dir='ltr'>figuram;</span> <span class='ocrx_word' id='word_1_126' title='bbox 1159 1058 1202 1091; x_wconf 90' lang='lat' dir='ltr'>et</span> <span class='ocrx_word' id='word_1_127' title='bbox 1227 1048 1331 1091; x_wconf 90' lang='lat' dir='ltr'>ideo</span> <span class='ocrx_word' id='word_1_128' title='bbox 1365 1057 1492 1091; x_wconf 86' lang='lat' dir='ltr'>erant</span> <span class='ocrx_word' id='word_1_129' title='bbox 1533 1058 1842 1092; x_wconf 86' lang='lat' dir='ltr'>sacramenta:</span> <span class='ocrx_word' id='word_1_130' title='bbox 1869 1062 1990 1090; x_wconf 92' lang='lat' dir='ltr'>nunc</span> <span class='ocrx_word' id='word_1_131' title='bbox 2019 1058 2173 1092; x_wconf 86' lang='lat' dir='ltr'>autem</span> 
     </span>
     <span class='ocr_line' id='line_1_17' title="bbox 199 1114 2106 1174; baseline -0.001 -14"><span class='ocrx_word' id='word_1_132' title='bbox 199 1129 295 1160; x_wconf 88' lang='lat' dir='ltr'>non</span> <span class='ocrx_word' id='word_1_133' title='bbox 321 1127 650 1169; x_wconf 84' lang='lat' dir='ltr'>remanserunt,</span> <span class='ocrx_word' id='word_1_134' title='bbox 672 1116 941 1174; x_wconf 87' lang='lat' dir='ltr'>inquantum</span> <span class='ocrx_word' id='word_1_135' title='bbox 968 1125 1072 1158; x_wconf 89' lang='lat' dir='ltr'>sunt</span> <span class='ocrx_word' id='word_1_136' title='bbox 1097 1114 1328 1171; x_wconf 80' lang='lat' dir='ltr'>figuralia3</span> <span class='ocrx_word' id='word_1_137' title='bbox 1357 1125 1400 1158; x_wconf 90' lang='lat' dir='ltr'>et</span> <span class='ocrx_word' id='word_1_138' title='bbox 1425 1115 1528 1158; x_wconf 87' lang='lat' dir='ltr'>ideo</span> <span class='ocrx_word' id='word_1_139' title='bbox 1555 1129 1648 1158; x_wconf 89' lang='lat' dir='ltr'>non</span> <span class='ocrx_word' id='word_1_140' title='bbox 1676 1126 1781 1158; x_wconf 91' lang='lat' dir='ltr'>sunt</span> <span class='ocrx_word' id='word_1_141' title='bbox 1807 1125 2106 1159; x_wconf 83' lang='lat' dir='ltr'>sacramenta.</span> 
     </span>
    </p>

    <p class='ocr_par' dir='ltr' id='par_1_6' title="bbox 199 1181 2172 1578">
     <span class='ocr_line' id='line_1_18' title="bbox 287 1181 2172 1241; baseline -0.003 -12"><span class='ocrx_word' id='word_1_142' title='bbox 287 1183 366 1239; x_wconf 71' lang='lat' dir='ltr'>Ax&gt;</span> <span class='ocrx_word' id='word_1_143' title='bbox 387 1196 622 1228; x_wconf 75' lang='lat' dir='ltr'>OCTAVUM</span> <span class='ocrx_word' id='word_1_144' title='bbox 649 1183 908 1236; x_wconf 85' lang='lat' dir='ltr'>dicendum,</span> <span class='ocrx_word' id='word_1_145' title='bbox 936 1182 1057 1241; x_wconf 92' lang='lat' dir='ltr'>quod</span> <span class='ocrx_word' id='word_1_146' title='bbox 1086 1183 1141 1225; x_wconf 92' lang='lat' dir='ltr'>ad</span> <span class='ocrx_word' id='word_1_147' title='bbox 1165 1181 1441 1228; x_wconf 85' lang='lat' dir='ltr'>deletionem</span> <span class='ocrx_word' id='word_1_148' title='bbox 1474 1181 1663 1228; x_wconf 83' lang='lat' dir='ltr'>venialis</span> <span class='ocrx_word' id='word_1_149' title='bbox 1690 1182 1867 1240; x_wconf 85' lang='lat' dir='ltr'>peccati</span> <span class='ocrx_word' id='word_1_150' title='bbox 1893 1196 1987 1225; x_wconf 90' lang='lat' dir='ltr'>non</span> <span class='ocrx_word' id='word_1_151' title='bbox 2028 1181 2172 1241; x_wconf 90' lang='lat' dir='ltr'>requi-</span> 
     </span>
     <span class='ocr_line' id='line_1_19' title="bbox 199 1247 2170 1308; baseline -0.002 -13"><span class='ocrx_word' id='word_1_152' title='bbox 199 1249 314 1300; x_wconf 81' lang='lat' dir='ltr'>ritur</span> <span class='ocrx_word' id='word_1_153' title='bbox 328 1249 497 1307; x_wconf 79' lang='lat' dir='ltr'>infusio</span> <span class='ocrx_word' id='word_1_154' title='bbox 524 1250 721 1308; x_wconf 85' lang='lat' dir='ltr'>gratiae:</span> <span class='ocrx_word' id='word_1_155' title='bbox 749 1250 868 1294; x_wconf 91' lang='lat' dir='ltr'>unde</span> <span class='ocrx_word' id='word_1_156' title='bbox 896 1264 1000 1292; x_wconf 90' lang='lat' dir='ltr'>cum</span> <span class='ocrx_word' id='word_1_157' title='bbox 1024 1249 1070 1292; x_wconf 90' lang='lat' dir='ltr'>in</span> <span class='ocrx_word' id='word_1_158' title='bbox 1098 1248 1301 1308; x_wconf 85' lang='lat' dir='ltr'>quolibet</span> <span class='ocrx_word' id='word_1_159' title='bbox 1323 1259 1610 1292; x_wconf 86' lang='lat' dir='ltr'>sacramento</span> <span class='ocrx_word' id='word_1_160' title='bbox 1634 1263 1782 1292; x_wconf 90' lang='lat' dir='ltr'>novae</span> <span class='ocrx_word' id='word_1_161' title='bbox 1805 1247 1918 1307; x_wconf 86' lang='lat' dir='ltr'>legis</span> <span class='ocrx_word' id='word_1_162' title='bbox 1942 1249 2084 1308; x_wconf 85' lang='lat' dir='ltr'>gratia</span> <span class='ocrx_word' id='word_1_163' title='bbox 2105 1249 2170 1292; x_wconf 89' lang='lat' dir='ltr'>in-</span> 
     </span>
     <span class='ocr_line' id='line_1_20' title="bbox 199 1314 2169 1375; baseline -0.001 -14"><span class='ocrx_word' id='word_1_164' title='bbox 199 1315 426 1375; x_wconf 67' lang='lat' dir='ltr'>fundatur,</span> <span class='ocrx_word' id='word_1_165' title='bbox 450 1316 628 1361; x_wconf 89' lang='lat' dir='ltr'>nullum</span> <span class='ocrx_word' id='word_1_166' title='bbox 653 1327 993 1360; x_wconf 86' lang='lat' dir='ltr'>sacramentum</span> <span class='ocrx_word' id='word_1_167' title='bbox 1018 1330 1167 1360; x_wconf 87' lang='lat' dir='ltr'>novae</span> <span class='ocrx_word' id='word_1_168' title='bbox 1193 1315 1306 1374; x_wconf 87' lang='lat' dir='ltr'>legis</span> <span class='ocrx_word' id='word_1_169' title='bbox 1333 1316 1578 1360; x_wconf 86' lang='lat' dir='ltr'>instituitur</span> <span class='ocrx_word' id='word_1_170' title='bbox 1601 1316 1769 1360; x_wconf 89' lang='lat' dir='ltr'>directe</span> <span class='ocrx_word' id='word_1_171' title='bbox 1793 1326 1952 1360; x_wconf 88' lang='lat' dir='ltr'>contra</span> <span class='ocrx_word' id='word_1_172' title='bbox 1973 1314 2169 1369; x_wconf 90' lang='lat' dir='ltr'>veniale,</span> 
     </span>
     <span class='ocr_line' id='line_1_21' title="bbox 201 1382 2171 1443; baseline -0.001 -15"><span class='ocrx_word' id='word_1_173' title='bbox 201 1383 324 1443; x_wconf 90' lang='lat' dir='ltr'>quod</span> <span class='ocrx_word' id='word_1_174' title='bbox 348 1383 522 1428; x_wconf 88' lang='lat' dir='ltr'>tollitur</span> <span class='ocrx_word' id='word_1_175' title='bbox 546 1398 627 1443; x_wconf 90' lang='lat' dir='ltr'>per</span> <span class='ocrx_word' id='word_1_176' title='bbox 657 1383 881 1442; x_wconf 86' lang='lat' dir='ltr'>quaedam</span> <span class='ocrx_word' id='word_1_177' title='bbox 917 1382 1278 1436; x_wconf 82' lang='lat' dir='ltr'>sacramentalia,</span> <span class='ocrx_word' id='word_1_178' title='bbox 1316 1393 1423 1442; x_wconf 88' lang='lat' dir='ltr'>puta</span> <span class='ocrx_word' id='word_1_179' title='bbox 1465 1397 1545 1442; x_wconf 88' lang='lat' dir='ltr'>per</span> <span class='ocrx_word' id='word_1_180' title='bbox 1587 1397 1754 1441; x_wconf 89' lang='lat' dir='ltr'>aquarn</span> <span class='ocrx_word' id='word_1_181' title='bbox 1795 1383 2098 1436; x_wconf 89' lang='lat' dir='ltr'>benedictam,</span> <span class='ocrx_word' id='word_1_182' title='bbox 2125 1392 2171 1426; x_wconf 88' lang='lat' dir='ltr'>et</span> 
     </span>
     <span class='ocr_line' id='line_1_22' title="bbox 201 1448 2167 1510; baseline -0.002 -14"><span class='ocrx_word' id='word_1_183' title='bbox 201 1449 291 1499; x_wconf 79' lang='lat' dir='ltr'>alia</span> <span class='ocrx_word' id='word_1_184' title='bbox 315 1450 592 1510; x_wconf 72' lang='lat' dir='ltr'>huiusmodi.</span> <span class='ocrx_word' id='word_1_185' title='bbox 622 1449 826 1509; x_wconf 87' lang='lat' dir='ltr'>Quidam</span> <span class='ocrx_word' id='word_1_186' title='bbox 857 1459 1013 1494; x_wconf 86' lang='lat' dir='ltr'>tamen</span> <span class='ocrx_word' id='word_1_187' title='bbox 1046 1450 1201 1493; x_wconf 89' lang='lat' dir='ltr'>dicunt</span> <span class='ocrx_word' id='word_1_188' title='bbox 1227 1461 1477 1496; x_wconf 81' lang='lat' dir='ltr'>extremam</span> <span class='ocrx_word' id='word_1_189' title='bbox 1505 1450 1771 1494; x_wconf 89' lang='lat' dir='ltr'>unctionem</span> <span class='ocrx_word' id='word_1_190' title='bbox 1799 1460 1957 1494; x_wconf 87' lang='lat' dir='ltr'>contra</span> <span class='ocrx_word' id='word_1_191' title='bbox 1988 1448 2167 1493; x_wconf 89' lang='lat' dir='ltr'>veniale</span> 
     </span>
     <span class='ocr_line' id='line_1_23' title="bbox 200 1516 2140 1578; baseline -0.001 -16"><span class='ocrx_word' id='word_1_192' title='bbox 200 1527 444 1578; x_wconf 82' lang='lat' dir='ltr'>peccatum</span> <span class='ocrx_word' id='word_1_193' title='bbox 469 1517 690 1562; x_wconf 84' lang='lat' dir='ltr'>ordinari:</span> <span class='ocrx_word' id='word_1_194' title='bbox 716 1517 797 1561; x_wconf 88' lang='lat' dir='ltr'>sed</span> <span class='ocrx_word' id='word_1_195' title='bbox 822 1516 878 1562; x_wconf 92' lang='lat' dir='ltr'>de</span> <span class='ocrx_word' id='word_1_196' title='bbox 903 1517 995 1562; x_wconf 91' lang='lat' dir='ltr'>hoc</span> <span class='ocrx_word' id='word_1_197' title='bbox 1022 1530 1105 1561; x_wconf 91' lang='lat' dir='ltr'>suo</span> <span class='ocrx_word' id='word_1_198' title='bbox 1132 1516 1239 1560; x_wconf 92' lang='lat' dir='ltr'>loco</span> <span class='ocrx_word' id='word_1_199' title='bbox 1267 1517 1440 1561; x_wconf 88' lang='lat' dir='ltr'>dicetur</span> <span class='ocrx_word' id='word_1_200' title='bbox 1472 1517 1539 1576; x_wconf 87' lang='lat' dir='ltr'>(in</span> <span class='ocrx_word' id='word_1_201' title='bbox 1564 1517 1774 1578; x_wconf 76' lang='lat' dir='ltr'>Supplem.</span> <span class='ocrx_word' id='word_1_202' title='bbox 1800 1531 1838 1576; x_wconf 84' lang='lat' dir='ltr'>q.</span> <span class='ocrx_word' id='word_1_203' title='bbox 1861 1532 1928 1577; x_wconf 85' lang='lat'>30.</span> <span class='ocrx_word' id='word_1_204' title='bbox 1955 1523 2037 1562; x_wconf 84' lang='lat' dir='ltr'>art.</span> <span class='ocrx_word' id='word_1_205' title='bbox 2063 1516 2140 1575; x_wconf 86' lang='lat'>1.).</span> 
     </span>
    </p>
   </div>
   <div class='ocr_carea' id='block_1_5' title="bbox 910 1680 2161 1754">
    <p class='ocr_par' dir='ltr' id='par_1_7' title="bbox 910 1680 2161 1754">
     <span class='ocr_line' id='line_1_24' title="bbox 910 1680 2161 1754; baseline 0.004 -19"><span class='ocrx_word' id='word_1_206' title='bbox 910 1680 1344 1738; x_wconf 80' lang='lat' dir='ltr'>ARTICULUS</span> <span class='ocrx_word' id='word_1_207' title='bbox 1389 1681 1459 1736; x_wconf 86' lang='grc' dir='ltr'>Π.</span> <span class='ocrx_word' id='word_1_208' title='bbox 2083 1694 2161 1754; x_wconf 87' lang='lat'>361</span> 
     </span>
    </p>
   </div>
   <div class='ocr_carea' id='block_1_6' title="bbox 455 1816 1920 1937">
    <p class='ocr_par' dir='ltr' id='par_1_8' title="bbox 455 1816 1920 1937">
     <span class='ocr_line' id='line_1_25' title="bbox 455 1816 1920 1855; baseline 0 0"><span class='ocrx_word' id='word_1_209' title='bbox 455 1816 649 1855; x_wconf 82' lang='lat' dir='ltr'>UTRUM</span> <span class='ocrx_word' id='word_1_210' title='bbox 689 1816 1051 1855; x_wconf 81' lang='lat' dir='ltr'>SACRAMENTA</span> <span class='ocrx_word' id='word_1_211' title='bbox 1094 1817 1519 1855; x_wconf 89' lang='lat' dir='ltr'>CONVENIENTER</span> <span class='ocrx_word' id='word_1_212' title='bbox 1560 1816 1920 1855; x_wconf 88' lang='lat' dir='ltr'>ORDINENTUR</span> 
     </span>
     <span class='ocr_line' id='line_1_26' title="bbox 705 1898 1662 1937; baseline 0 -1"><span class='ocrx_word' id='word_1_213' title='bbox 705 1898 1006 1937; x_wconf 90' lang='lat' dir='ltr'>SECUNDUM</span> <span class='ocrx_word' id='word_1_214' title='bbox 1046 1899 1248 1937; x_wconf 89' lang='lat' dir='ltr'><strong>MODUM</strong></span> <span class='ocrx_word' id='word_1_215' title='bbox 1287 1899 1662 1937; x_wconf 86' lang='lat' dir='ltr'>PRAEDICTUM.</span> 
     </span>
    </p>
   </div>
   <div class='ocr_carea' id='block_1_7' title="bbox 339 2009 2030 2069">
    <p class='ocr_par' dir='ltr' id='par_1_9' title="bbox 339 2009 2030 2069">
     <span class='ocr_line' id='line_1_27' title="bbox 339 2009 2030 2069; baseline -0.001 -16"><span class='ocrx_word' id='word_1_216' title='bbox 339 2009 401 2067; x_wconf 88' lang='lat'>(4.</span> <span class='ocrx_word' id='word_1_217' title='bbox 428 2010 541 2055; x_wconf 84' lang='lat' dir='ltr'>Dist.</span> <span class='ocrx_word' id='word_1_218' title='bbox 568 2024 608 2054; x_wconf 89' lang='lat'>2.</span> <span class='ocrx_word' id='word_1_219' title='bbox 635 2025 674 2068; x_wconf 85' lang='lat' dir='ltr'>q.</span> <span class='ocrx_word' id='word_1_220' title='bbox 700 2025 735 2054; x_wconf 84' lang='lat'>1.</span> <span class='ocrx_word' id='word_1_221' title='bbox 763 2015 845 2055; x_wconf 79' lang='lat' dir='ltr'>art.</span> <span class='ocrx_word' id='word_1_222' title='bbox 867 2025 903 2069; x_wconf 82' lang='lat'>3.</span> <span class='ocrx_word' id='word_1_223' title='bbox 931 2015 968 2055; x_wconf 82' lang='lat' dir='ltr'>et</span> <span class='ocrx_word' id='word_1_224' title='bbox 993 2011 1104 2055; x_wconf 83' lang='lat' dir='ltr'>Dist.</span> <span class='ocrx_word' id='word_1_225' title='bbox 1133 2024 1171 2069; x_wconf 93' lang='lat'>7.</span> <span class='ocrx_word' id='word_1_226' title='bbox 1198 2025 1236 2069; x_wconf 85' lang='lat' dir='ltr'>q.</span> <span class='ocrx_word' id='word_1_227' title='bbox 1263 2025 1299 2055; x_wconf 83' lang='lat'>1.</span> <span class='ocrx_word' id='word_1_228' title='bbox 1327 2016 1408 2054; x_wconf 79' lang='lat' dir='ltr'>art.</span> <span class='ocrx_word' id='word_1_229' title='bbox 1434 2026 1470 2055; x_wconf 86' lang='lat'>1.</span> <span class='ocrx_word' id='word_1_230' title='bbox 1496 2026 1534 2069; x_wconf 85' lang='lat' dir='ltr'>q.</span> <span class='ocrx_word' id='word_1_231' title='bbox 1556 2026 1593 2069; x_wconf 85' lang='lat'>3.</span> <span class='ocrx_word' id='word_1_232' title='bbox 1620 2016 1659 2054; x_wconf 81' lang='lat' dir='ltr'>et</span> <span class='ocrx_word' id='word_1_233' title='bbox 1683 2010 1831 2069; x_wconf 85' lang='lat' dir='ltr'>Ephes.</span> <span class='ocrx_word' id='word_1_234' title='bbox 1859 2024 1895 2068; x_wconf 85' lang='lat'>5.</span> <span class='ocrx_word' id='word_1_235' title='bbox 1917 2010 2030 2068; x_wconf 86' lang='lat' dir='ltr'>fin.).</span> 
     </span>
    </p>
   </div>
   <div class='ocr_carea' id='block_1_8' title="bbox 201 2121 2179 3592">
    <p class='ocr_par' dir='ltr' id='par_1_10' title="bbox 201 2121 2169 2520">
     <span class='ocr_line' id='line_1_28' title="bbox 290 2121 2169 2183; baseline -0.002 -16"><span class='ocrx_word' id='word_1_236' title='bbox 290 2121 368 2167; x_wconf 88' lang='lat' dir='ltr'>AD</span> <span class='ocrx_word' id='word_1_237' title='bbox 393 2135 656 2167; x_wconf 75' lang='lat' dir='ltr'>SECUNDUM</span> <span class='ocrx_word' id='word_1_238' title='bbox 682 2122 747 2167; x_wconf 86' lang='lat' dir='ltr'>sic</span> <span class='ocrx_word' id='word_1_239' title='bbox 775 2122 1048 2182; x_wconf 89' lang='lat' dir='ltr'>proceditur.</span> <span class='ocrx_word' id='word_1_240' title='bbox 1076 2122 1280 2177; x_wconf 89' lang='lat' dir='ltr'>Videtur,</span> <span class='ocrx_word' id='word_1_241' title='bbox 1308 2124 1431 2183; x_wconf 89' lang='lat' dir='ltr'>quod</span> <span class='ocrx_word' id='word_1_242' title='bbox 1468 2123 1843 2167; x_wconf 90' lang='lat' dir='ltr'>inconvenienter</span> <span class='ocrx_word' id='word_1_243' title='bbox 1879 2131 2169 2166; x_wconf 88' lang='lat' dir='ltr'>sacramenta</span> 
     </span>
     <span class='ocr_line' id='line_1_29' title="bbox 203 2188 2169 2250; baseline -0.002 -15"><span class='ocrx_word' id='word_1_244' title='bbox 203 2188 467 2235; x_wconf 89' lang='lat' dir='ltr'>ordinentur</span> <span class='ocrx_word' id='word_1_245' title='bbox 491 2194 744 2234; x_wconf 82' lang='lat' dir='ltr'>secundum</span> <span class='ocrx_word' id='word_1_246' title='bbox 771 2191 963 2234; x_wconf 91' lang='lat' dir='ltr'>modum</span> <span class='ocrx_word' id='word_1_247' title='bbox 996 2190 1301 2250; x_wconf 88' lang='lat' dir='ltr'>praedictum:</span> <span class='ocrx_word' id='word_1_248' title='bbox 1346 2201 1394 2235; x_wconf 91' lang='lat' dir='ltr'>ut</span> <span class='ocrx_word' id='word_1_249' title='bbox 1436 2191 1559 2234; x_wconf 86' lang='lat' dir='ltr'>enim</span> <span class='ocrx_word' id='word_1_250' title='bbox 1600 2189 1851 2248; x_wconf 88' lang='lat' dir='ltr'>Apostolus</span> <span class='ocrx_word' id='word_1_251' title='bbox 1893 2189 2002 2234; x_wconf 88' lang='lat' dir='ltr'>dicit</span> <span class='ocrx_word' id='word_1_252' title='bbox 2038 2203 2074 2234; x_wconf 94' lang='lat'>1</span> <span class='ocrx_word' id='word_1_253' title='bbox 2114 2188 2169 2232; x_wconf 89' lang='lat' dir='ltr'>ad</span> 
     </span>
     <span class='ocr_line' id='line_1_30' title="bbox 203 2256 2172 2318; baseline -0.001 -17"><span class='ocrx_word' id='word_1_254' title='bbox 203 2256 415 2302; x_wconf 87' lang='lat' dir='ltr'>Corinth.</span> <span class='ocrx_word' id='word_1_255' title='bbox 446 2270 536 2315; x_wconf 92' lang='lat'>15..</span> <span class='ocrx_word' id='word_1_256' title='bbox 564 2257 688 2302; x_wconf 81' lang='lat' dir='ltr'>Prius</span> <span class='ocrx_word' id='word_1_257' title='bbox 713 2264 785 2312; x_wconf 81' lang='lat' dir='ltr'>est,</span> <span class='ocrx_word' id='word_1_258' title='bbox 813 2257 920 2316; x_wconf 83' lang='lat' dir='ltr'>quod</span> <span class='ocrx_word' id='word_1_259' title='bbox 945 2263 1000 2302; x_wconf 77' lang='lat' dir='ltr'>est</span> <span class='ocrx_word' id='word_1_260' title='bbox 1024 2259 1224 2313; x_wconf 55' lang='lat' dir='ltr'>animala,</span> <span class='ocrx_word' id='word_1_261' title='bbox 1260 2258 1401 2303; x_wconf 77' lang='lat' dir='ltr'>deinde</span> <span class='ocrx_word' id='word_1_262' title='bbox 1441 2258 1549 2317; x_wconf 86' lang='lat' dir='ltr'>quod</span> <span class='ocrx_word' id='word_1_263' title='bbox 1583 2258 1826 2318; x_wconf 69' lang='lat' dir='ltr'>spirituale:</span> <span class='ocrx_word' id='word_1_264' title='bbox 1869 2257 1947 2301; x_wconf 90' lang='lat' dir='ltr'>sed</span> <span class='ocrx_word' id='word_1_265' title='bbox 1976 2270 2053 2316; x_wconf 89' lang='lat' dir='ltr'>per</span> <span class='ocrx_word' id='word_1_266' title='bbox 2079 2270 2172 2299; x_wconf 88' lang='lat' dir='ltr'>ma-</span> 
     </span>
     <span class='ocr_line' id='line_1_31' title="bbox 201 2323 2173 2384; baseline -0.001 -16"><span class='ocrx_word' id='word_1_267' title='bbox 201 2323 470 2381; x_wconf 81' lang='lat' dir='ltr'>trimonium</span> <span class='ocrx_word' id='word_1_268' title='bbox 497 2333 737 2383; x_wconf 85' lang='lat' dir='ltr'>generatur</span> <span class='ocrx_word' id='word_1_269' title='bbox 761 2325 907 2369; x_wconf 90' lang='lat' dir='ltr'>homo</span> <span class='ocrx_word' id='word_1_270' title='bbox 934 2325 1079 2384; x_wconf 89' lang='lat' dir='ltr'>prima</span> <span class='ocrx_word' id='word_1_271' title='bbox 1106 2326 1417 2383; x_wconf 89' lang='lat' dir='ltr'>generatione,</span> <span class='ocrx_word' id='word_1_272' title='bbox 1441 2339 1556 2384; x_wconf 90' lang='lat' dir='ltr'>quae</span> <span class='ocrx_word' id='word_1_273' title='bbox 1583 2335 1651 2369; x_wconf 87' lang='lat' dir='ltr'>est</span> <span class='ocrx_word' id='word_1_274' title='bbox 1677 2324 1912 2379; x_wconf 88' lang='lat' dir='ltr'>animalis;</span> <span class='ocrx_word' id='word_1_275' title='bbox 1931 2339 2010 2383; x_wconf 89' lang='lat' dir='ltr'>per</span> <span class='ocrx_word' id='word_1_276' title='bbox 2026 2323 2173 2382; x_wconf 84' lang='lat' dir='ltr'>bapti-</span> 
     </span>
     <span class='ocr_line' id='line_1_32' title="bbox 203 2391 2169 2453; baseline 0.001 -18"><span class='ocrx_word' id='word_1_277' title='bbox 203 2405 355 2436; x_wconf 88' lang='lat' dir='ltr'>smum</span> <span class='ocrx_word' id='word_1_278' title='bbox 382 2401 534 2436; x_wconf 90' lang='lat' dir='ltr'>autem</span> <span class='ocrx_word' id='word_1_279' title='bbox 560 2403 853 2452; x_wconf 86' lang='lat' dir='ltr'>regeneratur</span> <span class='ocrx_word' id='word_1_280' title='bbox 877 2393 1023 2437; x_wconf 90' lang='lat' dir='ltr'>homo</span> <span class='ocrx_word' id='word_1_281' title='bbox 1050 2394 1250 2438; x_wconf 84' lang='lat' dir='ltr'>secunda</span> <span class='ocrx_word' id='word_1_282' title='bbox 1293 2394 1602 2453; x_wconf 85' lang='lat' dir='ltr'>generatione,</span> <span class='ocrx_word' id='word_1_283' title='bbox 1644 2407 1760 2453; x_wconf 90' lang='lat' dir='ltr'>quae</span> <span class='ocrx_word' id='word_1_284' title='bbox 1802 2403 1870 2438; x_wconf 90' lang='lat' dir='ltr'>est</span> <span class='ocrx_word' id='word_1_285' title='bbox 1895 2391 2169 2452; x_wconf 87' lang='lat' dir='ltr'>spiritualis;</span> 
     </span>
     <span class='ocr_line' id='line_1_33' title="bbox 203 2459 1462 2520; baseline 0 -16"><span class='ocrx_word' id='word_1_286' title='bbox 203 2471 315 2520; x_wconf 83' lang='lat' dir='ltr'>ergo</span> <span class='ocrx_word' id='word_1_287' title='bbox 343 2459 688 2504; x_wconf 84' lang='lat' dir='ltr'>matrimonium</span> <span class='ocrx_word' id='word_1_288' title='bbox 714 2459 848 2507; x_wconf 88' lang='lat' dir='ltr'>debet</span> <span class='ocrx_word' id='word_1_289' title='bbox 871 2461 1144 2520; x_wconf 88' lang='lat' dir='ltr'>praecedere</span> <span class='ocrx_word' id='word_1_290' title='bbox 1170 2461 1462 2519; x_wconf 86' lang='lat' dir='ltr'>baptismum.</span> 
     </span>
    </p>

    <p class='ocr_par' dir='ltr' id='par_1_11' title="bbox 206 2525 2175 2719">
     <span class='ocr_line' id='line_1_34' title="bbox 294 2525 2173 2588; baseline -0.001 -17"><span class='ocrx_word' id='word_1_291' title='bbox 294 2537 335 2571; x_wconf 93' lang='grc'>2.</span> <span class='ocrx_word' id='word_1_292' title='bbox 353 2525 652 2572; x_wconf 76' lang='lat' dir='ltr'>PRAETEREA.</span> <span class='ocrx_word' id='word_1_293' title='bbox 677 2526 765 2571; x_wconf 88' lang='lat' dir='ltr'>Per</span> <span class='ocrx_word' id='word_1_294' title='bbox 790 2538 1129 2573; x_wconf 89' lang='lat' dir='ltr'>sacramentum</span> <span class='ocrx_word' id='word_1_295' title='bbox 1147 2528 1317 2573; x_wconf 84' lang='lat' dir='ltr'>ordinis</span> <span class='ocrx_word' id='word_1_296' title='bbox 1337 2528 1497 2588; x_wconf 87' lang='lat' dir='ltr'>aliquis</span> <span class='ocrx_word' id='word_1_297' title='bbox 1525 2527 1689 2587; x_wconf 89' lang='lat' dir='ltr'>accipit</span> <span class='ocrx_word' id='word_1_298' title='bbox 1706 2537 1980 2587; x_wconf 86' lang='lat' dir='ltr'>potestatem</span> <span class='ocrx_word' id='word_1_299' title='bbox 2009 2526 2173 2586; x_wconf 88' lang='lat' dir='ltr'>agendi</span> 
     </span>
     <span class='ocr_line' id='line_1_35' title="bbox 206 2591 2175 2654; baseline 0.001 -19"><span class='ocrx_word' id='word_1_300' title='bbox 206 2591 408 2636; x_wconf 88' lang='lat' dir='ltr'>actiones</span> <span class='ocrx_word' id='word_1_301' title='bbox 434 2594 807 2639; x_wconf 85' lang='lat' dir='ltr'>sacramentales.</span> <span class='ocrx_word' id='word_1_302' title='bbox 842 2595 920 2639; x_wconf 91' lang='lat' dir='ltr'>sed</span> <span class='ocrx_word' id='word_1_303' title='bbox 948 2609 1087 2653; x_wconf 88' lang='lat' dir='ltr'>agens</span> <span class='ocrx_word' id='word_1_304' title='bbox 1115 2606 1181 2639; x_wconf 89' lang='lat' dir='ltr'>est</span> <span class='ocrx_word' id='word_1_305' title='bbox 1213 2595 1335 2654; x_wconf 92' lang='lat' dir='ltr'>prior</span> <span class='ocrx_word' id='word_1_306' title='bbox 1368 2609 1449 2639; x_wconf 90' lang='lat' dir='ltr'>sua</span> <span class='ocrx_word' id='word_1_307' title='bbox 1484 2597 1688 2650; x_wconf 81' lang='lat' dir='ltr'>actione3</span> <span class='ocrx_word' id='word_1_308' title='bbox 1732 2609 1841 2654; x_wconf 90' lang='lat' dir='ltr'>ergo</span> <span class='ocrx_word' id='word_1_309' title='bbox 1885 2595 1999 2638; x_wconf 90' lang='lat' dir='ltr'>ordo</span> <span class='ocrx_word' id='word_1_310' title='bbox 2041 2593 2175 2638; x_wconf 85' lang='lat' dir='ltr'>debet</span> 
     </span>
     <span class='ocr_line' id='line_1_36' title="bbox 206 2654 1375 2719; baseline 0.003 -17"><span class='ocrx_word' id='word_1_311' title='bbox 206 2659 479 2718; x_wconf 88' lang='lat' dir='ltr'>praecedere</span> <span class='ocrx_word' id='word_1_312' title='bbox 506 2669 551 2704; x_wconf 88' lang='lat' dir='ltr'>et</span> <span class='ocrx_word' id='word_1_313' title='bbox 573 2660 865 2719; x_wconf 89' lang='lat' dir='ltr'>baptismum,</span> <span class='ocrx_word' id='word_1_314' title='bbox 893 2671 937 2706; x_wconf 91' lang='lat' dir='ltr'>et</span> <span class='ocrx_word' id='word_1_315' title='bbox 965 2654 1052 2705; x_wconf 89' lang='lat' dir='ltr'>alia</span> <span class='ocrx_word' id='word_1_316' title='bbox 1078 2674 1375 2707; x_wconf 87' lang='lat' dir='ltr'>sacramenta.</span> 
     </span>
    </p>

    <p class='ocr_par' dir='ltr' id='par_1_12' title="bbox 209 2725 2171 2923">
     <span class='ocr_line' id='line_1_37' title="bbox 301 2725 2171 2789; baseline 0.001 -18"><span class='ocrx_word' id='word_1_317' title='bbox 301 2739 338 2784; x_wconf 83' lang='lat'><em>3</em></span> <span class='ocrx_word' id='word_1_318' title='bbox 364 2725 661 2772; x_wconf 78' lang='lat' dir='ltr'>PRAETEREA.</span> <span class='ocrx_word' id='word_1_319' title='bbox 687 2727 972 2772; x_wconf 86' lang='lat' dir='ltr'>Eucharistia</span> <span class='ocrx_word' id='word_1_320' title='bbox 990 2739 1057 2773; x_wconf 88' lang='lat' dir='ltr'>est</span> <span class='ocrx_word' id='word_1_321' title='bbox 1074 2729 1305 2789; x_wconf 86' lang='lat' dir='ltr'>spirituale</span> <span class='ocrx_word' id='word_1_322' title='bbox 1322 2729 1672 2775; x_wconf 88' lang='lat' dir='ltr'>nutrimentum:</span> <span class='ocrx_word' id='word_1_323' title='bbox 1702 2729 1991 2773; x_wconf 87' lang='lat' dir='ltr'>confirmatio</span> <span class='ocrx_word' id='word_1_324' title='bbox 2020 2738 2171 2772; x_wconf 89' lang='lat' dir='ltr'>autem</span> 
     </span>
     <span class='ocr_line' id='line_1_38' title="bbox 209 2795 2174 2855; baseline 0.003 -20"><span class='ocrx_word' id='word_1_325' title='bbox 209 2803 501 2852; x_wconf 87' lang='lat' dir='ltr'>comparatur</span> <span class='ocrx_word' id='word_1_326' title='bbox 527 2805 795 2853; x_wconf 88' lang='lat' dir='ltr'>augmento:</span> <span class='ocrx_word' id='word_1_327' title='bbox 822 2795 1151 2840; x_wconf 89' lang='lat' dir='ltr'>nutrimentum</span> <span class='ocrx_word' id='word_1_328' title='bbox 1180 2806 1331 2840; x_wconf 89' lang='lat' dir='ltr'>autern</span> <span class='ocrx_word' id='word_1_329' title='bbox 1360 2806 1427 2841; x_wconf 90' lang='lat' dir='ltr'>est</span> <span class='ocrx_word' id='word_1_330' title='bbox 1454 2811 1590 2840; x_wconf 85' lang='lat' dir='ltr'>causa</span> <span class='ocrx_word' id='word_1_331' title='bbox 1617 2798 1865 2855; x_wconf 84' lang='lat' dir='ltr'>augmenti,</span> <span class='ocrx_word' id='word_1_332' title='bbox 1895 2807 1939 2840; x_wconf 91' lang='lat' dir='ltr'>et</span> <span class='ocrx_word' id='word_1_333' title='bbox 1963 2810 2043 2854; x_wconf 92' lang='lat' dir='ltr'>per</span> <span class='ocrx_word' id='word_1_334' title='bbox 2069 2809 2174 2840; x_wconf 88' lang='lat' dir='ltr'>con-</span> 
     </span>
     <span class='ocr_line' id='line_1_39' title="bbox 210 2859 1734 2923; baseline 0.003 -20"><span class='ocrx_word' id='word_1_335' title='bbox 210 2873 404 2920; x_wconf 91' lang='lat' dir='ltr'>sequens</span> <span class='ocrx_word' id='word_1_336' title='bbox 428 2859 550 2919; x_wconf 91' lang='lat' dir='ltr'>prius</span> <span class='ocrx_word' id='word_1_337' title='bbox 575 2873 654 2915; x_wconf 89' lang='lat' dir='ltr'>eo;</span> <span class='ocrx_word' id='word_1_338' title='bbox 681 2875 791 2920; x_wconf 88' lang='lat' dir='ltr'>ergo</span> <span class='ocrx_word' id='word_1_339' title='bbox 818 2863 1101 2908; x_wconf 88' lang='lat' dir='ltr'>Eucharistia</span> <span class='ocrx_word' id='word_1_340' title='bbox 1129 2873 1196 2908; x_wconf 90' lang='lat' dir='ltr'>est</span> <span class='ocrx_word' id='word_1_341' title='bbox 1220 2865 1346 2923; x_wconf 90' lang='lat' dir='ltr'>prior</span> <span class='ocrx_word' id='word_1_342' title='bbox 1371 2864 1734 2908; x_wconf 82' lang='lat' dir='ltr'>confirmatione.</span> 
     </span>
    </p>

    <p class='ocr_par' dir='ltr' id='par_1_13' title="bbox 208 2927 2176 3107">
     <span class='ocr_line' id='line_1_40' title="bbox 296 2927 2174 2990; baseline 0.002 -19"><span class='ocrx_word' id='word_1_343' title='bbox 296 2939 339 2982; x_wconf 86' lang='lat'>4.</span> <span class='ocrx_word' id='word_1_344' title='bbox 366 2927 663 2972; x_wconf 74' lang='lat' dir='ltr'>PRAETEREA.</span> <span class='ocrx_word' id='word_1_345' title='bbox 690 2928 977 2976; x_wconf 87' lang='lat' dir='ltr'>Poenitentia</span> <span class='ocrx_word' id='word_1_346' title='bbox 1003 2942 1241 2990; x_wconf 87' lang='lat' dir='ltr'>praeparat</span> <span class='ocrx_word' id='word_1_347' title='bbox 1266 2932 1506 2976; x_wconf 86' lang='lat' dir='ltr'>hominem</span> <span class='ocrx_word' id='word_1_348' title='bbox 1535 2931 1590 2974; x_wconf 89' lang='lat' dir='ltr'>ad</span> <span class='ocrx_word' id='word_1_349' title='bbox 1619 2931 1974 2976; x_wconf 86' lang='lat' dir='ltr'>Eucharistiam:</span> <span class='ocrx_word' id='word_1_350' title='bbox 2003 2930 2081 2974; x_wconf 91' lang='lat' dir='ltr'>sed</span> <span class='ocrx_word' id='word_1_351' title='bbox 2109 2929 2174 2974; x_wconf 92' lang='lat' dir='ltr'>di-</span> 
     </span>
     <span class='ocr_line' id='line_1_41' title="bbox 209 2994 2176 3058; baseline 0.001 -19"><span class='ocrx_word' id='word_1_352' title='bbox 209 2994 398 3054; x_wconf 86' lang='lat' dir='ltr'>spositio</span> <span class='ocrx_word' id='word_1_353' title='bbox 421 2994 650 3054; x_wconf 86' lang='lat' dir='ltr'>praecedit</span> <span class='ocrx_word' id='word_1_354' title='bbox 675 2995 1027 3056; x_wconf 89' lang='lat' dir='ltr'>perfectionem;</span> <span class='ocrx_word' id='word_1_355' title='bbox 1061 3012 1171 3056; x_wconf 86' lang='lat' dir='ltr'>ergo</span> <span class='ocrx_word' id='word_1_356' title='bbox 1209 2999 1486 3057; x_wconf 88' lang='lat' dir='ltr'>poenitentia</span> <span class='ocrx_word' id='word_1_357' title='bbox 1529 2998 1664 3043; x_wconf 88' lang='lat' dir='ltr'>debet</span> <span class='ocrx_word' id='word_1_358' title='bbox 1703 2997 1973 3058; x_wconf 89' lang='lat' dir='ltr'>praecedere</span> <span class='ocrx_word' id='word_1_359' title='bbox 2002 2996 2176 3041; x_wconf 90' lang='lat' dir='ltr'>Eucha-</span> 
     </span>
     <span class='ocr_line' id='line_1_42' title="bbox 208 3073 395 3107; baseline 0 -1"><span class='ocrx_word' id='word_1_360' title='bbox 208 3073 395 3107; x_wconf 77' lang='lat' dir='ltr'>ristiam.</span> 
     </span>
    </p>

    <p class='ocr_par' dir='ltr' id='par_1_14' title="bbox 208 3128 2178 3323">
     <span class='ocr_line' id='line_1_43' title="bbox 302 3128 2178 3191; baseline 0.001 -18"><span class='ocrx_word' id='word_1_361' title='bbox 302 3142 338 3187; x_wconf 88' lang='lat'>5.</span> <span class='ocrx_word' id='word_1_362' title='bbox 365 3129 662 3174; x_wconf 75' lang='lat' dir='ltr'>PRAETEREA.</span> <span class='ocrx_word' id='word_1_363' title='bbox 693 3128 833 3181; x_wconf 87' lang='lat' dir='ltr'>Quod</span> <span class='ocrx_word' id='word_1_364' title='bbox 861 3139 928 3175; x_wconf 92' lang='lat' dir='ltr'>est</span> <span class='ocrx_word' id='word_1_365' title='bbox 952 3131 1247 3191; x_wconf 86' lang='lat' dir='ltr'>propinquius</span> <span class='ocrx_word' id='word_1_366' title='bbox 1279 3132 1358 3175; x_wconf 86' lang='lat' dir='ltr'>fini</span> <span class='ocrx_word' id='word_1_367' title='bbox 1383 3131 1564 3186; x_wconf 88' lang='lat' dir='ltr'>ultimo,</span> <span class='ocrx_word' id='word_1_368' title='bbox 1608 3138 1694 3176; x_wconf 77' lang='lat' dir='ltr'>est·</span> <span class='ocrx_word' id='word_1_369' title='bbox 1715 3130 1967 3189; x_wconf 83' lang='lat' dir='ltr'>posterius:</span> <span class='ocrx_word' id='word_1_370' title='bbox 2000 3129 2079 3174; x_wconf 92' lang='lat' dir='ltr'>sed</span> <span class='ocrx_word' id='word_1_371' title='bbox 2107 3143 2178 3174; x_wconf 87' lang='lat' dir='ltr'>ex-</span> 
     </span>
     <span class='ocr_line' id='line_1_44' title="bbox 208 3196 2175 3258; baseline -0.001 -15"><span class='ocrx_word' id='word_1_372' title='bbox 208 3208 354 3243; x_wconf 85' lang='lat' dir='ltr'>trema</span> <span class='ocrx_word' id='word_1_373' title='bbox 376 3197 531 3241; x_wconf 89' lang='lat' dir='ltr'>unctio</span> <span class='ocrx_word' id='word_1_374' title='bbox 554 3196 670 3240; x_wconf 91' lang='lat' dir='ltr'>inter</span> <span class='ocrx_word' id='word_1_375' title='bbox 687 3196 844 3241; x_wconf 88' lang='lat' dir='ltr'>omnia</span> <span class='ocrx_word' id='word_1_376' title='bbox 860 3210 1145 3243; x_wconf 84' lang='lat' dir='ltr'>sacramenta</span> <span class='ocrx_word' id='word_1_377' title='bbox 1179 3199 1479 3258; x_wconf 86' lang='lat' dir='ltr'>propinquior</span> <span class='ocrx_word' id='word_1_378' title='bbox 1497 3209 1564 3244; x_wconf 90' lang='lat' dir='ltr'>est</span> <span class='ocrx_word' id='word_1_379' title='bbox 1581 3198 1743 3242; x_wconf 90' lang='lat' dir='ltr'>ultimo</span> <span class='ocrx_word' id='word_1_380' title='bbox 1762 3197 1842 3241; x_wconf 89' lang='lat' dir='ltr'>fini</span> <span class='ocrx_word' id='word_1_381' title='bbox 1858 3197 2148 3242; x_wconf 86' lang='lat' dir='ltr'>beatitudinis</span> <span class='ocrx_word' id='word_1_382' title='bbox 2164 3213 2175 3253; x_wconf 89' lang='lat'>;</span> 
     </span>
     <span class='ocr_line' id='line_1_45' title="bbox 210 3262 1559 3323; baseline 0 -14"><span class='ocrx_word' id='word_1_383' title='bbox 210 3277 320 3323; x_wconf 86' lang='lat' dir='ltr'>ergo</span> <span class='ocrx_word' id='word_1_384' title='bbox 348 3263 480 3308; x_wconf 89' lang='lat' dir='ltr'>debet</span> <span class='ocrx_word' id='word_1_385' title='bbox 503 3262 671 3307; x_wconf 87' lang='lat' dir='ltr'>habere</span> <span class='ocrx_word' id='word_1_386' title='bbox 697 3262 910 3309; x_wconf 88' lang='lat' dir='ltr'>ultimum</span> <span class='ocrx_word' id='word_1_387' title='bbox 935 3264 1091 3309; x_wconf 89' lang='lat' dir='ltr'>locum</span> <span class='ocrx_word' id='word_1_388' title='bbox 1116 3266 1233 3310; x_wconf 90' lang='lat' dir='ltr'>inter</span> <span class='ocrx_word' id='word_1_389' title='bbox 1258 3277 1559 3311; x_wconf 87' lang='lat' dir='ltr'>sacramenta.</span> 
     </span>
    </p>

    <p class='ocr_par' dir='ltr' id='par_1_15' title="bbox 208 3331 2174 3457">
     <span class='ocr_line' id='line_1_46' title="bbox 297 3331 2174 3390; baseline 0.001 -16"><span class='ocrx_word' id='word_1_390' title='bbox 297 3331 351 3376; x_wconf 66' lang='lat' dir='ltr'>Iu</span> <span class='ocrx_word' id='word_1_391' title='bbox 379 3343 698 3375; x_wconf 77' lang='lat' dir='ltr'>CONTRARmM</span> <span class='ocrx_word' id='word_1_392' title='bbox 723 3340 803 3384; x_wconf 88' lang='lat' dir='ltr'>est,</span> <span class='ocrx_word' id='word_1_393' title='bbox 821 3331 943 3390; x_wconf 91' lang='lat' dir='ltr'>quod</span> <span class='ocrx_word' id='word_1_394' title='bbox 963 3334 1269 3377; x_wconf 90' lang='lat' dir='ltr'>communiter</span> <span class='ocrx_word' id='word_1_395' title='bbox 1287 3333 1551 3378; x_wconf 86' lang='lat' dir='ltr'>ordinantur</span> <span class='ocrx_word' id='word_1_396' title='bbox 1570 3333 1622 3376; x_wconf 85' lang='lat' dir='ltr'>ab</span> <span class='ocrx_word' id='word_1_397' title='bbox 1642 3332 1856 3376; x_wconf 89' lang='lat' dir='ltr'>omnibus</span> <span class='ocrx_word' id='word_1_398' title='bbox 1873 3342 2174 3387; x_wconf 87' lang='lat' dir='ltr'>sacramenta,</span> 
     </span>
     <span class='ocr_line' id='line_1_47' title="bbox 208 3397 1097 3457; baseline 0.001 -15"><span class='ocrx_word' id='word_1_399' title='bbox 208 3397 328 3443; x_wconf 84' lang='lat' dir='ltr'>sicut</span> <span class='ocrx_word' id='word_1_400' title='bbox 349 3398 470 3457; x_wconf 89' lang='lat' dir='ltr'>prius</span> <span class='ocrx_word' id='word_1_401' title='bbox 497 3398 666 3441; x_wconf 89' lang='lat' dir='ltr'>dictum</span> <span class='ocrx_word' id='word_1_402' title='bbox 694 3408 762 3441; x_wconf 88' lang='lat' dir='ltr'>est</span> <span class='ocrx_word' id='word_1_403' title='bbox 785 3398 891 3455; x_wconf 83' lang='lat' dir='ltr'>(art.</span> <span class='ocrx_word' id='word_1_404' title='bbox 918 3399 1097 3457; x_wconf 52' lang='lat' dir='ltr'>praem).</span> 
     </span>
    </p>

    <p class='ocr_par' dir='ltr' id='par_1_16' title="bbox 214 3464 2179 3592">
     <span class='ocr_line' id='line_1_48' title="bbox 301 3464 2179 3526; baseline 0.001 -16"><span class='ocrx_word' id='word_1_405' title='bbox 301 3464 591 3510; x_wconf 76' lang='lat' dir='ltr'>RESPONDEO</span> <span class='ocrx_word' id='word_1_406' title='bbox 611 3464 870 3518; x_wconf 88' lang='lat' dir='ltr'>dicendum,</span> <span class='ocrx_word' id='word_1_407' title='bbox 897 3467 1019 3524; x_wconf 92' lang='lat' dir='ltr'>quod</span> <span class='ocrx_word' id='word_1_408' title='bbox 1038 3466 1154 3511; x_wconf 89' lang='lat' dir='ltr'>ratio</span> <span class='ocrx_word' id='word_1_409' title='bbox 1183 3467 1355 3511; x_wconf 91' lang='lat' dir='ltr'>ordinis</span> <span class='ocrx_word' id='word_1_410' title='bbox 1384 3476 1778 3511; x_wconf 85' lang='lat' dir='ltr'>sacramentorum</span> <span class='ocrx_word' id='word_1_411' title='bbox 1803 3477 1990 3526; x_wconf 86' lang='lat' dir='ltr'>apparet</span> <span class='ocrx_word' id='word_1_412' title='bbox 2016 3482 2070 3512; x_wconf 87' lang='lat' dir='ltr'>ex</span> <span class='ocrx_word' id='word_1_413' title='bbox 2091 3467 2179 3521; x_wconf 87' lang='lat' dir='ltr'>his,</span> 
     </span>
     <span class='ocr_line' id='line_1_49' title="bbox 214 3531 2179 3592; baseline 0.001 -16"><span class='ocrx_word' id='word_1_414' title='bbox 214 3545 331 3592; x_wconf 88' lang='lat' dir='ltr'>quae</span> <span class='ocrx_word' id='word_1_415' title='bbox 352 3545 488 3590; x_wconf 88' lang='lat' dir='ltr'>supra</span> <span class='ocrx_word' id='word_1_416' title='bbox 511 3532 628 3576; x_wconf 89' lang='lat' dir='ltr'>dicta</span> <span class='ocrx_word' id='word_1_417' title='bbox 650 3540 754 3575; x_wconf 90' lang='lat' dir='ltr'>sunt</span> <span class='ocrx_word' id='word_1_418' title='bbox 772 3531 911 3590; x_wconf 83' lang='lat' dir='ltr'>(ibid.)</span> <span class='ocrx_word' id='word_1_419' title='bbox 927 3543 943 3575; x_wconf 88' lang='grc'>.·</span> <span class='ocrx_word' id='word_1_420' title='bbox 968 3545 1077 3576; x_wconf 88' lang='lat' dir='ltr'>nam</span> <span class='ocrx_word' id='word_1_421' title='bbox 1099 3532 1219 3578; x_wconf 91' lang='lat' dir='ltr'>sicut</span> <span class='ocrx_word' id='word_1_422' title='bbox 1245 3548 1388 3577; x_wconf 89' lang='lat' dir='ltr'>unum</span> <span class='ocrx_word' id='word_1_423' title='bbox 1416 3543 1483 3577; x_wconf 90' lang='lat' dir='ltr'>est</span> <span class='ocrx_word' id='word_1_424' title='bbox 1504 3533 1641 3592; x_wconf 89' lang='lat' dir='ltr'>prius,</span> <span class='ocrx_word' id='word_1_425' title='bbox 1669 3547 1806 3592; x_wconf 87' lang='lat' dir='ltr'>quam</span> <span class='ocrx_word' id='word_1_426' title='bbox 1834 3533 2094 3589; x_wconf 83' lang='lat' dir='ltr'>multitudo,</span> <span class='ocrx_word' id='word_1_427' title='bbox 2115 3534 2179 3580; x_wconf 89' lang='lat' dir='ltr'>ita</span> 
     </span>
    </p>
   </div>
  </div>
 </body>
</html>
