2352 3926
286 196 396 250 744
788 190 1066 237 QuAnsTIo
1105 189 1314 229 Lxxxn.
1353 186 1668 229 Ani-munus·
1703 190 1746 231 1.

377 296 571 348 Quarto.
598 295 765 339 Utrum
791 293 928 338 liceat
952 294 1180 339 sacerdoti
1207 293 1497 338 consecranti
1514 307 1541 337 a
1563 293 2157 341 communioneabstine‘re.

377 363 567 415 Quinto.
596 362 763 406 Utrum
789 361 1002 405 sacerdos
1029 371 1245 420 peccator
1276 361 1425 419 possit
1447 359 1674 404 conficere
1699 360 1791 405 hoc
1817 373 2169 408 sacramentum.

378 431 530 474 Sexto.
560 429 726 472 Utrum
753 429 891 472 missa
913 428 1024 471 mali
1049 428 1297 472 sacerdotis
1319 428 1471 471 minus
1493 427 1644 472 valea-t
1663 442 1801 487 quarn
1827 429 1951 474 boni.

377 497 598 554 Septimo.
627 495 793 539 Utrum
833 495 1067 550 haeretici,
1093 494 1391 550 schismatici,
1418 493 1492 539 vel
1518 496 2107 556 excommunicatipossint
2133 510 2250 543 :con-
2272 525 2294 555 .·
2348 538 2352 541 ,

287 563 419 607 ficere
442 563 531 606 hoc
555 571 910 606 sacramentum.

375 630 572 675 Octavo.
597 629 763 672 Utrum
789 628 1040 687 degradati.

371 696 526 740 Nono.
554 696 720 739 Utrum
739 706 933 754 peccent
958 711 983 740 a
1008 695 1173 740 talibus
1201 695 1587 741 communionem
1607 697 1894 756 recipientes.
1956 728 1958 733 ,

371 763 585 807 Decimo.
613 763 782 807 Utrum
807 762 944 808 liceat
969 763 1199 808 sacerdoti
1223 764 1416 809 omnino
1444 778 1470 808 a
1497 764 1804 810 celebratione
1829 764 2078 812 abstinere..

1010 965 1447 1024 ARTICULUS
1486 966 1528 1022 1.
2154 993 2244 1043 494

285 1117 480 1156 UTRUM
514 1116 902 1157 CONSECRATIO
930 1117 1097 1172 HUJUS
1124 1117 1476 1158 SACRAMENTI-
1500 1118 1585 1156 SIT
1614 1116 1848 1156 PROPRIA
1882 1116 2243 1156 SACERDOTIS.

549 1243 611 1302 (4.
637 1244 749 1288 Dist.
771 1256 829 1303 13.
856 1250 938 1289 art.
967 1259 1003 1289 1.
1027 1258 1067 1302 q.
1094 1259 1130 1289 Ι.
1157 1250 1197 1289 et
1219 1245 1334 1288 Dist.
1360 1257 1423 1303 17.
1446 1259 1485 1303 q.
1508 1259 1544 1303 3.
1571 1250 1653 1289 art.
1678 1259 1713 1303 3.
1740 1259 1778 1302 q.
1804 1259 1840 1290 r.
1868 1251 1981 1305 corp.

638 1317 683 1356 et'
699 1312 813 1357 Dist.
839 1325 906 1370 14.
933 1326 972 1371 q.
998 1327 1038 1357 2.
1066 1318 1148 1357 art.
1175 1327 1211 1356 r.
1239 1326 1277 1370 q.
1304 1326 1345 1356 2.
1372 1318 1486 1371 corp.
1510 1317 1549 1356 et
1573 1318 1655 1356 art.
1682 1326 1722 1356 2.
1742 1311 1798 1356 ad
1811 1312 1889 1371 2.).

371 1438 447 1483 AD
479 1452 669 1484 PRIMUM
695 1439 759 1483 sic
793 1439 1068 1498 proceditur.
1095 1438 1302 1494 Videtur,
1336 1439 1459 1498 quod
1493 1438 1779 1483 consecratio
1810 1437 1945 1498 hujus
1971 1439 2246 1485 sacr-amenti

282 1520 379 1551 non
404 1508 463 1551 sit
486 1507 667 1566 propria
690 1507 961 1551 sacerdotis:
991 1507 1164 1551 dictum
1188 1517 1256 1551 est
1281 1507 1405 1550 enim
1431 1521 1567 1566 supra
1595 1506 1652 1565 (q.
1681 1507 1748 1566 78.
1781 1512 1867 1552 art'.
1887 1506 1972 1565 4.)3,
1998 1507 2128 1567 quodi
2152 1506 2242 1552 hoc

281 1584 620 1619 sacramentum
653 1584 948 1619 consecratur
979 1575 1144 1619 virtute
1176 1575 1437 1629 verborum,
1471 1588 1588 1634 quae
1621 1583 1727 1618 sunt
1755 1573 1907 1619 forma
1935 1574 2079 1635 hujus*
2102 1588 2247 1621 sacra-

278 1641 446 1685 menti:
474 1642 553 1686 sed
580 1640 658 1685 illa
683 1642 821 1686 verba
846 1656 941 1686 non
974 1642 1221 1696 mutantur,
1255 1643 1349 1687 sive
1380 1642 1592 1686 dicantur
1626 1654 1656 1685 a*
1683 1641 1923 1687 sacerdote
1954 1642 2052 1687 sive
2087 1656 2118 1687 a*
2139 1654 2249 1703 quo-

279 1722 477 1768 cumque
504 1708 621 1764 ali03
649 1723 760 1768 ergo
782 1710 975 1765 videtur,
1003 1710 1125 1769 quod
1148 1724 1244 1755 non
1265 1710 1392 1755 solus
1418 1709 1648 1764 sacerdos,
1675 1708 1754 1753 sed
1773 1709 1911 1754 etiam
1928 1709 2116 1770 quilibet
2132 1709 2246 1756 alius

277 1777 421 1836 possit
445 1776 543 1820 hoc*
563 1787 905 1821 sacramentum
933 1791 1219 1823 consecrare.

367 1856 408 1888 2.
442 1843 740 1889 PRAETEREA.
777 1844 1004 1890 Sacerdos
1035 1845 1127 1890 hoc
1159 1854 1504 1890 sacramentum
1528 1842 1714 1888 conficit
1742 1843 1788 1888 in
1819 1857 2018 1903 persona.
2049 1845 2244 1894 Christi:

276 1910 360 1956 sed²
381 1911 524 1955 laicus
541 1921 730 1956 sanctus·
747 1922 816 1956 est
830 1913 985 1956 unitus
1009 1912 1196 1958 Christo
1214 1927 1294 1972 per
1313 1912 1580 1957 charitatem
1596 1927 1606 1966 ;
1625 1924 1735 1969 ergo
1751 1911 1944 1967 videtur,
1963 1913 2088 1972 quod
2104 1913 2244 1959 etiam

275 1979 420 2024 laicus
439 1979 583 2039 possit
599 1980 689 2024 hoc
712 1991 1053 2025 sacramentum
1071 1981 1298 2025 conficere
1313 1996 1324 2036 ;
1342 1980 1462 2024 unde
1480 1988 1525 2024 et
1543 1979 1783 2039 Chrysost.
1805 1979 1915 2031 dicit
1928 1994 2066 2040 super
2080 1979 2244 2029 Matthz

272 2047 402 2105 ὥσπε.
429 2061 493 2106 43.
519 2049 567 2092 in
593 2055 656 2107 op.
683 2049 852 2107 imperf.
880 2062 906 2092 a
924 2050 1087 2108 princ.)
1117 2048 1241 2108 quod
1273 2064 1296 2090 c<
1324 2047 1476 2093 omnis
1504 2057 1688 2091 sanctus
1712 2057 1783 2091 est
1807 2047 2028 2092 sacerdos
2048 2064 2091 2092 ³».

373 2129 410 2173 3.
429 2114 731 2160 PRAETEREA.
759 2115 889 2159 Sicut
913 2115 1166 2174 baptismus
1189 2115 1423 2160 ordinatur
1446 2114 1507 2158 ad>
1524 2114 1769 2158 hominum
1785 2110 1995 2170 salutem»,
2010 2115 2079 2160 ita
2096 2115 2246 2160 ethoc

277 2193 633 2238 sacramentum,
659 2182 778 2226 sicut
804 2197 857 2227 ex
885 2182 1155 2241 supradictis
1181 2192 1306 2242 patet
1333 2182 1391 2242 (q.
1419 2182 1508 2242 79.)
1525 2195 1540 2224 .·
1567 2181 1646 2226 sed
1674 2182 1814 2226 etiarn
1838 2180 1982 2228 lai-cus
2006 2192 2158 2243 potest
2172 2183 2254 2228 ba-

275 2249 460 2308 ptizare,
486 2260 536 2293 ut
557 2264 693 2309 supra
711 2250 883 2295 dictum
910 2260 980 2295 est
1000 2251 1062 2310 (q.
1090 2251 1160 2310 67.
1179 2256 1260 2296 art.
1274 2251 1363 2310 3.)>;
1389 2263 1487 2294 non
1508 2262 1619 2308 ergo
1646 2259 1714 2294 est
1738 2249 1976 2309 proprium
1995 2250 2253 2296 sacerdotis<

276 2316 503 2360 conficere
529 2317 621 2360 hoc
649 2327 1004 2362 sacramentum.

365 2395 408 2439 4.
442 2383 742 2429 PRAETEREA.
777 2385 880 2429 Hoc
913 2394 1254 2430 sacramentum
1287 2383 1517 2445 perficitur
1546 2383 1594 2428 in
1627 2384 1975 2430 consecratione
2005 2385 2244 2432 materiae:

275 2450 355 2495 sed
383 2449 495 2495 alias
521 2451 736 2495 materias
764 2466 1048 2507 consecrare,
1076 2452 1251 2497 scilicet
1277 2451 1493 2505 chrisma,
1517 2461 1561 2495 et
1588 2450 1743 2496 oleum
1767 2461 1993 2508 sanctum,
2019 2462 2063 2497 et
2088 2452 2245 2498 oleum

275 2519 582 2573 benedictum,
609 2520 804 2578 pertinet
830 2521 886 2564 ad
913 2520 1065 2564 solum
1093 2521 1388 2579 episcopum:
1412 2533 1606 2579 quarum
1637 2530 1793 2564 tamen
1827 2521 2113 2566 consecratio
2145 2535 2242 2566 non

275 2597 343 2631 est
363 2596 516 2631 tantae
545 2587 791 2645 dignitatiS‚
818 2587 935 2632 sicut
954 2588 1239 2632 consecratio
1258 2587 1586 2641 Eucharistiae,
1603 2587 1651 2631 in
1674 2601 1763 2646 qua
1785 2597 1854 2631 est
1868 2597 1992 2632 totus
2009 2588 2219 2634 Christus
2231 2604 2244 2646 ;

272 2668 383 2714 ergo
404 2668 500 2699 non
527 2664 595 2700 est
619 2655 856 2713 proprium
873 2655 1139 2710 sacerdotis,
1163 2655 1241 2700 sed
1269 2654 1412 2700 solius
1440 2654 1641 2715 episcopi
1658 2655 1750 2699 hoc
1777 2663 2119 2702 sacramentum
2137 2670 2245 2702 con-

274 2721 425 2767 ficere.

338 2840 340 2843 v
367 2790 462 2835 SED
497 2802 694 2835 CONTRA
728 2800 808 2844 est,
843 2789 966 2849 quod
997 2789 1102 2835 Isid.
1137 2790 1246 2834 dicit
1277 2790 1324 2833 in
1358 2790 1555 2849 quadam
1588 2790 1716 2850 epist.
1749 2790 1827 2849 (ad
1857 2789 2110 2851 Laudesrcd.
2141 2805 2246 2852 quae
2276 2820 2277 2823 =

274 2857 370 2903 hab.
399 2858 561 2903 Concil.
573 2864 669 2918 post
694 2858 853 2903 Concil.
885 2858 1056 2917 Tolet),
1085 2868 1128 2902 et
1150 2858 1340 2902 habetur
1358 2858 1405 2901 in
1431 2859 1612 2904 Decret.
1631 2860 1761 2916 (Dist.
1787 2873 1849 2919 25.
1875 2866 1997 2920 σαμε
2015 2859 2244 2918 Perlectis).·

280 2942 304 2967 ε(
331 2926 404 2971 Ad
437 2926 752 2986 presbyterum
784 2925 978 2986 pertinet
1009 2935 1348 2970 sacramentum
1382 2926 1600 2985 corporis,
1635 2936 1679 2971 et
1710 2926 1942 2986 sanguinis
1974 2925 2168 2971 Domini
2195 2926 2245 2971 in

275 2992 405 3038 altari
431 2994 520 3038 Dei
546 2993 774 3038 conficere
800 3010 842 3037 ».

367 3060 659 3106 stpomo
688 3060 948 3114 dicendum,
976 3060 1113 3120 quod,
1140 3060 1257 3105 sicut
1289 3075 1424 3119 supra
1457 3061 1628 3105 dictum
1664 3071 1731 3106 est
1756 3059 1812 3120 (q.
1839 3061 1906 3121 78.
1934 3065 2015 3106 art.
2041 3075 2077 3106 r.
2103 3066 2143 3106 et
2160 3059 2244 3120 4.),

274 3128 366 3172 hoc
393 3139 734 3173 sacramentum
767 3139 835 3173 est
866 3138 1018 3173 tantae
1046 3128 1292 3187 dignitatis,
1317 3129 1438 3187 quod
1464 3143 1558 3174 non
1594 3129 1834 3173 conficitur
1863 3129 1954 3174 nisi
1976 3128 2025 3173 in
2050 3142 2246 3187 persona

279 3196 464 3241 Christi.
492 3196 788 3256 Quicumque
817 3206 969 3240 autem
998 3195 1167 3255 aliquid
1195 3197 1289 3255 agit
1314 3196 1359 3239 in
1386 3210 1583 3255 persona
1606 3196 1804 3251 alterius,
1831 3205 2012 3256 oportet
2031 3195 2122 3240 hoc
2149 3195 2247 3241 fieri

274 3278 353 3322 per
375 3274 650 3321 potestatem
674 3264 726 3307 ab
745 3263 826 3308 illo
851 3277 1146 3308 concessam:
1175 3264 1292 3307 sicut
1314 3274 1466 3307 autem
1484 3263 1712 3323 baptizato
1731 3264 1995 3309 conceditur
2012 3277 2037 3308 a
2057 3262 2243 3308 Christo

275 3341 475 3389 potestas
502 3331 714 3376 sumendi
740 3331 830 3376 hoc
873 3340 1227 3384 sacramentum,
1254 3330 1316 3374 ita
1342 3331 1580 3385 sacerdoti,
1605 3346 1711 3375 cum
1739 3330 1987 3385 ordinatur,
2013 3328 2244 3376 confertur

275 3409 475 3457 potestas
502 3398 591 3442 hoc
619 3409 958 3443 sacramentum
987 3397 1284 3444 consecrandi
1307 3398 1352 3441 in
1380 3412 1574 3457 persona
1593 3398 1778 3443 Christi.
1805 3397 1893 3443 Per
1909 3396 2000 3443 hoc
2017 3397 2141 3443 enim
2161 3411 2243 3458 po-

274 3465 394 3509 nitur
420 3466 466 3509 in
495 3466 636 3524 gradu
665 3481 842 3520 eorum,
866 3466 1028 3525 quibus
1064 3465 1236 3510 dictum
1265 3475 1332 3509 est
1376 3479 1400 3508 a
1422 3466 1643 3520 Domino,
1672 3465 1781 3509 Luc.
1810 3477 1896 3509 22.:
1922 3465 2018 3511 Hoc
2039 3464 2173 3524 facite
2198 3465 2245 3510 ἰη

272 3546 408 3576 meam
434 3535 873 3579 commemorationem
882 3548 898 3586 ;
928 3543 972 3578 et
997 3533 1102 3578 ideo
1130 3531 1372 3578 dicendum
1406 3542 1487 3587 est,
1521 3533 1643 3592 quod
1669 3531 1906 3592 proprium
1933 3541 2002 3578 est
2032 3531 2241 3577 sacerdo·

273 3608 372 3643 tum
399 3599 628 3646 conficere
654 3600 745 3646 hoc
768 3610 1122 3646 sacramentum.

2322 2936 2331 2944 ι

2333 2722 2352 3152 ιζ*...ις-ιμ.-.ὰ..-.,ς.«-..Ᾱ.ΜΑ.-
2341 2602 2352 2642 222
