2352 3926
233 263 344 314 216
722 243 1022 320 ⁸QUAESTIO
1066 274 1224 313 XXIII.
1264 274 1574 314 ARTICUEUS
1614 276 1687 314 IV.

231 377 484 438 impropria
502 375 778 420 estlocutio:
806 385 850 419 et
877 375 1096 435 accipitur
1113 376 1175 420 ibi
1202 375 1436 436 adoptatio
1463 392 1546 437 pro
1565 378 1737 422 unione
1763 377 1996 422 humanae
2012 387 2202 424 naturae

234 445 291 489 ad
317 458 562 504 personam
590 442 683 486 filii.

323 511 400 556 AD
434 523 697 554 SECUNDUM
725 509 986 564 dicendum,
1005 509 1128 569 quod
1154 509 1404 555 similitudo
1437 509 1516 554 illa
1537 510 1785 570 Augustini
1809 520 1878 556 est
1907 510 2203 571 intelligenda

234 587 457 638 quantum
481 577 535 620 ad
562 576 857 635 principium:
886 576 992 635 quia
1018 576 1194 621 scilicet
1218 577 1335 621 sicut
1359 577 1455 621 sine
1478 577 1651 621 meritis
1683 577 1870 637 quilibet
1892 575 2039 622 homo
2063 577 2204 624 hahet

234 655 284 689 ut
315 647 372 689 sit
405 643 691 697 christianus,
724 645 785 687 ita
823 643 908 687 iste
939 643 1085 688 homo
1119 644 1216 688 sine
1250 643 1422 688 meritis
1453 644 1612 688 habuit
1635 654 1686 688 ut
1711 654 1830 688 esset
1865 643 2102 689 Christus:
2134 655 2205 691 est

233 723 393 756 tamen
421 709 673 753 differentia
701 719 922 768 quantum
950 711 1005 755 ad
1036 711 1307 755 terminum:
1336 711 1442 771 quia
1467 711 1641 756 scilicet
1669 711 1880 756 Christus
1902 725 1984 770 per
2008 713 2203 771 gratiam

235 778 418 822 unionis
446 786 514 821 est
539 776 659 820 filius
696 776 939 831 naturalis;
982 777 1096 821 alius
1134 787 1287 821 autem
1323 791 1405 837 per
1440 778 1635 836 gratiam
1671 777 1954 823 habitualem
1990 789 2058 823 est
2086 774 2206 824 filius

239 845 503 904 adoptivus:
533 843 678 902 gratia
712 853 866 888 autem
892 843 1135 888 habitualis
1162 845 1208 888 in
1236 844 1422 888 Christo
1448 859 1543 888 non
1574 845 1684 889 facit
1716 845 1770 889 de
1802 859 1898 889 non
1929 844 2024 890 filio
2057 845 2206 891 filium

237 911 527 971 adoptivum3
556 910 634 955 sed
668 920 736 955 est
757 910 942 969 quidam
971 910 1158 955 effectus
1184 910 1416 955 filiationis
1449 911 1667 956 naturalis
1689 912 1735 955 in
1763 912 1916 956 anima
1934 909 2120 967 Christi,
2141 927 2208 958 se-

237 978 441 1023 cundum
468 977 583 1022 illud
613 977 745 1036 Joan.
781 992 844 1023 1.:
885 978 1071 1023 Vidimus
1099 978 1281 1037 gloriam
1312 981 1398 1037 ejus
1431 980 1548 1037 quasi
1584 980 1788 1038 unigeniti
1823 994 1850 1024 a
1874 979 2002 1024 Patre
2032 979 2207 1040 plenum

233 1047 410 1104 gratiae,
439 1051 477 1089 et
500 1046 708 1090 veritatis.

327 1112 403 1156 AD
432 1124 650 1156 TERTIUM
676 1111 936 1166 dicendum,
964 1111 1086 1171 quod
1114 1126 1211 1156 esse
1238 1121 1507 1167 creaturam,
1534 1122 1580 1156 et
1606 1112 1746 1156 etiam
1772 1112 1978 1167 servitus,
2009 1112 2084 1157 vel
2109 1112 2209 1158 sub-

236 1178 375 1238 jectio
403 1179 459 1222 ad
487 1179 657 1232 Deum,
675 1193 770 1222 non
792 1178 944 1223 solum
962 1178 1143 1237 respicit
1168 1193 1427 1237 personam,
1454 1179 1532 1222 sed
1552 1179 1692 1223 etiam
1718 1190 1943 1234 naturam,
1966 1179 2090 1239 quod
2111 1193 2205 1226 non

237 1256 388 1306 potest
415 1247 504 1291 dici
531 1246 587 1290 de
616 1245 859 1291 filiatione:
888 1256 932 1291 et
962 1246 1068 1291 ideo
1095 1261 1189 1290 non
1222 1257 1289 1290 est
1316 1246 1476 1290 similis
1504 1246 1634 1291 ratio.

1102 1436 1349 1443 ——.-.-——

856 1597 1304 1673 QUAESTIO
1355 1595 1593 1656 XXIV.

240 1753 323 1793 DE
343 1751 947 1793 PRAEDESTINATIONE
961 1751 1218 1800 CHRISTI,
1238 1752 1303 1790 IN
1318 1751 1607 1801 QUATUOR
1625 1750 1958 1792 ARTICULOS
1983 1749 2207 1792 DIVISA.

300 1914 481 1959 Deinde
509 1914 893 1959 considerandum
926 1924 993 1958 est
1019 1913 1073 1958 de
1105 1913 1518 1972 praedestinatione
1537 1912 1723 1957 Christi.

816 2025 874 2069 Et
904 2026 1019 2069 circa
1046 2025 1120 2068 hoc
1146 2030 1407 2083 quaeruntur
1438 2030 1630 2082 quatuor.

331 2114 504 2157 Primo.
533 2113 702 2157 Utrum
730 2112 940 2157 Christus
968 2113 1026 2157 sit
1051 2112 1424 2171 praedestinatus,

334 2180 563 2224 Secundo.
592 2179 760 2224 Utrum
787 2179 843 2224 sit
869 2180 1242 2239 praedestinatus,
1271 2177 1524 2223 secundum
1558 2179 1681 2239 quod
1713 2180 1874 2224 homo.

333 2246 509 2291 Tertio.
543 2247 711 2291 Utrum
734 2247 829 2304 ejus
851 2247 1202 2305 praedestinatio
1230 2246 1286 2290 sit
1308 2246 1539 2304 exemplar
1564 2256 1748 2292 nostrae
1774 2246 2213 2306 praedestinationis.

337 2313 530 2366 Quarto.
565 2313 733 2358 Utrum
760 2314 817 2358 sit
844 2328 980 2356 causa
1007 2313 1431 2372 praedestinationis
1463 2323 1661 2358 nostrae.

972 2491 1408 2548 ARTICULUS
1452 2493 1494 2547 I.
2130 2517 2216 2560 140
2340 2478 2352 2548 ἰ

449 2629 648 2668 UTRUM
689 2628 928 2667 CHRISTO
973 2627 1293 2666 CONVENIAT
1334 2625 1834 2665 PRAEDESTINATUM
1866 2625 2012 2664 ESSE.

339 2739 393 2796 (ι.
427 2740 538 2784 Dist.
570 2753 642 2796 40.
676 2754 715 2798 q.
740 2727 787 2784 ⁵2.
811 2747 923 2798 corp.
947 2739 1026 2797 fin.
1060 2744 1095 2783 et
1127 2738 1181 2782 ad
1212 2753 1245 2795 5.
1277 2744 1315 2782 et
1335 2753 1371 2797 3.
1398 2739 1504 2782 Dist.
1529 2750 1568 2796 7.
1595 2751 1632 2795 q.
1653 2751 1688 2795 3.
1716 2742 1799 2780 art.
1827 2750 1866 2781 2.
1894 2749 1933 2794 q.
1959 2749 2002 2780 2.
2031 2741 2071 2780 et
2090 2749 2127 2794 3.

675 2813 714 2851 et
738 2806 808 2850 lib.
827 2820 869 2862 4.
890 2805 1036 2849 Contr.
1062 2820 1105 2863 g.
1126 2814 1215 2864 cap.
1239 2820 1280 2864 9.
1314 2811 1350 2849 et
1383 2806 1504 2850 Rom.
1530 2820 1565 2848 1.
1591 2804 1679 2847 lect.
1709 2802 1784 2862 3.).

325 2917 414 2963 'An
440 2931 629 2963 PRIMUM
656 2918 719 2962 sic
753 2916 1028 2976 proceditur.
1062 2916 1266 2969 Videtur,
1295 2914 1417 2974 quod
1446 2914 1632 2958 Christo
1651 2927 1743 2957 non
1772 2912 2017 2962 conveniat
2032 2911 2221 2972 praede·

249 2986 465 3031 stinatum
493 2999 613 3030 esse:
640 2984 861 3028 terminus
885 2984 1008 3027 enim
1031 2982 1457 3042 praedestinationis
1475 2981 1650 3025 videtur
1667 2994 1765 3024 esse
1785 2979 1971 3039 adoptio
2003 2978 2218 3036 filiorum,

250 3054 502 3099 secundum
521 3051 632 3096 illud
660 3051 825 3110 Ephes.
850 3065 909 3095 1.:
931 3050 1258 3095 Praedestinavit
1276 3064 1348 3094 nos
1366 3051 1410 3092 in
1428 3047 1689 3107 adoptionem
1705 3048 1921 3106 filiorum:
1939 3046 2018 3092 sed
2031 3045 2219 3092 Christo

249 3115 593 3165 non'convenit
618 3132 715 3163 esse
748 3117 893 3161 filium
920 3117 1201 3176 adoptivum,
1230 3127 1277 3160 ut
1304 3116 1477 3160 dictum
1511 3124 1578 3158 est
1604 3114 1664 3173 (q.
1692 3122 1833 3173 praec.
1867 3120 1949 3159 art.
1981 3112 2079 3172 4.);
2106 3125 2218 3172 ergo

253 3188 441 3233 Christo
468 3201 562 3231 non
595 3185 810 3230 convenit
841 3184 1224 3243 praedestinatum
1254 3198 1365 3227 esse.

341 3268 380 3299 2.
408 3255 707 3300 PRAETEREA.
735 3253 786 3296 In
805 3251 993 3296 Christo
1026 3251 1104 3295 duo
1133 3261 1200 3294 est
1218 3249 1530 3303 considerare;
1553 3248 1726 3293 scilicet
1750 3254 1949 3293 naturam
1975 3248 2237 3302 humanam„

252 3332 297 3367 et
316 3330 570 3383 personam.-
604 3319 684 3365 sed
716 3333 811 3363 non
843 3328 993 3378 potest
1026 3318 1128 3371 dici,
1157 3318 1278 3376 quod
1317 3316 1526 3360 Christus
1562 3316 1619 3359 sit
1650 3314 2010 3375 praedestinatus
2043 3312 2221 3359 ratione

251 3391 482 3434 humanae
509 3398 720 3433 naturae:
744 3386 848 3446 quia
865 3386 980 3430 haec
1008 3395 1075 3428 est
1100 3383 1232 3428 falsa:
1262 3384 1468 3427 Humana
1490 3390 1644 3427 natura
1672 3382 1863 3441 est-filius
1879 3381 1990 3426 Dei:
2010 3378 2220 3425 similiter

253 3457 391 3501 etiam
425 3471 573 3515 neque
605 3455 782 3499 ratione
808 3466 1054 3513 personae:
1089 3453 1193 3511 quia
1220 3449 1297 3494 illa
1331 3464 1525 3509 persona
1552 3464 1645 3493 non
1671 3449 1810 3493 habet
1835 3461 1888 3493 ex
1910 3446 2068 3508 gratia,
2095 3445 2219 3507 quod

254 3525 310 3567 sit
335 3523 452 3567 filius
485 3524 587 3577 Dei,
621 3522 698 3566 sed
727 3536 780 3565 ex
812 3517 1374 3578 natura:·praedestinatio
1404 3526 1555 3560 autem
1589 3526 1656 3560 est
1689 3529 1850 3561 eorum
1882 3525 1999 3574 quae
2030 3521 2137 3558 sunt
2167 3525 2222 3557 ex

254 3592 413 3648 gratia,
440 3600 488 3633 ut
515 3591 560 3633 in
587 3590 735 3648 prima
761 3597 886 3648 parte
914 3586 1087 3631 dictum
1114 3594 1179 3630 est
1213 3585 1271 3644 (q.
1306 3599 1365 3643 23.
1386 3589 1465 3628 art.
1498 3597 1534 3627 Ι.
1555 3590 1590 3628 et
1618 3583 1704 3642 5.)‚·
1740 3596 1851 3641 ergo
1879 3580 2091 3626 Christus
2125 3592 2222 3625 non

254 3668 322 3703 est
343 3658 702 3716 praedestinatus
729 3656 847 3701 filius
875 3655 980 3700 Dei.
