2352 3926
278 206 382 246 222
820 210 1099 254 QUAESTIO
1140 212 1268 252 XXV.
1308 211 1616 266 ARTICULUS
1657 215 1692 254 1.

994 399 1428 466 ART1CULUS
1473 411 1514 466 I.
2156 440 2266 485 144¹

710 541 905 579 UTRUM
943 542 1058 581 UNA
1096 543 1167 581 ET
1206 545 1397 582 EADEM
1436 537 1803 585 ADORArroN‘E
2143 588 2163 595 „⁷

412 621 497 660 s1T
539 621 850 661 ADORANDA
889 624 1171 664 DIVINITAS
1214 626 1454 678 efflusi-1,
1492 629 1562 664 ET
1603 628 1723 681 EJus
1767 627 2106 667 HUMANITAS.

513 731 645 790 (Infr.
665 748 703 791 q.
715 733 785 791 56.
799 740 881 778 art.
893 749 930 794 3.
949 743 1062 795 corp.
1070 736 1149 794 fin.
1168 742 1203 780 et
1220 736 1274 780 ad
1289 752 1324 781 1.
1348 742 1385 780 et
1405 752 1440 796 3.
1458 737 1572 781 Dist.
1586 752 1627 796 9.
1645 752 1683 795 q.
1701 752 1736 781 1.
1755 739 1837 781 art.
1855 751 1895 782 2.
1913 752 1951 796 q.
1965 743 2000 782 r.

612 805 649 842 et
673 800 786 846 Dist.
809 816 877 860 39.
903 808 984 846 art.
1009 818 1044 847 I.
1073 802 1128 846 ad
1152 817 1195 859 4.
1223 809 1262 847 et
1286 804 1395 847 Veri.
1419 819 1457 862 q.
1484 818 1552 862 29.
1578 809 1658 847 art.
1681 818 1722 860 4.
1751 803 1805 847 ad
1824 818 1866 861 4.
1865 805 1906 861 ).

363 909 439 954 AD
466 923 655 955 PRIMUM
682 911 747 955 sic
760 913 1034 971 proceditur.
1053 912 1258 968 Videtur,
1286 914 1408 973 quod
1426 928 1520 957 non
1539 915 1699 959 eadem
1719 914 1985 959 adoratione
2010 914 2243 960 adoranda

272 977 331 1020 sit
355 976 616 1022 humanitas
645 978 832 1033 Christi,
857 989 902 1023 et
928 981 1022 1037 eius
1057 981 1291 1025 divinitas:
1320 981 1528 1025 divinitas
1557 982 1679 1025 eni‘m
1720 981 1892 1026 Christi
1917 991 1986 1026 est
2012 981 2243 1026 adoranda

274 1043 558 1098 adoratione,
585 1059 701 1103 quae
729 1056 797 1090 est
824 1047 1084 1090 communis
1112 1048 1250 1101 Patri,
1274 1058 1318 1092 et
1342 1047 1474 1101 Filio,
1501 1048 1621 1091 unde
1647 1048 1810 1092 dicitur
1826 1048 1990 1106 Joann.
2017 1049 2244 1104 §.tomes

272 1111 541 1170 honorificent
566 1113 741 1166 Filium,
767 1115 874 1157 sicut
898 1114 1176 1173 honorificant
1207 1116 1409 1159 Patrem:
1441 1115 1520 1159 sed
1547 1115 1808 1158 humanitas
1836 1115 2011 1159 Christi
2041 1126 2136 1159 non
2175 1126 2243 1160 est

272 1179 534 1222 communis
557 1179 614 1232 ei,
638 1190 682 1223 et
708 1180 858 1234 Patri3
887 1194 998 1239 ergo
1024 1195 1119 1224 non
1147 1182 1307 1225 eadem
1336 1181 1602 1224 adoratione
1631 1181 1860 1225 adoranda
1887 1187 1956 1226 eSt
1979 1181 2241 1226 humanitas

272 1245 460 1300 Christi,
488 1255 532 1290 et
558 1247 654 1305 ejus
683 1246 908 1292 divinitas.

360 1325 400 1356 2.
424 1313 724 1359 PRAETEREA.
754 1314 917 1358 Honor
948 1325 1016 1358 est
1048 1315 1228 1373 proprie
1261 1315 1517 1372 praemium
1548 1314 1739 1368 virtutis,
1769 1321 1820 1359 'ut
1852 1314 2026 1360 Philos.
2054 1315 2171 1360 dicit
2195 1317 2242 1360 in

269 1391 311 1434 4.
340 1379 472 1424 Ethic
498 1380 606 1440 (cap.
629 1396 666 1440 3.
685 1382 761 1425 cir.
789 1382 943 1439 med.):
973 1391 1173 1425 meretur
1191 1391 1343 1425 autem
1369 1381 1509 1425 virtus
1528 1395 1661 1425 suurn
1687 1381 1944 1439 praemium
1961 1395 2042 1442 per
2058 1387 2240 1427 ¹tastum:

271 1460 378 1490 cum
398 1447 535 1505 igitur
560 1448 607 1491 in
635 1447 823 1492 Christo
850 1448 907 1492 sit
930 1448 1018 1492 alia
1047 1448 1253 1507 operatio
1281 1448 1475 1502 divinae,
1503 1458 1548 1492 et
1563 1447 1794 1492 humanae
1819 1457 2024 1504 naturae,
2041 1456 2096 1494 nt
2106 1453 2242 1509 supra

232 1564 234 1566 ³
269 1513 477 1557 habitum
504 1525 572 1558 est
598 1515 658 1572 (q.
686 1530 751 1573 19.
786 1521 867 1560 art.
901 1517 974 1572 L),
1009 1515 1201 1569 videtur,
1229 1514 1351 1574 quod
1385 1514 1475 1558 alio
1502 1514 1680 1559 honore
1706 1515 1764 1559 sit
1790 1515 2051 1560 veneranda
2082 1515 2242 1560 huma-

269 1581 386 1625 nitas
416 1581 601 1634 Christi,
629 1591 673 1625 et
700 1581 790 1625 alio
820 1582 916 1639 ejus
943 1582 1170 1625 divinitas.

364 1662 400 1706 3.
427 1648 725 1692 PRAETEREA.
762 1648 935 1691 Anima
963 1648 1149 1702 Christi,
1173 1649 1211 1692 si
1235 1663 1330 1692 non
1357 1659 1476 1693 esset
1499 1649 1640 1693 verbo
1673 1649 1812 1703 unita,
1839 1656 1960 1693 esset
1977 1648 2242 1693 'veneranda

269 1724 453 1773 propter
481 1712 800 1759 excellentiam
827 1716 1091 1774 sapientiae,
1119 1726 1164 1760 et
1190 1716 1377 1775 gratiae,
1404 1731 1543 1775 quam
1575 1716 1735 1760 habet:
1762 1715 1842 1761 sed
1868 1714 1984 1760 'nihil
2007 1715 2240 1775 dignitatis

269 1791 337 1825 est
368 1782 410 1824 ei
442 1782 724 1825 subtractum
757 1796 837 1841 per
867 1782 958 1826 hoc
993 1782 1116 1841 quod
1149 1792 1216 1826 est
1249 1783 1374 1826 unita
1406 1783 1591 1837 Verbo;
1624 1796 1735 1841 ergo
1766 1789 1929 1827 natura
1958 1782 2163 1838 humana
2182 1775 2240 1826 'in

269 1848 458 1892 Christo
485 1858 552 1893 est
570 1849 768 1907 quadam
791 1849 975 1908 propria
994 1849 1259 1894 adoratione
1276 1850 1548 1904 veneranda,
1565 1858 1745 1909 praeter
1761 1849 2105 1894 venerationem
2123 1863 2239 1909 quae

268 1915 505 1960 exhibetur
530 1915 754 1959 divinitati
774 1916 928 1974 ipsius.
1567 1975 1570 1978 y

358 1982 452 2027 SED
472 1995 669 2027 CONTRA
687 1992 768 2036 est,
786 1982 909 2041 quod
926 1982 972 2025 in
993 1981 1201 2041 capitulis
1219 1983 1402 2041 quintae
1421 1982 1780 2042 Synodistcilicet
1799 1984 1997 2028 Consum.
2011 1997 2195 2042 agener.
2199 1997 2238 2042 5.

268 2049 406 2093 collat.
434 2051 474 2094 8.
509 2064 600 2094 can.
630 2051 692 2108 9.)
717 2050 782 2093 sic
815 2050 1002 2108 legitur:
1035 2066 1058 2091 <c
1087 2050 1136 2094 Si
1163 2051 1262 2109 quis
1294 2051 1342 2093 in
1369 2051 1540 2094 duabus
1567 2051 1739 2094 naturis
1766 2050 1948 2094 adorari
1973 2050 2083 2094 dicit
2105 2049 2240 2095 Chri-

267 2126 403 2170 stum,
431 2131 485 2160 ex
512 2130 603 2175 quo
622 2117 737 2160 duae
756 2116 1049 2161 adorationes
1076 2117 1439 2171 introducuntur,
1458 2117 1535 2161 sed
1558 2132 1652 2160 non
1679 2131 1770 2160 una
1797 2117 2065 2175 adoratione
2083 2117 2237 2162 Deum

266 2184 470 2228 Verbum
497 2185 785 2228 incarnatum
814 2199 921 2228 cum
947 2185 1130 2244 propria
1157 2185 1295 2243 ipsius
1323 2199 1458 2229 carne
1481 2185 1654 2239 adorat,
1681 2185 1799 2229 sicut
1825 2185 1878 2228 ab
1901 2184 2031 2229 initio
2052 2184 2143 2229 Dei
2158 2183 2239 2229 Ec-

265 2251 431 2295 clesiae
458 2251 673 2295 traditum
701 2262 781 2306 est,
808 2251 911 2295 talis
940 2252 1186 2295 anathema
1214 2243 1336 2295 sit».

353 2318 643 2363 RESPONDEo
671 2318 933 2373 dicendum,
962 2319 1084 2378 quod
1111 2319 1158 2362 in
1193 2333 1248 2362 eo
1283 2319 1359 2377 qui
1390 2318 1657 2372 honoratur,
1691 2318 1782 2362 duo
1814 2331 2059 2378 possumus
2091 2317 2239 2368 consi·

265 2386 437 2439 derare,
464 2385 640 2429 scilicet
665 2400 772 2429 eum
800 2386 874 2429 cui
900 2386 1053 2430 honor
1079 2386 1329 2440 exhibetur,
1357 2396 1401 2430 et
1427 2401 1615 2430 causam
1640 2386 1852 2431 honoris:
1878 2386 2059 2445 proprie
2082 2395 2236 2430 autem

263 2453 415 2497 honor
442 2453 678 2496 exhibetur
702 2453 787 2496 toti
807 2453 872 2496 rei
894 2453 1177 2497 subsistenti:
1201 2467 1295 2497 non
1316 2453 1439 2496 enim
1466 2453 1674 2508 dicimus,
1701 2453 1824 2512 quod
1850 2467 2012 2497 manus
2033 2451 2238 2498 hominis

263 2520 532 2574 honoretur,
559 2521 638 2564 sed
667 2521 791 2579 quod
817 2521 963 2564 homo
996 2521 1276 2564 honoretur:
1311 2530 1355 2564 et
1381 2522 1419 2564 si
1444 2521 1718 2579 quandoque
1745 2522 1996 2580 contingat,
2021 2521 2144 2580 quod
2177 2519 2238 2564 di-

265 2598 392 2632 catur
430 2587 650 2630 honorari
685 2602 864 2641 manus,
902 2587 975 2631 vel
1003 2603 1081 2646 pes
1109 2587 1316 2646 alicujus,
1342 2588 1434 2631 hoc
1466 2602 1561 2631 non
1603 2588 1765 2631 dicitur
1801 2602 1856 2631 ea
1888 2587 2080 2642 ratione,
2112 2586 2234 2647 quod

263 2654 531 2713 hujusmodi
554 2663 704 2711 partes
731 2654 986 2698 secundum
1014 2669 1060 2698 se
1089 2654 1390 2708 honorentur,
1417 2655 1495 2698 sed
1522 2655 1628 2712 quia
1664 2654 1711 2697 in
1737 2654 1834 2698 istis
1859 2654 2061 2713 partibus
2091 2653 2236 2699 hono·

261 2729 387 2766 ratur
411 2731 584 2776 totum3
612 2736 693 2780 per
719 2736 856 2780 quem
881 2722 1018 2765 etiam
1037 2722 1230 2765 modum
1250 2721 1411 2780 aliquis
1429 2721 1574 2766 homo
1591 2731 1741 2780 potest
1766 2721 2027 2765 honorari
2009 2734 2056 2765 m
2074 2711 2233 2780 aliquo

263 2788 497 2842 exteriori,
524 2797 632 2847 puta
658 2788 705 2831 in
730 2799 872 2841 veste,
902 2798 979 2832 aut
1002 2788 1050 2831 in
1076 2789 1293 2846 imagine,
1323 2798 1399 2832 aut
1425 2789 1471 2831 in
1497 2789 1677 2832 nuntio:
1699 2802 1835 2832 causa
1857 2794 2017 2832 autem
2040 2787 2233 2832 honoris

264 2863 332 2899 est
355 2854 416 2908 id,
444 2868 499 2898 ex
524 2868 614 2913 quo
642 2853 718 2897 ille
746 2856 822 2912 qui
856 2855 1125 2908 honoratur,
1158 2854 1298 2898 habet
1331 2854 1530 2912 aliquam
1564 2853 1902 2898 excellentiam.
1935 2867 2046 2899 narn
2081 2853 2232 2899 honor

263 2931 332 2966 est
355 2922 607 2965 reverentia
642 2921 778 2964 alicui
811 2921 1009 2964 exhibita
1043 2931 1229 2980 propter
1254 2922 1321 2964 sui
1355 2920 1687 2974 excellentiam,
1720 2930 1769 2964 ut
1799 2920 1845 2964 in
1877 2921 2077 2965 secunda
2107 2929 2231 2989 parte
2258 2951 2264 2957 -
2330 2910 2347 2920 ⁸

263 2989 436 3032 dictum
464 2998 531 3032 est
560 2988 624 3044 (2·
606 3003 665 3032 -.2
690 3003 727 3046 q.
752 3003 836 3046 103.
865 2994 946 3031 art.
974 2987 1051 3045 1.);
1081 2995 1125 3031 et
1150 2987 1256 3030 ideo
1289 2989 1325 3031 si
1352 2988 1397 3030 in
1425 3002 1516 3031 uno
1544 2987 1733 3031 homine
1761 2997 1865 3032 sunt
1889 2987 2041 3048 plures
2068 3001 2231 3033 causae

262 3055 467 3110 honoris,
500 3064 607 3114 puta
639 3053 876 3131 praelatio,
910 3054 1114 3107 scientia,
1143 3063 1187 3097 et
1217 3054 1373 3107 virtus,
1402 3054 1486 3098 erit
1511 3054 1696 3113 quidem
1729 3054 1850 3099 illius
1880 3054 2083 3099 hominis
2114 3068 2231 3099 unus

261 3123 414 3167 honor
440 3137 494 3166 ex
517 3131 639 3181 parte
668 3123 763 3180 ejus
787 3122 862 3179 qui
889 3120 1154 3174 honoratur,
1181 3120 1332 3179 plures
1365 3130 1520 3164 tamen
1547 3122 1798 3165 secundum
1833 3128 1992 3166 causas
2023 3121 2230 3176 honoris,

261 3190 405 3234 homo
434 3191 556 3234 enim
583 3197 665 3242 est,
693 3187 769 3247 qui
795 3188 1050 3232 honoratur
1077 3197 1121 3231 et
1143 3197 1326 3246 propter
1353 3187 1605 3242 scientiam,
1629 3198 1673 3232 et
1698 3198 1883 3248 propter
1899 3189 2144 3233 virtutem:
2162 3187 2229 3234 sic

262 3271 372 3316 ergo
400 3271 506 3301 cum
532 3255 801 3300 in.Christo
828 3255 885 3300 sit
910 3264 1086 3299 tantum
1115 3268 1215 3297 una·
1231 3268 1426 3313 persona
1452 3254 1645 3310 divinae,
1673 3265 1718 3299 et
1755 3255 2228 3309 humanae-“naturae,
2296 3250 2343 3309 χ’ῑξ

261 3333 305 3368 et
331 3324 469 3367 etiam
493 3337 583 3367 una
608 3322 882 3382 hypostasis,
911 3331 955 3366 et
980 3335 1121 3364 unum
1149 3322 1448 3380 suppositum,
1475 3332 1541 3365 est
1568 3323 1753 3381 quidem
1776 3323 1872 3382 ejus
1890 3326 1979 3366 un'n
1998 3322 2228 3377 adoratio,

261 3401 306 3435 et
331 3405 446 3435 unus
473 3392 624 3434 honor
642 3405 694 3433 ex
712 3400 836 3449 parte
859 3390 954 3446 ejus
973 3388 1048 3447 qui
1074 3389 1310 3433 adoratur:
1337 3388 1415 3432 sed
1442 3402 1495 3432 ex
1522 3400 1647 3449 parte
1671 3399 1835 3434 causae
1852 3393 1942 3448 qua
1957 3388 2225 3442 honoratur,
2337 3403 2339 3405 ·

259 3467 450 3517 possunt
475 3457 564 3501 dici
582 3472 680 3501 esse
699 3457 849 3520 piures
869 3455 1183 3508 adorationes;
1203 3464 1251 3498 ut
1267 3454 1442 3499 scilicet
1464 3455 1554 3499 alio
1578 3456 1755 3500 honore
1776 3456 2228 3516 honoretur'propter
2270 3466 2335 3525 ..ζ-ξ»

259 3524 527 3583 sapientiam
560 3524 826 3578 increatam,
860 3533 905 3567 et
937 3522 1028 3567 alio
1060 3532 1245 3580 propter
1278 3522 1547 3580 sapientiam
1581 3533 1806 3568 creatam:
1834 3524 1871 3567 si
1902 3532 2056 3567 autem
2087 3534 2228 3582 pone·

259 3601 412 3635 rentur
437 3591 483 3635 in
511 3590 697 3635 Christo
730 3590 879 3650 plures
906 3603 1145 3649 personae,
1173 3603 1251 3632 seu
1284 3588 1570 3648 hypostases,
1603 3599 1866 3648 sequeretur
1896 3587 2019 3648 quod
2050 3586 2227 3648 simpli·
2280 3613 2283 3615 —
