2352 3926
677 212 956 260 QUAESTIO
995 213 1126 252 XLII.
1166 212 1475 254 ARTICULUS
1515 211 1592 250 111.
2018 211 2123 266 357

154 324 236 361 fest
257 328 408 374 neque
434 314 491 359 de
516 327 684 368 errore,
711 328 860 374 neque
887 314 942 359 de
968 315 1282 359 immunditia:
1312 325 1356 360 et
1382 315 1487 359 ideo
1513 313 1745 358 Dominus
1767 311 1877 357 dicit
1901 312 2044 356 Marci
2067 325 2135 367 4.:

153 381 385 441 ⁴›Ilh'mtquid
407 383 523 426 venit
548 382 735 436 lucerna,
761 382 876 426 idest
902 396 1023 436 vera,
1050 392 1092 426 et
1119 382 1314 426 honesta
1341 381 1563 435 doctrina,
1585 387 1630 425 ut
1656 382 1727 425 sub
1755 379 1891 424 modio
1911 381 2133 440 ponatur?

165 450 268 495 Alio
292 448 414 493 modo
441 448 591 507 aliqua
619 449 827 493 doctrina
844 460 911 493 est
936 449 981 492 in
1000 449 1200 502 occulto,
1220 450 1323 507 quia
1348 449 1502 507 paucis
1522 448 1814 506 proponitur:
1842 457 1887 490 et
1912 449 1974 490 sic
2004 446 2134 491 Chri-

165 525 260 561 stus
286 516 423 560 etiam
449 515 564 559 nihil
581 516 736 560 docuit
753 517 798 559 in
822 515 1027 560 occulto:
1055 516 1160 574 quia
1184 515 1392 559 Christm
1422 529 1609 558 omnem
1634 515 1889 558 doctrinam
1907 527 2039 557 suam
2057 513 2132 558 vel

164 582 324 628 turbae
353 583 439 627 toti
470 583 720 643 proposuit,
746 581 820 626 vel
851 582 1063 626 omnibus
1090 582 1182 625 suis
1208 581 1440 638 discipulis
1467 582 1512 624 in
1542 581 1804 635 communi3
1831 581 1950 624 unde
1977 580 2132 640 Augu-

164 649 308 695 stinus
324 650 433 694 dicit
449 650 725 708 superJoan.
746 653 890 705 (tract.
913 661 993 707 113.
1012 650 1056 692 in
1083 648 1230 706 med.).·
1255 665 1278 689 «
1299 647 1415 700 Quis
1439 648 1483 690 in
1511 648 1695 692 occulto
1722 647 1936 706 loquitur,
1960 647 2037 706 qui
2059 661 2138 691 co-

168 731 268 761 ram
293 725 364 761 tot
386 716 650 760 hominibus
676 716 901 774 loquitur3
927 715 1192 774 praesertim
1217 715 1253 759 si
1274 715 1364 758 hoc
1383 714 1583 772 loquitur
1611 716 1779 772 paucis,
1802 714 1923 773 quod
1953 729 2031 773 per
2054 729 2134 759 eos

164 783 275 828 velit
291 784 575 828 innotescere
595 783 780 826 multis?
800 799 824 825 »
858 783 998 827 Tertio
1020 782 1142 826 modo
1163 781 1313 840 aliqua
1336 781 1542 824 doctrina
1562 793 1628 825 est
1645 782 1689 824 in
1709 781 1892 825 occulto
1912 791 2132 839 quantum

167 851 223 895 ad
251 850 440 895 modum
462 850 678 894 docendi:
707 843 751 893 et'
782 850 845 893 sic
874 849 1084 893 Christus
1118 849 1343 907 quaedam
1375 848 1516 892 turbis
1549 848 1819 906 loquebatur
1851 850 1895 892 in
1930 848 2131 902 occulto,

167 916 395 976 parabolis
421 927 551 962 utens
579 916 635 961 ad
662 917 970 960 annuntianda
996 915 1244 975 spiritualia
1280 916 1510 974 mysteria,
1539 916 1593 958 ad
1627 930 1742 974 quae
1782 916 2003 973 capienda
2039 930 2134 960 non

167 993 296 1028 erant
320 983 489 1038 idonei,
514 983 588 1028 vel
614 984 761 1042 digni:
788 994 832 1028 et
856 993 1012 1027 tamen
1034 982 1198 1026 melius
1226 993 1321 1026 erat
1353 983 1431 1037 eis,
1458 981 1531 1025 vel
1559 982 1622 1026 sic
1650 982 1731 1025 sub
1758 992 2026 1040 tegumento
2058 997 2134 1041 pa-

165 1050 426 1096 rabolarum
453 1050 754 1110 spiritualium
781 1051 1037 1094 doctrinam
1072 1050 1240 1103 audire,
1274 1064 1412 1108 quam
1446 1049 1638 1092 omnino
1666 1063 1719 1092 ea
1751 1050 1940 1107 privari:
1968 1049 2135 1093 harum

164 1128 322 1163 tamen
348 1118 667 1178 parabolarum
696 1128 915 1176 apertam,
948 1128 992 1162 et
1022 1117 1194 1160 nudam
1220 1117 1459 1161 veritatem
1485 1117 1715 1160 Dominus
1742 1116 1974 1174 discipulis
2002 1130 2136 1174 expo-

165 1186 316 1239 nebat,
342 1199 423 1245 per
447 1199 563 1245 quos
589 1186 822 1229 deveniret
855 1185 910 1228 ad
944 1184 1073 1238 alios,
1101 1184 1178 1242 qui
1204 1194 1353 1227 essent
1379 1184 1546 1237 idonei,
1573 1183 1825 1227 secundum
1858 1182 1968 1225 illud
2004 1196 2043 1226 2.
2077 1183 2133 1226 ad

168 1251 294 1297 Tim.
320 1264 381 1298 2.:
410 1254 532 1310 Quae
558 1252 708 1296 audisti
736 1266 763 1296 a
783 1267 847 1296 me
866 1260 945 1311 per
969 1253 1117 1296 multos
1140 1258 1263 1303 testes,
1289 1251 1385 1295 haec
1413 1251 1653 1294 commenda
1665 1250 1853 1307 fidelibus
1878 1250 2129 1304 hominibus,

167 1321 242 1380 qui
261 1319 399 1364 idonei
423 1327 546 1365 erunt
570 1326 609 1365 et
633 1320 737 1364 alios
761 1319 922 1364 docere:
941 1330 985 1363 et
1006 1319 1096 1363 hoc
1124 1317 1429 1377 significatum
1457 1328 1526 1361 est
1550 1317 1688 1361 Num.
1716 1330 1756 1371 4.
1781 1317 1857 1360 ubi
1878 1317 2135 1370 mandatur,

166 1387 290 1446 quod
308 1386 390 1431 filii
406 1387 564 1431 Aaron
591 1386 877 1430 involverent
893 1400 1002 1430 vasa
1028 1385 1286 1439 sanctuarii,
1315 1399 1430 1444 quae
1449 1384 1634 1428 Levitae
1660 1384 1866 1428 involuta
1888 1393 2133 1443 portarent.

253 1454 331 1498 AD
361 1466 550 1499 PanM
576 1467 687 1512 ergo
714 1453 971 1506 dicendum,
998 1453 1120 1512 quod
1148 1454 1262 1496 sicut
1285 1451 1425 1495 Hilar.
1450 1452 1713 1510 dicitgsuper
1739 1451 1900 1495 Matth.
1927 1452 2042 1510 (cap.
2066 1467 2130 1496 10.

166 1535 193 1566 a
214 1520 358 1578 med),
385 1516 616 1580 exponens
642 1519 753 1564 illud
778 1521 968 1564 verbum
995 1521 1247 1573 inductum,
1277 1534 1412 1562 «non
1438 1518 1633 1578 legimus
1661 1519 1917 1562 Dominum
1943 1519 2130 1562 solitum

167 1587 304 1632 fuisse
321 1588 531 1632 noctibus
554 1588 868 1642 sermocinari,
887 1598 932 1632 et
950 1588 1207 1631 doctrinam
1230 1587 1466 1631 tradidisse
1492 1587 1539 1629 in
1565 1587 1784 1631 tenebris:
1804 1587 1881 1630 sed
1908 1587 1998 1630 hoc
2013 1586 2138 1640 dicit,

167 1653 274 1714 quia
299 1655 451 1699 omnis
476 1668 627 1699 sermo
655 1655 749 1712 ejus
783 1654 1039 1698 carnalibus
1064 1654 1279 1698 tenebrae
1312 1663 1430 1706 sunt,
1458 1662 1501 1696 et
1525 1653 1714 1696 verbum
1748 1655 1843 1711 ejus
1876 1653 2132 1698 infidelibus

167 1735 262 1766 nox
287 1732 376 1776 est;
397 1722 457 1765 ita
474 1722 596 1780 quod
624 1735 650 1765 a
676 1735 724 1764 se
751 1721 923 1765 dictum
950 1731 1030 1774 est,
1054 1735 1159 1764 cum
1187 1720 1391 1763 libertate
1410 1719 1528 1773 fidei,
1542 1730 1586 1763 et
1603 1719 1902 1764 confessionis
1926 1720 2022 1764 vult
2039 1734 2138 1764 esse

166 1787 448 1848 loquendum
468 1805 519 1833 »ε
546 1788 620 1832 vel
646 1789 897 1832 secundum
925 1788 1194 1847 Hieronym.
1221 1788 1290 1846 (in
1316 1787 1423 1831 hunc
1449 1788 1544 1845 loc.)
1571 1788 1880 1845 comparative
1906 1788 2108 1847 loquitur
2130 1803 2140 1831 :

168 1856 275 1915 quia
297 1855 511 1900 videlicet
541 1856 774 1900 erudiebat
795 1869 874 1899 eos
890 1856 936 1898 in
954 1869 1095 1913 parvo
1121 1855 1320 1912 Judaeae
1341 1854 1448 1898 loco
1481 1865 1688 1915 respectu
1714 1856 1852 1899 totius
1881 1855 2054 1909 mundi,
2088 1856 2133 1898 in

168 1932 384 1982 quoerat
408 1937 489 1982 per
513 1922 845 1982 Apostolorum
873 1923 1260 1982 praedicationem
1286 1922 1492 1965 doctrina
1516 1922 1688 1966 Christi
1714 1922 1999 1981 publicanda.

250 1990 334 2035 AD
359 2003 621 2035 SECUNDUM
648 1990 906 2044 dicendum,
944 1989 1067 2048 quod
1094 1990 1322 2033 Dominus
1353 2003 1447 2032 non
1481 1992 1636 2033 omnia
1678 1989 1901 2048 profunda
1930 2004 2038 2034 suae
2071 2004 2137 2034 sa-

168 2057 365 2117 pientiae
391 2071 472 2101 sua
498 2057 705 2101 doctrina
732 2056 1051 2110 manifestavit,
1067 2070 1160 2100 non
1180 2056 1328 2100 solum
1348 2057 1503 2111 turbis,
1521 2057 1598 2100 sed
1621 2071 1705 2100 nec
1726 2058 1863 2101 etiam
1891 2057 2138 2116 discipulis,

67 2162 84 2185 ¹„
157 2123 330 2184 ‘quibus
356 2124 467 2168 dixit
479 2123 610 2181 Joan.
643 2122 723 2168 16.:
751 2124 900 2169 Adhuc
926 2125 1058 2168 multa
1084 2124 1210 2168 habeo
1228 2126 1346 2168 vobis
1372 2124 1518 2178 dicere,
1542 2139 1645 2182 quae
1671 2139 1755 2168 non
1776 2127 1940 2184 potestis
1960 2131 2136 2184 portare

77 2194 84 2211 ”
152 2190 320 2238 amedo:
353 2192 433 2237 sed
460 2201 615 2236 tamen
643 2191 965 2250 quodcumque
992 2192 1180 2250 dignum
1210 2192 1333 2235 duxit
1366 2191 1465 2235 aliis
1501 2193 1678 2235 tradere
1706 2192 1760 2235 de
1788 2206 1868 2236 sua
1902 2192 2138 2250 sapientia,

139 2260 262 2303 fanon
286 2258 333 2302 in
358 2257 558 2312 occulto,
591 2259 670 2302 sed
711 2258 864 2318 palam
897 2259 1146 2318 proposuit,
1181 2258 1287 2302 licet
1323 2273 1416 2303 non
1457 2259 1509 2302 ab
1539 2260 1751 2303 omnibus
1784 2259 2137 2319 intelligeretur;

154 2325 288 2371 -unde
319 2325 513 2384 August.
541 2325 650 2370 dicit
674 2339 810 2385 super
828 2326 958 2384 Joan.
989 2326 1125 2382 (tract.
1151 2339 1231 2386 113.
1266 2329 1310 2370 in
1342 2327 1502 2384 med.).·
1534 2343 1557 2367 «
1583 2327 1936 2385 Intelligendum
1965 2339 2031 2372 est
2072 2328 2135 2371 ita

138 2392 332 2439 ‚dixisse
356 2393 654 2437 Domimum:
683 2391 843 2436 Palam
875 2393 1055 2438 locutus
1082 2408 1181 2437 sum
1211 2394 1398 2447 mundo,
1418 2408 1470 2437 ac
1503 2395 1539 2437 si
1559 2395 1765 2439 dixisset:
1793 2394 1926 2438 Multi
1958 2409 2033 2439 me
2061 2409 2136 2438 au-

158 2459 370 2505 dierunt:
398 2470 444 2504 et
464 2474 616 2504 rursus
642 2473 736 2504 non
769 2471 865 2504 erat
889 2459 1057 2519 palam,
1085 2461 1190 2519 quia
1216 2475 1310 2504 non
1337 2461 1653 2519 intelligebant
1678 2479 1718 2505 >›.

60 2520 97 2589 ,ff
168 2526 181 2560 ’ἶ
244 2527 334 2572 »ΑΒ
375 2539 591 2572 TER'rmM
627 2527 886 2581 dicendum,
928 2528 1050 2586 quod
1091 2527 1232 2571 turbis
1257 2528 1486 2572 Dominus
1512 2529 1558 2571 in
1585 2528 1811 2587 parabolis
1848 2528 2134 2588 loquebatur,

160 2593 287 2639 >sicut
309 2594 482 2638 dictum
509 2604 576 2638 est
599 2596 665 2651 (in
682 2603 797 2654 corp.
825 2596 944 2652 art),
979 2595 1083 2653 quia
1109 2609 1204 2638 non
1221 2604 1348 2639 erant
1370 2595 1508 2653 digni,
1541 2610 1625 2639 nec
1649 2596 1802 2640 idonei
1829 2597 1999 2640 nudam
2026 2596 2137 2640 veri-

62 2658 87 2707 ἦ
161 2670 311 2706 atatem
342 2661 565 2720 accipere,
591 2675 732 2720 quam
769 2661 1000 2720 discipulis
1033 2662 1315 2719 exponebat;
1343 2663 1465 2721 quod
1503 2674 1655 2707 autem
1698 2664 1873 2717 dicitur,
1902 2664 2023 2722 quod
2050 2666 2136 2708 sine

164 2728 381 2788 parabolis
400 2743 484 2772 non
510 2728 753 2787 loquebatur
778 2731 846 2782 eis,
866 2729 1118 2773 secundum
1133 2729 1371 2788 Chrysost.
1391 2730 1521 2787 (hom.
1535 2731 1606 2787 48.
1625 2732 1669 2773 in
1684 2731 1833 2775 Matth.
1848 2732 1946 2776 circ.
1954 2732 2093 2790 princ.
2090 2732 2134 2788 ),

55 2834 85 2857 ,ζ
169 2793 515 2854 intelligendum
538 2806 605 2840 est
636 2806 856 2855 quantum
884 2796 939 2839 ad
952 2795 1083 2839 illum
1110 2810 1396 2850 sermonem;
1420 2797 1627 2855 quamvis
1656 2796 1766 2841 alias
1789 2798 1884 2842 sine
1904 2797 2131 2856 parabolis

94 2859 96 2862 ’
160 2861 314 2907 μιιιιιιὶῑει
339 2863 480 2906 turbis
506 2862 685 2907 locutus
728 2862 883 2908 fuerit:
917 2862 991 2907 vel
1027 2864 1278 2907 secundum
1314 2864 1507 2922 August.
1535 2864 1580 2907 in
1618 2865 1693 2908 lib.
1728 2865 1783 2909 de
1824 2864 1934 2916 QQ.
1963 2865 2134 2922 Evang.

23 2994 30 3001 Ἰ
160 2927 347 2985 heilica
364 2929 583 2974 secundum
610 2931 761 2975 Matth.
790 2946 827 2989 q.
861 2946 916 2989 15.
944 2932 990 2974 in
1016 2931 1176 2989 princ.)
1203 2930 1292 2974 hoc
1321 2931 1497 2984 dicitur,
1527 2948 1550 2972 «
1568 2946 1662 2974 non
1686 2933 1790 2990 quia
1817 2933 1929 2974 nihil
1957 2931 2136 2990 proprie

172 2994 352 3040 locutus
378 3006 460 3051 est,
486 2997 565 3041 sed
587 2998 693 3055 quia
718 2997 896 3040 nullum
922 2996 1015 3041 fere
1042 3012 1305 3041 sermonem
1333 2998 1588 3056 explicavit,
1621 2999 1698 3042 ubi
1723 3012 1816 3042 non
1843 3013 1923 3057 per
1950 2998 2136 3057 parabo-

167 3059 267 3107 ›ln‘m
292 3062 460 3123 aliquid
491 3063 837 3122 significaverit:
865 3065 1074 3124 quamvis
1101 3066 1147 3108 in
1179 3079 1234 3109 eo
1259 3064 1410 3124 aliqua
1436 3066 1619 3125 propria
1646 3066 1805 3109 dixerit
1831 3082 1872 3108 ».

200 3286 203 3289 Ι
853 3212 1291 3270 ARTICULUS,
1325 3213 1419 3267 IV.
2053 3239 2134 3284 233

197 3296 412 3368 ¹·U’1’RUM.
434 3329 700 3369 CHRISTUS
733 3332 1006 3372 DEBUERIT
1037 3332 1367 3371 DOCTRINAM
1393 3332 1539 3370 SUAM
1573 3330 1802 3370 SCRIPTO
1839 3330 2109 3369 TRADERE.

926 3425 1082 3482 (Hebr.
1109 3426 1148 3470 8.
1177 3425 1263 3469 lect.
1298 3425 1375 3482 2.)-

267 3523 611 3575 ADQJJARTUM
637 3529 701 3571 sic
729 3529 999 3586 proceditur.
1029 3529 1227 3584 Videtur,
1251 3531 1371 3589 quod
1390 3529 1599 3574 Christus
1626 3528 1881 3571 doctrinam
1907 3542 2037 3572 suam
2065 3529 2138 3572 de-

175 3588 518 3650 bueritscripto
542 3593 743 3637 tradere:
776 3595 996 3653 scriptura
1028 3598 1150 3641 enim
1178 3599 1360 3641 inventa
1383 3605 1451 3639 est
1482 3596 1536 3638 ad
1566 3595 1619 3639 ad
1647 3595 1752 3648 hoc,
1780 3594 1900 3653 quod
1928 3595 2136 3640 doctrina
