2352 3926
0 388 22 445 ii.

0 576 18 635 Εἰ

0 638 15 701 ξ.

602 209 883 258 QUAESTIO
923 209 1110 250 xxxrv.
1151 207 1460 251 ARTICULUS
1499 209 1535 248 1.
1934 194 2040 266 287

814 417 1249 475 ARTICULUS
1292 418 1334 472 I.
1959 430 2042 485 184

76 524 79 528 '
144 558 146 562 '
193 555 386 595 UTRUM
425 554 694 594 CHRISTUS
735 554 792 594 IN
829 553 1000 593 PRIMO
1041 554 1301 592 INSTANTI
1343 553 1480 591 SUAE
1522 518 1930 593 CONCEPTIONiS

506 637 704 676 FUERIT
746 636 1181 676 SANCTIFICATUS
1216 636 1315 673 PER
1350 635 1613 673 GRATIAM.

765 748 820 808 (3.
847 749 960 793 Dist.
983 763 1019 807 3.
1048 763 1086 807 q.
1108 763 1144 807 5.
1173 754 1252 792 art.
1276 749 1347 806 3.).

170 862 246 907 AD
266 873 454 907 PRIMUM
477 861 541 906 sic
565 861 836 919 proceditur.
861 859 1065 915 Videtur,
1089 861 1211 920 quod
1236 860 1445 905 Christus
1471 874 1564 903 non
1590 860 1723 904 fuerit
1738 860 2044 906 sanctificatus

0 970 2 972 ,
79 930 127 975 in
152 930 301 989 primo
327 929 514 974 instanti
538 943 647 973 suae
676 928 1012 988 conceptionis:
1049 928 1212 972 dicitur
1238 928 1361 971 enim
1392 941 1428 971 1.
1457 927 1512 970 ad
1542 927 1650 971 Cor.
1684 941 1772 984 15.:
1806 929 1905 973 Non
1923 930 2044 988 prius

76 997 309 1058 spirituale,
325 996 393 1041 sed
414 996 524 1055 quod
548 997 746 1049 animale,
775 995 939 1040 demum
961 995 1069 1054 quod
1097 995 1315 1054 spirituale
1340 1001 1419 1039 est:
1448 995 1527 1038 sed
1554 994 1853 1038 sanctificatio
1872 996 2044 1054 gratiae

0 1080 6 1110 ῑ
78 1063 272 1124 pertinet
298 1062 355 1107 ad
387 1062 781 1121 spiritualitatem;
814 1077 908 1106 non
941 1076 1053 1121 ergo
1087 1062 1241 1106 statim
1275 1075 1300 1105 a
1331 1061 1555 1120 principio
1588 1075 1696 1105 suae
1730 1063 2044 1121 conceptionis

80 1129 289 1176 Christus
314 1130 517 1190 percepit
532 1130 726 1189 gratiam
743 1129 1128 1183 sanctificationis,
1155 1129 1234 1173 sed
1261 1139 1364 1188 post
1380 1128 1564 1187 aliquod
1591 1128 1787 1187 spatium
1809 1131 2043 1188 temporis.

0 1273 6 1319 ἶ

172 1209 214 1242 2.
239 1197 538 1242 PRAETEREA.
566 1196 879 1241 sanctificatio
905 1196 1081 1240 videtur
1108 1210 1207 1240 esse
1230 1210 1255 1239 a
1288 1205 1496 1255 peccato,
1518 1195 1768 1239 secundum
1789 1195 1901 1240 illud
1933 1211 1968 1241 1.
1988 1197 2044 1241 ad

81 1264 191 1311 Cor.
223 1262 287 1309 6.:
319 1265 375 1309 Et
406 1265 503 1309 haec
536 1265 699 1323 quidem
720 1265 868 1323 fuistis
899 1263 1139 1322 aliquando,
1167 1262 1342 1307 scilicet
1365 1272 1657 1322 peccatores;
1681 1263 1747 1308 sed
1772 1264 1906 1309 abluti
1938 1266 2044 1319 estis,

76 1331 143 1377 sed
164 1332 415 1390 sanctificati
439 1333 556 1376 estis:
583 1331 700 1375 sed
689 1346 735 1374 m
765 1331 951 1375 Christo
983 1344 1237 1390 numquam
1268 1329 1352 1375 fuit
1383 1340 1649 1390 peccatum;
1676 1344 1787 1389 ergo
1813 1345 1909 1375 non
1941 1345 2047 1375 con-

0 1391 10 1451 ἱ,

0 1553 8 1600 ἐ

77 1398 202 1443 venit
222 1399 305 1443 sibi
331 1397 604 1442 sanctificari
630 1412 710 1456 per
735 1398 940 1457 gratiam.

171 1481 208 1524 3.
235 1466 533 1510 PRAETEREA.
562 1465 691 1509 Sicut
715 1480 796 1524 per
828 1465 1034 1509 Verbum
1059 1465 1148 1508 Dei
1175 1465 1333 1508 omnia
1363 1463 1481 1508 facta
1509 1474 1627 1518 sunt,
1653 1465 1715 1508 ita
1736 1479 1816 1524 per
1840 1465 2046 1510 Verbum

0 1517 9 1550 Ξ
75 1532 366 1576 incarnatum
397 1542 501 1575 sunt
533 1546 696 1576 omncs
726 1531 939 1576 homines
974 1531 1258 1585 sanctificati,
1301 1531 1379 1590 qui
1420 1531 1774 1585 sanctificantur,
1808 1531 1946 1577 Hebr.
1978 1545 2044 1577 2.:

0 1602 11 1652 ζ
81 1601 170 1656 Qui
195 1600 441 1654 sanctificat,
468 1605 507 1643 et
532 1601 604 1656 qui
618 1600 931 1655 sanctificantur
953 1613 1001 1642 ex
1017 1613 1100 1642 uno
1123 1613 1286 1642 omnes:
1314 1599 1393 1642 sed
1423 1615 1446 1640 «
1463 1598 1669 1642 Verbum
1694 1598 1797 1653 Dei,
1815 1613 1896 1658 per
1921 1599 2045 1658 quod

77 1664 199 1710 facta
226 1676 330 1710 sunt
351 1667 522 1720 onmia,
548 1680 642 1709 non
670 1675 737 1709 est
757 1665 929 1709 factum
956 1682 997 1719 ³),
1024 1675 1085 1716 ut,
1098 1665 1291 1724 August.
1316 1665 1424 1709 dicit
1448 1664 1496 1709 in
1527 1679 1564 1709 1.
1591 1665 1646 1709 de
1675 1664 1839 1710 Trinit.
1864 1666 1978 1726 (cap.
2002 1667 2044 1712 6.

0 1725 6 1778 ,’
73 1741 230 1792 parum
254 1748 279 1777 α
302 1735 489 1792 princ.),·
518 1747 628 1791 ergo
657 1733 880 1787 Christus,
906 1746 987 1792 per
1013 1746 1150 1791 quem
1177 1730 1519 1776 sanctificantur
1537 1745 1713 1787 omnes,
1734 1746 1830 1777 non
1857 1743 1924 1778 est
1948 1748 2047 1778 san-

0 1831 7 1843 2
77 1799 313 1845 ctificatus.

169 1867 264 1912 SED
288 1880 484 1912 CONTRA
511 1877 591 1920 est,
618 1866 741 1925 quod
768 1865 931 1914 dicitur
954 1866 1064 1911 Luc.
1098 1881 1158 1912 1.:
1188 1866 1314 1923 Quod
1344 1882 1394 1911 ex
1421 1874 1456 1912 te
1482 1874 1675 1912 nascetur
1694 1874 1897 1923 sanctum,
1923 1882 2045 1913 voca-

77 1936 192 1980 bitur
205 1935 325 1994 filius
346 1936 442 1979 Dei.
470 1933 527 1978 Et
542 1934 673 1992 Joan.
702 1947 792 1978 10.:
822 1934 958 1991 Quem
978 1940 1102 1993 pater
1124 1936 1422 1991 sanctificavit,
1448 1941 1485 1979 et
1511 1935 1624 1979 misit
1648 1935 1693 1977 in
1718 1934 1935 1978 mundum.

164 2001 454 2048 Responnsso
481 2001 742 2054 dicendum,
775 2002 913 2060 quod,
946 2001 1063 2045 sicut
1088 2015 1222 2059 supra
1249 2001 1422 2044 dictum
1455 2011 1522 2045 est
1547 2003 1606 2058 (q.
1635 2014 1673 2059 7.
1700 2007 1780 2044 art.
1808 2003 1882 2059 L),
1911 2002 2046 2046 abun—

75 2069 229 2114 dantia
255 2071 425 2129 gratiae
451 2067 775 2113 sanctificantis
803 2067 1007 2111 animam
1035 2067 1207 2112 Christi
1233 2067 1462 2111 derivatur
1489 2081 1543 2111 ex
1569 2070 1666 2125 ipsa
1691 2066 1834 2111 Verbi
1859 2069 2043 2123 unione,

76 2136 330 2181 secundum
350 2135 462 2180 illud
483 2135 613 2194 Joan.
646 2149 706 2179 1.:
743 2135 931 2179 Vidimus
949 2134 1132 2193 gloriam
1159 2137 1259 2193 ejus,
1288 2136 1407 2193 quasi
1437 2135 1646 2192 Unigeniti
1667 2135 1851 2189 aPatre,
1875 2135 2045 2194 plenum

0 2217 9 2271 ἱ
21 2263 23 2265 ,

0 2371 11 2413 ἰμ

0 2200 21 2227 f
75 2204 254 2262 gratiae,
286 2209 323 2248 et
345 2205 548 2248 veritatis.
578 2201 831 2248 Ostensum
858 2212 926 2246 est
952 2211 1104 2246 autem
1138 2216 1273 2260 supra
1297 2202 1354 2260 (q.
1375 2204 1557 2261 praec),
1586 2202 1708 2261 quod
1734 2203 1781 2245 in
1807 2203 1957 2261 primo
1983 2204 2046 2247 in-

79 2271 216 2315 stanti
240 2284 349 2315 suae
377 2270 689 2329 conceptionis
708 2284 873 2329 corpus
892 2270 1064 2315 Christi
1083 2270 1336 2313 animatum
1361 2269 1457 2324 fuit,
1476 2279 1521 2313 et
1546 2284 1572 2313 a
1589 2270 1742 2314 Verbo
1760 2270 1850 2314 Dei
1876 2285 2047 2314 assum-

73 2346 227 2396 ptum:
249 2338 368 2382 unde
396 2351 680 2396 consequens
707 2348 788 2391 est,
816 2337 937 2396 quod
954 2337 999 2380 in
1018 2337 1167 2396 primo
1189 2337 1375 2381 instanti
1399 2337 1716 2396 conceptionis
1740 2337 1951 2382 Christus
1967 2337 2045 2382 ha-

0 2417 8 2455 1
73 2403 221 2449 buerit
244 2405 575 2465 plenitudinem
602 2405 775 2463 gratiae
801 2403 1125 2448 sanctificantis
1154 2404 1373 2458 animam,
1400 2415 1444 2448 et
1471 2418 1637 2462 corpus
1665 2405 1775 2462 ejus.

162 2472 239 2517 AD
270 2485 459 2517 PRIMUM
477 2486 586 2531 ergo
605 2472 864 2525 dicendum,
889 2471 1009 2530 quod
1034 2470 1110 2515 ille
1134 2472 1263 2526 ordo,
1287 2487 1424 2531 quem
1441 2472 1573 2531 ponit
1588 2471 1650 2515 ibi
1666 2471 1932 2531 Apostolus,
1950 2486 2046 2531 per-

10 2575 20 2583 ,
75 2538 189 2583 tinet
206 2538 260 2583 ad
280 2553 374 2593 eos,
402 2539 478 2598 qui
504 2553 584 2598 per
600 2538 857 2597 profectum
881 2539 935 2583 ad
954 2537 1235 2598 spiritualem
1258 2548 1427 2583 statum
1443 2539 1735 2598 perveniunt:
1759 2539 1805 2582 in
1823 2541 2042 2599 mysterio

5 2616 19 2637 '²
75 2615 229 2650 autem
254 2607 579 2650 incarnationis
605 2606 752 2663 magis
780 2605 1093 2649 consideratur
1111 2606 1356 2650 descensus
1383 2606 1562 2650 divinae
1589 2606 1880 2665 plenitudinis
1901 2607 1947 2650 in
1970 2622 2045 2650 na-

73 2682 224 2717 turam
249 2673 516 2727 humanam,
543 2687 682 2732 quam
708 2672 937 2732 profectus
962 2672 1194 2716 humanae
1219 2682 1423 2726 naturae,
1457 2673 1585 2731 quasi
1610 2673 1964 2732 praeexistentis,
1997 2676 2042 2718 in

17 2742 25 2749 ”
74 2739 248 2784 Deum:
278 2753 323 2785 et
347 2740 452 2784 ideo
478 2740 525 2784 in
550 2739 741 2784 homine
770 2739 955 2783 Christo
984 2753 1009 2782 a
1035 2739 1257 2798 principio
1283 2739 1368 2784 fuit
1392 2739 1593 2798 perfecta
1618 2739 1923 2799 spiritualitas.

165 2806 537 2852 AD'SECUNDUM
564 2806 822 2860 dicendum,
850 2806 972 2865 quod
1005 2805 1278 2850 sanctificari
1310 2816 1378 2850 est
1410 2805 1578 2865 aliquid
1605 2806 1702 2850 fieri
1735 2818 1967 2851 sanctum:
1994 2806 2043 2850 fit

77 2882 232 2918 autem
265 2874 435 2933 aliquid
459 2888 554 2917 non
575 2873 728 2918 solum
761 2888 816 2917 ex
842 2873 1087 2927 contrariO,
1115 2873 1193 2917 sed
1221 2873 1359 2917 etiam
1388 2887 1441 2917 ex
1467 2875 1692 2933 negative,
1718 2873 1793 2918 vel
1824 2874 2043 2933 privative

12 2943 28 2994 J
76 2942 304 3000 opposito,
330 2941 447 2986 sicut
473 2940 628 2985 album
653 2941 703 2985 fit
728 2955 783 2984 ex
807 2941 956 2999 nigro,
985 2950 1030 2985 et
1056 2940 1194 2984 etiam
1220 2954 1275 2984 ex
1296 2954 1391 2984 non
1419 2939 1548 2984 albo:
1577 2955 1662 2985 nos
1689 2951 1842 2984 autem
1870 2955 1923 2984 ex
1946 2954 2046 2998 pec-

5 3021 26 3062 »ζ
76 3008 308 3053 catoribus
330 3010 475 3053 sancti
508 3006 754 3052 efficimur:
778 3017 823 3051 et
843 3007 906 3051 ita
923 3006 1225 3051 sanctificatio
1247 3017 1404 3052 nostra
1422 3018 1490 3052 est
1507 3022 1559 3051 ex
1576 3018 1791 3066 peccato:
1819 3007 1897 3051 sed
1918 3006 2046 3050 Chri-

25 3067 37 3129 s'
75 3083 171 3120 stus
202 3074 388 3134 quidem
413 3074 667 3119 secundum
699 3074 940 3118 hominem
966 3074 1112 3118 factus
1146 3083 1213 3118 est
1239 3083 1447 3128 sanctus;
1473 3074 1579 3133 quia
1604 3075 1722 3118 hanc
1751 3073 1921 3131 gratiae
1947 3087 2045 3116 san-

21 3145 41 3201 ῖ
77 3141 282 3186 ctitatem
299 3156 392 3186 non
409 3155 592 3201 semper
616 3141 797 3185 habuit:
820 3156 914 3184 non
933 3151 1088 3184 tamen
1115 3140 1261 3185 factus
1279 3150 1347 3186 est
1369 3150 1551 3186 sanctus
1578 3155 1631 3185 ex
1657 3151 1919 3199 peccatore3
1940 3139 2045 3198 quia

24 3212 41 3235 ³
74 3218 317 3268 peccatum
342 3222 596 3267 numquam
622 3208 800 3254 habuit:
829 3209 907 3252 sed
934 3207 1078 3252 factus
1106 3218 1173 3252 est
1195 3218 1377 3252 sanctus
1405 3222 1457 3251 ex
1484 3222 1578 3251 non
1605 3218 1764 3251 sancto
1792 3206 2043 3250 secundum

74 3274 330 3327 hominem,
351 3288 446 3318 non
479 3275 663 3333 quidem
695 3275 931 3333 privative,
964 3285 1013 3318 ut
1044 3274 1218 3318 scilicet
1252 3274 1496 3333 aliquando
1529 3274 1661 3318 fuerit
1687 3274 1846 3326 homo,
1874 3283 1918 3316 et
1949 3287 2043 3316 non

30 3334 50 3386 ⁹,
75 3340 209 3386 fuerit
234 3350 438 3394 sanctus;
466 3342 543 3384 sed
569 3341 795 3398 negative,
822 3341 927 3399 quia
954 3340 1127 3385 scilicet
1152 3342 1335 3399 quando
1362 3340 1557 3384 nonfuit
1579 3341 1739 3393 thO,
1766 3353 1859 3383 non
1886 3339 2044 3384 habuit

34 3401 45 3460 ’
75 3408 364 3452 sanctitatem
396 3408 671 3451 humanam:
706 3418 751 3450 et
782 3407 886 3451 ideo
919 3407 1057 3451 simul
1087 3407 1232 3452 factus
1271 3407 1355 3451 fuit
1385 3408 1546 3460 thO,
1580 3417 1624 3450 et
1655 3415 1837 3449 sanctus
1872 3405 2040 3450 homo:

27 3475 54 3531 41
74 3480 260 3533 'propter
275 3473 396 3533 quod
423 3472 630 3531 Angelus
656 3473 764 3516 dicit
789 3473 899 3517 Luc.
932 3487 968 3517 1.
982 3474 1149 3530 ,Quod
1174 3481 1366 3518 nascetur
1383 3489 1433 3517 ex
1460 3480 1495 3517 te
1520 3479 1735 3517 sanctum:
1763 3472 1885 3530 quod
1909 3487 2042 3531 expo-

37 3537 189 3589 -J'ssnens
216 3540 355 3599 Greg.
393 3540 458 3584 18.
485 3539 648 3583 Moral.
672 3539 784 3598 (cap.
812 3554 877 3598 27
906 3542 1016 3585 inter
1039 3540 1144 3585 med.
1172 3548 1207 3585 et
1228 3542 1345 3599 fin),
1381 3540 1513 3584 dicit:
1552 3539 1669 3583 «Ad
1703 3539 2040 3583 distinctionem

18 3605 52 3658 J
77 3618 260 3652 nostrae
285 3607 535 3652 sanctitatis
556 3606 685 3664 Jesus
711 3616 892 3651 sanctus
918 3608 1171 3652 nasciturus
1192 3607 1417 3663 asseritur,
1443 3619 1527 3650 nos
1555 3606 1737 3664 quippe,
1764 3606 1801 3650 si
1823 3606 1966 3651 sancti
1983 3606 2041 3651 ef-
