2352 3926
596 272 875 320 QUABSTIO
916 271 1144 312 Lxxxm.
1186 270 1498 312 ARTICULUS
1540 271 1594 309 V.
2023 271 2088 326 '71

132 374 213 426 illu
236 375 395 422 verba:
425 391 449 418 «
474 374 563 420 Per
588 373 754 434 ipsum,
780 383 827 419 et
851 387 959 418 cum
984 374 1099 433 ipso,
1126 383 1171 419 et
1195 375 1243 418 in
1267 373 1368 434 ipso
1395 389 1436 417 n.
1466 372 1631 418 Octavo
1659 378 1813 418 autern
1837 385 2102 431 repraesen-

132 451 253 489 tatur
277 443 502 502 separatio
530 442 710 486 animae
738 455 763 485 a
790 455 982 501 corpore
1008 456 1088 501 per
1114 441 1226 485 duas
1261 453 1419 485 cruces
1460 448 1701 498 sequentes
1742 448 1867 484 extra
1907 438 2100 483 calicem

132 509 289 575 {actas
317 510 441 556 Nono
469 519 622 554 autem
649 518 1010 567 repraesentatur
1035 507 1306 553 resurrectio
1323 506 1456 552 tertia
1475 506 1548 551 die
1573 506 1693 552 facta
1714 520 1794 566 per
1814 516 1905 551 tres
1928 519 2101 559 cruces,

134 591 252 637 quae
279 577 391 621 fiunt
417 577 471 621 ad
497 575 576 620 illa
601 576 761 621 verba:
786 591 809 617 «
832 575 927 619 Pax
948 575 1142 619 Domini
1166 575 1224 620 sit
1249 588 1430 634 semper
1454 574 1693 619 vobiscum
1713 590 1752 617 ».
1770 573 1930 617 Potest
1948 582 2101 617 autem

133 646 314 689 brevius
339 644 444 699 dici,
470 643 592 703 quod
620 642 906 687 consecratio
933 642 1067 700 hujus
1106 642 1394 695 sacramenti,
1421 650 1465 685 et
1497 641 1752 700 acceptatio
1794 640 1930 699 hujus
1970 640 2104 684 sacri-

137 711 241 765 ficii,
263 719 307 756 et
326 710 498 756 fructus
523 711 662 770 ipsius
689 710 895 769 procedit
920 724 976 753 ex
1000 709 1163 754 virtute
1186 710 1331 753 crucis
1355 708 1542 762 Christi,
1564 718 1607 753 et
1630 708 1734 753 ideo
1756 708 2032 768 ubicumque
2053 707 2104 753 fit

136 778 309 824 mentio
336 778 393 823 de
419 777 572 837 aliquo
599 778 783 830 horum,
809 777 1022 820 sacerdos
1049 776 1442 834 crucesignatione
1475 775 1626 819 utitur.

224 845 302 891 AD
334 857 571 896 QUARTUM
594 843 853 896 dicendum,
880 842 1003 901 quod
1035 843 1247 887 sacerdos
1272 852 1376 901 post
1408 842 1804 887 consecrationem
1834 856 1931 886 non
1962 842 2101 886 utitur

138 912 530 971 crucesignatione
558 911 614 955 ad
640 909 1017 962 benedicendum,
1044 918 1089 953 et
1115 909 1493 962 consecrandum,
1531 910 1609 953 sed
1636 909 1787 953 solum
1815 909 1871 953 ad
1899 922 2104 954 comme-

137 980 411 1025 morandum
437 979 651 1023 virtutem
678 977 839 1030 crucis,
868 986 912 1021 et
937 976 1129 1020 modum
1155 976 1378 1036 passionis
1402 976 1589 1030 Christi,
1606 987 1654 1021 ut
1672 991 1725 1021 ex
1741 977 1871 1021 dictis
1890 986 2014 1036 patet
2040 976 2105 1034 (in

137 1047 256 1093 solut.
274 1054 418 1106 praec.
415 1045 455 1104 ).

254 1113 332 1158 AD
364 1124 591 1164 QmNTUM
617 1110 876 1164 dicendum,
904 1110 1026 1169 quod
1053 1124 1107 1155 ea
1132 1125 1249 1170 quae
1275 1110 1490 1154 sacerdos
1515 1110 1563 1153 in
1591 1111 1728 1155 missa
1750 1110 1873 1165 facit,
1888 1125 1983 1155 non
2001 1120 2106 1156 sunt

138 1179 409 1228 ridiculosae
450 1178 843 1238 gesticulationes;
875 1177 987 1222 fiunt
1023 1171 1144 1222 enim
1182 1178 1238 1222 ad
1275 1176 1444 1236 aliquid
1481 1179 1928 1236 repraesentandum.
1963 1178 2105 1231 Quod

137 1247 261 1293 enim
286 1247 499 1293 sacerdos
524 1245 711 1291 brachia
738 1245 937 1290 extendit
973 1255 1077 1303 post
1103 1245 1513 1298 consecrationem,
1539 1245 1766 1303 significat
1792 1247 2105 1291 extensionem

0 1299 4 1357 ἶ
135 1315 430 1361 brachiorum
453 1313 624 1360 Christi
649 1313 696 1356 in
723 1326 872 1356 cruce.
911 1312 1054 1356 Levat
1080 1312 1218 1356 etiam
1255 1326 1418 1356 manus
1455 1312 1646 1366 orando,
1682 1312 1738 1356 ad
1772 1313 2105 1371 designandum

0 1413 4 1433 ‚
139 1382 261 1442 quod
287 1382 434 1427 oratio
461 1381 558 1440 ejus
583 1379 788 1439 dirigitur
812 1393 894 1438 pro
937 1378 1108 1438 populo
1142 1379 1197 1423 ad
1223 1379 1390 1434 Deum,
1416 1379 1668 1424 secundum
1694 1378 1805 1423 illud
1827 1379 1998 1424 Thren.
2036 1395 2105 1439 3.:

0 1435 21 1514 ἒς
138 1451 341 1495 Levemus
366 1448 494 1494 corda
509 1454 653 1492 nostra
679 1462 773 1492 cum
806 1448 998 1491 manibus
1023 1446 1078 1491 ad
1102 1447 1338 1491 Dominum
1360 1448 1405 1490 in
1427 1447 1568 1500 coelos,
1597 1456 1643 1491 et
1667 1446 1810 1491 Exod.
1843 1460 1908 1506 17.
1927 1447 2105 1502 dicitur,

0 1493 26 1589 ἐξ
139 1517 262 1577 quod
287 1532 382 1562 cum
406 1516 563 1561 levaret
588 1516 746 1574 Moyses
767 1528 930 1568 manus,
951 1515 1145 1559 vincebat
1169 1515 1313 1559 Israel.
1343 1514 1485 1567 Quod
1512 1523 1666 1559 autem
1693 1529 1856 1560 manus
1878 1516 2107 1560 interdum

0 1579 21 1649 [fs
137 1584 299 1644 jungit,
331 1593 377 1628 et
400 1597 448 1628 se
472 1582 675 1635 inclinat,
702 1591 769 1626 est
794 1581 1072 1640 suppliciter,
1099 1592 1142 1626 et
1169 1581 1402 1626 humiliter
1427 1582 1615 1637 orantis,
1641 1591 1686 1626 et
1721 1581 1932 1640 designat
1961 1582 2109 1626 humi-

0 1655 20 1718 [ξ
139 1651 329 1705 litatem,
355 1660 400 1696 et
425 1649 733 1694 obedientiam
760 1648 946 1703 Christi,
974 1662 1029 1693 ex
1053 1663 1141 1708 qua
1167 1663 1327 1708 passus
1351 1659 1430 1693 est.
1454 1649 1638 1708 Digitos
1662 1659 1815 1693 autern
1837 1650 1984 1708 jungit
2004 1659 2109 1710 post

0 1718 4 1735 ²
141 1717 551 1771 consecrationem,
577 1715 753 1761 scilicet
777 1714 994 1775 pollicem
1022 1730 1129 1760 cum
1154 1716 1318 1769 indice,
1362 1716 1523 1775 quibus
1551 1730 1716 1776 corpus
1744 1716 1916 1762 Christi
1953 1731 2108 1761 conse-

142 1796 316 1831 cratum
341 1785 565 1844 tetigerat,
582 1793 631 1828 ut
657 1783 809 1842 siqua
835 1782 1057 1842 particula
1074 1783 1225 1842 digitis
1244 1783 1514 1837 adhaeserit,
1536 1797 1630 1828 non
1649 1783 1961 1843 dispergatur;
1984 1784 2106 1844 quod
2140 1788 2153 1792 “’

141 1853 336 1914 pertinet
360 1852 417 1896 ad
442 1850 745 1896 reverentiam
770 1851 1060 1894 sacramenti.

0 1929 22 1987 {4
176 1967 178 1970 ,
230 1920 308 1966 AD
333 1932 525 1965 SEXTUM
550 1918 809 1972 dicendum,
837 1918 959 1977 quod
986 1918 1224 1977 quinquies
1250 1933 1298 1963 se
1325 1919 1539 1963 sacerdos
1564 1921 1700 1964 vertit
1717 1919 1772 1963 ad
1795 1919 2032 1979 populum,
2051 1920 2107 1965 ad

0 1986 28 2038 Ιέζ
143 1987 494 2047 significandum
526 1986 648 2045 quod
683 1985 912 2030 Dominus
946 1986 1018 2030 die
1052 1986 1395 2030 resurrectionis
1431 1987 1669 2046 quinquies
1706 2001 1754 2031 se
1789 1988 2106 2044 manifestavit,

0 2025 37 2121 ξέἓ
143 2065 193 2100 ut
217 2068 353 2115 supra
377 2054 550 2098 dictum
575 2053 705 2097 estin
732 2062 924 2097 tractatu
942 2052 997 2097 de
1020 2053 1351 2097 resurrectione
1380 2054 1551 2098 Christi
1578 2054 1637 2113 (q.
1664 2068 1722 2114 55.
1749 2061 1833 2100 art.
1856 2070 1892 2115 3.
1919 2070 2007 2114 arg.
2032 2056 2106 2115 3.).

146 2121 501 2167 Salutatautem
522 2120 686 2180 septies
711 2119 950 2180 populum,
976 2120 1148 2164 scilicet
1175 2121 1373 2180 quinque
1394 2121 1584 2175 vicibus,
1610 2123 1772 2180 quibus
1805 2137 1853 2167 se
1886 2123 2109 2167 convertit

146 2189 203 2234 ad
228 2187 465 2249 populum,
493 2198 537 2232 et
561 2187 643 2240 bis,
669 2186 852 2246 quando
878 2201 926 2231 se
952 2197 1046 2231 non
1075 2187 1313 2242 convertit,
1330 2188 1503 2232 scilicet
1521 2203 1627 2232 cum
1645 2199 1749 2233 ante
1771 2182 2108 2234 praefationem

146 2256 277 2301 dicit:
308 2271 332 2297 α
353 2254 583 2300 Dominus
615 2254 914 2308 vobiscum»,
948 2263 992 2298 et
1029 2269 1135 2298 cum
1163 2255 1293 2299 dicit:
1324 2255 1461 2300 «Pax
1499 2255 1692 2300 Domini
1723 2257 1781 2301 sit
1820 2271 2003 2317 semper
2031 2271 2109 2302 vo-

145 2323 324 2369 biscum
341 2339 384 2376 »,
411 2322 467 2366 ad
503 2321 833 2380 designandam
868 2321 1183 2379 septiformem
1210 2322 1403 2380 gratiam
1427 2323 1618 2382 Spiritus
1647 2323 1832 2369 Sancti:
1867 2325 2108 2384 episcopus

147 2401 298 2435 autern
325 2389 558 2435 celebrans
582 2388 629 2432 in
655 2387 780 2433 festis
801 2388 848 2432 in
864 2389 1010 2446 prima
1027 2388 1299 2433 salutatione
1323 2390 1454 2435 dicit:
1486 2391 1622 2441 «Pax
1644 2392 1774 2435 vobis
1790 2408 1834 2446 n,
1861 2392 1983 2451 quod
2006 2402 2110 2451 post

147 2457 528 2503 resurrectionem
555 2455 786 2514 discipulis
812 2455 921 2500 dixit
945 2456 1190 2511 Dominus,
1218 2458 1346 2515 cujus
1371 2472 1626 2516 personam
1653 2469 1962 2517 repraesentat
1985 2474 2110 2519 prae-

149 2524 282 2584 cipue
308 2523 562 2583 episcopus.

237 2591 313 2636 An
345 2604 585 2636 SEPTIMUM
606 2590 864 2644 dicendum,
890 2590 1012 2649 quod
1038 2589 1199 2636 fractio
1222 2592 1400 2636 hostiae
1427 2594 1511 2637 tria
1536 2593 1782 2651 significat:
1803 2595 1994 2653 primum
2013 2593 2108 2652 qui-

149 2659 256 2703 dem
280 2657 427 2716 ipsam
450 2657 723 2702 divisionem
748 2657 950 2716 corporis
978 2657 1163 2712 Christi,
1190 2673 1306 2718 quae
1332 2658 1452 2704 sacta
1478 2668 1546 2704 est
1580 2660 1626 2703 in
1659 2661 1871 2718 passione
1890 2677 1904 2706 .·
1936 2660 2107 2706 secundo

149 2724 484 2770 distinctionem
505 2725 704 2782 corporis
727 2724 906 2783 mystici
924 2726 1175 2770 secundum
1194 2727 1397 2771 diversos
1415 2737 1580 2773 status:
1609 2731 1727 2772 tertio
1745 2728 2108 2772 distributionem

151 2792 396 2852 gratiarum
422 2791 768 2849 procedentium
803 2805 855 2834 ex
882 2792 1093 2851 passione
1122 2793 1307 2848 Christi,
1333 2804 1384 2838 ut
1407 2795 1659 2854 Dionysius
1686 2795 1795 2838 dicit
1829 2809 1926 2853 cap.
1955 2809 1993 2852 3.
2030 2795 2111 2840 Ec-

150 2859 429 2905 clesiasticae
455 2857 750 2903 Hierarchiae
766 2859 892 2916 (vers.
917 2860 1032 2918 fin.),·
1062 2860 1179 2904 unde
1206 2860 1308 2905 talis
1333 2860 1495 2906 fractio
1522 2876 1615 2905 non
1638 2862 1810 2907 inducit
1835 2862 2104 2906 divisionem

153 2926 338 2972 Christi.
1949 2942 1957 2947 ·

16 2437 28 2556 „mamas-vr*
13 2311 29 2426 *was—wm-
13 2280 18 2291 '
12 2214 24 2265 «ᾳ,-
10 2111 39 2200 'rx—'vr‘

239 2994 315 3038 AD
348 2990 581 3037 ocrAvuM
606 2990 864 3047 dicendum,
892 2991 1028 3051 quod,
1063 2994 1180 3039 sicut
1221 2994 1405 3054 Sergius
1431 3009 1549 3055 papa
1586 2995 1708 3050 dicit,
1741 3006 1786 3040 et
1815 2996 2007 3040 habetur
2036 2997 2109 3041 De

153 3061 372 3108 Consecr.
402 3058 535 3116 (Dist.
562 3073 604 3104 2.
630 3066 722 3118 cap.
739 3073 806 3104 22.
806 3058 848 3116 ),
878 3074 902 3100 «
919 3058 1123 3105 triforme
1149 3072 1217 3106 est
1242 3077 1405 3121 corpus
1432 3062 1644 3106 Domini:
1672 3077 1776 3122 pars
1799 3062 1951 3108 oblata
1973 3065 2018 3107 in
2041 3077 2111 3108 ca-

151 3128 288 3174 licem
313 3128 452 3172 missa
494 3139 656 3185 corpus
684 3125 869 3180 Christi,
896 3127 1017 3185 quod
1043 3128 1136 3186 jam
1163 3130 1416 3182 resurrexit,
1451 3138 1730 3183 monstrat»,
1758 3129 1931 3174 scilicet
1959 3132 2108 3190 ipsum

154 3195 405 3248 Christum,
438 3203 483 3238 et
514 3193 564 3237 Β.
591 3192 845 3251 Virginem,
887 3193 962 3237 vel
986 3194 1024 3237 si
1060 3195 1137 3253 qui
1163 3196 1241 3239 alii
1275 3196 1420 3240 sancti
1453 3210 1555 3240 cum
1591 3197 1856 3255 corporibus
1881 3198 1975 3256 jam
2006 3208 2112 3242 sunt

153 3263 200 3308 in
225 3261 392 3321 gloria:
429 3276 452 3302 «
469 3274 571 3318 pars
605 3269 808 3304 comesta
831 3259 1112 3306 ambulantes
1140 3262 1287 3306 adhuc
1315 3276 1449 3321 super
1480 3272 1707 3317 terram»,
1739 3264 1846 3322 quia
1861 3263 2035 3309 scilicet
2050 3265 2111 3309 vi-

152 3339 310 3375 ventes
339 3329 386 3372 in
412 3338 530 3372 terra
556 3336 843 3371 sacramento
862 3336 1046 3371 utuntur
1067 3328 1143 3386 [al.
1162 3330 1414 3387 uniuntur],
1434 3338 1477 3373 et
1494 3330 1777 3387 passionibus
1802 3341 2108 3386 conteruntur,

154 3397 271 3443 sicut
294 3405 339 3441 et
362 3396 490 3454 panis
518 3403 747 3438 comestus
774 3394 1021 3438 conteritur
1046 3395 1276 3440 dentibus:
1314 3413 1337 3437 (ε
1356 3410 1456 3453 pars
1488 3397 1534 3439 in
1562 3396 1692 3440 altari
1717 3411 1859 3456 usque
1882 3398 1938 3441 ad
1969 3398 2110 3442 finem

156 3463 322 3508 missae
346 3475 587 3519 remanens
614 3470 680 3504 est
707 3474 871 3518 corpus
897 3462 1053 3519 jacens
1077 3462 1125 3506 in
1156 3462 1424 3521 sepulchio3
1458 3463 1563 3521 quia
1594 3477 1738 3523 usque
1770 3465 1817 3508 in
1847 3464 1987 3509 finem
2018 3479 2112 3510 sae-

159 3529 248 3576 culi
279 3543 472 3588 corpora
498 3536 760 3573 sanctorum
795 3527 842 3571 in
868 3526 1119 3585 sepulchris
1156 3542 1344 3583 erunt»,
1387 3543 1578 3588 quorum
1614 3540 1767 3575 tamen
1795 3531 1974 3577 animae
2006 3542 2114 3578 sunt

157 3597 230 3641 vel
254 3597 302 3641 in
323 3595 602 3656 purgatorio,
628 3593 702 3638 vel
727 3595 772 3638 in
801 3593 947 3638 coelo,
975 3594 1061 3638 Hic
1087 3605 1241 3639 tamen
1269 3596 1377 3640 ritus
1403 3611 1496 3640 non
1523 3607 1726 3642 servatur
1744 3599 1901 3653 modo,
1928 3609 1975 3644 ut
1996 3600 2111 3645 scili-

160 3673 232 3710 cet
251 3678 340 3709 una
366 3676 468 3724 pars
502 3671 706 3708 servetur
731 3675 872 3720 usque
900 3661 944 3705 in
978 3660 1114 3706 finem
1145 3665 1325 3718 missae,
1353 3674 1536 3724 propter
1564 3665 1840 3724 periculum:
1867 3678 2021 3713 manet
2050 3678 2112 3713 ta-

30 3197 41 3218 „
29 3139 40 3175 a·
28 3117 39 3131 «ς
28 3085 38 3104 a
25 2964 40 3075 mxv-m
21 2738 45 2954 mmmm-7
20 2654 32 2727 ''⁴⁷*''
22 2630 30 2637 ³
19 2613 21 2617 ⁴
18 2588 26 2604 *'
