2352 3926
297 215 403 281 316
799 228 1079 274 QUAESTIO
1120 229 1674 270 xxxvn.ART1cu1„us
1714 229 1752 269 1.

293 330 422 374 sione
449 344 543 374 non
565 329 824 407 indigemus
841 345 892 374 »ι
920 340 965 375 et
988 331 1080 375 hoc
1109 341 1177 376 est
1201 331 1325 391 quod
1349 332 1562 392 Apostol
1587 333 1696 378 dicit
1713 332 1870 378 Colos.
1898 346 1964 378 2.:
1990 334 2043 379 In
2059 348 2155 394 quo,
2171 334 2253 380 sci-

290 397 398 442 licet
416 397 619 451 Christ0,
641 399 880 442 circumcisi
901 400 990 443 estis
1005 400 1316 444 circumcisione
1336 415 1420 444 non
1435 401 1731 460 manufacta,'
1714 416 1761 444 m
1777 400 2049 460 expoliatione
2065 403 2253 463 corporis

292 467 446 518 carnis,
474 465 576 509 sed
561 481 606 508 m
631 467 945 510 circumcisione
970 467 1150 510 Domini
1176 469 1307 512 nostri
1325 468 1422 524 Jesu
1458 468 1627 513 Christi.

383 532 458 575 AD
494 544 710 576 TERTIUM
743 531 1002 586 dicendum,
1035 533 1158 591 quod
1190 534 1307 578 sicut
1339 535 1547 580 Christus
1579 533 1762 594 propria
1792 534 2027 580 voluntate
2053 545 2253 580 mortem

289 609 495 642 nostram
521 599 734 657 suscepit,
762 613 877 658 quae
905 610 972 644 est
999 599 1185 645 effectus
1211 603 1401 660 peccati,
1428 601 1608 646 nullum
1635 602 1681 645 in
1708 616 1757 646 se
1789 601 1962 647 habens
1994 611 2251 662 peccatum,

291 675 340 709 ut
362 680 447 710 nos
475 680 500 708 a
526 676 675 710 morte
703 666 928 721 liberaret,
956 677 999 711 et
1025 668 1317 726 spiritualiter
1342 683 1427 713 nos
1449 668 1621 713 faceret
1646 669 1766 712 mori
1790 679 2004 728 peccato:
2030 669 2094 714 ita
2115 669 2254 714 etiam

295 733 709 787 circumcisionem,
744 748 860 792 quae
888 743 955 778 est
975 735 1230 779 remedium
1258 735 1491 794 originalis
1517 736 1708 795 peccati,
1736 736 1948 796 suscepit,
1970 734 2139 796 absque
2160 733 2252 781 ho'c

293 801 414 859 quod
442 801 630 844 haberet
653 800 874 860 originale
890 811 1144 861 peccatum,
1162 813 1210 847 ut
1226 817 1312 847 nos
1339 817 1364 846 a
1391 802 1504 862 legis
1530 804 1640 861 jugo
1667 802 1893 858 liberaret,
1919 812 1963 848 et
1989 814 2039 848 ut
2058 803 2253 848 innobis

291 868 572 926 spiritualem
601 868 1002 914 circumcisionem
1020 868 1233 925 efficeret,
1250 880 1299 914 ut
1315 869 1489 915 scilicet
1505 870 1796 930 suscipiendo
1813 870 2023 931 figuram,
2044 869 2256 931 impleret

291 945 543 980 veritatem.

1003 1114 1436 1172 ARTICULUS
1480 1116 1550 1171 Π.
2169 1143 2250 1189 205

403 1248 598 1288 UTRUM
631 1249 1060 1290 CONVENIENTER
1092 1252 1290 1290 FUERIT
1325 1251 1564 1290 CHRISTO
1598 1252 1788 1292 NOMEN
1815 1250 2141 1291 IMPOSITUM.

1025 1362 1202 1421 (Opusc.
1231 1363 1303 1408 60.
1330 1370 1421 1422 cap.
1449 1362 1529 1420 6.).

381 1470 458 1515 AD
485 1483 747 1516 SECUNDUM
765 1471 828 1515 sic
855 1472 1129 1531 proceditur.
1148 1473 1354 1528 Videtur,
1372 1473 1495 1533 quod
1517 1474 1892 1518 inconvenienter
1911 1472 2048 1518 fuerit
2064 1471 2253 1519 Christo

294 1550 467 1581 nomen
499 1538 795 1597 impositum:
828 1539 992 1583 veritas
1027 1540 1150 1583 enim
1182 1540 1450 1599 evangelica
1482 1541 1614 1585 debet
1646 1540 2032 1600 praenuntiationi
2061 1540 2260 1600 prophe·

293 1604 412 1648 ticae
438 1605 735 1664 respondere:
764 1605 842 1649 sed
874 1606 1132 1665 Prophetae
1159 1607 1280 1651 aliud
1306 1623 1479 1652 nomen
1502 1607 1558 1652 de
1586 1609 1773 1653 Christo
1799 1608 2256 1668 praenuntiaverunt3

295 1670 460 1715 dicitur
486 1672 610 1716 enirn
637 1673 721 1716 Isa.
746 1686 809 1730 7.:
838 1673 944 1718 Ecce
973 1675 1096 1732 virgo
1123 1676 1340 1735 concipiet,
1368 1674 1420 1720 et*
1427 1677 1571 1735 pariet
1590 1675 1747 1734 filium,
1786 1682 1826 1721 et
1855 1676 2079 1720 vocabitur
2107 1689 2258 1719 nomen

294 1744 385 1796 ejus
409 1741 662 1785 Emmanuel
671 1756 687 1794 ;
723 1751 767 1784 et
805 1753 902 1799 cap.
937 1741 1002 1786 8.:
1046 1743 1158 1787 Voca
1192 1758 1340 1788 nomen
1371 1747 1471 1802 ejus,
1509 1744 1705 1798 accelera,
1736 1744 1868 1803 spolia
1899 1743 2078 1797 detrabe,
2108 1743 2257 1799 festina

284 1808 491 1868 praedari
501 1824 518 1861 ,·
548 1818 592 1851 et
619 1822 717 1867 cap.
745 1822 811 1868 9.:
848 1809 1073 1854 Vocabitur
1097 1825 1246 1855 nomen
1263 1813 1348 1869 ejus
1374 1811 1651 1865 admirabilis,
1679 1811 1954 1864 consiliarius,
1971 1811 2254 1870 Deus,fortis,

284 1882 410 1935 pater
422 1876 567 1935 futuri
591 1876 759 1930 saeculi,
779 1878 976 1936 princeps
989 1879 1110 1936 pacis
1120 1893 1136 1930 ;
1166 1888 1210 1922 et
1235 1878 1371 1922 Zach.
1406 1877 1446 1922 6.
1475 1878 1659 1923 dicitur:
1687 1880 1794 1924 Ecce
1818 1880 1903 1933 vir,
1935 1879 2085 1924 Oriens
2109 1892 2258 1933 nomen

290 1946 401 2003 ejus;
431 1957 541 2001 ergo
568 1943 942 1988 inconvenienter
967 1955 1184 1989 vocatum
1211 1955 1278 1990 est
1302 1960 1473 1989 nornen
1502 1947 1598 2004 ejus
1619 1946 1762 2004 Jesus.

384 2024 422 2055 2.
452 2011 750 2055 PRAETEREA.
776 2011 863 2055 Isa.
896 2009 966 2056 62.
995 2012 1181 2056 dicitur:
1219 2014 1444 2058 Vocabitur
1476 2015 1551 2058 tibi
1582 2029 1731 2058 nomen
1762 2028 1935 2068 novum,
1963 2011 2072 2071 quod
2097 2027 2140 2056 os
2169 2012 2260 2056 Do-

289 2080 398 2122 mini
422 2079 686 2123 nominavit:
714 2079 792 2122 sed
824 2079 915 2123 hoc
948 2093 1121 2123 nornen
1147 2081 1261 2136 Iesus
1292 2095 1386 2125 non
1420 2091 1487 2125 est
1517 2095 1690 2125 nomen
1722 2094 1911 2134 novum,
1944 2079 2024 2124 sed
2054 2078 2256 2139 pluribus

290 2144 374 2189 fuit
389 2146 434 2189 in
452 2146 594 2189 veteri
608 2144 908 2190 Testamento
926 2146 1217 2205 impositum,
1237 2158 1286 2191 ut
1301 2158 1424 2207 patet
1443 2149 1578 2192 etiam
1600 2163 1653 2192 ex
1669 2148 1768 2208 ipsa
1780 2146 2054 2206 genealogia
2073 2146 2259 2203 Christi,

292 2212 403 2257 Luc.
436 2227 498 2271 3.;
526 2226 636 2271 ergo
662 2213 854 2267 videtur,
875 2214 1000 2272 quod
1027 2214 1406 2260 inconvenienter
1431 2225 1649 2260 vocatum
1677 2225 1744 2260 est
1767 2229 1940 2260 nomen
1966 2215 2063 2274 ejus
2083 2214 2228 2274 Jesus.

385 2293 422 2338 3.
450 2279 750 2325 PRAETEREA.
778 2280 880 2324 Hoc
907 2295 1080 2326 nomen
1102 2283 1217 2339 Jesus
1243 2282 1439 2327 salutern
1471 2282 1711 2342 significat,
1738 2293 1788 2326 ut
1813 2292 1938 2342 patet
1960 2296 2040 2341 per
2064 2281 2111 2327 id
2135 2279 2259 2341 quod

298 2345 462 2390 dicitur
486 2347 649 2391 Matth.
683 2361 743 2392 1.:
771 2348 914 2392 Pariet
938 2349 1089 2404 filium,
1114 2355 1151 2394 et
1175 2351 1344 2395 vocabis
1369 2365 1518 2394 nomen
1543 2353 1629 2409 ejus
1643 2351 1812 2407 Jesum:
1843 2351 1928 2410 ipse
1952 2350 2062 2394 enim
2091 2349 2258 2395 salvum

285 2413 420 2473 faciet
445 2414 650 2473 populum
681 2429 801 2458 suum
829 2429 855 2458 a
883 2418 1058 2474 peccatis
1083 2431 1254 2461 eorum:
1283 2417 1361 2461 sed
1395 2416 1515 2461 salus
1547 2431 1627 2476 per
1653 2417 1890 2462 Christum
1920 2430 2016 2461 non
2042 2426 2112 2461 est
2139 2414 2260 2461 facta

293 2479 445 2524 solum
471 2480 519 2523 in
547 2481 914 2536 circumcisione,
937 2482 1016 2526 sed
1040 2483 1179 2527 etiam
1204 2484 1251 2528 in
1271 2485 1524 2543 praeputio,
1542 2494 1591 2529 ut
1611 2493 1734 2543 patet
1753 2498 1833 2543 per
1857 2484 2019 2543 Apost.
2037 2482 2175 2529 Rom.
2190 2494 2259 2539 4.;

290 2547 668 2592 inconvenienter
693 2561 803 2607 ergo
830 2549 922 2593 hoc
948 2563 1120 2593 nomen
1138 2549 1222 2594 fuit
1240 2551 1426 2595 Christo
1445 2551 1715 2610 impositum
1732 2553 1777 2595 in
1795 2565 1877 2596 sua
1895 2550 2258 2596 circumcisione.

386 2615 480 2660 SED
515 2627 712 2660 CONTRA
744 2626 811 2660 est
844 2616 1090 2661 auctoritas
1118 2617 1423 2677 Scripturae,'
1411 2633 1458 2662 1n
1476 2632 1566 2678 qua
1591 2618 1755 2663 dicitur
1780 2618 1892 2662 Luc.
1919 2630 1976 2673 2.,
2003 2617 2126 2678 quod
2144 2623 2258 2678 post-

293 2697 420 2743 quam
447 2684 723 2728 consummati
753 2689 847 2728 sunt
872 2683 955 2728 dies
981 2690 1086 2739 octo,
1114 2690 1159 2729 ut
1184 2685 1548 2730 circumcideretur
1565 2693 1688 2745 puer,
1711 2691 1908 2731 vocatum
1933 2691 1989 2731 est
2008 2700 2157 2730 nomen
2173 2687 2260 2744 ejus

290 2751 419 2808 Jesus.

338 2862 341 2864 ,
384 2818 674 2862 RESPONDEO
702 2817 962 2872 dicendum,
990 2818 1113 2877 quod
1139 2819 1329 2863 nomina
1356 2819 1521 2864 debent
1538 2820 1885 2879 proprietatibus
1901 2834 2055 2865 rerum
2071 2832 2259 2880 respon·

293 2886 423 2931 dere:
459 2895 503 2929 et
527 2884 618 2929 hoc
652 2894 776 2943 patet
805 2885 852 2928 in
884 2885 1147 2930 nominibus
1184 2900 1420 2945 generum,
1455 2897 1499 2931 et
1534 2887 1814 2946 specierum:
1854 2887 1975 2947 quia,
2011 2898 2061 2932 ut
2096 2887 2260 2932 dicitur

292 2965 336 3008 4.
363 2952 567 3011 Metaph.
595 2952 698 3010 (tex.
723 2952 813 3010 28.)
846 2953 1016 3010 «ratio,
1044 2967 1182 3012 quam
1209 2953 1435 3013 significat
1451 2969 1639 3008 nomen,
1668 2965 1735 2999 est
1761 2954 1964 3000 definitio
1982 2971 2029 3010 »3
2050 2968 2166 3015 quae
2187 2953 2260 2999 de-

292 3022 443 3079 signat
465 3019 698 3079 propriam
724 3019 786 3062 rei
813 3029 1047 3063 naturam:
1075 3020 1264 3064 nomina
1293 3031 1445 3065 autem
1472 3021 1769 3099 singularium
1803 3021 2047 3067 hominurn
2079 3034 2260 3082 semper

292 3088 592 3164 imponuntur
619 3086 672 3130 ab
701 3085 851 3145 aliqua
875 3086 1152 3163 proprietate
1175 3088 1286 3146 ejus,
1303 3088 1376 3131 cui
1393 3102 1564 3132 nomen
1586 3089 1858 3168 imponitur.
1882 3087 2003 3134 vela
2023 3098 2256 3149 tempore3

292 3154 408 3198 sicut
434 3146 732 3213 imponuntur
758 3154 948 3197 nomina
976 3153 1233 3213 aliquorum
1262 3154 1537 3199 Sanctorum
1564 3156 1650 3210 his,
1678 3157 1754 3216 qui
1776 3157 1821 3201 in
1848 3170 2010 3202 eorum
2036 3155 2159 3201 festis
2184 3169 2261 3200 na·

292 3231 498 3266 scuntur:
525 3219 599 3264 vel
626 3235 651 3264 a
679 3220 980 3280 cognatione3
1008 3220 1125 3265 sicut
1152 3235 1257 3265 cum
1283 3221 1378 3266 filio
1404 3223 1654 3282 imponitur
1685 3237 1859 3269 nomen
1889 3222 2044 3284 patris,
2075 3221 2150 3268 vel
2181 3220 2258 3267 ali-

293 3290 420 3347 cujus
454 3289 509 3333 de
543 3288 819 3347 cognatione
852 3289 970 3347 ejus;
1005 3288 1122 3332 sicut
1154 3289 1396 3348 propinqui
1422 3290 1611 3348 Joannis
1645 3291 1873 3350 Baptistae
1903 3290 2119 3336 volebant
2151 3303 2259 3335 eum

292 3370 458 3400 vocare
491 3355 679 3400 nomine
706 3355 843 3414 patris
875 3355 946 3399 sui
978 3355 1261 3409 Zachariam,
1294 3370 1388 3400 non
1422 3368 1574 3402 autern
1602 3357 1844 3416 Joannem‚
1869 3359 1969 3417 quia
2000 3357 2137 3403 nullus
2167 3362 2260 3403 erat

294 3425 338 3467 in
366 3425 605 3482 cognatione
631 3426 732 3482 ejus,
767 3425 839 3482 qui
863 3430 1089 3468 vocaretur
1121 3424 1195 3468 hoc
1222 3426 1404 3480 nomine,
1432 3436 1481 3469 ut
1507 3426 1670 3470 dicitur
1697 3426 1807 3470 Luc.
1840 3439 1899 3471 1.:
1926 3425 2001 3471 vel
2032 3426 2171 3471 etiam
2202 3424 2258 3470 ab

295 3501 483 3545 eventu3
517 3491 634 3535 sicut
661 3490 832 3549 Joseph
866 3490 1048 3534 vocavit
1080 3490 1436 3549 primogenitum
1470 3507 1603 3537 suum
1636 3493 1897 3538 Manassem
1929 3492 2109 3538 dicens:
2145 3491 2259 3538 Obli-

293 3559 399 3601 visci
415 3558 523 3616 fecit
549 3573 612 3602 me
637 3558 752 3602 Deus
779 3559 966 3602 omnium
992 3557 1184 3602 laborum
1217 3573 1418 3612 meorum,
1449 3559 1615 3604 Genes.
1637 3572 1732 3614 41.:
1758 3559 1832 3604 vel
1858 3561 1994 3604 etiam
2021 3573 2075 3605 ex
2107 3558 2258 3619 aliqua

303 3623 522 3682 qualitate
550 3626 660 3684 ejus,
688 3624 762 3669 cui
782 3638 954 3669 nomen
980 3624 1252 3685 imponitur3
1280 3625 1395 3670 sicut
1424 3626 1590 3672 Genes.
1614 3639 1684 3685 25.
1711 3626 1887 3680 dicitur,
1913 3626 2036 3688 quod
2062 3625 2166 3687 quia
2187 3626 2260 3687 qui
