2352 3926
343 209 377 260 6
380 208 447 276 58
873 222 1151 267 QUAESTIO
1193 223 1357 261 Lxxv.
1396 222 1709 261 ARTICULus
1746 224 1804 262 11.

433 325 722 369 RESPONDEO
750 323 1010 378 dicendum,
1027 324 1148 382 quod
1175 324 1361 382 quidam
1378 333 1646 383 posuerunt,
1659 334 1763 383 post
1779 326 2300 373 consecrationmfsub-

343 392 557 435 stantiam
585 391 728 450 panis,
756 401 799 434 et
825 390 919 433 vini
943 390 991 433 in
1024 400 1314 434 sacramento
1331 404 1590 436 remanere:
1617 392 1697 435 sed
1722 392 1839 436 haec
1865 393 2035 451 positio
2057 392 2299 452 sammon

341 467 511 515 potest:
537 461 679 517 primo
709 458 908 515 quidem,
927 458 1034 515 quia
1064 471 1144 516 per
1168 457 1288 501 hanc
1315 458 1593 516 positionem
1619 458 1795 503 tollitur
1817 460 1982 505 veritas
2006 454 2301 519 huiuifflcra-

339 527 495 579 menti,
533 527 588 568 ad
616 539 754 583 quam
782 525 976 583 pertinet
1002 534 1051 568 ut
1074 539 1235 568 verum
1259 539 1423 584 corpus
1448 525 1619 570 Christi
1632 527 1679 569 in
1696 527 1787 570 hoc
1810 537 2101 574 sacramento
2122 520 2299 584 diunt,

338 594 459 653 quod
488 592 672 650 quidem
690 591 753 634 ibi
769 605 864 635 non
883 601 950 634 est
967 602 1071 636 ante
1089 593 1507 646 consecrationem3
1533 604 1628 636 non
1656 603 1809 637 autem
1831 594 2001 654 aliquid
2026 604 2300 654 potestesse

337 660 518 712 alicubi,
546 659 622 701 ubi
648 658 770 717 prius
796 673 890 702 non
918 668 1027 712 erat,
1054 659 1141 703 nisi
1157 659 1229 703 vel
1255 674 1336 718 per
1361 659 1453 703 loci
1471 660 1788 714 mutationem,
1805 659 1879 705 vel
1895 674 1975 719 per
1986 661 2177 706 alterius
2195 676 2302 707 con·

336 728 594 771 versionem
620 726 667 769 in
694 726 860 783 ipsum,
887 726 1004 769 sicut
1029 725 1075 769 in
1103 726 1244 770 domo
1273 726 1422 785 aliqua
1441 726 1496 770 de
1513 740 1638 770 novo
1656 726 1815 785 incipit
1832 739 1931 772 esse
1950 729 2085 786 ignis,
2102 738 2180 773 aut
2194 730 2300 788 quia

335 794 442 838 illuc
471 793 680 847 defertur,
708 802 786 836 aut
816 792 922 851 quia
956 793 1020 836 ibi
1054 803 1320 851 generatur:
1355 793 1647 837 manifestum
1681 805 1748 838 est
1784 805 1961 849 autern,
1979 795 2102 854 quod
2133 798 2300 856 corpus

337 860 509 906 Christi
527 874 622 903 non
635 860 794 918 incipit
811 874 910 904 esse
923 859 970 903 in
986 860 1077 904 hoc
1096 870 1384 904 sacramento
1403 874 1482 919 per
1499 871 1680 905 motum
1696 860 1917 906 localem:
1934 864 2080 922 primo
2096 863 2298 922 quidem,

334 929 440 987 quia
466 937 746 986 sequeretur,
769 927 892 986 quod
919 927 1146 971 desineret
1171 941 1269 971 esse
1294 927 1340 970 in
1373 927 1530 982 coelo;
1557 942 1651 972 non
1677 930 1802 972 enim
1827 929 1950 987 quod
1971 929 2180 978 localiter
2203 944 2300 975 mo-

334 1005 479 1049 vetur,
500 995 706 1054 pervenit
731 995 786 1038 de
809 1008 932 1038 novo
950 994 1007 1038 ad
1031 994 1230 1053 aliquem
1248 992 1420 1048 locum,
1442 995 1529 1038 nisi
1546 995 1722 1039 deserat
1739 996 1961 1055 priorem:
1986 995 2299 1056 secundo,quia

335 1077 474 1106 omne
502 1076 667 1121 corpus
711 1061 919 1106 localiter
953 1072 1131 1106 motum
1158 1061 1400 1120 pertransit
1432 1063 1588 1106 omnia
1621 1063 1787 1117 media,
1819 1063 1943 1122 quod
1973 1063 2052 1108 hic
2082 1064 2173 1109 diei
2200 1076 2297 1109 non

334 1139 504 1188 potest:
540 1130 675 1183 tertio,
704 1129 810 1188 quia
836 1128 1118 1187 impossibile
1146 1138 1227 1183 est,
1255 1129 1378 1188 quod
1404 1143 1520 1173 unus
1546 1140 1698 1174 motus
1726 1131 1928 1189 ejusdem
1952 1132 2157 1192 corporis
2177 1131 2299 1176 loca-

331 1196 436 1240 liter
457 1196 573 1240 moti
603 1196 871 1240 terminetur
896 1195 1032 1239 simul
1064 1195 1121 1239 ad
1159 1196 1336 1239 diversa
1372 1195 1500 1242 loca:
1534 1210 1639 1240 cum
1673 1207 1829 1242 tamen
1865 1198 1912 1242 in
1947 1196 2150 1257 pluribus
2180 1197 2295 1244 locis

332 1278 497 1322 corpus
526 1263 699 1307 Christi
725 1263 805 1307 sub
839 1263 929 1306 hoc
957 1273 1246 1307 sacramento
1274 1263 1412 1306 simul
1438 1278 1537 1307 esse
1563 1264 1775 1322 incipiat3
1803 1274 1848 1309 et
1877 1265 2295 1325 ideorelinquitur,

332 1330 455 1390 quod
482 1345 576 1374 non
602 1332 746 1389 possit
778 1330 906 1374 aliter
939 1344 1103 1389 corpus
1137 1329 1310 1374 Christi
1341 1330 1541 1389 incipere
1568 1344 1668 1375 esse
1694 1331 1749 1375 de
1781 1343 1906 1376 novo
1937 1332 1985 1375 in
2006 1332 2111 1378 hoc
2129 1342 2296 1377 ‘sacra-

330 1408 504 1451 mento‚
530 1398 618 1442 nisi
643 1412 723 1455 per
751 1397 1102 1441 conversionem
1128 1398 1404 1441 substantiae
1430 1398 1560 1456 panis
1586 1397 1632 1440 in
1658 1394 1832 1456 ipsum:
1863 1398 1986 1458 quod
2010 1398 2167 1444 mem
2183 1410 2298 1444 con-

328 1466 517 1509 vertitur
530 1465 577 1508 in
597 1464 782 1523 aliquid,
803 1464 924 1508 facta
942 1464 1258 1517 conversione,
1271 1476 1366 1507 non
1393 1473 1572 1518 manet3
1598 1465 1718 1508 unde
1735 1464 2014 1524 relinquitur,
2028 1462 2296 1525 quodsa‘lva

326 1532 516 1576 veritate
531 1532 666 1590 hujus
681 1531 971 1584 sacramenti,
986 1531 1235 1575 substantia
1253 1531 1381 1589 panis
1398 1541 1502 1590 post
1523 1529 1921 1576 consecrationem
1945 1530 2298 1578 remaneremon

326 1599 489 1657 possit:
515 1599 706 1652 secundo,
725 1600 829 1657 quia
847 1599 962 1641 haec
980 1598 1146 1656 positio
1165 1598 1465 1642 contrariatur
1486 1597 1662 1642 formae
1684 1597 1818 1657 hujus
1837 1598 2296 1660 sacramentistfiq'ua

326 1666 512 1710 dicitur:
540 1681 564 1707 «
586 1666 690 1709 Hoc
714 1674 781 1709 est
804 1680 966 1724 corpus
985 1676 1142 1709 meum
1161 1681 1201 1719 »,
1236 1666 1359 1724 quod
1381 1679 1476 1709 non
1503 1676 1624 1710 esset
1638 1679 1812 1721 verum,
1832 1666 1870 1711 si
1890 1663 2296 1728 substantiasspanis

332 1732 395 1776 ibi
419 1743 700 1786 remaneret;
728 1747 963 1791 nunquam
984 1732 1107 1776 enim
1130 1732 1379 1776 substantia
1397 1733 1526 1791 panis
1549 1743 1617 1776 est
1636 1747 1800 1792 corpus
1828 1733 2022 1788 Christi3
2048 1734 2128 1779 sed
2146 1736 2294 1794 potius

328 1809 446 1843 esset
459 1799 723 1843 dicendum:
750 1815 774 1841 ‹<
793 1799 880 1843 Hic
901 1810 968 1843 est
990 1813 1155 1857 corpus
1173 1813 1330 1843 meum
1349 1816 1390 1844 »ι
1415 1802 1553 1856 tertio,
1575 1801 1680 1859 quia
1694 1801 1996 1846 contrariatur
2011 1802 2294 1846 venerationi

327 1866 461 1925 hujus
494 1867 782 1919 sacramenti,
810 1866 849 1910 si
876 1866 1026 1925 aliqua
1053 1866 1303 1910 substantia
1330 1876 1482 1910 creata
1508 1877 1626 1911 esset
1650 1867 1727 1921 ibi,
1755 1881 1871 1926 quae
1892 1881 1987 1912 non
2012 1877 2167 1928 posset
2186 1868 2292 1914 ado·

327 1935 504 1978 ratione
536 1933 694 1977 latriae
722 1933 923 1977 adorari:
952 1939 1117 1992 quarm,
1151 1933 1257 1991 quia
1291 1934 1591 1978 contrariatur
1622 1934 1727 1978 ritui
1757 1933 2292 1995 Ecclesiae,.-secundum

325 2015 463 2059 quem
490 2011 593 2059 post
619 2000 908 2059 corporalem
941 2000 1094 2044 cibum
1121 2007 1215 2043 non
1242 1999 1348 2044 licet
1381 2014 1561 2045 sumere
1589 2015 1754 2060 corpus
1778 2001 1964 2056 Christi,
2001 2017 2109 2047 cum
2135 2012 2291 2048 tamen
2345 2023 2352 2039 -1

322 2079 427 2127 post
453 2082 591 2112 unam
618 2067 818 2114 hostiam
847 2077 1162 2111 consecratam
1188 2066 1324 2112 liceat
1349 2081 1531 2111 sumere
1560 2064 1722 2122 aliam3
1750 2068 1869 2112 unde
1891 2068 2006 2151 haec
2032 2068 2200 2128 positio
2225 2070 2290 2115 vi·

321 2136 460 2179 tanda
487 2145 554 2179 est
583 2144 804 2192 tanquam
829 2134 1077 2177 haeretica.
2048 2173 2051 2176 ,
2084 2172 2098 2177 2,

411 2202 487 2244 AD
504 2213 694 2245 PRIMUM
717 2214 826 2258 ergo
845 2200 1106 2253 dicendum,
1124 2200 1246 2259 quod
1264 2200 1390 2244 Deus
1414 2201 1689 2277 conjugavit
1703 2177 2003 2250 divinitatem
2006 2175 2158 2258 suam,
2173 2203 2292 2249 idest
2347 2232 2352 2238 -

321 2267 524 2311 divinam
548 2267 778 2320 virtutem,
805 2267 926 2326 pani,
954 2277 998 2310 et
1023 2267 1147 2320 vino,
1173 2281 1268 2310 non
1301 2276 1350 2311 ut
1380 2278 1648 2312 remaneant
1678 2268 1726 2312 in
1756 2268 1846 2314 hoc
1872 2279 2178 2325 sacramento,
2209 2272 2290 2316 sed
2350 2306 2352 2308 -

321 2344 369 2379 ut
393 2333 531 2378 faciat
555 2333 660 2377 inde
685 2348 866 2392 corpus,
894 2344 938 2377 et
964 2333 1236 2391 sanguinem
1263 2348 1412 2378 suum.
2350 2385 2352 2391 ¹

409 2402 485 2446 An
508 2414 769 2446 SECUNDUM
793 2401 1052 2454 dicendum,
1072 2401 1195 2459 quod
1227 2402 1274 2444 in
1302 2401 1400 2445 aliis
1427 2403 1724 2446 sacramentis
1750 2413 1846 2447 non
1872 2412 1939 2448 est
1958 2403 2064 2464 ipse
2074 2402 2289 2450 Christus
2348 2419 2352 2444 ÷

320 2468 513 2523 realiter,
530 2469 648 2512 sicut
663 2468 710 2511 in
727 2469 818 2512 hoc
836 2478 1152 2522 sacrament03
1176 2478 1220 2512 et
1245 2469 1378 2512 ideo
1366 2483 1414 2511 m
1434 2469 1532 2512 aliis
1549 2471 1847 2514 sacramentis
1869 2480 2026 2516 manet
2040 2467 2288 2518 substantia
2346 2503 2351 2524 ς

320 2537 552 2589 materiae,
578 2549 672 2578 non
699 2546 852 2579 autem
878 2535 924 2578 in
950 2535 1054 2578 isto.
2054 2567 2055 2570 ,
2137 2570 2142 2574 ,
2185 2568 2187 2570 .
2335 2591 2336 2594 ¹

409 2605 486 2648 An
503 2615 720 2647 TERTIUM
739 2602 1000 2655 dicendum,
1018 2602 1141 2660 quod
1168 2603 1357 2660 species,
1384 2616 1500 2660 quae
1527 2613 1765 2647 remanent
1791 2606 1837 2648 in
1862 2605 1955 2649 hoc
1981 2612 2285 2663 sacramento,
2336 2595 2338 2597 ¹

320 2682 370 2716 ut
392 2670 509 2715 infra
535 2671 709 2715 dicetur
737 2670 794 2728 (q.
815 2683 879 2728 77.
905 2676 985 2713 art.
1010 2684 1045 2728 3.
1070 2676 1108 2713 et
1132 2671 1212 2726 4.),
1238 2668 1465 2713 sufficiunt
1491 2670 1547 2713 ad
1573 2670 1964 2729 significationem
1982 2670 2124 2759 hujus
2142 2684 2288 2719 sacrsa—
2339 2666 2346 2731 J

306 2738 476 2794 menti,
501 2752 611 2782 nam
637 2752 717 2797 per
743 2736 996 2781 accidentia
1023 2736 1318 2794 cognoscitur
1344 2737 1460 2781 ratio
1486 2737 1777 2782 substantiae.
2337 2747 2345 2756 ’“

1017 2898 1450 2959 ARTICULUS
1486 2899 1587 2956 111
1886 2892 1898 2969 '.
1946 2884 1952 2897 ¹
2166 2890 2282 2979 2442
2324 2937 2351 2979 ς-

322 3037 568 3079 UTRUM
609 3034 1062 3076 sunsTANT1A
1119 3033 1354 3086 PANIS,
1405 3035 1536 3074 VEL
1576 3033 1727 3076 v1N1
1757 3016 2282 3104 Auututtnssnk

657 3119 798 3159 Pos'r
833 3117 1338 3158 CONSECRATIONEM
1373 3117 1537 3172 HUJus
1582 3098 1958 3164 silenum-‘rr‘
2171 3157 2174 3161 ⁴
2348 3101 2352 3114 2

499 3232 563 3291 (4.
581 3232 690 3276 Dist.
712 3245 769 3275 Η.
788 3244 825 3289 q.
844 3242 878 3274 1.
902 3234 983 3273 art.
1002 3241 1040 3272 2.
1059 3226 1183 3271 etlib.
1199 3241 1239 3285 4.
1263 3226 1409 3272 Contr.
1427 3241 1463 3285 g
1483 3235 1575 3288 cap
1595 3227 1658 3288 63
1676 3223 1890 3285 &Quodn
1896 3236 1939 3305 5,..
1948 3228 2037 3274 m
2055 3239 2095 3274 Γ

718 3304 756 3342 et
783 3295 935 3354 Quodl.
964 3309 1003 3355 9.
1032 3300 1111 3339 art.
1136 3308 1170 3353 5.
1203 3294 1312 3354 ad3.
1341 3301 1432 3339 etr.
1465 3294 1563 3339 Cor.
1591 3310 1647 3340 H.
1677 3294 1762 3340 lect.
1783 3294 1890 3356 5.)
2195 3309 2198 3313 ’

406 3411 484 3456 AD
510 3423 728 3455 Tannum
759 3408 823 3453 sic
857 3405 1132 3466 proceditur.
1158 3405 1362 3460 Videtur,
1390 3406 1512 3483 quo-d
1545 3407 1793 3452 substantia
1823 3406 1975 3467 parus„
1985 3411 2097 3467 post
2119 3420 2278 3453 const!-

316 3479 569 3523 crationem
596 3478 731 3535 hujus
757 3474 1031 3520 sacramenti
1057 3472 1345 3527 annihiletur,
1373 3484 1451 3518 aut
1475 3474 1521 3517 in
1548 3474 1783 3534 pristinam
1816 3473 2057 3521 mareiam
2080 3472 2278 3520 resolva-
2322 3527 2323 3530 Ἰ

315 3556 410 3592 tur:
439 3545 563 3605 quod
605 3545 728 3589 enim
760 3553 828 3588 est
869 3540 1038 3602 aliquid
1077 3539 1330 3599 corporale,
1357 3551 1542 3600 oportet
1578 3540 1742 3586 alicubi
1768 3552 1895 3587 esset
1902 3541 2011 3587 sed}
2026 3540 2275 3589 sabotam
2318 3584 2337 3607 x

316 3614 459 3675 panis,
477 3626 594 3674 quae
619 3621 687 3657 est
713 3610 931 3672 quiddam
955 3606 1209 3668 corporale,
1226 3621 1319 3653 non
1342 3618 1498 3658 manet
1522 3608 1569 3653 in
1586 3608 1678 3653 hnc
1699 3615 2090 3664 sacramentoffiut
2094 3607 2273 3658 dietum
