2352 3926
575 218 852 264 QUAESTIO
892 218 1062 256 XXVII.
1104 217 1410 257 ARTICULUS
1455 217 1510 255 11.
1917 214 2020 269 235

13 318 470 377 sancuficatxonem
487 319 780 373 tabernaculi,
808 320 862 364 de
889 334 978 379 qua
1005 321 1167 364 dicitur
1193 322 1238 364 in
1264 318 1383 364 Psal.
1410 332 1505 376 45.:
1525 318 1813 376 Sanctificavit
1837 317 2027 362 taberna

27 379 199 457 &catium
214 403 334 434 suum
352 387 604 442 Altissimus,
630 387 808 431 videtur
834 386 1078 444 significari
1106 386 1404 431 sanctificatio
1431 387 1588 430 Matris
1614 385 1716 439 Dei,
1743 397 1858 444 quae
1884 383 2028 428 taber-

24 453 276 509 ’ζ”ιιαςιιΙιιιῐι
302 454 387 499 Dei
413 454 574 498 dicitur
595 453 846 498 secundum
868 452 979 497 illud
997 453 1181 497 Ps.18.:
1209 453 1259 497 In
1275 453 1355 497 sole
1375 455 1517 513 posuit
1543 451 1857 497 tabernaculum
1875 465 2025 495 suum:

14 521 116 577 sgg‘de
100 517 435 569 tabernaculo
463 531 616 565 autem
642 520 804 565 dicitur
820 519 963 564 Exod.
981 519 1085 564 ult.:
1110 521 1335 578 Postquam
1353 527 1503 565 cuncta
1521 519 1709 579 perfecta
1733 524 1843 572 sunt,
1866 518 2030 576 ope-ruit

29 587 185 645 j‘nubes
223 587 559 633 Tabernaculum
591 589 828 641 testimonii,
871 593 908 632 et
937 587 1075 664 glom‘a
1118 588 1298 630 Domini
1340 588 1529 647 implevit
1571 586 1700 638 illud,·
1744 599 1855 644 ergo
1889 586 2026 630 etiam

10 655 11 658 ’
54 640 200 701 ficata
225 654 369 714 Virgo
396 668 490 700 non
515 653 599 699 fuit
624 653 917 708 sanctificata,
944 655 1030 698 nisi
1055 664 1300 713 postquam
1334 664 1498 698 cuncta
1540 655 1637 713 ejus
1678 652 1878 712 perfecta
1907 661 2027 706 sunt,

23 708 234 775 ιεοὶΙίεει
259 731 304 766 et
329 735 510 781 corpus,
537 731 582 765 et
607 721 776 765 anima.

14 798 34 836 ss
88 788 89 792 ’
147 787 436 834 RESPONDEO
464 788 723 843 dicendum,
752 788 874 848 quod
901 787 1200 832 sanctificatio
1229 788 1396 832 Beatae
1422 787 1627 847 Virginis
1651 802 1746 832 non
1779 795 1927 847 potest
1959 787 2027 830 in-

18 846 37 901 s
57 853 203 914 telligi
229 865 332 900 ante
360 857 456 913 ejus
483 855 827 909 animationem,
854 854 1022 914 duplici
1050 856 1245 899 ratione:
1272 857 1415 914 primo
1449 855 1648 914 quidem,
1687 856 1791 914 quia
1829 852 2026 899 sanctifi-

19 918 38 980 {3
57 921 194 976 catiO,
219 921 275 966 de
301 936 390 982 qua
415 921 628 981 loquitur,
654 937 748 967 non
781 933 848 967 est
873 923 961 966 nisi
983 922 1246 966 emundatio
1271 937 1296 967 a
1328 932 1519 981 peccato
1552 922 1789 981 originali3
1812 920 2025 966 sanctitas

23 987 181 1036 'neuim
209 999 277 1034 est
301 988 500 1048 perfecta
519 989 756 1044 munditia,
774 999 824 1033 ut
843 989 1037 1049 Dionys.
1067 989 1174 1034 dicit
1193 990 1238 1032 in
1264 1002 1327 1033 12.
1357 1004 1453 1048 cap.
1478 989 1533 1033 de
1559 989 1663 1033 Div.
1690 990 1828 1032 Nom.
1854 988 2025 1048 (parum

57 1068 87 1102 a
94 1057 257 1117 princ.)
270 1071 288 1108 ;
307 1055 440 1115 culpa
462 1067 618 1100 autem
642 1070 736 1100 non
762 1066 912 1116 potest
938 1056 1174 1101 emundari
1196 1057 1284 1101 nisi
1304 1071 1384 1116 per
1401 1057 1609 1115 gratiam,
1628 1057 1754 1114 cujus
1772 1056 2024 1113 subjectum

23 1130 128 1169 at
152 1122 251 1181 sola
278 1133 483 1168 creatura
509 1123 765 1168 rationalis:
794 1134 840 1168 et
860 1124 965 1168 ideo
994 1134 1096 1167 ante
1124 1122 1403 1168 infusionem
1431 1124 1609 1167 animae
1636 1122 1869 1167 rationalis
1887 1122 2026 1165 Beata

24 1186 204 1250 §Virgo
231 1189 511 1235 sanctificata
536 1183 631 1234 non
656 1189 759 1235 fuit:
801 1191 989 1245 secundo,
1032 1191 1138 1250 quia
1179 1205 1286 1235 curn
1322 1190 1421 1234 sola
1463 1200 1668 1234 creatura
1706 1188 1939 1234 rationalis
1972 1189 2027 1232 sit

35 1257 313 1316 ..jeusceptiva
350 1257 526 1316 culpae,
569 1267 672 1302 ante
708 1257 987 1302 infusionem
1021 1258 1201 1302 animae
1234 1257 1468 1302 rationalis
1494 1257 1646 1317 proles
1679 1266 1900 1316 concepta
1932 1269 2027 1299 non

159 1323 319 1384 culpae
352 1324 575 1380 obnoxia3
608 1335 652 1368 et
680 1325 721 1369 'si
747 1339 1038 1384 quocumque
1064 1325 1206 1369 modo
1235 1335 1337 1368 ante
1366 1325 1696 1369 animationem
1720 1325 1861 1368 Beata
1882 1323 2026 1381 Virgo

18 1382 338 1446 ξιξεαιισιίίὶεειιε
369 1390 540 1446 fuisset,
571 1406 807 1451 nunquam
841 1393 1103 1436 incurrisset
1134 1392 1365 1436 maculam
1407 1391 1640 1451 originalis
1682 1390 1858 1450 culpae,
1891 1401 1935 1434 et
1966 1390 2028 1433 ita

39 1463 150 1503 ''non
185 1458 450 1518 indiguisset
474 1459 801 1518 redemptione,
824 1470 868 1504 et
893 1458 1052 1513 salute,
1080 1474 1194 1518 quae
1210 1469 1276 1504 est
1292 1474 1370 1518 per
1389 1459 1640 1514 Christum,
1663 1459 1720 1503 de
1745 1473 1836 1518 quo
1864 1457 2027 1502 dicitur
2099 1496 2101 1499 Α

53 1523 216 1570 Matth.
248 1539 309 1572 1.:
331 1525 418 1586 Ipse
448 1526 612 1571 salvum
635 1527 768 1585 faciet
786 1527 989 1586 populum
1027 1542 1149 1571 suum
1176 1541 1202 1571 a
1222 1529 1406 1587 peccatis
1444 1541 1618 1571 eorum:
1645 1527 1736 1570 hoc
1780 1536 1934 1570 autem
1959 1525 2028 1569 in-

26 1601 31 1604 “
56 1591 333 1638 conveniens
362 1603 443 1647 est,
465 1593 588 1653 quod
602 1593 812 1638 Christus
838 1608 932 1638 non
958 1594 1015 1638 sit
1037 1592 1251 1638 Salvator
1278 1594 1487 1638 omnium
1514 1594 1774 1648 hominum,
1790 1603 1839 1637 ut
1864 1592 2028 1637 dicitur

23 1660 35 1683 ³
59 1672 97 1704 1.
124 1659 180 1704 ad
207 1657 330 1704 Tim.
355 1672 414 1716 4.;
437 1659 556 1705 unde
578 1660 858 1720 relinquitur,
885 1661 1007 1720 quod
1025 1660 1323 1706 sanctificatio
1347 1662 1397 1705 B.
1422 1661 1617 1720 Virginis
1642 1660 1777 1706 fuerit
1802 1670 1907 1720 post
1925 1662 2024 1720 ejus

32 1731 34 1751 ³
58 1725 404 1772 animationem.

145 1793 222 1838 AD
247 1806 437 1839 PR1MUM
463 1808 573 1853 ergo
607 1793 867 1850 dicendum,
906 1795 1028 1854 quod
1063 1796 1293 1840 Dominus
1327 1796 1449 1850 dicit,
1482 1806 1585 1840 ante
1620 1794 1948 1847 formationem
1979 1795 2027 1839 in

31 1855 188 1908 {utero
213 1874 261 1905 se
294 1860 577 1906 Hieremiam
609 1862 806 1916 novisse,
838 1863 999 1907 notitia
1030 1862 1206 1908 scilicet
1241 1863 1691 1922 praedestinationis;
1724 1862 1802 1907 sed
1835 1861 2028 1907 sanctifi-

37 1940 186 1974 casse
203 1927 313 1973 dicit
333 1943 441 1973 eum
466 1943 561 1973 non
580 1942 684 1974 ante
710 1927 1051 1984 formationem,
1078 1931 1156 1974 sed
1181 1940 1425 1989 antequam
1453 1931 1592 1974 exiret
1615 1930 1669 1974 de
1696 1941 1875 1974 ventre:
1903 1927 2025 1989 quod

52 1998 211 2041 ⁸utem
237 1994 509 2040 Ambrosius
535 1995 656 2052 dicit,
683 1996 806 2056 quod
825 1996 992 2055 Joanni
1019 1997 1249 2056 Baptistae
1290 1997 1497 2041 nondum
1524 1997 1669 2040 inerat
1694 1997 1875 2055 spiritus
1907 1996 2027 2040 vitae

33 2074 165 2119 sum
187 2063 282 2122 jam
312 2063 509 2107 habebat
548 2063 757 2122 spiritum
784 2064 971 2123 gratiae,
996 2078 1092 2108 non
1133 2074 1202 2125 est
1229 2063 1593 2123 intelligendum,
1626 2064 1879 2109 secundum
1903 2063 2027 2123 quod
2094 2099 2098 2101 .

41 2138 125 2208 ξι·
91 2127 239 2175 ·iritus
277 2130 398 2175 vitae
440 2130 604 2175 dicitur
631 2145 708 2175 aer
734 2132 929 2176 exterius
954 2130 1228 2192 respiratus.
1255 2131 1330 2176 vel
1366 2142 1517 2191 potest
1542 2132 1645 2186 dici,
1673 2131 1795 2190 quod
1820 2131 2028 2175 nondum
2066 2124 2070 2128 ’

36 2179 76 2226 3
87 2194 203 2241 erat
234 2195 278 2240 ei
307 2196 487 2257 spiritus
527 2197 661 2249 vitae,
688 2198 806 2243 idest
838 2199 1006 2254 anima,
1032 2210 1254 2259 quantum
1291 2199 1347 2244 ad
1387 2198 1665 2253 manifestas,
1693 2209 1737 2243 et
1774 2198 2028 2258 completas

32 2262 350 2331 operationes
372 2264 525 2325 ipsius.

145 2329 222 2377 An
263 2344 524 2378 SECUNDUM
557 2331 816 2387 dicendum,
848 2333 971 2392 quod
1011 2333 1050 2378 si
1085 2348 1320 2393 nunquam
1362 2334 1515 2378 anima
1548 2334 1597 2377 B.
1631 2333 1834 2392 Virginis
1869 2332 2028 2378 fuisset

73 2398 272 2457 ntagio
299 2398 532 2458 originalis
563 2399 741 2458 peccati
771 2400 1019 2476 inquinata,
1045 2401 1136 2445 hoc
1164 2401 1406 2459 derogaret
1428 2401 1635 2460 dignitati
1659 2400 1844 2454 Christi,
1871 2415 2028 2445 secun-

39 2464 70 2476 ”
172 2478 335 2524 quam
358 2475 426 2511 est
451 2466 716 2511 universalis
743 2467 953 2510 omnium
980 2467 1214 2512 Salvator.
1243 2478 1286 2512 et
1311 2468 1416 2512 ideo
1436 2468 1515 2512 sub
1532 2467 1733 2522 Christo,
1762 2468 1839 2527 qui
1864 2468 2029 2512 salvari

101 2530 378 2592 indiguit,
400 2542 638 2592 tamquam
664 2533 932 2578 universalis
962 2533 1194 2591 Salvator,
1185 2535 1408 2579 maxima
1434 2534 1518 2579 fuit
1535 2536 1587 2581 Β.
1605 2535 1807 2611 Virginis
1833 2535 2025 2595 puritas:

146 2597 401 2644 ·Christus
425 2599 553 2644 nullo
581 2599 722 2644 modo
749 2603 974 2645 contraxit
1001 2570 1224 2661 originale
1241 2612 1499 2661 peccatum,
1526 2603 1643 2647 sed
1632 2617 1679 2646 m
1701 2603 1800 2661 ipsa
1825 2602 1897 2647 sui
1922 2617 2028 2647 con·

111 2664 269 2710 ἰἱοιιε
303 2664 388 2711 fuit
427 2677 626 2722 sanctus,
653 2668 908 2713 secundum
933 2667 1043 2713 illud
1071 2669 1182 2713 Luc.
1216 2683 1250 2713 1.
1271 2670 1436 2727 :Quod
1461 2685 1510 2714 ex
1537 2676 1572 2714 te
1597 2676 1788 2715 nascetur
1817 2666 2037 2725 sanctum,

88 2714 280 2778 ffabitur
303 2734 440 2779 Filius
469 2735 580 2788 Dei;
604 2735 682 2779 sed
710 2735 760 2779 Β.
786 2735 932 2794 Virgo
961 2739 1185 2781 contraxit
1210 2705 1395 2796 quidem
1417 2737 1638 2797 originale
1665 2748 1922 2797 peccatum,
1946 2737 2026 2783 sed

47 2778 115 2835 ξι
143 2800 200 2844 'eo
224 2798 307 2844 fuit
332 2801 564 2858 mundata,
592 2813 836 2879 antequam
856 2818 908 2847 ex
935 2813 1064 2848 utero
1082 2814 1366 2850 nasceretur:
1395 2814 1440 2849 et
1455 2805 1545 2849 hoc
1573 2805 1776 2864 signatur
1788 2806 1873 2862 Job
1894 2819 1931 2863 3
1949 2805 2027 2850 ubi

54 2874 119 2913 ,he
138 2877 274 2922 nocte
291 2868 525 2927 originalis
549 2870 723 2929 peccati
741 2870 925 2915 dicitur:
946 2872 1140 2931 Expectat
1158 2872 1304 2926 lucem,
1328 2872 1443 2916 idest
1463 2871 1714 2927 Christum,
1733 2879 1769 2917 et
1786 2887 1869 2917 non
1885 2873 2027 2917 videat

46 2939 190 3005 qma
214 2934 320 2979 nihil
340 2936 605 2994 inquinatum
630 2938 813 2981 incurrit
839 2939 883 2982 in
908 2938 1043 2992 illam,
1062 2949 1111 2983 ut
1136 2939 1299 2983 dicitur
1327 2939 1432 2997 Sap.
1461 2941 1522 2997 7.)
1560 2955 1634 2984 nec
1662 2946 1802 2985 ortum
1826 2941 2027 2998 surgentis

30 3060 33 3061 ⁷
60 3052 73 3065 .
74 3005 257 3066 ygrorae,
284 3001 398 3047 idest
424 3002 473 3046 B.
492 3002 708 3062 Virginis,
727 3018 843 3063 quae
870 3005 916 3048 in
943 3019 1026 3049 suo
1051 3015 1152 3050 ortu
1180 3021 1205 3049 a
1231 3017 1421 3065 peccato
1442 3006 1652 3065 originali
1683 3006 1802 3050 fuit·
1791 3006 2022 3050 immunis.

150 3065 228 3126 AD
246 3079 461 3115 TERTIUM
481 3069 740 3125 dicendum,
759 3070 1006 3130 quodlicet
1023 3072 1233 3117 Romana
1253 3073 1458 3118 Ecclesia
1477 3073 1846 3131 Conceptionem
1867 3073 1914 3115 B.
1930 3072 2028 3116 Vir-

77 3140 131 3178 ιι·
159 3146 180 3177 3
203 3147 297 3179 non
317 3135 534 3191 celebret3
550 3136 716 3182 tolerat
740 3147 895 3181 tamen
923 3141 1303 3183 consuetudinem
1318 3140 1572 3199 aliquarum
1590 3140 1898 3184 Ecclesiarum
1915 3139 2025 3183 illud

75 3208 228 3265 „tum
254 3199 600 3248 celebrantium:
635 3204 754 3248 unde
779 3204 882 3248 talis
910 3205 1145 3250 celebritas
1171 3221 1264 3250 non
1292 3217 1359 3251 est
1379 3207 1579 3251 totaliter
1601 3206 1911 3266 reprobanda:
1939 3220 2025 3250 nec

140 3280 219 3311 uen
244 3281 323 3327 per
348 3269 437 3314 hoc
465 3271 587 3330 quod
613 3270 779 3315 festum
808 3270 1139 3331 Conceptionis
1163 3274 1430 3328 celebratur,
1458 3274 1588 3317 datur
1613 3272 1819 3330 intelligi,
1837 3272 1988 3348 quod
1978 3287 2023 3316 ιιι

170 3336 470 3394 conceptione
495 3336 629 3382 fuerit
655 3347 840 3391 sancta;
867 3339 945 3383 sed
964 3341 1068 3398 quia
1086 3355 1177 3399 quo
1196 3351 1403 3399 tempore
1422 3340 1702 3385 sanctificata
1724 3339 1870 3392 fuerit,
1896 3339 2025 3397 igno-

187 3433 200 3455 ,
217 3400 466 3448 celebratur
484 3402 651 3449 festum
678 3373 1062 3451 Sanctificationis
1082 3409 1178 3467 ejus
1194 3409 1363 3466 potius,
1382 3422 1518 3466 quam
1538 3406 1901 3465 Conceptionis'
1890 3420 1936 3449 ιιι
1950 3406 2022 3451 die

37 3464 114 3530 ³:31⁴·
116 3466 379 3527 nceptionis
410 3469 564 3529 ipsius.

30 3526 105 3585 ἕ
154 3531 231 3579 AD
256 3547 493 3587 QUARTUM
519 3537 778 3593 dicendum,
797 3539 920 3598 quod
936 3539 1088 3600 duplex
1114 3551 1182 3585 est
1206 3539 1537 3594 sanctificati03
1562 3554 1648 3583 una
1675 3540 1857 3598 quidem
1885 3540 2023 3585 totius

30 3587 274 3666 intutae,
302 3600 571 3662 inquantum
593 3603 766 3650 scilicet
781 3615 877 3651 tota
894 3616 1054 3651 natura
1078 3607 1281 3652 humana
1308 3607 1362 3651 ab
1382 3606 1510 3651 omni
1531 3606 1821 3666 corruptione
1847 3606 2024 3667 culpae,
