2352 3926
268 228 379 283 474
819 225 1098 271 QUAEsrro
1139 224 1247 263 Lvr.
1288 204 1596 264 ART1cuLus
1635 224 1672 263 1.

267 331 469 374 hominis
497 340 577 384 est,
600 330 739 373 virtus
763 328 970 372 effectiva
991 329 1336 372 resurrectionis
1363 329 1459 386 ejus
1485 342 1534 372 se
1561 327 1758 372 extendit
1780 341 1875 372 non
1901 326 2053 373 solum
2079 327 2137 372 ad
2155 327 2236 372 bo-

267 412 367 451 nos,
395 398 471 442 sed
501 400 636 441 etiam
665 397 718 439 ad
747 396 909 449 malos,
938 397 1015 454 qui
1050 406 1155 440 sunt
1187 397 1282 454 ejus
1309 395 1477 454 judicio
1514 395 1717 453 subjecti.
1753 395 1880 440 Sicut
1913 406 2067 440 autem
2092 409 2236 440 resur-

267 465 410 508 rectio
438 464 641 522 corporis
669 463 855 517 Christi,
883 477 936 506 ex
964 477 1018 506 eo
1047 463 1169 521 quod
1197 477 1362 521 corpus
1393 462 1505 506 illud
1538 473 1605 506 est
1636 462 1933 521 personaliter
1957 462 2111 506 Verbo
2130 461 2233 520 uni-

266 542 379 584 turn,
398 542 464 574 est
482 532 627 589 prima
652 540 884 589 tempore3
912 531 974 574 ita
1001 531 1139 573 etiam
1166 540 1233 574 est
1258 530 1405 588 prima
1431 530 1663 588 dignitate,
1683 539 1728 573 et
1747 528 2040 588 perfectione,
2061 540 2113 574 ut
2127 529 2235 574 dicit

270 598 436 642 Glossa
468 612 502 641 1.
532 598 586 641 ad
616 598 723 642 Cor.
757 612 822 655 15.
853 598 1008 655 (interl.
1033 606 1121 658 sup.
1149 599 1280 643 illud:
1310 600 1531 643 Primitiae
1551 599 1779 656 Christus);
1807 612 1988 658 semper
2010 608 2164 643 autem
2187 598 2235 642 id

269 665 391 723 quod
418 675 485 709 est
511 664 910 724 perfectissimum,
929 676 997 710 est
1022 665 1254 724 exemplar
1277 667 1386 724 ejus,
1404 666 1527 725 quod
1551 676 1619 710 est
1639 666 1789 710 minus
1810 664 2062 725 perfectum
2078 678 2234 710 secun·

268 732 376 774 dum
404 746 537 775 suurn
564 733 781 787 modum3
809 742 853 776 et
878 733 992 791 ideo]
1005 733 1275 776 resurrectio
1305 733 1474 777 Christi
1501 743 1568 777 est
1594 732 2028 792 causa‘exemplaris
2052 742 2236 777 nostrae

268 800 632 843 resurrectionis:
651 800 773 858 quod
801 800 986 858 quidem
1010 801 1320 845 necessarium
1349 811 1429 854 est,
1455 815 1548 844 non
1577 814 1629 844 ex
1656 811 1782 859 parte
1813 799 2136 854 resuscitantis,
2158 799 2236 859 qui

267 882 361 911 non
387 868 561 927 indiget
586 867 847 927 exemplari,
874 869 952 912 sed
979 876 1034 912 ex
1059 879 1186 927 parte
1217 870 1604 921 resuscitatorum,
1639 882 1753 927 quos
1786 877 1973 927 oportet.
1995 867 2064 911 illi
2094 880 2237 911 resur-

267 935 460 979 rectioni
487 934 780 990 conformari,
811 937 1062 979 secundum
1096 935 1207 979 illud
1233 935 1396 994 Philip.
1429 950 1490 993 3.:
1520 937 1782 993 Reformabit
1805 943 1955 995 corpus
1988 934 2238 979 humilitatis

266 1009 428 1047 nostrae
455 1003 760 1061 configuratum
787 1005 955 1062 corpori
971 1004 1175 1047 claritatis
1188 1017 1283 1047 suae
1294 1018 1310 1055 ;
1329 1002 1437 1046 licet
1459 995 1611 1046 autem
1633 1002 1875 1046 efficientia
1891 1001 2236 1046 resurrectionis

271 1070 441 1114 Christi
466 1085 514 1114 se
542 1071 753 1115 extendat
778 1071 834 1114 ad
860 1071 1240 1115 resurrectionem
1266 1081 1360 1115 tam
1387 1071 1630 1124 bonorum,
1654 1085 1792 1129 quam
1814 1069 2069 1114 malorum:
2089 1081 2238 1113 exem-

267 1137 452 1196 plaritas
479 1149 634 1183 tamen
661 1140 756 1197 ejus
782 1154 831 1183 se
858 1140 1057 1183 extendit
1083 1139 1263 1197 proprie
1294 1138 1445 1183 solum
1484 1139 1538 1182 ad
1575 1139 1737 1192 bonos,
1765 1139 1842 1198 qui
1866 1148 1972 1182 sunt
1995 1137 2103 1182 facti
2130 1150 2237 1181 con-

265 1204 437 1250 formes
464 1206 694 1250 filiationis
720 1207 875 1265 ipsius,
902 1217 952 1250 ut
977 1206 1140 1250 dicitur
1165 1206 1301 1250 Rom.
1330 1207 1369 1250 8.

358 1274 434 1317 An
462 1286 699 1323 QUARTUM
729 1274 988 1328 dicendum,
1015 1274 1136 1332 quod
1164 1273 1417 1317 secundum
1449 1273 1673 1316 rationem
1708 1271 1993 1326 efficientiae,
2025 1279 2141 1332 quae
2159 1275 2237 1319 de-

266 1341 432 1402 pendet
459 1356 512 1384 ex
538 1341 702 1384 virtute
729 1341 894 1394 divina,
923 1341 1231 1384 communiter
1256 1351 1350 1384 tam
1384 1355 1508 1384 mors
1537 1340 1723 1394 Christi,
1758 1354 1897 1398 quarn
1929 1340 2068 1384 etiam
2094 1353 2238 1385 resur-

265 1409 423 1462 rectio,
451 1419 518 1452 est
545 1422 682 1451 causa
707 1418 803 1451 tam
837 1408 1156 1451 destructionis
1189 1408 1363 1459 mortis,
1397 1421 1536 1465 quam
1568 1407 1865 1465 reparationis
1891 1402 2141 1452 vitaret-sed
2169 1421 2237 1453 se·

266 1476 467 1520 cundum
485 1476 710 1518 rationem
729 1475 1082 1533 exemplaritatis
1101 1489 1224 1517 mors
1240 1474 1422 1527 Christi,
1436 1488 1516 1532 per
1534 1487 1672 1532 quam
1689 1474 2018 1518 recessitavita
2034 1474 2235 1530 mortali,

265 1553 333 1587 est
358 1556 496 1586 causa
530 1542 848 1586 destructionis
881 1542 1041 1585 mortis
1074 1552 1282 1595 nostrae,
1308 1541 1581 1584 resurrectio
1608 1554 1718 1585 vero
1751 1541 1861 1599 ejus,
1893 1555 1973 1600 per
2005 1555 2143 1600 quarn
2174 1542 2239 1586 in-'

267 1610 452 1654 choavit
476 1610 618 1653 vitam
636 1608 964 1662 immortalem,
983 1619 1050 1652 est
1069 1623 1205 1652 causa
1222 1608 1523 1667 reparationis
1542 1608 1661 1652 vitae
1683 1619 1891 1654 nostrae:
1909 1609 2062 1668 passio
2079 1618 2236 1655 tamen

267 1677 438 1721 Christi
465 1686 532 1720 est
556 1677 741 1735 insuper
763 1690 901 1719 causa
925 1676 1176 1730 meritoria,
1202 1684 1251 1719 ut
1276 1690 1412 1734 supra
1438 1676 1609 1719 dictum
1638 1685 1706 1720 est
1729 1675 1786 1735 (q.
1812 1677 1884 1733 48.
1912 1682 1992 1721 art.
2019 1678 2092 1736 1.).

985 1824 1420 1882 ARTICULUS
1469 1825 1539 1880 Π.
2153 1853 2236 1900 309

268 1948 461 1987 UTRUM
483 1947 861 1987 RESURRECTIO
886 1947 1105 2004 CHRISTt
1127 1947 1212 1985 SIT
1235 1947 1412 1986 CAUSA
1437 1947 1904 1987 RESURRECTIONIS
1926 1946 2233 1987 ANIMARUM.

935 2042 1077 2099 (Locis
1101 2050 1189 2102 sup.
1217 2048 1298 2087 art.
1322 2058 1357 2086 r.
1383 2042 1570 2100 notatis).

355 2146 432 2190 AD
465 2159 727 2190 SECUNDUM
761 2147 824 2190 sic
857 2146 1129 2205 proceditur.
1159 2145 1363 2199 Videtur,
1397 2146 1518 2204 quod
1551 2144 1822 2200 resurrectio
1852 2144 2022 2189 Christi
2052 2158 2148 2190 non
2179 2144 2239 2190 sit

267 2227 404 2256 causa
429 2215 770 2257 resurrectionis
807 2214 1090 2257 animarum:
1128 2213 1237 2257 dicit
1276 2215 1399 2257 enim
1427 2213 1620 2270 August.
1657 2226 1791 2272 super
1824 2212 1956 2270 Joan.
1995 2212 2140 2270 (traca
2174 2226 2236 2271 23.

266 2287 361 2325 ante
393 2280 518 2335 med.)
544 2280 666 2339 quod
697 2296 720 2321 <c
749 2295 943 2339 corpora
964 2291 1206 2338 resurgunt
1231 2295 1312 2339 per
1340 2280 1727 2338 dispensationem
1752 2279 2019 2334 humanam,
2039 2279 2119 2323 sed
2145 2279 2236 2323 ani-

266 2361 370 2390 mae
403 2358 643 2405 resurgunt
674 2361 754 2406 per
785 2347 1084 2391 substantiam
1112 2348 1200 2391 Dei
1226 2364 1277 2391 »z
1299 2347 1382 2409 ‚sed
1416 2347 1685 2390 resurrectio
1713 2347 1885 2392 Christi
1916 2361 2012 2391 non
2042 2346 2239 2405 pertinet

267 2415 322 2458 ad
335 2414 633 2458 substantiam
647 2414 748 2468 Dei,
761 2415 840 2459 sed
861 2415 916 2458 ad
935 2415 1323 2472 dispensationem
1340 2415 1614 2469 humanam3
1633 2428 1744 2472 ergo
1762 2414 2033 2458 resurrectio
2048 2413 2236 2468 Christi,

268 2481 350 2524 etsi
376 2481 433 2524 sit
466 2495 603 2525 causa
628 2482 972 2526 resurrectionis
1001 2497 1261 2541 corporum,
1293 2496 1388 2526 non
1420 2492 1576 2526 tamen
1603 2477 1778 2525 videtur
1804 2495 1902 2526 esse
1929 2494 2067 2526 causa
2093 2494 2237 2526 resur-

268 2558 483 2592 rectionis
511 2563 781 2593 animarum.

358 2628 398 2659 2.
432 2615 731 2660 PRAETEREA.
761 2616 941 2674 Corpus
967 2630 1061 2660 non
1089 2616 1184 2674 agit
1208 2617 1255 2659 in
1283 2616 1513 2675 spiritum:
1542 2615 1621 2660 sed
1647 2615 1917 2659 resurrectio
1945 2614 2117 2660 Christi
2140 2629 2239 2675 per-

266 2682 380 2726 tinet
406 2682 460 2726 ad
489 2697 654 2741 corpus
681 2685 794 2741 ejus,
822 2683 943 2741 quod
972 2684 1135 2727 cecidit
1161 2698 1239 2742 per
1265 2694 1487 2727 mortem:
1516 2697 1625 2742 ergo
1652 2683 1923 2728 resurrectio
1950 2682 2122 2728 Christi
2141 2696 2236 2728 non

268 2759 336 2795 est
361 2763 497 2794 causa
523 2750 866 2794 resurrectionis
894 2751 1164 2795 animarum.
1932 2803 1939 2810 ,y

339 2848 342 2851 Δ
361 2831 398 2874 3.
425 2817 722 2862 PRAETEREA.
745 2817 868 2869 Quia
891 2820 1159 2862 resurrectio
1181 2819 1350 2865 Christi
1369 2829 1437 2863 est
1459 2833 1595 2863 causa
1613 2811 1957 2864 resurrectionis
1974 2832 2236 2878 corporum,

268 2884 477 2929 omnium
506 2899 698 2943 corpora
724 2895 975 2943 resurgent,
1002 2887 1253 2930 secundum
1281 2886 1391 2930 illud
1421 2901 1456 2931 1.
1477 2887 1531 2929 ad
1561 2886 1669 2930 Cor.
1703 2899 1792 2941 15.:
1820 2887 1973 2931 Omnes
1992 2886 2238 2945 quidemn-

266 2967 502 3010 surgemus:
530 2952 608 2997 sed
636 2966 729 2996 non
757 2954 967 2996 omnium
1001 2954 1183 2997 animae
1210 2964 1472 3011 resurgent3
1510 2954 1615 3012 quia
1648 2954 1833 3012 quidam
1859 2955 1980 2999 ibunt
2010 2954 2057 2998 in
2085 2953 2238 3015 suppli-

266 3022 377 3064 cium
398 3026 626 3074 aeternum,
651 3030 699 3063 ut
721 3020 883 3063 dicitur
901 3020 1062 3063 Matth.
1082 3033 1175 3077 25.:
1198 3035 1307 3078 ergo
1330 3021 1602 3065 resurrectio
1622 3021 1791 3066 Christi
1809 3034 1903 3065 non
1920 3030 1989 3065 est
2005 3034 2143 3066 causa
2162 3034 2234 3066 re-

269 3087 560 3134 surrectionis
588 3087 858 3130 animarum.
2186 3123 2188 3125 ,

356 3167 398 3209 4.
426 3155 725 3199 PRAETEREA.
754 3154 1042 3198 Resurrectio
1078 3154 1335 3198 animarum
1368 3154 1416 3199 fit
1447 3170 1526 3214 per
1557 3155 1878 3200 remissionem
1910 3164 2228 3215 peccatorum:

268 3221 345 3265 sed
372 3221 462 3265 hoc
489 3221 661 3265 factum
689 3232 756 3266 est
782 3236 860 3280 per
888 3221 1060 3265 Christi
1086 3222 1362 3280 passionem,
1396 3223 1650 3266 secundum
1682 3222 1793 3267 illud
1826 3223 1975 3282 Apoc.
2013 3235 2075 3266 t.:
2108 3222 2241 3267 Lavit

267 3304 339 3332 nos
365 3305 390 3332 ιι
410 3291 589 3347 peccatis
614 3291 763 3333 nostris
789 3291 833 3333 in
858 3291 1056 3347 sanguine
1080 3304 1150 3333 suo
1164 3305 1179 3340 ;
1210 3303 1319 3346 ergo
1347 3290 1690 3334 resurrectionis
1717 3290 1976 3334 animarum
1998 3289 2145 3349 magis
2168 3299 2237 3334 est

269 3369 405 3399 causa
429 3355 602 3400 Christi
629 3356 797 3414 passio,
825 3370 962 3414 quam
990 3357 1086 3413 ejus
1113 3356 1397 3400 resurrectio.

360 3423 454 3467 SED
479 3436 673 3468 CONTRA
698 3433 778 3476 est,
806 3423 927 3481 quod
955 3423 1116 3481 Apost.
1145 3422 1252 3465 dicit
1278 3421 1412 3467 Rom.
1440 3436 1502 3477 4.:
1536 3425 1776 3469 Resurrexit
1790 3430 1964 3483 propter
1977 3422 2238 3482 iustificatio-

269 3504 360 3532 nem
386 3496 587 3544 nostram,
617 3505 732 3549 quae
759 3489 874 3534 nihil
901 3489 1021 3533 aliud
1049 3499 1129 3542 est,
1157 3503 1295 3547 quam
1322 3491 1592 3534 resurrectio
1612 3491 1892 3545 animarum;
1911 3499 1956 3535 et
1971 3502 2108 3549 super
2122 3487 2234 3533 illud

271 3558 342 3599 Ps.
372 3569 465 3616 29.:
493 3558 560 3602 Ad
585 3566 800 3617 vesperum
826 3558 1110 3602 demorabitur
1124 3557 1263 3615 fletus,
1283 3556 1390 3600 dicit
1411 3557 1564 3602 Gloss.
1593 3559 1715 3616 quod
1737 3557 2047 3602 «resurrectio
2064 3555 2235 3602 Christi

271 3634 337 3667 est
359 3638 496 3669 causa
517 3625 860 3671 resurrectionis
877 3635 1075 3678 nostrae,
1093 3634 1138 3668 et
1155 3624 1335 3667 animae
1353 3624 1398 3666 in
1418 3625 1655 3683 praesenti,
1677 3636 1722 3669 et
1739 3627 1944 3684 corporis
1959 3625 2007 3668 in
2023 3622 2174 3668 futuro
2191 3635 2238 3666 »ι
