2352 3926
267 185 375 253 640
750 194 1029 240 QUAESTIO
1070 193 1259 234 Lxxm.
1298 175 1608 234 Ani-mutus
1646 194 1725 234 111.

263 299 408 344 tentia
434 308 515 352 est,
541 297 646 356 quia
671 311 750 356 per
774 296 1053 354 baptismum
1078 295 1313 340 ordinatur
1336 295 1483 340 homo
1511 296 1567 340 ad
1598 295 1948 353 Eucharistiam‚
1969 307 2016 343 et
2038 297 2144 343 ideo
2164 310 2222 343 ex

264 367 355 410 hoc
381 366 481 424 ipso
509 364 629 422 quod
657 363 783 421 pueri
808 363 1103 420 baptizantur,
1122 362 1388 406 ordinantur
1403 377 1484 421 per
1505 362 1760 407 Ecclesiam
1787 362 2222 420 ad‘Eucharistiam;

264 443 309 477 et
333 433 449 476 sicut
476 446 528 474 ex
554 430 641 473 fide
669 428 901 472 Ecclesiae
930 428 1132 482 credunt,
1155 428 1219 472 sic
1247 443 1302 473 ex
1324 429 1575 473 intentione
1601 429 1836 474 Ecclesiae
1863 430 2134 476 desiderant
2137 428 2224 477 Eu·

265 498 540 550 charistiam,
569 506 613 540 et
638 510 718 553 per
745 509 1030 554 consequens
1052 495 1288 572 3recipiunt
1316 510 1414 540 rem
1440 497 1605 555 ipsius:
1631 497 1711 540 sed
1737 497 1794 541 ad
1828 497 2104 557 baptismum
2116 509 2224 543 non

263 565 526 608 ordinantur
557 576 636 621 per
668 561 789 606 aliud
830 562 1108 621 praecedens
1149 573 1503 617 sacramentum,
1536 572 1581 607 et
1610 563 1714 607 ideo
1749 573 1852 608 ante
1883 565 2224 624 susceptionem

264 631 476 689 baptismi
501 643 594 673 non
631 629 800 673 habent
825 628 953 688 pueri
978 628 1132 688 aliquo
1158 630 1300 673 modo
1326 629 1640 688 baptismum
1628 645 1675 674 m
1700 640 1827 685 voto,
1843 631 1922 675 sed
1947 630 2036 676 soli
2059 629 2223 676 adulti:

263 697 382 741 unde
409 710 507 740 rem
533 695 814 740 sacramenti
833 709 929 739 non
951 705 1143 754 possunt
1163 697 1397 755 percipere
1423 696 1521 741 sine
1547 696 1839 756 perceptione
1863 697 2160 753 sacramenti3
2181 706 2226 742 et

263 764 367 808 ideo
400 763 491 806 hoc
523 771 864 807 sacramentum
894 776 990 806 non
1021 763 1112 807 hoc
1146 763 1288 807 modo
1322 772 1391 807 est
1421 763 1476 807 de
1502 764 1770 808 necessitate
1795 763 1966 819 salutis,
1997 764 2117 809 sicut
2147 763 2227 838 ba·
2304 780 2305 783 ¹

266 832 472 890 ptismus.
2332 866 2333 869 ,

354 898 429 941 AD
462 910 651 942 PRIMUM
678 910 788 955 ergo
821 896 1079 953 dicendum,
1116 897 1254 957 quod,
1295 897 1412 942 sicut
1441 897 1588 956 Aug:
1611 897 1720 942 dicit
1743 896 1886 953 (tract.
1928 897 1995 943 26.
2036 898 2082 942 in
2100 897 2227 955 Joan.
2335 919 2352 981 ἒ

260 967 368 1010 inter
389 964 493 1009 med
511 971 547 1009 et
553 965 672 1024 fin),
704 978 934 1023 exponens
960 963 1072 1009 illud
1094 964 1284 1009 verbum
1311 965 1455 1022 Joan.:
1483 965 1590 1009 hunc
1615 966 1767 1018 cibum,
1800 971 1837 1010 et
1854 971 2002 1024 potum
2031 963 2230 1019 (scilicet

267 1032 428 1086 carnis,
456 1042 501 1076 et
527 1032 779 1091 sanguinis)
812 1032 1118 1076 «societatem
1143 1031 1241 1076 vult
1265 1031 1458 1090 intelligi
1484 1033 1703 1091 corporis,
1730 1042 1774 1077 et
1790 1032 2105 1078 membrorum
2129 1045 2230 1077 suo·

265 1114 381 1154 rum,
410 1099 532 1158 quod
559 1109 627 1143 est
650 1098 857 1143 Ecclesia
882 1099 930 1143 in
956 1099 1315 1157 praedestinatis,
1342 1108 1387 1143 et
1411 1099 1602 1153 vocatis,
1630 1109 1674 1143 et
1698 1099 1967 1158 justificatis,
1993 1109 2039 1143 et
2063 1097 2230 1158 glorifi-

266 1167 377 1210 catis
406 1167 588 1220 sanctis,
613 1176 657 1210 et
677 1165 883 1210 fidelibus
913 1168 1010 1225 ejus
1036 1181 1087 1221 »3
1115 1166 1250 1219 unde,
1267 1165 1384 1210 sicut
1407 1166 1504 1224 ipse
1521 1165 1630 1210 dicit
1649 1166 1697 1210 in
1723 1166 1851 1225 epist.
1865 1166 1921 1210 ad
1939 1165 2229 1210 Bonifacium

269 1233 330 1291 (id
357 1234 451 1290 hab.
478 1233 590 1278 Beda
614 1241 737 1292 super
767 1233 872 1277 illud
895 1248 931 1277 ι.
963 1234 1061 1277 Cor.
1088 1245 1185 1278 10..·
1221 1233 1346 1277 Calix
1372 1232 1678 1287 benedictionis,
1705 1240 1778 1278 etc.
1790 1248 1809 1291 ‚-
1831 1233 1926 1278 vide
1950 1240 2040 1292 cap.
2066 1247 2145 1292 131.
2162 1233 2231 1277 De

269 1302 504 1346 Consecrat.
528 1301 638 1344 Dist.
671 1301 751 1357 4.),
785 1316 807 1340 «
839 1298 953 1342 nulli
990 1309 1057 1343 est
1093 1299 1376 1358 aliquatenus
1415 1299 1755 1358 ambigendum,
1791 1309 1899 1343 tunc
1932 1312 2231 1358 unumquem-

268 1382 356 1426 que
382 1366 586 1411 fidelium
615 1367 835 1425 corporis,
862 1367 1186 1424 sanguinisque
1211 1366 1405 1409 Domini
1436 1366 1704 1425 participem
1729 1366 1842 1419 fieri,
1868 1365 2050 1425 quando
2085 1365 2134 1410 in
2157 1365 2232 1421 ba·

264 1434 476 1493 ptismate
504 1433 762 1477 membrum
782 1434 985 1492 corporis
1005 1433 1178 1477 Christi
1204 1432 1420 1488 efficitur;
1447 1447 1532 1477 nec
1562 1433 1750 1476 alienari
1773 1434 1825 1477 ab
1848 1432 1970 1478 illius
1994 1433 2139 1493 panis,
2162 1445 2233 1477 ca·

263 1500 454 1559 licisque
477 1501 725 1553 consortio,
745 1500 923 1544 etiamsi
949 1510 1194 1558 antequam
1220 1514 1388 1558 panem
1409 1499 1539 1543 illurn
1565 1501 1792 1554 comedat,
1815 1509 1860 1545 et
1881 1499 2075 1545 calicem
2094 1500 2232 1554 bibat,

266 1567 321 1611 de
347 1567 438 1611 hoc
465 1566 650 1610 saeculo
676 1567 723 1610 in
750 1567 920 1610 unitate
950 1569 1152 1625 corporis
1181 1566 1354 1611 Christi
1377 1568 1648 1611 constitutus
1676 1567 1889 1611 abscedat
1913 1583 1956 1614 n.

358 1635 435 1678 AD
464 1647 725 1678 SECUNDUM
752 1634 1010 1687 dicendum,
1038 1634 1160 1692 quod
1187 1634 1302 1677 haec
1331 1644 1396 1678 est
1422 1633 1673 1678 differentia
1698 1634 1816 1679 inter
1841 1633 2110 1679 alimentum
2137 1647 2233 1679 cor·
2308 1642 2315 1694 ᾗ

267 1700 439 1760 porale,
467 1711 510 1745 et
535 1700 782 1759 spirituale,
819 1701 943 1759 quod
976 1700 1246 1744 alimentum
1280 1701 1518 1760 corporale
1552 1701 1830 1745 convertitur
1859 1701 1907 1745 in
1934 1700 2232 1745 substantiam
2305 1710 2322 1754 j

267 1768 363 1824 ejus
390 1768 465 1826 qui
492 1767 708 1821 nutritur;
737 1777 780 1811 et
804 1767 910 1811 ideo
938 1781 1032 1811 non
1058 1777 1208 1826 potest
1233 1768 1411 1811 homini
1427 1767 1581 1812 valere
1608 1767 1663 1811 ad
1690 1768 1809 1812 vitae
1835 1767 2233 1813 conservationem
2306 1782 2321 1811 a

269 1834 539 1878 alimentum
567 1833 821 1893 corporale,
854 1834 942 1878 nisi
973 1833 1154 1878 realiter
1186 1843 1413 1878 sumatur:
1447 1835 1526 1879 sed
1559 1834 1830 1878 alimentum
1860 1833 2093 1894 spirituale
2125 1847 2234 1879 con·
2305 1827 2323 1830 „

267 1902 401 1946 vertit
432 1901 673 1945 hominem
705 1901 752 1944 in
790 1901 1008 1960 seipsum,
1045 1901 1298 1958 secundum
1339 1900 1451 1945 illud
1485 1901 1608 1960 quod
1640 1901 1834 1960 August.
1866 1901 1976 1946 dicit
2004 1901 2052 1945 in
2082 1899 2158 1946 lib.
2191 1913 2232 1958 7.

272 1967 483 2012 Confess.
514 1969 623 2027 (cap.
656 1983 721 2013 ιο.
756 1982 782 2012 a
812 1968 941 2025 med.)
969 1968 1091 2027 quod
1133 1967 1264 2026 quasi
1295 1968 1466 2012 audivit
1497 1982 1662 2012 vocem
1697 1967 1870 2013 Christi
1905 1968 2095 2012 dicentis
2125 1967 2233 2013 sibi:

271 2051 295 2076 «
316 2035 413 2079 Nec
436 2045 484 2079 tu
511 2049 586 2078 me
613 2035 809 2078 mutabis
836 2036 881 2078 in
907 2045 967 2089 te,
985 2035 1102 2079 sicut
1118 2035 1271 2078 cibum
1290 2035 1436 2079 carnis
1454 2044 1573 2088 tuae,
1592 2034 1672 2079 sed
1688 2045 1736 2079 tu
1755 2035 1999 2080 mutaberis
2019 2035 2068 2079 in
2088 2047 2165 2079 me
2181 2039 2233 2078 »ι
2311 2082 2317 2094 .-

269 2111 420 2160 potest
442 2112 593 2145 autem
622 2101 811 2160 aliquis
799 2116 846 2144 m
866 2101 1103 2146 Christum
1121 2102 1301 2155 mutari,
1320 2111 1364 2146 et
1390 2102 1432 2145 ei
1452 2102 1738 2161 incorporari
1762 2112 1873 2147 voto
1899 2101 2080 2157 mentis,
2092 2102 2235 2146 >etiam
2300 2096 2314 2161 [ἓ

269 2169 365 2212 sine
391 2168 532 2226 hujus
553 2170 824 2212 sacramenti
851 2169 1167 2227 perceptione:
1196 2179 1240 2212 et
1264 2169 1368 2212 ideo
1396 2183 1491 2212 non
1513 2179 1580 2213 est
1605 2168 1768 2213 simile.

357 2235 433 2279 AD
461 2247 677 2280 TERTmM
699 2235 959 2289 dicendum,
986 2236 1108 2294 quod
1130 2235 1407 2312 baptismum
1433 2245 1501 2280 est
1521 2233 1862 2280 sacramentum
1879 2210 2056 2312 mortis,
2072 2245 2120 2281 et
2138 2248 2237 2296 pas-
2303 2293 2305 2295 ι

269 2302 410 2345 sionis
439 2301 626 2355 Christi,
651 2311 787 2360 prout
801 2302 946 2346 homo
973 2312 1266 2379 regeneratur
1290 2303 1338 2346 in
1366 2301 1553 2346 Christo
1579 2303 1742 2347 virtute
1760 2303 1984 2362 passionis
2005 2303 2128 2361 ejus:
2155 2302 2235 2347 sed

267 2368 552 2412 Eucharistia
570 2378 638 2413 est
650 2379 988 2413 sacramentum
1004 2369 1228 2427 passionis
1249 2369 1433 2422 Christi,
1447 2379 1582 2428 prout
1593 2369 1738 2413 homo
1751 2369 2040 2428 perficiturin
2061 2368 2235 2414 unione

269 2435 326 2479 ad
353 2435 590 2479 Christum
612 2450 820 2494 passum:
845 2436 963 2479 unde
995 2436 1112 2480 sicut
1136 2436 1386 2494 baptismus
1413 2436 1576 2479 dicitur
1601 2446 1941 2481 sacramentum
1971 2435 2093 2491 fidei,
2118 2449 2236 2496 quae
2286 2459 2303 2500 ³2

270 2512 338 2547 est
360 2501 710 2546 fundamentum
735 2502 976 2561 spiritualis
1004 2503 1148 2556 vitae3
1174 2503 1237 2547 ita
1263 2502 1547 2546 Eucharistia
1580 2503 1743 2547 dicitur
1768 2513 2107 2549 sacramentum
2133 2503 2237 2548 cha·

270 2569 427 2624 ritatis‚
452 2584 556 2628 quae
580 2575 634 2614 est
657 2569 875 2614 vinculum
898 2570 1176 2628 perfectionis,
1204 2579 1252 2613 ut
1278 2569 1442 2613 dicitur
1469 2568 1651 2614 Coloss.
1683 2584 1720 2629 3.

978 2731 1411 2788 ARTICULUS
1447 2733 1542 2788 IV.
2144 2760 2235 2810 429
2295 2756 2315 2810 j»,

422 2867 668 2908 UTRUM
725 2867 1296 2908 CONVENIENTER
1355 2867 1501 2906 HOC
1554 2868 2088 2910 SACRAMENTUM

783 2948 1043 2987 PLURIBUS
1084 2949 1386 2988 NOMINIBUS
1425 2949 1772 2990 NOMINETUR.

622 3056 756 3115 (Infr.
775 3070 812 3115 q.
832 3068 901 3116 79.
919 3061 1001 3101 art.
1014 3069 1054 3100 2.
1073 3055 1126 3100 ad
1143 3071 1178 3100 ι.
1197 3061 1233 3100 et
1247 3069 1289 3113 4.
1307 3056 1420 3101 Dist.
1437 3057 1478 3102 8.
1496 3071 1534 3116 q.
1554 3073 1589 3103 1.
1607 3063 1689 3103 art.
1707 3054 1744 3103 ι’.
1761 3071 1800 3118 q.
1818 3057 1887 3117 3.)-

361 3169 439 3214 ΑΒ
471 3177 709 3219 QUARTUM
731 3167 795 3212 sic
817 3166 1091 3226 proceditur.
1109 3165 1315 3221 Videtur,
1342 3168 1464 3226 quod
1481 3167 1964 3214 inconvenienterhoc
1985 3148 2240 3223 sacramente

272 3246 371 3280 tum
392 3235 594 3295 pluribus
619 3234 881 3279 nominibus
906 3233 1193 3278 nominetur:
1221 3234 1410 3278 nomina
1437 3235 1560 3279 enim
1586 3235 1752 3281 debent
1775 3234 2052 3296 respondere
2081 3234 2238 3291 rebant

273 3302 353 3347 sed
378 3303 471 3347 hoc
497 3311 837 3347 sacramentum
863 3310 932 3346 est
956 3314 1113 3355 unum,
1131 3310 1180 3345 ut
1197 3300 1369 3345 dictum
1387 3312 1454 3347 est
1473 3302 1578 3360 (art.
1596 3317 1636 3348 2
1655 3303 1742 3361 huj.
1760 3318 1785 3362 q
1788 3302 1849 3362 .),·
1866 3315 1978 3363 ergo
1993 3314 2089 3348 non
2104 3301 2287 3348 debet

273 3369 475 3428 pluribus
501 3369 772 3417 nominibus
790 3367 1035 3412 nominari.
2266 3368 2326 3466 ὲ

2263 3480 2314 3579 r

363 3449 405 3480 2.
427 3435 724 3482 PRAETEREA.
745 3435 932 3495 Species
957 3447 1052 3478 non
1078 3432 1338 3478 notificatur
1361 3437 1686 3481 convenienter
1702 3449 1783 3496 per
1801 3435 1861 3491 id,
1876 3435 2002 3497 quod
2022 3443 2092 3482 est
2114 3444 2240 3488 cont·-

276 3517 418 3548 mune
444 3503 529 3548 toti
561 3504 744 3563 generi:
777 3502 857 3547 sed
889 3500 1172 3546 Eucharistia
1204 3509 1271 3545 est
1302 3513 1640 3547 sacramentum
1672 3516 1821 3548 novae
1852 3503 1994 3563 legis3
2023 3500 2267 3549 omnibu&

276 3579 429 3615 autem
450 3569 748 3616 sacramentis
770 3581 1018 3615 commune
1035 3576 1116 3622 est,
1133 3567 1283 3631 quod
1273 3582 1318 3613 in
1342 3569 1406 3614 eis
1432 3569 1663 3615 confertur
1680 3570 1839 3628 gratia,
1871 3569 1995 3630 quod
2012 3565 2282 3659 signifflat?

2182 3922 2185 3926 ,
2193 3917 2194 3920 ι
2200 3909 2218 3926 2¹1.
2279 3912 2289 3926 ἰ
