2352 3926
277 242 390 312 726
784 251 1064 300 Quims‘rro
1105 252 1271 297 Lxxx,
1310 251 1618 295 Anne-,urus
1655 253 1734 294 vr.

277 356 393 411 tolli,
420 356 506 400 nisi
533 369 614 413 pro
643 354 793 413 aliqua
819 367 957 398 causa
983 352 1250 407 manifesta3
1277 352 1397 397 unde
1423 367 1557 413 super
1581 352 1693 398 illud
1725 367 1760 398 1.
1789 353 1898 399 Cor.
1928 367 1988 412 5.:
2018 355 2066 401 Si
2094 357 2146 412 is,
2171 356 2245 415 qui

280 424 413 477 frater
442 423 690 466 nominatur
720 422 827 464 inter
857 435 943 474 vos,
979 430 1064 465 etc.
1092 419 1201 465 dicit
1228 419 1382 465 Gloss.
1409 420 1601 480 August.
1634 421 1766 479 (hom.
1798 421 1872 466 ult.
1905 423 2013 467 inter
2038 437 2106 483 50.
2137 423 2247 467 inter

282 490 388 534 med.
407 488 576 547 etfin.):
609 504 631 528 ι(
653 487 751 531 Nos
786 501 810 529 a
834 486 1162 530 communione
1190 501 1469 546 quemquam
1495 487 1736 546 prohibere
1761 501 1855 532 non
1881 501 2140 548 possumus,
2157 489 2247 533 nisi

283 566 360 600 aut
385 565 547 614 sponte
576 553 852 607 confessum,
872 563 948 600 aut
973 553 1019 596 in
1048 553 1200 612 aliquo
1226 554 1395 612 judicio
1424 554 1750 609 ecclesiasticO,
1770 554 1845 600 vel
1861 555 2085 600 saeculari
2102 556 2248 600 nomi-

280 632 454 675 natum,
479 632 614 679 atque
642 620 907 664 convictum
937 636 975 663 ».
1003 620 1162 664 Potest
1186 630 1342 664 tamen
1370 622 1596 676 sacerdos,
1614 622 1692 680 qui
1709 632 1776 666 est
1802 622 2011 667 conscius
2031 622 2247 678 criminis,

283 688 461 732 occulte
485 702 673 731 monere
693 697 984 746 peccatorem
1004 686 1251 741 occultum,
1269 687 1341 731 vel
1360 689 1499 732 etiam
1516 689 1562 731 in
1578 688 1762 747 publico
1782 689 2052 747 generaliter
2069 703 2248 743 omnes,

281 770 338 799 ne
367 756 422 799 ad
448 769 658 799 mensam
686 754 879 798 Domini
906 754 1139 808 accedant,
1158 764 1403 814 antequam
1430 756 1485 799 de
1511 755 1709 814 peccatis
1735 756 2014 815 poeniteant,
2032 767 2077 801 et
2097 756 2251 801 Eccle-

281 823 372 866 siae
399 821 774 876 reconcilientur3
793 835 901 865 narn
921 829 1025 880 post
1038 821 1381 881 poenitentiam,
1400 832 1444 866 et
1460 822 1885 867 reconciliationem
1903 823 2040 868 etiam
2057 823 2250 884 publicis

280 889 595 948 peccatoribus
635 903 729 934 non
768 897 834 932 est
861 890 1129 933 communio
1174 889 1453 948 deneganda,
1486 889 1729 948 praecipue
1762 890 1808 934 in
1847 889 2038 935 articulo
2064 892 2248 946 mortis;

280 956 399 1000 unde
424 957 470 999 in
499 955 715 1000 Concilio
744 955 1095 1014 Carthaginensi
1122 956 1297 1014 (scilicet
1314 972 1349 1015 3.
1378 971 1469 1001 can.
1493 958 1570 1016 35.)
1598 956 1786 1016 legitur:
1817 974 1841 1000 α
1868 957 2087 1012 SceniciS,
2114 967 2248 1018 atque

279 1023 590 1076 histrionibus,
613 1022 892 1082 caeterisque
913 1023 1177 1082 hujusmodi
1204 1023 1425 1082 personis,
1439 1022 1519 1069 vel
1538 1024 1755 1083 apostatis
1773 1024 2010 1071 conversis
2024 1025 2080 1070 ad
2095 1024 2248 1071 Deum

281 1089 599 1135 reconciliatio
625 1103 723 1137 non,
745 1100 937 1149 negetur
958 1105 999 1133 ›>.

372 1158 449 1202 AD
490 1170 680 1202 PRIMUM
714 1171 825 1215 ergo
853 1156 1113 1211 dicendum,
1140 1157 1262 1216 quod
1289 1167 1446 1202 sancta
1463 1157 1763 1217 prohibentur
1789 1158 1887 1204 dari
1912 1158 2114 1214 canibus,
2134 1158 2253 1206 idest

281 1224 597 1302 peccatoribus
624 1223 901 1268 manifestis:
930 1224 1010 1269 sed
1036 1223 1218 1269 occulta
1242 1237 1336 1269 non
1362 1235 1553 1284 possunt
1577 1225 1756 1285 publice
1778 1225 1944 1286 puniri,
1961 1225 2041 1271 sed
2061 1235 2168 1272 sunt
2183 1219 2253 1271 ‘di-

284 1292 393 1336 vino
419 1291 590 1350 judicio
616 1290 905 1336 reservanda.

374 1359 451 1403 AD
479 1372 740 1404 SECUNDUM
766 1359 1024 1412 dicendum,
1053 1358 1175 1417 quod
1201 1342 1308 1402 licet
1339 1359 1466 1418 pejus
1494 1359 1550 1403 sit
1581 1360 1816 1419 peccatori
1840 1358 2026 1405 occulto
2060 1372 2253 1418 peccate

287 1425 557 1481 mortaliter,
584 1425 808 1470 sumendo
837 1440 1001 1501 corpus
1030 1425 1216 1479 Christi,
1252 1440 1391 1485 quam
1423 1424 1648 1481 infamari,
1682 1437 1861 1472 tamen
1871 1426 2099 1473 sacerdoti
2122 1426 2254 1472 mini—

285 1493 443 1538 stranti
469 1507 634 1552 corpus
663 1492 836 1537 Christi
861 1494 989 1552 peJus
1016 1502 1083 1537 est
1108 1506 1300 1552 peccare
1326 1492 1580 1537 mortaliter
1605 1493 1878 1540 infamando
1905 1494 2068 1553 injuste
2094 1507 2252 1555 peeca—

283 1571 433 1605 torem
461 1560 709 1614 occultum,
732 1574 869 1619 quam
893 1560 1017 1619 quod
1042 1559 1119 1603 ille
1147 1558 1400 1604 mortaliter
1424 1570 1603 1619 peccet:
1632 1561 1738 1620 quia
1758 1560 1910 1609 nullus
1934 1561 2068 1609 debet
2091 1575 2255 1622 pecca-

284 1639 384 1673 tum
410 1627 605 1672 mortale
633 1629 935 1681 committere,
967 1637 1016 1671 ut
1049 1626 1190 1671 alium
1216 1627 1374 1671 liberet
1401 1641 1425 1671 a
1451 1638 1667 1687 peccato;
1701 1628 1820 1674 unde
1846 1629 2040 1688 August.
2073 1628 2183 1677 dicit
2206 1629 2254 1674 in

286 1695 361 1740 lib.
392 1694 507 1747 QQ.
535 1709 670 1753 super
694 1695 809 1739 Gen.
830 1695 888 1753 (q.
907 1695 999 1752 42.)
1014 1707 1029 1736 .·
1050 1711 1073 1736 <c
1091 1694 1482 1739 Periculosissime
1510 1696 1760 1741 admittitur
1784 1696 1900 1741 haec
1922 1697 2254 1756 compensatio,

286 1773 336 1806 ut
360 1776 445 1806 nos
470 1761 696 1805 faciamus
725 1761 893 1821 aliquid
921 1761 1045 1815 mali,
1071 1776 1128 1805 ne
1157 1761 1271 1806 alius
1297 1762 1478 1820 gravius
1510 1762 1685 1807 malurn
1710 1762 1848 1807 faciat
1871 1777 1923 1808 »ε
1950 1771 2166 1823 peccator
2189 1772 2258 1808 ta·

287 1844 393 1874 men
420 1829 628 1873 occultus
655 1829 805 1888 potius
832 1830 1014 1873 deberet
1040 1829 1207 1888 eligere
1233 1829 1457 1884 infamari,
1478 1845 1616 1889 quarn
1642 1831 1828 1890 indigne
1854 1831 1911 1875 ad
1937 1831 2257 1880 mensamDo-

289 1898 403 1941 mini
430 1897 666 1942 accedere.
685 1897 849 1941 Hostia
889 1907 1043 1941 tamen
1081 1911 1177 1940 non
1205 1906 1471 1941 consecrata
1504 1898 1632 1942 nullo
1670 1898 1812 1942 modo
1850 1897 1984 1946 debet
2018 1898 2117 1945 dari
2146 1897 2254 1944 loco

291 1962 599 2020 eonsecratae‚
634 1965 739 2023 quia
765 1965 978 2008 sacerdos
1004 1964 1095 2008 hoc
1120 1963 1308 2018 faciens,
1336 1974 1554 2023 quantum
1582 1965 1628 2009 in
1651 1980 1699 2010 se
1727 1975 1808 2021 est,
1828 1964 1938 2011 facit
1960 1964 2255 2013 idololatrare

287 2031 406 2086 illos,
425 2032 503 2090 qui
528 2032 716 2076 credunt
742 2045 841 2076 esse
867 2031 1068 2076 hostiam
1096 2041 1426 2086 consecratam,
1444 2032 1539 2076 sive
1559 2032 1671 2077 alios
1698 2042 1974 2092 praesente&
1999 2033 2095 2081 sive
2117 2033 2256 2080 etiam

288 2101 440 2158 ipsum
466 2109 751 2154 sumentem3
780 2099 899 2158 quia,
926 2108 976 2142 ut
1001 2099 1195 2157 August.
1223 2099 1333 2143 dicit
1359 2101 1422 2156 (in
1449 2099 1559 2144 Psal.
1585 2101 1656 2159 98.
1679 2102 1755 2145 cir.
1777 2099 1921 2158 med),
1953 2115 1978 2142 <e
2001 2114 2149 2148 nemo
2165 2114 2258 2146 car-

290 2181 397 2210 men
426 2166 598 2210 Christi
628 2167 887 2220 manducet,
904 2166 991 2210 nisi
1017 2167 1139 2243 prius
1165 2165 1324 2210 adoret
1344 2182 1396 2220 ));
1419 2166 1538 2211 unde
1565 2177 1704 2221 extra,
1720 2168 1792 2212 De
1811 2165 2137 2217 Celebratione-
2152 2167 2258 2212 Mis-

291 2247 444 2278 sarum
471 2235 601 2294 (casm
629 2235 695 2278 De
727 2233 981 2291 homine),d
985 2234 1140 2278 icitur:
1172 2249 1195 2275 «
1222 2233 1383 2278 Licet'
1372 2248 1424 2288 is,
1447 2236 1525 2293 qui
1549 2248 1632 2293 pro
1659 2234 1728 2279 sui
1754 2234 1957 2281 criminis
1977 2234 2258 2281 conscientia

291 2311 468 2359 reputat
495 2315 542 2346 se
568 2302 821 2360 indignum,
850 2311 1011 2360 peccet
1036 2302 1245 2360 graviter,
1269 2301 1307 2345 si
1327 2316 1375 2346 se
1396 2302 1572 2361 ingerat
1597 2303 1894 2348 irreverenter
1919 2302 1976 2347 ad
2000 2301 2135 2358 illud3
2161 2317 2258 2362 gra·

291 2370 393 2413 vius
434 2378 591 2413 tamen
627 2369 803 2414 videtur
842 2368 1088 2424 offendere,
1129 2368 1206 2428 qui
1246 2368 1553 2414 fraudulenter
1589 2369 1700 2414 illud
1737 2370 2094 2429 praesumpserit
2123 2369 2259 2416 simu·

291 2435 386 2481 lare
403 2453 444 2479 )).

384 2503 460 2547 AD
488 2515 705 2548 TERTIUM
727 2503 986 2558 dicendum,
1009 2503 1132 2563 quod
1144 2504 1342 2549 Decreta
1364 2502 1442 2549 illa
1460 2514 1565 2548 sunt
1586 2505 1804 2563 abrogata
1825 2519 1907 2565 per
1932 2504 2162 2551 contraria
2181 2504 2259 2551 do-

296 2580 506 2616 cumenta
530 2571 847 2616 Romanorum
866 2571 1168 2626 Pontificum3
1187 2571 1296 2616 dicit
1313 2571 1435 2616 enim
1453 2571 1712 2631 Stephanus
1730 2586 1847 2632 papa
1863 2572 1954 2631 (cit.
1972 2574 2025 2618 ab
2038 2572 2160 2618 Alex.
2174 2573 2258 2619 ΙΙΙ.

296 2639 341 2683 in
362 2639 472 2697 epist.
490 2637 709 2697 19.adfin.
730 2637 939 2695 Concil.).·
969 2638 1133 2682 «Ferri
1160 2638 1407 2692 candentis,
1419 2637 1494 2682 vel
1520 2652 1664 2697 aquae
1690 2637 1904 2683 ferventis
1922 2638 2259 2684 examinatione

297 2704 635 2750 confessionem
661 2705 918 2764 extorqueri
936 2719 961 2748 a
978 2704 1193 2763 quolibet,
1213 2705 1329 2748 sacri
1355 2719 1555 2749 canones
1582 2720 1675 2750 non
1702 2705 1961 2751 concedunt
1977 2721 1990 2762 ;
2007 2716 2258 2766 spontanea

297 2773 419 2817 enim
447 2772 747 2827 confessione,
774 2771 847 2816 vel
878 2772 1061 2816 testium
1099 2772 1439 2830 approbatione,
1466 2772 1645 2832 publica
1679 2773 1846 2818 delicta
1881 2773 2128 2819 commissa
2151 2784 2259 2819 sunt

297 2840 510 2899 regimini
535 2850 694 2885 nostro
719 2840 941 2898 judicare:
969 2838 1149 2883 occulta
1167 2853 1290 2892 ver0‚
1312 2849 1355 2884 et
1376 2840 1610 2898 incognita
1637 2840 1701 2884 illi
1727 2850 1831 2885 sunt
1854 2839 2165 2900 relinquenda,
2180 2840 2259 2900 qui

297 2907 420 2952 solus
446 2907 575 2951 novit
600 2907 738 2951 corda
764 2905 964 2950 filiorum
990 2906 1234 2950 hominum
1250 2922 1299 2961 »3
1324 2917 1368 2951 et
1393 2907 1516 2951 idem
1542 2907 1735 2952 habetur
1761 2917 1900 2962 extra,
1925 2907 1998 2952 De
2022 2902 2259 2967 Purgatio-

298 2975 430 3019 nibus
458 2975 605 3035 (cap.:
634 2975 701 3021 Ex
727 2973 933 3031 tuarum).
960 2973 1011 3016 In
1039 2973 1251 3017 omnibus
1279 2974 1402 3017 enim
1423 2973 1586 3018 talibus
1614 2988 1711 3020 esse
1727 2974 1906 3020 videtur
1929 2974 2018 3020 Dei
2038 2973 2257 3029 tentaticu

301 3042 420 3086 unde
447 3042 543 3087 sine
570 3051 760 3101 peccato
788 3041 884 3085 fieri
914 3054 1008 3084 non
1051 3050 1264 3099 possunt:
1293 3051 1337 3085 et
1371 3042 1551 3100 gravius
1584 3042 1823 3096 videretur,
1846 3041 1885 3087 si
1914 3041 1962 3086 in
1992 3041 2083 3087 hoc
2114 3054 2260 3088 sacra—

302 3121 473 3164 mento,
501 3109 623 3168 quod
650 3118 717 3154 est
742 3108 994 3153 institutum
1023 3107 1078 3151 ad
1102 3108 1355 3151 remedium
1382 3108 1552 3163 salutis,
1576 3108 1737 3169 aliquis
1763 3109 2014 3155 incurreret
2037 3108 2257 3168 judicium

299 3176 474 3220 mortis.
503 3175 636 3220 Unde
662 3174 790 3220 nullo
818 3174 959 3219 modo
987 3188 1150 3233 corpus
1184 3174 1357 3220 Christi
1389 3176 1523 3220 debet
1553 3176 1647 3221 dari
1683 3175 1819 3223 alicui
1851 3186 2062 3236 suspecto
2089 3175 2149 3223 de
2177 3175 2258 3223 cri·

302 3242 440 3296 mine,
467 3243 596 3302 quasi
622 3242 675 3287 ad
703 3241 1103 3287 examinationem.
