2352 3926
270 230 379 285 490
812 230 1092 277 QUAESTIO
1132 231 1241 272 mx.
1282 231 1591 273 amemus
1629 233 1665 273 1.

939 536 1386 614 QUAESTIO
1438 539 1601 600 LIX.

268 689 348 729 DE
378 689 721 741 JUDICIARIA
750 690 1091 732 POTESTATE
1124 677 1376 744 CHRISTI,
1407 693 1473 734 IN
1503 694 1613 735 SEX
1640 693 1971 739 ARTICULos
2002 679 2225 739 DMSA.

385 864 565 910 Deinde
588 866 971 912 considerandum
994 877 1061 913 est
1085 867 1141 912 de
1162 868 1398 927 judiciaria
1419 878 1644 928 potestate
1672 869 1856 915 Christi.

898 980 954 1024 Et
979 981 1094 1025 circa
1119 981 1195 1026 hoc
1222 988 1485 1039 quaeruntur
1507 997 1591 1026 sex.

387 1065 557 1111 Primo.
586 1067 753 1112 Utrum
778 1069 1013 1127 judiciaria
1039 1079 1239 1129 potestas
1266 1071 1322 1114 sit
1349 1071 1633 1116 attribuenda
1662 1071 1862 1116 Christo.

390 1133 618 1178 Secundo.
647 1135 813 1179 Utrum
840 1137 1082 1181 conveniat
1109 1137 1208 1192 sibi,
1235 1138 1487 1182 secundum
1514 1138 1637 1197 quod
1663 1148 1731 1183 est
1754 1139 1915 1183 homo.

388 1198 561 1245 Tertio.
589 1201 755 1246 Utrum
782 1217 885 1246 eam
910 1203 1044 1248 fuerit
1070 1218 1123 1248 ex
1149 1205 1321 1248 meritis
1349 1205 1550 1263 adeptus.

390 1268 583 1321 Quarto.
611 1269 777 1314 Utrum
805 1272 900 1330 ejus
927 1282 1127 1330 potestas
1151 1272 1385 1331 judiciaria
1414 1273 1471 1317 sit
1496 1273 1762 1317 universalis
1788 1283 1998 1333 respectu
2020 1271 2230 1318 omnium

267 1333 525 1380 hominum.
2024 1360 2026 1362 ’

390 1401 579 1454 Quinto.
613 1404 780 1448 Utrum
812 1414 988 1463 praeter
1013 1405 1247 1464 judicium,
1280 1406 1402 1465 quod
1439 1406 1531 1465 agit
1562 1406 1610 1450 in
1640 1405 1733 1452 hoc
1764 1416 1990 1467 tempore,
2015 1406 2074 1452 sit
2102 1420 2232 1467 expe·

268 1469 483 1513 ctandum
511 1471 632 1514 aliud
659 1472 912 1516 universale
938 1473 1160 1530 judicium
1185 1472 1388 1517 futurum
1414 1487 1494 1532 per
1517 1474 1683 1532 ipsum.
2158 1517 2161 1519 ,

387 1537 541 1581 Sexto.
570 1538 736 1582 Utrum
764 1541 858 1597 ejus
884 1540 1119 1597 judiciaria
1144 1550 1346 1598 potestas
1375 1541 1514 1585 etiam
1542 1541 1597 1584 ad
1626 1540 1815 1600 angelos
1842 1553 1891 1587 se
1914 1541 2141 1587 extendat.

386 1605 456 1648 De
484 1606 750 1650 executione
778 1616 931 1650 autem
958 1606 1104 1651 finalis
1130 1607 1286 1665 judicii
1314 1608 1659 1652 convenientius
1693 1619 1865 1667 agetur,
1894 1623 2000 1653 cum
2027 1608 2232 1654 conside-

266 1671 465 1715 rabimus
482 1672 537 1715 de
555 1673 625 1716 his
644 1687 759 1731 quae
772 1675 998 1732 pertinent
1014 1674 1068 1718 ad
1088 1674 1227 1718 finem
1255 1675 1414 1718 mundi
1436 1676 1502 1733 (in
1527 1676 1738 1735 Supplem.
1767 1691 1804 1735 q.
1822 1677 1892 1722 88.
1908 1681 1946 1720 et
1963 1675 2092 1735 seq.).·
2109 1689 2231 1721 nunc

269 1748 422 1782 autern
450 1739 615 1784 sufficit
641 1755 695 1784 ea
722 1741 821 1785 sola
846 1751 1047 1800 tangere,
1075 1757 1190 1801 quae
1217 1744 1442 1802 pertinent
1469 1743 1524 1787 ad
1553 1743 1725 1788 Christi
1751 1743 2051 1803 dignitatem-

1001 1891 1438 1949 ARTICULUS
1479 1894 1521 1947 I.
2118 1975 2120 1979 X
2146 1920 2232 1968 320

489 2025 682 2064 UTRUM
712 2027 1024 2080 JUDICIARIA
1056 2029 1337 2067 POTESTAS
1372 2029 1726 2069 SPECIALITER
1766 2028 2007 2069 CHRISTO

893 2104 1002 2141 SIT
1054 2104 1605 2145 ATTRIBUENDA.

358 2211 433 2255 AD
461 2225 649 2257 PR1MUM
672 2214 735 2257 sic
754 2215 1025 2273 proceditur.
1053 2214 1257 2271 Videtur,
1285 2216 1407 2275 quod
1439 2216 1674 2276 judiciaria
1705 2225 1904 2276 potestas
1929 2228 2023 2261 non
2049 2214 2109 2260 sit
2136 2228 2233 2275 spe-

268 2278 440 2324 cialiter
466 2281 747 2325 attribuenda
775 2282 981 2327 Christo:
1015 2283 1237 2342 judicium
1271 2284 1394 2328 enim
1428 2284 1686 2343 aliquorum
1717 2283 1894 2329 videtur
1923 2282 2148 2343 pertinere
2173 2281 2232 2331 ad

268 2346 522 2401 dominum,
550 2349 668 2392 unde
695 2349 856 2394 dicitur
882 2350 1018 2394 Rom.
1052 2363 1140 2406 14.:
1176 2351 1239 2396 Tu
1267 2354 1356 2411 quis
1377 2367 1429 2406 es,
1454 2354 1526 2410 qui
1542 2351 1708 2410 judicas
1725 2351 1909 2396 alienum
1931 2349 2231 2397 servum?sed

267 2428 365 2458 esse
387 2414 626 2459 dominum
655 2427 960 2461 creaturarum
984 2428 1051 2462 est
1068 2433 1316 2464 commune
1348 2419 1434 2464 toti
1457 2418 1694 2474 Trinitati;
1719 2433 1815 2464 non
1837 2432 1948 2478 ergo
1974 2417 2232 2478 specialiter

268 2482 402 2526 debet
428 2483 608 2527 attribui
635 2483 821 2528 Christo
848 2485 1082 2542 judiciaria
1109 2496 1322 2544 potestas.

357 2565 396 2596 2.
423 2551 719 2596 PRAETEREA.
747 2553 953 2596 Danielis
981 2567 1020 2611 7.
1049 2554 1232 2599 dicitur:
1262 2556 1473 2613 Antiquus
1513 2554 1676 2599 dierum
1706 2553 1806 2598 sedit
1815 2569 1832 2607 ;
1861 2562 1906 2598 et
1945 2562 2108 2611 postea
2131 2551 2233 2598 sub-

268 2619 405 2665 ditur:
423 2619 636 2676 judicium
657 2620 773 2674 sedit,
797 2627 832 2664 et
854 2622 953 2665 libri
970 2625 1104 2680 aperti
1125 2630 1246 2667 sunt:
1265 2622 1344 2666 sed
1367 2622 1576 2681 antiquus
1595 2622 1772 2666 dierum
1789 2620 2055 2680 intelligitur
2071 2620 2230 2676 Pater3

267 2688 386 2747 quia,
413 2699 462 2731 ut
488 2686 629 2731 Hilar.
664 2687 771 2731 dicit
804 2689 898 2745 (lib.
921 2704 959 2732 2.
993 2689 1038 2733 de
1073 2690 1191 2733 Trin.
1220 2692 1297 2735 cir.
1316 2690 1495 2749 princ),
1534 2689 1625 2733 «in
1657 2689 1790 2733 Patre
1817 2698 1886 2733 est
1911 2687 2154 2734 aeternitas
2175 2702 2230 2743 »;

268 2769 379 2814 ergo
404 2755 639 2814 judiciaria
666 2764 864 2813 potestas
893 2756 1038 2813 magis
1066 2766 1132 2800 est
1160 2757 1443 2801 attribuenda
1468 2757 1605 2811 Patri,
1632 2770 1770 2815 quam
1799 2755 1999 2800 Christo.

347 2837 397 2881 3.
431 2822 727 2867 PRAETEREA.
780 2822 996 2878 Ejusdem
1022 2823 1196 2866 videtur
1223 2838 1320 2868 esse
1347 2825 1562 2882 judicare,
1589 2825 1716 2881 cujus
1744 2833 1812 2867 est
1837 2822 2147 2882 arguerezsed
2165 2835 2229 2867 ar·

268 2904 406 2949 guere
433 2889 627 2949 pertinet
653 2889 707 2932 ad
737 2889 955 2947 Spiritum
991 2889 1236 2944 Sanctum3
1270 2891 1378 2935 dicit
1413 2891 1536 2935 enim
1572 2890 1802 2934 Dominus
1828 2889 1960 2948 Joan.
1997 2887 2086 2935 16.:
2122 2889 2232 2935 Cum
2277 2938 2285 2944 ,

267 2964 404 3002 autem
436 2959 598 3002 venerit
630 2957 711 3011 ille,
746 2955 919 3000 scilicet
952 2956 1142 3015 Spiritus
1177 2958 1385 3012 Sanctus,
1418 2965 1562 3017 arguet
1593 2957 1796 3003 mundum
1827 2956 1875 3002 de
1900 2963 2083 3017 peccato,
2115 2962 2154 3002 ei
2182 2954 2232 3003 de

260 3027 442 3084 jtcstitia,
475 3024 581 3069 etde
609 3024 797 3083 judicio;
832 3037 941 3082 ergo
975 3023 1210 3082 judiciaria
1242 3035 1442 3083 potestas
1476 3026 1624 3085 magis
1662 3025 1796 3070 debet
1827 3024 2010 3070 attribui
2042 3022 2231 3084 Spiritui

269 3093 454 3146 Sancto,
478 3105 616 3151 quam
646 3091 846 3136 Christo.

357 3160 450 3204 SED
485 3171 680 3204 CONTRA
707 3168 788 3212 est,
815 3157 937 3217 quod
965 3157 1127 3201 dicitur
1153 3158 1253 3202 Act.
1288 3173 1351 3203 1o.
1381 3159 1435 3203 de
1464 3159 1675 3205 Christo:
1698 3159 1786 3204 Hic
1802 3164 1871 3213 cst,
1890 3161 1963 3219 qui
1983 3159 2232 3210 constitutus
2255 3184 2257 3186 ·
2290 3170 2328 3181 ·

265 3234 321 3272 est
341 3242 367 3271 a
394 3228 485 3271 Deo
506 3226 637 3285 judex
661 3227 877 3279 vivorum,
904 3231 942 3269 et
967 3231 1245 3269 mortuorum.
1983 3256 2004 3277 ‚

355 3295 644 3339 RESPONDEO
658 3292 916 3345 dicendum,
935 3292 1056 3350 quod
1077 3293 1131 3335 ad
1149 3292 1367 3349 judicium
1386 3292 1644 3337 faciendum
1659 3295 1744 3338 tria
1761 3293 2071 3352 requiruntur:
2083 3293 2239 3354 primo.
2305 3315 2326 3347 2:

266 3362 449 3420 quidem
492 3370 693 3438 potestas
737 3359 939 3405 subditos
983 3358 1248 3412 coercendi3
1282 3359 1399 3403 unde
1434 3360 1596 3404 dicitur
1627 3360 1767 3404 Eccli.
1802 3373 1867 3418 7.:
1901 3360 2004 3406 Noli
2034 3373 2230 3420 quaerere

254 3431 355 3488 steri
373 3428 516 3487 judex,
543 3443 621 3472 mst
638 3428 777 3472 valtas
792 3428 947 3471 virtute
966 3427 1199 3484 irrumpet
1218 3427 1479 3483 iniquitates:
1498 3426 1671 3471 secundo
1691 3427 1931 3486 requiritur
1949 3424 2228 3472 rectitudinis
2290 3415 2352 3464 2<

265 3497 403 3551 zelus,
430 3507 478 3541 ut
503 3496 677 3541 scilicet
698 3495 859 3554 aliquis
881 3508 973 3539 non
1001 3508 1055 3538 ex
1082 3493 1204 3546 odio,
1231 3493 1303 3537 vel
1331 3493 1488 3548 livore,
1511 3495 1590 3538 sed
1618 3510 1671 3538 ex
1699 3509 1856 3540 amore
1887 3494 2085 3553 justitiae
2113 3492 2229 3554 judi·
2291 3502 2327 3560 ,ᾖ

267 3564 388 3607 cium
407 3565 619 3622 proierat,
635 3563 888 3608 secundum
905 3558 1016 3606 illud
1034 3560 1248 3605 Proverb.
1274 3574 1333 3618 3.:
1355 3563 1490 3617 Quem
1509 3562 1617 3605 enim
1635 3561 1773 3619 diligit
1792 3563 2014 3618 Dominus,
2033 3561 2227 3621 compte,
2301 3570 2306 3581 ⁷

265 3637 301 3675 et
326 3633 445 3689 quasi
462 3637 585 3690 pater
610 3632 655 3676 in
676 3630 765 3688 filio
792 3628 1020 3690 complacet
1039 3628 1144 3673 sibi:
1169 3629 1288 3673 tertio
1307 3628 1546 3686 requiritur
1562 3627 1797 3686 sapientia,
1816 3627 2069 3673 secundum
2087 3639 2225 3688 quam
