2352 3926
589 242 868 290 QUAESTIO
910 243 1065 284 XLIV.-
1096 243 1402 284 ARTICULUS
1443 242 1519 283 111.
1927 244 2028 300 371

9 346 22 377 ’ἶ
73 349 217 403 inflat
244 346 356 394 clare
384 346 544 393 videret
574 349 743 393 omnia:
775 358 822 393 et
854 350 920 393 sic
953 358 1090 408 patet,
1125 346 1249 408 quod
1284 362 1379 392 non
1419 347 1569 392 subito
1602 360 1710 392 eum
1735 343 1924 402 curavit,
1954 347 2035 393 sed

74 413 225 476 perimo
260 415 447 475 quidem
482 414 763 475 imperfecte,
796 410 842 461 et
871 429 952 475 per
981 425 1189 475 sputum3
1226 429 1337 474 ergo
1370 413 1547 459 videtur
1581 428 1676 459 non
1709 415 2035 469 convenienter

1 491 28 543 gg
76 482 204 528 drea:
222 481 438 526 homines
463 481 685 526 miracula
706 481 882 527 fecisse.

3 544 29 603 J
89 577 93 579 -
166 563 206 610 3.
237 548 534 594 Parin-rnna.
565 548 699 601 Quae
731 563 780 594 se
815 549 1014 593 invicem
1050 562 1144 592 non
1182 558 1535 608 consequuntur,
1562 563 1656 593 non
1693 558 1876 607 oportet
1911 547 2036 608 quod

3 616 31 668 ς·
75 615 213 662 simul
243 614 483 662 tollantur:
508 617 588 662 sed
613 615 850 675 aegritudo
883 614 1134 673 corporalis
1157 629 1251 659 non
1283 629 1463 675 semper
1496 631 1550 660 ex
1584 627 1774 674 peccato
1809 625 2034 669 causatur,

15 711 22 734 5
74 692 126 729 ut
148 692 273 743 patet
297 698 378 743 per
402 683 514 728 illud
540 684 661 742 quod
683 682 912 726 Dominus
944 682 1053 726 dixit
1073 682 1202 740 Joan.
1221 695 1284 740 9.:
1313 683 1455 741 Neque
1478 683 1541 727 hic
1571 685 1779 742 peccavit,
1805 698 1932 741 neque
1957 691 2036 742 pa-

74 751 205 796 rentes
233 753 336 810 ejus,
363 757 408 795 ut
437 765 582 796 caecus
606 756 868 807 nasceretur5
893 763 988 792 non
1022 763 1131 807 ergo
1167 749 1380 807 oportuit,
1408 759 1456 793 ut
1487 749 1752 794 hominibus
1785 764 2034 809 corporum

16 816 21 838 ⁵
75 819 361 864 curationem
388 817 704 877 quaerentibus
731 826 916 876 peccata
944 817 1203 870 dimitteret,
1231 816 1347 860 sicut
1368 816 1533 875 legitur
1558 816 1721 860 fecisse
1755 818 1876 861 circa
1906 831 2036 876 para-

18 935 27 946 „
76 884 269 947 lyticum
296 885 457 930 Matth.
484 899 541 945 9.,
559 884 823 943 praesertim
857 884 961 943 quia
988 885 1163 928 sanatio
1184 883 1448 943 corporalis,
1478 898 1583 927 cum
1617 884 1674 927 sit
1705 884 1869 939 minus,
1897 898 2036 944 quam

15 951 33 957 ⁴
74 953 284 1000 remissio
309 962 620 1011 peccatorum,
646 965 740 995 non
765 951 943 995 videtur
975 965 1074 995 esse
1106 950 1334 995 sufficiens
1368 961 1706 1010 argumentum,
1738 952 1861 1010 quod
1894 952 2038 1011 possit

26 1025 28 1027 ’
74 1018 264 1079 peccata
291 1019 532 1064 dimittere.

165 1099 208 1142 4.
234 1086 532 1132 PRAETEREA.
559 1084 781 1129 Miracula
810 1084 982 1130 Christi
1008 1084 1128 1128 facta
1154 1094 1259 1129 sunt
1291 1084 1346 1129 ad
1374 1083 1772 1129 confirmationem
1800 1085 2036 1129 doctrinae

73 1152 229 1216 ipsius,
256 1163 300 1198 et
325 1153 640 1198 testimonium
678 1152 924 1196 divinitatis
953 1154 1063 1211 ejus,
1082 1162 1130 1196 ut
1155 1166 1290 1211 supra
1317 1152 1486 1196 dictum
1517 1162 1585 1196 est
1617 1152 1677 1210 (q.
1692 1159 1837 1212 praec.
1857 1158 1936 1196 art.
1955 1153 2033 1208 4),·

30 1221 154 1278 ἵξῃέσά
169 1220 322 1266 nullus
343 1221 477 1266 debet
491 1220 714 1280 impedire
731 1220 868 1264 finem
889 1220 1039 1278 operis
1066 1220 1156 1274 sui3
1182 1234 1291 1296 ergo
1314 1219 1493 1264 videtur
1514 1220 1888 1264 inconvenienter
1908 1219 2039 1263 Chri-

31 1279 56 1331 ᾗ
72 1297 168 1339 atus
193 1288 464 1348 quibusdam
491 1287 768 1332 miraculose
806 1288 972 1332 curatis
999 1287 1298 1364 praecepisse,
1325 1297 1374 1331 ut
1398 1286 1571 1331 nemini
1599 1287 1816 1341 dicerent,
1838 1297 1888 1330 ut
1913 1296 2038 1346 patet

22 1347 235 1411 gffitth.
258 1368 303 1418 9.
330 1364 376 1400 et
399 1355 541 1399 Marc.
569 1355 626 1409 8.,
651 1355 920 1413 praesertim
944 1354 1050 1413 quia
1067 1354 1336 1414 quibusdam
1359 1354 1456 1398 aliis
1474 1354 1721 1408 mandavit,
1741 1363 1790 1398 ut
1814 1353 2038 1398 miracula

48 1449 55 1472 s
74 1420 199 1467 circa
214 1435 273 1467 se
295 1421 417 1467 facta
441 1421 746 1482 publicarent:
773 1421 892 1466 sicut
912 1421 1058 1465 Marci
1089 1434 1124 1479 5.
1151 1420 1329 1480 legitur,
1358 1421 1480 1480 quod
1507 1421 1617 1465 dixit
1642 1423 1698 1475 ei,
1725 1435 1863 1480 quem
1886 1435 1912 1464 a
1933 1421 2036 1464 dae-

19 1489 288 1539 :monibus
309 1488 601 1535 liberaverat:
640 1489 750 1548 Vade
774 1491 820 1534 in
846 1489 1015 1534 domum
1048 1495 1165 1534 tuam
1192 1487 1246 1533 ad
1272 1494 1372 1542 tuos,
1392 1494 1429 1533 et
1449 1489 1658 1533 annuntia
1683 1490 1751 1542 eis,
1771 1494 1927 1547 'quanta
1960 1489 2036 1533 tibi

72 1556 287 1603 Dominus
308 1554 471 1616 fecerit.

166 1624 263 1670 SED
290 1636 486 1671 CONTRA
514 1633 595 1679 est,
622 1624 745 1684 quod
771 1623 936 1669 dicitur
960 1623 1106 1668 Marci
1141 1636 1204 1683 7.:
1234 1624 1339 1669 Bene
1376 1624 1518 1668 omnia
1539 1623 1658 1683 fecit,
1697 1629 1736 1668 et
1765 1621 1910 1668 surdos
1938 1623 2040 1681 fecit

20 1711 22 1720 ²
78 1691 239 1746 audire,
265 1698 305 1738 et
328 1697 462 1737 mutos
486 1692 614 1751 loqui.

17 1753 41 1812 ’ζ
162 1755 453 1805 ΒΕεΡόΝΒεο
479 1758 739 1812 dicendum,
757 1759 879 1818 quod
907 1773 961 1803 ea
988 1772 1102 1818 quae
1121 1767 1226 1802 sunt
1251 1757 1307 1801 ad
1333 1757 1487 1812 finem,
1515 1757 1679 1802 debent
1704 1757 1783 1801 fini
1808 1771 1907 1802 esse
1937 1771 2040 1817 pro-

34 1828 58 1883 ’ξ
74 1826 362 1887 portionata:
391 1825 601 1871 Christus
624 1835 777 1869 autem
801 1826 855 1878 ad
873 1825 963 1869 hoc
982 1825 1028 1868 in
1055 1825 1279 1868 mundum
1297 1835 1496 1879 venerat,
1525 1835 1569 1869 et
1587 1825 1795 1878 docebat,
1814 1835 1863 1868 ut
1883 1824 2035 1868 homi-

41 1904 157 1945 Ἕω
186 1892 338 1938 salvos
374 1892 557 1948 faceret,
594 1892 846 1937 secundum
883 1891 995 1936 illud
1021 1892 1151 1950 Joan.
1189 1907 1249 1950 3.:
1289 1893 1386 1936 Non
1422 1894 1532 1936 enim
1563 1894 1678 1936 misit
1716 1893 1833 1936 Deus
1873 1892 2034 1936 Filium

36 1967 194 2015 ’ἴε-πωνή
219 1961 263 2005 in
287 1960 501 2014 mundum,
526 1966 569 2004 ut
590 1960 747 2017 judicet
771 1960 987 2013 mundum,
1015 1959 1081 2004 sed
1102 1967 1147 2004 ut
1163 1960 1349 2004 salvetur
1370 1959 1547 2003 mundus
1577 1968 1653 2018 per
1685 1961 1834 2018 ipsum.
1852 1958 1907 2003 Et
1930 1959 2033 2003 ideo

48 2024 352 2094 {eonveniens
369 2026 466 2082 fuit,
484 2039 533 2071 ut
550 2026 760 2072 Christus
777 2026 1107 2086 particulariter
1123 2026 1335 2070 homines
1354 2027 1630 2071 miraculose
1650 2028 1866 2081 curando,
1886 2037 2032 2070 osten-

52 2088 201 2152 &deret
224 2109 273 2139 se
298 2108 396 2140 esse
424 2094 742 2149 universalem,
770 2105 814 2138 et
836 2094 1117 2153 spiritualem
1144 2094 1387 2138 hominurn
1415 2094 1704 2139 salvatorem.

75 2170 110 2201 ω»
123 2162 240 2242 Ἀι)
261 2173 449 2207 PRIMUM
476 2175 586 2221 ergo
609 2162 868 2216 dicendum,
896 2163 1018 2220 quod
1051 2174 1105 2205 ea
1138 2175 1254 2220 quae
1287 2172 1391 2205 sunt
1423 2163 1477 2205 ad
1511 2161 1663 2216 finem,
1698 2162 2033 2220 distinguuntur

275 2228 389 2275 fine:
416 2228 636 2273 miracula
664 2239 817 2273 autem
844 2243 869 2272 a
904 2228 1090 2273 Christo
1124 2228 1242 2273 facta
1269 2230 1606 2283 ordinabantur,
1640 2230 1756 2273 sicut
1788 2230 1843 2273 ad
1877 2230 2029 2284 finem,

23 2291 380 2350 &rationalis
398 2297 536 2356 partis
552 2296 763 2351 salutem,
782 2311 898 2356 quae
920 2296 1124 2340 consistit
1147 2297 1192 2340 in
1219 2297 1467 2355 sapientiae
1486 2296 1800 2351 illustratione,
1824 2307 1868 2341 et
1888 2297 2036 2341 homi-

45 2353 179 2421 {isim
199 2363 554 2422 ‘justificatione3
581 2377 776 2423 quorum
810 2365 1007 2422 primum
1032 2364 1355 2423 praesupponit
1381 2364 1656 2409 secundum:
1685 2365 1805 2423 quia,
1848 2375 1897 2408 ut
1933 2365 2039 2409 dici-

90 2429 277 2491 ²821).
306 2443 370 2476 1.:
397 2431 450 2476 In
475 2431 725 2475 malevolam
757 2433 947 2475 animam
971 2446 1055 2475 non
1081 2433 1273 2475 introibit
1297 2433 1516 2491 sapientia,
1551 2447 1622 2476 nec
1648 2433 1852 2476 habitabit
1883 2434 1927 2476 in
1950 2446 2040 2477 cor-

63 2492 70 2496 ”
115 2511 176 2543 a
204 2497 368 2544 subdito
393 2499 588 2558 peccatis.
618 2497 871 2555 Justificare
914 2507 1068 2542 autem
1099 2497 1328 2552 homines,
1366 2512 1460 2542 non
1502 2499 1816 2553 conveniebat,
1859 2499 1947 2544 nisi
1972 2500 2037 2544 eis

0 2607 2 2609 ἵ
59 2592 88 2636 a
193 2564 345 2610 ·tibus.
371 2564 474 2609 Hoc
508 2565 632 2609 enirn
655 2575 774 2609 esset
805 2574 849 2609 et
882 2575 1040 2609 contra
1073 2565 1298 2609 rationem
1329 2566 1540 2624 justitiae,
1568 2581 1684 2625 quae
1716 2567 2034 2611 rectitudinem

63 2625 88 2644 ³
92 2580 319 2690 ’'g-'luntatis
342 2632 582 2692 importat;
616 2641 660 2676 et
677 2634 816 2676 etiam
844 2642 1002 2676 contra
1019 2632 1246 2676 rationem
1272 2633 1502 2676 humanae
1528 2643 1730 2688 naturae,
1758 2647 1874 2692 quae
1891 2634 2036 2678 libero

72 2742 96 2759 ,γ
155 2721 160 2728 ·
213 2713 278 2744 o
281 2699 344 2744 ad
368 2699 543 2743 bonurn
569 2699 775 2744 ducenda
808 2709 888 2754 est,
914 2713 1009 2743 non
1038 2710 1190 2743 autem
1217 2714 1297 2758 per
1329 2700 1642 2746 coactionem·
1679 2701 1890 2746 Christus
1922 2716 2034 2759 ergo

0 2762 3 2798 i
63 2763 66 2771 ἵ
92 2763 239 2813 mite
247 2765 415 2812 divina
440 2767 627 2812 interius
643 2767 858 2811 homines
878 2766 1152 2826 justificavit,
1173 2781 1268 2811 non
1289 2777 1445 2811 tamen
1472 2768 1536 2812 eis
1552 2768 1726 2812 invitis:
1753 2782 1838 2812 nec
1865 2768 1955 2812 hoc
1981 2768 2036 2812 ad

69 2799 147 2886 Ξἠ,
192 2832 295 2879 cula
319 2834 528 2894 pertinet,
554 2834 633 2879 sed
666 2834 722 2878 ad
750 2833 1079 2878 miraculorum
1106 2834 1268 2879 finem:
1303 2844 1348 2879 et
1378 2834 1586 2879 similiter
1611 2835 1749 2879 etiam
1781 2837 1944 2880 virtute
1977 2835 2038 2878 di-

71 2928 82 2947 ⁷»
119 2916 150 2970 'j'
163 2920 169 2926 ’
184 2897 476 2960 ‘simplicibus
492 2899 723 2960 discipulis
736 2900 937 2944 divinam
955 2901 1226 2960 sapientiam
1244 2901 1428 2946 infudit:
1448 2902 1567 2947 unde
1582 2902 1691 2946 dicit
1707 2902 1771 2946 eis
1782 2902 1934 2946 Lucae
1949 2914 2034 2946 21.:

149 2966 298 3013 rdabo
318 2969 438 3013 vobis
463 2983 520 3023 os,
538 2974 577 3013 et
605 2969 866 3028 sapientiam,
893 2970 962 3015 cui
982 2983 1064 3012 non
1078 2975 1278 3028 poterunt
1298 2970 1491 3023 resistere,
1521 2975 1556 3014 et
1588 2969 1869 3014 contradicere
1898 2983 2036 3013 omnes

167 3035 482 3080 sariivestri:
508 3034 631 3094 quod
657 3035 858 3094 quidem,
876 3045 1095 3094 quantum
1124 3036 1179 3079 ad
1206 3037 1469 3080 interiorem
1496 3036 1895 3089 illuminationem,
1920 3036 2035 3078 inter

84 3080 270 3145 ‘bilsa
295 3101 515 3146 miracula
545 3115 640 3147 non
665 3111 945 3156 numeratur,
963 3103 1040 3146 sed
1069 3101 1217 3147 solum
1244 3113 1463 3162 quantum
1488 3103 1542 3146 ad
1561 3104 1832 3147 exteriorem
1858 3113 2033 3156 actum;

123 3175 343 3211 uantum
370 3167 543 3212 scilicet
567 3168 780 3213 videbant
802 3168 1030 3223 homines,
1054 3183 1132 3213 eos
1167 3172 1241 3228 qui
1275 3169 1452 3214 fuerant
1486 3170 1679 3214 illiterati
1710 3181 1752 3214 et
1785 3169 2030 3228 simplices,

152 3233 446 3293 sapienter,
480 3246 524 3279 et
559 3246 820 3280 constanter
851 3236 998 3295 loqui:
1035 3238 1153 3281 unde
1188 3238 1350 3281 dicitur
1383 3238 1539 3281 Actor.
1574 3250 1638 3292 4.:
1671 3238 1766 3281 Vid
1759 3244 1833 3281 nt
1828 3253 1852 3281 5
1884 3237 2014 3292 Jndae
2020 3238 2034 3280 i

179 3300 196 3346 ἰ
220 3304 513 3356 constantiam,
529 3309 566 3347 et
584 3303 775 3359 Ioannis',
800 3310 1008 3362 comperto
1042 3304 1149 3362 quod
1181 3305 1363 3348 homines
1394 3307 1613 3348 essentsme
1636 3305 1777 3355 latetis,
1811 3310 1847 3347 et
1866 3304 2031 3356 idiotae,

147 3368 424 3411 irabantur.
450 3378 494 3412 et
519 3378 673 3413 tamen
699 3369 961 3427 hujusmodi
996 3371 1247 3428 spirituales
1282 3371 1480 3424 effectuS,
1515 3371 1597 3413 etsi
1626 3384 1649 3412 a
1678 3370 1908 3413 miraculis
1934 3370 2035 3414 visi-

77 3491 80 3492 7
107 3430 240 3477 bus
265 3433 610 3492 distinguantur,
642 3445 744 3479 sunt
769 3447 923 3480 tamen
950 3437 1175 3495 quaedam
1206 3437 1467 3480 testimonia
1496 3437 1742 3488 doctrinae,
1778 3447 1821 3480 et
1856 3437 2032 3480 virtutis

73 3505 77 3525 2
102 3503 143 3531 l
131 3495 266 3552 risti,
297 3499 547 3544 secundum
572 3499 684 3544 illud
710 3501 846 3545 Hebr.
870 3514 919 3545 2:
955 3502 1218 3548 contestante
1245 3505 1336 3547 Deo
1362 3505 1500 3561 signis,
1529 3509 1564 3547 et
1590 3505 1804 3562 portentis,
1833 3509 1868 3546 et
1899 3505 2033 3548 variis

44 3590 86 3634 ³5>
104 3561 316 3628 intubus,
332 3570 368 3609 et
392 3546 573 3624 Spiritus
587 3567 732 3611 Sancti
752 3567 1139 3614 distributionibus:
1168 3570 1246 3614 sed
1265 3580 1417 3613 tamen
1439 3570 1556 3613 circa
1581 3570 1754 3613 animas
1773 3570 2031 3626 hominum,

120 3641 122 3643 ·
215 3643 279 3676 ue
304 3641 525 3691 quantum
550 3631 607 3676 ad
628 3633 934 3679 immutandas
958 3634 1194 3680 inferiores
1220 3636 1352 3690 vires,
1381 3636 1590 3680 Christus
1623 3635 1774 3695 aliqua
1809 3636 2033 3681 miracula
