2352 3926
676 201 957 250 QuABsTm
998 199 1179 250 ιω.
1204 199 1515 240 summus
1556 200 1612 239 11.
2011 202 2073 256 71
2086 203 2116 256 9

164 356 166 359 f
241 304 317 354 An
347 318 537 358 PRIMUM
574 318 688 364 ergo
714 303 975 359 dicendum,
1016 303 1141 364 quod
1165 303 1366 363 sumptio
1400 302 1575 349 Christi
1599 303 1681 348 sub
1714 302 1806 349 hoc
1830 314 2120 348 sacramento

151 372 400 428 ordinatur,
426 373 543 418 sicut
568 373 623 417 ad
642 371 798 426 finem,
812 372 867 416 ad
892 370 1156 418 fruitionem
1174 372 1361 431 patriae,
1375 385 1431 416 eo
1451 371 1592 415 modo
1611 385 1703 431 quo
1722 369 1874 429 angeli
1896 385 1953 415 eo
1973 370 2123 416 fruun-

149 449 242 487 tur:
266 450 310 485 et
335 441 441 500 quia
464 454 518 485 ea
543 454 659 500 quae
686 449 791 484 sunt
811 439 868 483 ad
895 438 1048 493 finem,
1067 439 1328 483 derivantur
1349 453 1375 483 a
1398 437 1501 494 fine,
1519 438 1625 483 inde
1642 448 1710 484 est
1735 437 1860 499 quod
1885 438 1972 483 ista
1998 453 2122 482 man-

151 506 335 552 ducatio
364 507 549 562 Christi,
576 521 665 566 qua
692 520 799 551 eum
823 505 1049 551 sumimus
1075 506 1156 550 sub
1185 516 1491 559 sacramento,
1519 505 1867 565 quodammodo
1894 505 2124 551 derivatur

151 574 208 620 ab
234 574 314 619 illa
339 574 710 628 manducatione,
732 587 821 632 qua
854 572 1007 631 angeli
1042 571 1250 617 fruuntur
1283 572 1471 617 Christo
1498 573 1545 616 in
1572 574 1740 631 patria;
1768 582 1813 618 et
1836 572 1943 619 ideo
1961 572 2125 618 dicitur

151 642 297 688 homo
325 642 602 686 manducare
641 655 810 700 panem
837 639 1123 698 angelorum,
1160 640 1266 699 quia
1289 641 1455 699 primo,
1489 651 1533 685 et
1559 640 1866 700 principaliter
1899 651 1967 686 est
1993 655 2125 701 ange·

152 709 319 763 lorum,
346 710 424 768 qui
456 724 513 754 eo
540 709 748 754 fruuntur
774 707 829 753 de
855 707 1008 766 specie
1041 707 1249 766 propria;
1282 708 1553 753 secundario
1582 718 1736 753 autem
1769 718 1837 753 est
1861 708 2123 762 hominum,

153 777 231 836 qui
262 776 501 822 Christum
533 776 614 821 sub
648 785 947 820 sacramento
971 774 1215 833 accipiunt.

242 843 320 889 AD
347 856 610 889 SECUNDUM
637 842 898 895 dicendum,
923 841 1046 900 quod
1076 841 1131 884 ad
1158 841 1430 886 societatem
1457 842 1663 901 corporis
1690 842 1874 902 mystici
1899 841 2125 902 pertinent

152 910 341 970 quidem
366 920 411 955 et
435 910 666 963 homines,
682 919 728 954 et
754 907 930 967 angeli3
956 908 1037 952 sed
1054 907 1269 952 homines
1295 922 1376 966 per
1402 908 1556 963 fidem,
1584 909 1736 968 angeli
1762 920 1915 954 autem
1937 924 2016 970 per
2031 924 2125 954 ma-

153 977 364 1023 nifestam
397 977 650 1022 visionem:
678 985 966 1021 sacramenta
993 985 1147 1020 autem
1179 975 1586 1034 proportionantur
1617 976 1737 1031 fidei,
1770 991 1850 1036 per
1876 991 2017 1036 quarn
2038 991 2122 1022 ve-

3 1058 6 1060 ’
77 1105 82 1108 .
153 1045 262 1090 ritas
287 1044 465 1090 videtur
489 1045 536 1088 in
563 1043 766 1103 speculo,
810 1053 854 1087 et
893 1043 942 1086 in
985 1043 1269 1101 aenigmate;
1304 1052 1348 1086 et
1379 1042 1500 1096 ideo,
1533 1044 1715 1102 proprie
1751 1043 2003 1103 loquendo,
2028 1058 2124 1090 non

152 1111 344 1172 angelis,
370 1112 449 1156 sed
475 1111 738 1156 hominibus
763 1109 979 1154 convenit
1011 1109 1289 1154 manducare
1322 1109 1612 1168 spiritualiter
1643 1110 1734 1154 hoc
1766 1120 2123 1156 sacramentum.

241 1179 319 1224 AD
346 1191 565 1224 TERTIUM
590 1177 852 1231 dicendum,
890 1177 1013 1236 quod
1052 1176 1260 1222 Christus
1293 1186 1448 1221 manet
1484 1178 1532 1221 in
1573 1176 1838 1222 hominibus
1870 1179 2123 1224 secundum

153 1256 442 1307 praesentem
468 1256 636 1291 statum
668 1259 749 1305 per
780 1245 940 1299 fidem;
969 1245 1048 1288 sed
1080 1244 1127 1288 in
1155 1244 1328 1302 angelis
1355 1245 1513 1296 beatis·
1533 1255 1601 1289 est
1631 1259 1712 1304 per
1738 1245 2029 1291 manifestam
2060 1246 2125 1290 vi-

154 1316 357 1362 sionem:
389 1324 434 1361 et
465 1314 571 1359 ideo
592 1327 688 1358 non
721 1323 789 1358 est
814 1312 978 1366 simile,
1011 1312 1129 1356 sicut
1154 1312 1327 1356 dictum
1361 1322 1429 1356 est
1460 1312 1528 1370 (in
1557 1312 1677 1358 solut.
1702 1313 1886 1372 praec).

871 1490 1307 1549 ARTICULUS
1344 1491 1444 1547 III.
2038 1506 2127 1564 480

434 1643 628 1682 UTRUM
669 1642 841 1681 SOLUS
884 1642 1048 1681 HOMO
1083 1642 1284 1696 JUSTUS
1326 1643 1518 1681 POSSIT
1562 1643 1845 1682 CHRISTUM

679 1724 1209 1765 SACRAMENTALITER
1249 1725 1608 1764 MANDUCARE.

482 1847 549 1905 (4.
574 1847 689 1892 Dist.
713 1862 755 1906 9.
782 1852 864 1892 art.
891 1862 931 1892 2.
953 1862 992 1906 q.
1019 1863 1054 1892 ι.
1081 1853 1120 1892 et
1144 1861 1184 1892 2.
1217 1853 1253 1892 et
1284 1853 1365 1892 art.
1387 1863 1424 1907 3.
1452 1863 1491 1907 q.
1514 1862 1554 1893 2.
1577 1855 1693 1908 corp.
1721 1849 1797 1907 fin.

693 1921 731 1959 et
761 1915 875 1960 Dist.
902 1929 965 1960 12.
994 1929 1031 1973 q.
1059 1929 1095 1960 1.
1122 1920 1203 1960 art.
1229 1929 1268 1960 2.
1297 1929 1335 1973 q.
1368 1929 1409 1960 2.
1437 1915 1588 1975 corp).

242 2041 321 2087 AD
349 2052 567 2086 TERTIUM
589 2040 654 2084 sic
677 2040 950 2100 proceditur.
973 2038 1178 2094 Videtur,
1202 2040 1326 2100 quod
1351 2039 1504 2085 nullus
1526 2041 1669 2100 possit
1691 2041 1970 2086 manducare
1999 2041 2128 2086 Chri-

154 2119 278 2155 stum
304 2107 707 2160 sacramentaliter,
733 2108 820 2151 nisi
838 2108 982 2152 homo
999 2108 1168 2165 justus:
1193 2108 1303 2152 dicit
1328 2110 1450 2152 enim
1468 2109 1662 2167 August.
1690 2110 1736 2153 in
1763 2109 1838 2154 lib.
1863 2111 1919 2154 de
1936 2109 2129 2155 Remed.

154 2176 413 2231 Poenitent.
455 2174 573 2233 (hab.
600 2180 728 2219 tract.
761 2189 822 2233 25.
856 2175 901 2218 in
926 2175 1054 2231 Joan.
1087 2177 1186 2220 circ.
1220 2175 1372 2232 med.):
1410 2191 1433 2217 t<
1467 2175 1531 2221 Ut
1556 2176 1663 2235 quid
1690 2191 1821 2235 paras
1853 2177 2053 2231 dentem,
2086 2186 2131 2222 et

154 2241 398 2289 ventrem?
434 2241 598 2295 Crede,
626 2251 670 2285 et
702 2241 1012 2296 manducasti3
1035 2242 1219 2287 credere
1243 2244 1424 2287 enimin
1451 2257 1572 2298 eum,
1588 2244 1679 2288 hoc
1700 2254 1767 2289 est
1783 2259 1948 2304 panem
1974 2245 2131 2289 vivum

157 2310 435 2356 manducare
467 2324 524 2363 »3
557 2308 638 2353 sed
671 2318 887 2366 peccator
917 2322 1011 2353 non
1046 2309 1189 2354 credit
1219 2310 1267 2353 in
1299 2324 1420 2364 eum,
1453 2311 1560 2370 quia
1590 2325 1685 2355 non
1718 2311 1855 2356 habet
1879 2312 2019 2357 fidem
2044 2311 2132 2357 for-

160 2388 351 2430 matam,
378 2375 434 2420 ad
466 2389 603 2435 quam
630 2375 826 2435 pertinet
851 2375 1035 2433 credere
1067 2376 1115 2419 in
1141 2377 1310 2431 Deum,
1338 2387 1386 2422 ut
1416 2378 1464 2422 in
1497 2390 1537 2422 2.
1565 2378 1773 2423 habitum
1800 2389 1867 2424 est
1881 2379 1983 2436 (2-2.
2017 2394 2055 2439 q.
2087 2393 2130 2437 4.

156 2451 227 2491 art
245 2444 336 2505 5.),·
380 2456 492 2502 ergo
524 2451 741 2503 peccator
771 2456 867 2487 non
897 2452 1049 2503 potest
1080 2444 1360 2488 manducare
1393 2444 1484 2489 hoc
1518 2456 1874 2501 sacramentum,
1907 2446 2031 2507 quod
2065 2458 2133 2492 est

157 2526 288 2573 panis
313 2525 458 2556 vivus.

246 2591 286 2623 2.
303 2578 601 2623 PRAETEREA.
628 2577 731 2622 Hoc
763 2587 1103 2622 sacramentum
1129 2578 1329 2623 maxime
1351 2579 1515 2624 dicitur
1538 2594 1636 2625 esse
1654 2591 1996 2626 sacramentum
2026 2581 2130 2626 cha-

157 2645 324 2707 sitatis,
350 2655 400 2689 ut
430 2658 567 2703 supra
592 2643 766 2690 dictum
794 2654 862 2689 est
887 2645 948 2704 (q.
974 2653 1119 2705 praec.
1147 2651 1227 2690 art.
1253 2645 1354 2703 4.).·
1388 2646 1467 2691 sed
1505 2647 1622 2692 sicut
1661 2643 1868 2693 infideles
1900 2648 2133 2707 privantur

159 2713 262 2767 fide,
288 2713 351 2756 ita
377 2725 538 2757 omnes
556 2721 822 2770 peccatores
848 2714 1080 2771 privantur
1107 2712 1356 2758 charitate:
1382 2713 1588 2760 infideles
1616 2725 1770 2760 autem
1801 2729 1896 2759 non
1921 2715 2132 2760 videntur

160 2794 296 2840 posse
321 2777 714 2824 sacramentaliter
739 2792 919 2823 sumere
942 2779 1035 2824 hoc
1060 2790 1419 2835 sacramentum,
1453 2796 1559 2826 cum
1586 2781 1633 2826 in
1659 2781 1806 2827 forma
1830 2782 1965 2840 hujus
1987 2796 2134 2827 sacra-

161 2847 306 2892 menti
331 2846 525 2891 dicatur:
563 2862 587 2887 «
612 2845 883 2904 Mysterium
909 2844 1015 2890 fidei
1037 2862 1078 2901 »;
1106 2860 1215 2906 ergo
1240 2847 1339 2906 pari
1364 2847 1541 2899 ratione
1558 2863 1707 2908 neque
1735 2847 1897 2908 aliquis
1914 2859 2133 2908 peccator

160 2924 311 2976 potest
337 2926 503 2973 corpus
527 2911 698 2957 Christi
725 2912 1115 2958 sacramentaliter
1138 2914 1433 2966 manducare.

254 2996 292 3042 3.
318 2981 615 3025 PRAETEREA.
639 2979 862 3023 Peccator
887 2979 1034 3039 magis
1061 2990 1128 3024 est
1154 2981 1473 3027 abominabilis
1493 2982 1613 3036 Deo,
1631 2996 1770 3042 quam
1793 2992 2001 3028 creatura
2027 2982 2135 3029 irra-

158 3048 362 3095 tionalis:
387 3047 550 3092 dicitur
577 3045 700 3090 enim
725 3046 770 3089 in
798 3045 869 3089 Ps.
896 3045 968 3100 48.
993 3046 1049 3091 de
1075 3047 1265 3092 homine
1301 3058 1569 3108 peccatore:
1596 3049 1753 3102 Homo,
1778 3064 1872 3094 cum
1899 3051 1944 3094 in
1979 3050 2133 3096 honore

161 3122 269 3170 esset,
287 3130 372 3160 non
394 3114 620 3165 intellexit;
644 3118 907 3171 comparatus
927 3119 982 3158 est
1001 3116 1201 3173 jumentis
1226 3117 1532 3175 insipientibus,
1552 3122 1587 3160 et
1610 3116 1764 3161 similes
1779 3117 1922 3175 sactus
1947 3123 2001 3162 est
2023 3118 2132 3165 illis:

162 3182 242 3229 sed
269 3180 439 3227 animal
464 3181 662 3235 brutum,
688 3189 796 3239 puta
822 3192 939 3233 muS,
973 3190 1049 3225 aut
1076 3181 1215 3236 canis,
1241 3196 1336 3226 non
1362 3192 1513 3242 potest
1547 3197 1728 3227 sumere
1760 3183 1852 3227 hoc
1877 3198 2131 3230 sacramen-

162 3259 275 3306 tum,
306 3250 423 3295 sicut
443 3248 602 3292 etiam
627 3260 722 3292 non
754 3255 904 3304 potest
946 3261 1125 3292 sumere
1157 3259 1496 3293 sacramentum
1528 3250 1771 3309 baptismi3
1798 3265 1910 3309 ergo
1937 3251 2132 3308 videtur,

164 3317 287 3378 quod
314 3317 408 3375 pari
435 3315 611 3359 ratione
637 3328 784 3373 neque
812 3323 1076 3374 peccatores
1098 3315 1189 3360 hoc
1218 3326 1558 3361 sacramentum
1586 3317 1878 3362 manducent.

256 3383 351 3428 SED
384 3395 580 3428 CONTRA
614 3391 693 3436 est,
731 3379 853 3439 quod
890 3394 1026 3439 super
1051 3379 1161 3426 illud
1193 3383 1323 3441 Joan.
1352 3380 1414 3428 6.:
1449 3384 1595 3428 Patres
1614 3386 1740 3428 vestri
1770 3384 2133 3433 manducaverunt

165 3464 326 3496 manna
349 3452 395 3495 in
420 3450 588 3503 deserto,
617 3456 656 3494 et
686 3449 842 3492 mortui
865 3454 972 3502 sunt,
1001 3448 1110 3494 dicit
1127 3450 1409 3509 Augustinus
1436 3451 1583 3508 (tract.
1610 3451 1680 3496 26.
1715 3453 1759 3496 in
1779 3453 1902 3509 Joan.
1936 3467 1963 3498 a
1986 3454 2132 3511 med.).·

169 3533 194 3559 α
219 3517 358 3564 Multi
379 3517 436 3563 de
453 3516 583 3562 altari
609 3515 851 3575 accipiunt,
865 3525 908 3560 et
920 3516 1189 3576 accipiendo
1213 3518 1483 3573 moriuntur,
1511 3518 1629 3563 unde
1656 3519 1765 3564 dicit
1795 3520 1958 3581 Apost.
1977 3537 1988 3567 :
2007 3522 2132 3580 Judi-

167 3584 325 3635 dicium
343 3585 434 3641 ,sibi
457 3583 699 3640 manducat,
733 3590 769 3629 et
795 3582 1046 3629 bibitmsed
1076 3598 1171 3630 non
1193 3585 1449 3630 moriuntur
1473 3586 1699 3632 sumendo
1726 3587 1811 3633 nisi
1828 3599 2097 3649 peccatores
2119 3604 2132 3645 ;
