2352 3926
568 229 847 276 QUAESTIO
886 228 1148 269 LXXXVIII.
1189 228 1497 269 ARTICULUS
1537 228 1595 270 11.
1980 213 2085 284 817

101 357 119 369 ··
139 333 293 380 Tanto
320 333 442 379 enim
468 343 536 380 est
560 333 707 392 major
730 330 1021 391 ingratitudo,
1047 341 1217 393 quanto
1243 331 1424 390 gravius
1449 341 1516 376 est
1541 340 1795 391 peccatum,
1830 330 1954 390 quod
1991 330 2090 389 quis

138 411 296 447 contra
320 401 474 446 Deum
499 400 746 445 committit
768 409 873 459 post
895 398 1168 444 beneficium
1194 398 1475 444 remissionis
1500 408 1818 458 peccatorum:
1853 396 1933 442 sed
1959 411 2096 456 quae-

137 467 245 513 dam
272 467 359 512 alia
384 478 571 527 peccata
597 477 700 511 sunt
725 466 796 510 his
823 465 1056 524 graviora;
1084 465 1200 510 sicut
1224 464 1508 524 blasphemia
1534 475 1693 510 contra
1724 465 1894 519 Deum,
1921 474 1967 509 et
1991 477 2093 523 pec-

138 545 292 580 catum
316 534 364 579 in
405 534 625 593 Spiritum
659 533 904 587 Sanctum;
931 546 1041 591 ergo
1083 532 1274 586 videtur,
1293 532 1423 590 quod
1454 542 1642 590 peccata
1674 531 1860 576 dimissa
1898 544 1993 575 non
2025 544 2094 575 re-

138 602 272 648 deant
296 602 443 660 magis
469 601 718 646 secundum
743 599 1114 659 ingratitudinem
1156 599 1452 644 commissam
1479 598 1730 644 secundum
1751 598 1866 643 haec
1888 606 2092 657 peccata,

138 684 276 731 quam
300 669 551 715 secundum
575 668 677 713 alia.

227 750 268 782 2.
293 737 590 795 PRAETEREA.
618 735 831 780 Rabanus
857 734 965 779 dicit
991 734 1165 793 (implic.
1193 734 1264 778 lib.
1285 748 1322 792 5.
1349 734 1395 778 in
1420 734 1571 778 Matth.
1590 733 1720 792 infin.
1743 739 1782 779 et
1803 733 1896 778 hab.
1915 740 2027 792 caps
2044 732 2091 778 Si

131 803 277 862 sudas,
303 805 371 849 De
395 804 555 848 Poenit.
581 803 693 847 Dist.
718 803 781 859 4.)
797 817 812 846 .·
836 817 859 842 «
879 801 1090 859 Nequam
1106 815 1287 845 servum
1303 800 1485 845 tradidit
1500 801 1625 844 Deus
1642 799 1903 854 tortoribus,
1920 799 2092 858 quoad-

138 884 280 930 usque
320 870 526 914 redderet
565 869 827 913 universum
867 867 1089 912 debiturn:
1133 867 1237 925 quia
1274 882 1368 910 non
1408 867 1560 911 solum
1600 877 1800 926 peccata,
1841 880 1957 926 quae
1988 874 2091 926 post

136 937 414 997 baptismum
439 936 582 980 homo
609 935 716 994 egit,
741 934 1063 994 reputabantur
1087 934 1129 978 ei
1155 934 1210 977 ad
1232 948 1446 992 poenam,
1467 934 1547 978 sed
1569 943 1614 978 et
1631 933 1884 993 originalia,
1907 947 2023 993 quae
2044 933 2092 978 in

136 1004 364 1064 baptismo
389 1013 492 1048 sunt
518 1003 559 1046 ei
585 1002 770 1046 dimissa
795 1016 845 1045 »t
873 1001 951 1045 sed
979 1001 1117 1045 etiam
1142 1012 1330 1060 peccata
1356 1001 1549 1045 venialia
1575 1001 1691 1045 inter
1717 1002 1865 1046 debita
1902 1014 2094 1060 compu-

136 1080 302 1124 tantur,
327 1084 410 1130 pro
436 1070 596 1128 quibus
621 1069 836 1112 dicimus:
866 1083 890 1109 «
911 1068 1103 1112 Dimitte
1129 1067 1258 1112 nobis
1285 1068 1434 1111 debita
1459 1078 1615 1112 nostra
1635 1083 1677 1122 »;
1699 1083 1809 1126 ergo
1832 1069 1928 1127 ipsa
1951 1068 2090 1112 etiam

137 1137 324 1183 redeunt
350 1151 428 1196 per
453 1136 845 1194 ingratitudinem;
873 1145 917 1179 et
941 1135 1036 1194 pari
1052 1136 1225 1179 ratione
1244 1134 1433 1189 videtur,
1452 1135 1573 1194 quod
1593 1149 1672 1192 per
1690 1145 1877 1194 peccata
1894 1134 2092 1180 venialia

138 1204 327 1250 redeant
350 1213 536 1263 peccata
562 1204 683 1262 prius
710 1202 910 1256 dimissa,
938 1212 983 1247 et
1008 1216 1102 1246 non
1127 1201 1279 1246 solum
1305 1215 1385 1260 per
1410 1211 1597 1261 peccata
1622 1202 1863 1259 praedicta.

231 1286 268 1331 3.
294 1271 591 1316 PRAETEREA.
620 1269 773 1314 Tanto
792 1280 858 1314 est
879 1270 1027 1327 major
1043 1268 1334 1327 ingratitudo,
1351 1278 1520 1327 quanto
1539 1278 1641 1328 post
1657 1271 1802 1326 majus
1818 1268 2091 1314 beneficium

139 1348 380 1399 acceptum
405 1337 567 1397 aliquis
593 1347 775 1396 peccat:
802 1337 882 1382 sed
907 1336 1180 1381 beneficium
1206 1336 1296 1380 Dei
1322 1346 1390 1380 est
1414 1336 1552 1380 etiam
1578 1336 1675 1394 ipsa
1700 1336 1977 1390 innocentia,
2005 1351 2093 1395 qua

138 1415 378 1467 peccatum
402 1405 621 1459 vitamus3
649 1405 757 1448 dicit
782 1404 904 1448 enim
930 1403 1123 1462 August.
1146 1403 1191 1446 in
1210 1416 1248 1447 2.
1269 1402 1477 1448 Confess.
1495 1403 1610 1463 (cap.
1629 1403 1688 1463 7.)
1702 1419 1715 1448 .·
1746 1419 1769 1445 c<
1789 1403 1973 1448 Gratiae
1989 1413 2093 1448 tuae

140 1473 321 1533 deputo,
346 1486 662 1532 quaecumque
687 1481 873 1531 peccata
894 1485 988 1515 non
1009 1470 1099 1516 feci
1120 1485 1170 1514 »ε
1199 1472 1345 1529 majus
1369 1480 1521 1515 autem
1544 1471 1717 1514 donum
1735 1480 1802 1515 est
1818 1470 2093 1525 innocentia,

141 1554 279 1600 quam
305 1539 442 1585 etiam
467 1539 676 1584 remissio
701 1538 908 1583 omniurn
926 1547 1245 1598 peccatorum3
1264 1551 1374 1597 ergo
1391 1551 1485 1582 non
1503 1538 1651 1582 minus
1671 1547 1739 1582 est
1753 1538 1955 1597 ingratus
1975 1538 2095 1592 Deo,

140 1607 218 1667 qui
242 1606 391 1666 primo
417 1616 576 1666 peccat
600 1615 704 1665 post
727 1605 1054 1660 innocentiam,
1091 1619 1230 1664 quarn
1256 1605 1333 1664 qui
1358 1614 1520 1664 peccat
1543 1615 1648 1664 post
1672 1604 2024 1664 poenitentiam:
2053 1615 2097 1649 et

139 1674 203 1719 ita
227 1673 416 1729 videtur,
442 1673 564 1732 quod
589 1687 669 1731 per
692 1672 1078 1732 ingratitudinem,
1111 1686 1226 1731 quae
1253 1671 1302 1716 fit
1334 1672 1585 1716 secundum
1625 1682 1813 1731 peccata
1851 1671 2098 1732 praedicta,

140 1754 235 1785 non
261 1739 459 1784 maxime
483 1739 671 1784 redeant
693 1749 881 1799 peccata
907 1739 1106 1784 dimissa.

233 1806 327 1852 SED
354 1819 549 1853 CONTRA
575 1817 655 1860 est,
667 1807 788 1865 quod
808 1806 946 1864 Greg.
971 1806 1080 1851 dicit
1096 1807 1161 1851 18.
1178 1805 1340 1850 Moral.
1359 1806 1476 1864 (hab.
1499 1806 1571 1850 lib.
1587 1820 1629 1863 4.
1647 1806 1817 1865 Dialog.
1837 1814 1929 1867 cap.
1950 1806 2026 1851 ult.
2044 1806 2097 1851 ad

131 1875 257 1935 fin.):
288 1889 312 1916 «
328 1873 395 1918 Ex
417 1873 546 1918 dictis
570 1873 845 1932 evangelicis
868 1883 1059 1927 constat,
1073 1873 1194 1932 quod
1217 1873 1255 1918 si
1273 1873 1394 1932 quod
1411 1873 1458 1916 in
1480 1887 1564 1917 nos
1583 1872 1870 1932 delinquitur,
1884 1887 1939 1917 ex
1961 1873 2099 1917 corde

142 1955 237 1986 non
262 1940 554 1996 dimittimus;
582 1950 626 1984 et
646 1939 756 1984 illud
779 1955 930 1984 rursus
949 1941 1154 1999 exigitur,
1178 1939 1300 1999 quod
1317 1940 1449 1984 nobis
1466 1941 1559 1999 jam
1581 1954 1660 1999 per
1686 1941 2012 1998 poenitentiam
2040 1940 2100 1984 di-

145 2008 336 2054 missum
361 2007 498 2053 fuisse
525 2007 835 2066 gaudebamus
853 2023 901 2052 »:
929 2017 974 2052 et
998 2008 1060 2052 ita
1082 2017 1265 2066 propter
1283 2007 1440 2051 odium
1460 2007 1709 2051 fraternum
1731 2006 1986 2066 specialiter
2002 2021 2103 2067 pec-

145 2085 247 2121 cata
263 2075 448 2119 dimissa
463 2075 654 2119 redeunt
669 2074 922 2119 secundum
938 2074 1331 2133 ingratitudinem:
1351 2084 1396 2118 et
1412 2074 1573 2118 eadem
1590 2076 1704 2118 ratio
1717 2074 1894 2118 videtur
1913 2074 1967 2119 de
1986 2074 2100 2120 aliis.

232 2141 522 2187 strounzo
550 2141 808 2195 dicendum,
835 2141 971 2200 quod,
997 2141 1114 2185 sicut
1138 2155 1273 2200 supra
1300 2142 1471 2186 dictum
1495 2151 1562 2186 est
1587 2142 1683 2198 (art.
1711 2143 1888 2201 praec),
1907 2151 2097 2200 peccata

143 2208 329 2255 dimissa
354 2222 434 2268 per
457 2208 786 2268 poenitentiam
803 2208 948 2252 redire
966 2207 1176 2252 dicuntur
1193 2210 1461 2267 inquantum
1486 2218 1637 2253 reatus
1661 2222 1820 2253 eorum
1847 2209 2021 2254 ratione
2038 2209 2101 2253 in-

144 2276 428 2335 gratitudinis
453 2275 703 2320 virtualiter
727 2276 985 2320 continetur
1015 2275 1062 2319 in
1088 2286 1277 2334 peccato
1305 2277 1523 2335 sequenti.
1541 2277 1824 2335 Ingratitudo
1852 2288 2006 2322 autem
2023 2292 2099 2338 po-

143 2353 232 2390 test
255 2343 482 2388 committi
497 2343 748 2402 dupliciter:
780 2357 863 2387 uno
889 2342 1009 2387 modo
1036 2357 1090 2387 ex
1116 2357 1172 2388 eo
1191 2343 1313 2402 quod
1341 2343 1509 2403 aliquid
1535 2343 1586 2388 fit
1611 2354 1770 2388 contra
1800 2345 2100 2400 beneficium3

146 2420 191 2456 et
206 2410 297 2455 hoc
316 2410 456 2454 modo
474 2424 554 2469 per
574 2423 713 2454 omne
730 2419 970 2469 peccatum
995 2409 1205 2464 mortale,
1223 2424 1314 2469 quo
1332 2411 1486 2455 Deum
1503 2410 1706 2465 offendit,
1732 2411 1931 2456 redditur
1956 2413 2099 2457 homo

145 2477 348 2537 ingratus
368 2477 487 2531 Deo,
506 2477 583 2536 qui
607 2487 796 2536 peccata
821 2476 1015 2523 remisit:
1043 2487 1088 2521 et
1111 2477 1178 2522 sic
1205 2492 1286 2537 per
1308 2477 1541 2536 quodlibet
1557 2488 1797 2536 peccatum
1814 2479 2007 2524 mortale
2034 2493 2098 2524 se-

149 2559 291 2604 quens
315 2545 505 2589 redeunt
534 2554 723 2604 peccata
753 2545 876 2604 prius
908 2544 1109 2599 dimissa,
1141 2545 1316 2590 ratione
1335 2546 1680 2605 ingratitudinis.
1707 2547 1808 2592 Alio
1834 2546 1954 2591 modo
1982 2561 2104 2592 corn-

150 2610 340 2656 mittitur
361 2610 655 2669 ingratitudo,
678 2625 775 2656 non
790 2610 942 2656 solum
966 2610 1178 2656 faciendo
1206 2622 1364 2656 contra
1381 2613 1529 2672 ipsum
1546 2612 1833 2667 beneficium,
1859 2613 1937 2657 sed
1964 2613 2103 2657 etiam

149 2676 361 2723 faciendo
388 2687 548 2738 contra
567 2677 765 2723 formam
785 2678 995 2723 beneficii
1019 2679 1232 2738 praestiti.
1255 2679 1388 2732 Quae
1415 2680 1599 2738 quidem
1616 2679 1766 2723 forma
1791 2681 1828 2724 si
1850 2680 2103 2724 attendatur

150 2759 205 2789 ex
230 2755 355 2804 parte
371 2744 686 2800 benefactoris,
707 2755 774 2790 est
795 2745 1002 2790 remissio
1022 2746 1301 2800 debitorum3
1319 2746 1437 2791 unde
1456 2756 1614 2791 contra
1630 2747 1749 2790 hanc
1766 2746 1963 2790 formam
1980 2746 2102 2801 facit,

153 2811 230 2871 qui
254 2811 379 2856 fratri
403 2812 573 2871 petenti
596 2812 780 2856 veniam
803 2827 899 2857 non
923 2813 1125 2868 remittit,
1152 2813 1230 2858 sed
1257 2814 1415 2858 odium
1432 2824 1567 2858 tenet.
1595 2814 1646 2858 Si
1671 2823 1825 2858 autem
1850 2814 2105 2859 attendatur

153 2892 207 2923 ex
236 2888 364 2937 parte
393 2878 682 2937 poenitentis,
708 2879 785 2938 qui
809 2879 975 2938 accipit
998 2879 1088 2924 hoc
1114 2880 1400 2934 beneficium,
1426 2880 1652 2924 invenitur
1678 2895 1732 2924 ex
1757 2890 1882 2939 parte
1904 2882 1999 2938 ejus
2026 2881 2103 2926 du-

146 2945 244 3004 plex
266 2954 420 2990 motus
451 2944 580 2989 liberi
611 2946 803 3000 arbitrii;
829 2960 1025 3005 quorum
1044 2949 1212 3007 primus
1236 2958 1304 2993 est
1329 2957 1481 2992 motus
1506 2947 1636 2992 liberi
1668 2947 1838 2991 arbitrii
1862 2948 1909 2991 in
1930 2948 2104 3003 Deum,

153 3011 232 3072 qui
256 3022 325 3057 est
350 3021 475 3056 actus
498 3011 603 3056 fidei
626 3011 875 3067 formatae;
908 3023 952 3058 et
983 3023 1142 3058 contra
1171 3014 1261 3059 hoc
1294 3014 1403 3059 facit
1433 3014 1578 3058 homo
1604 3015 1902 3073 apostatando
1929 3029 1955 3058 a
1986 3014 2099 3061 fide:

150 3079 347 3124 secundus
373 3089 524 3123 autem
543 3089 609 3124 est
634 3079 799 3125 modus
826 3079 954 3125 liberi
987 3080 1156 3125 arbitrii
1179 3082 1226 3125 in
1253 3091 1507 3141 peccatum,
1534 3081 1611 3140 qui
1633 3091 1701 3126 est
1723 3091 1847 3126 actus
1871 3082 2103 3140 poeniten·

151 3146 255 3191 tiae.
287 3146 362 3190 Ad
387 3159 526 3205 quem
546 3148 691 3206 primo
716 3147 923 3206 pertinet,
940 3157 988 3192 ut
1012 3162 1147 3208 supra
1174 3149 1346 3193 dictum
1373 3157 1440 3192 est
1465 3148 1525 3206 (q.
1552 3149 1613 3206 85.
1640 3154 1720 3193 art.
1747 3163 1787 3194 2.
1814 3155 1855 3193 et
1873 3149 1949 3208 5.),
1977 3149 2100 3208 quod

152 3213 296 3257 homo
323 3213 567 3258 detestetur
591 3223 778 3272 peccata
799 3214 1061 3273 praeterita:
1088 3225 1133 3260 et
1151 3224 1309 3259 contra
1326 3215 1416 3259 hoc
1439 3214 1545 3259 facit
1561 3214 1653 3269 ille,
1680 3217 1756 3275 qui
1779 3215 1904 3260 dolet
1928 3230 1976 3260 se
1998 3229 2103 3275 poe-

153 3280 366 3326 nituisse:
398 3280 572 3325 secundo
599 3281 789 3340 pertinet
820 3282 875 3325 ad
908 3292 1060 3326 actum
1093 3282 1413 3341 poenitentiae,
1447 3292 1495 3326 ut
1527 3282 1764 3340 poenitens
1797 3293 2023 3342 proponat
2053 3297 2102 3328 se
2177 3288 2185 3296 “

155 3347 374 3405 subjicere
401 3346 602 3392 clavibus
623 3345 855 3392 Ecclesiae
878 3363 956 3407 per
976 3349 1326 3403 confessionem,
1350 3348 1600 3393 secundum
1616 3349 1727 3393 illud
1750 3350 1823 3394 Ps.
1851 3364 1939 3409 31.:
1966 3351 2102 3395 Dixi:

158 3413 394 3473 Confitebor
418 3414 640 3459 adversum
662 3430 723 3458 me
750 3417 999 3473 injustitiam
1021 3431 1154 3461 meam
1177 3418 1390 3461 Domino:
1413 3423 1448 3460 et
1470 3423 1513 3461 tu
1531 3418 1724 3462 remisisti
1748 3419 1996 3477 impietatum
2015 3426 2108 3477 pec-

158 3483 243 3526 cati
266 3482 373 3526 mei:
401 3491 447 3526 et
472 3491 629 3526 contra
655 3481 746 3527 hoc
761 3481 871 3526 facit
895 3482 970 3527 ille
987 3483 1065 3542 qui
1083 3483 1334 3528 contemnit
1350 3483 1569 3537 confiteri,
1591 3483 1841 3528 secundum
1860 3484 1982 3544 quod
2004 3498 2105 3543 pro-

159 3558 386 3607 posuerat.
401 3548 459 3593 Et
473 3545 578 3594 ideo
595 3549 770 3604 dicitur,
789 3549 909 3608 quod
927 3550 1180 3610 specialiter
1196 3550 1473 3610 ingratitudo
1494 3551 1661 3596 horum
1683 3562 1979 3612 peccatorum
1999 3551 2108 3597 facit

157 3613 304 3660 redire
328 3625 516 3676 peccata
539 3616 662 3676 prius
684 3617 884 3662 dimissa.

335 3717 370 3752 S.
397 3717 551 3755 Tamtu
576 3718 708 3755 Summa
739 3718 941 3766 Theologica.
965 3719 1047 3756 Vol.
1076 3719 1137 3755 lv.
1891 3731 1930 3765 5²
