2352 3926
600 227 878 275 Quaasno
919 226 1492 267 Lxxxtv.AR'rlcU1.us
1531 226 1588 265 11.
1963 216 2067 281 779

117 338 197 376 est
208 338 364 374 autem
392 331 493 385 (art.
514 338 657 406 praec.
683 329 740 375 ad
762 345 798 376 r.
829 336 869 376 et
898 345 923 376 a
927 332 977 386 .),
1011 330 1134 407 quod
1167 329 1357 374 materia
1389 328 1598 389 proxima
1630 327 1774 395 hujus
1797 326 2072 372 sacramenti

30 415 39 443 2
114 407 219 442 sunt
243 407 370 441 actus
394 396 685 455 poenitentis,
728 398 855 456 cujus
883 398 1071 441 materia
1095 407 1201 441 sunt
1221 406 1422 456 peccata,
1446 397 1500 440 de
1527 395 1688 455 quibus
1714 375 1852 450 dolet,
1879 403 1926 439 et
1956 408 2072 453 quae

36 461 40 464 ’
116 462 372 518 confitetur,
400 474 444 508 et
468 478 551 540 pro
578 464 740 523 quibus
771 463 1017 519 satisfacit;
1052 464 1169 508 unde
1204 462 1485 522 relinquitur,
1517 462 1641 522 quod
1673 471 1852 506 remota
1883 461 2074 506 materia

114 530 420 591 poenitentiae
446 531 534 575 sint
560 542 762 590 peccata,
784 546 878 576 non
905 531 1198 590 acceptanda,
1225 531 1304 575 sed
1332 530 1608 583 detestanda,
1637 538 1681 574 et
1702 529 1987 574 destruenda.

202 597 278 643 AD
301 610 489 643 famum
515 612 625 657 ergo
654 598 914 652 dicendum,
942 598 1064 657 quod
1092 599 1206 642 ratio
1233 597 1310 642 illa
1336 597 1542 655 procedit
1567 597 1622 641 de
1644 597 1852 656 proxima
1884 596 2073 640 materia

114 665 402 711 sacramenti.

0 772 8 790 ,
134 757 135 760 =
203 732 280 777 An
312 745 574 778 SECUNDUM
600 733 860 786 dicendum,
887 732 1009 791 quod
1034 741 1180 786 vetus,
1208 742 1252 776 et
1274 730 1479 776 mortalis
1501 731 1592 775 vita
1617 739 1684 775 est
1710 731 1942 790 objectum
1964 743 2074 790 poe·

0 789 15 852 {J
114 798 346 853 nitentiae‚
370 813 464 843 non
491 800 666 843 ratione
693 813 884 858 poenae,
911 799 990 843 sed
1017 799 1192 842 ratione
1221 797 1380 857 culpae
1408 812 1626 843 annexae.

0 866 24 928 {3
201 866 281 911 AD
310 878 525 911 TERTmM
551 866 808 919 dicendum,
841 866 962 924 quod
995 865 1275 924 poenitentia
1301 865 1645 923 quodammodo
1679 875 1748 910 est
1791 864 1847 909 de
1872 863 2077 924 quolibet

0 935 2 944 ²
112 942 410 994 peccatorum
435 947 623 1009 genere:
650 947 745 977 non
771 942 925 976 tamen
953 932 1118 976 eodem
1145 932 1309 987 modo;
1337 946 1442 975 nam
1472 932 1526 976 de
1553 942 1743 990 peccato
1767 931 1934 976 actuali
1956 944 2075 976 mor-

112 997 194 1046 tali
224 1010 293 1045 est
323 1000 601 1060 poenitentia
633 999 828 1059 proprie,
862 1009 905 1043 et
937 998 1264 1058 principaliter:
1309 999 1488 1057 proprie
1525 999 1724 1057 quidem,
1763 999 1869 1058 quia
1893 998 2074 1058 proprie

113 1067 307 1113 dicimur
332 1067 565 1127 poenitere
592 1067 647 1111 de
679 1067 764 1120 his,
798 1081 913 1126 quae
946 1077 1101 1111 nostra
1132 1065 1366 1110 voluntate
1402 1066 1743 1120 commisimus3
1769 1065 2075 1125 principaliter

113 1144 281 1189 amem,
300 1134 407 1194 quia
434 1135 490 1178 ad
517 1133 795 1178 deletionem
828 1134 1006 1193 peccati
1031 1132 1236 1178 mortalis
1268 1133 1359 1177 hoc
1392 1143 1730 1177 sacramentum
1756 1145 1825 1177 est
1849 1133 2074 1192 principa-

110 1200 217 1247 liter·
236 1201 506 1246 institutum.
530 1201 601 1245 De
626 1201 824 1260 peccatis
847 1212 998 1245 autem
1015 1200 1267 1244 venialibus
1283 1210 1351 1244 est
1367 1199 1552 1259 quidem
1575 1200 1852 1259 poenitentia
1878 1200 2073 1259 proprie,

110 1268 382 1328 inquantum
407 1278 512 1313 sunt
536 1279 693 1313 nostra
719 1268 952 1312 voluntate
979 1267 1121 1312 facta:
1148 1282 1243 1311 non
1269 1277 1424 1312 tamen
1448 1278 1608 1311 contra
1629 1267 1743 1311 haec
1766 1267 2073 1326 principaliter

112 1346 181 1381 est
204 1335 297 1381 hoc
321 1345 663 1380 sacramentum
689 1336 959 1380 institutum.
976 1336 1047 1380 De
1079 1344 1270 1393 peccato
1296 1348 1405 1378 vero
1433 1333 1644 1392 originali
1677 1334 1956 1393 poenitentia
1987 1346 2072 1378 nec

61 1397 65 1400 ’
110 1401 416 1463 principaliter
443 1413 510 1447 est
550 1404 677 1462 (quia
709 1412 866 1447 contra
901 1403 1053 1461 ipsum
1092 1416 1187 1447 non
1224 1402 1456 1446 ordinatur
1481 1402 1572 1458 hoc
1606 1413 1959 1455 sacramentum,
1992 1401 2072 1445 sed

110 1470 260 1530 magis
284 1470 573 1529 baptismus),
599 1484 684 1514 nec
703 1470 842 1514 etiam
859 1470 1056 1529 proprie,
1074 1469 1179 1528 quia
1195 1479 1436 1528 peccatum
1463 1467 1686 1526 originale
1702 1482 1797 1512 non
1824 1479 1892 1513 est
1916 1477 2072 1513 nostra

20 1590 26 1598 .
112 1537 348 1583 voluntate
371 1547 640 1596 peractum;
665 1538 750 1582 nisi
776 1536 893 1582 forte
930 1538 1201 1595 inquantum
1227 1536 1440 1580 voluntas
1476 1536 1607 1580 Adae
1640 1546 1872 1595 reputatur
1901 1546 2074 1590 nostra,

0 1605 20 1668 ῥ’
111 1605 364 1650 secundum
392 1604 584 1649 modum
611 1605 839 1664 loquendi,
868 1619 958 1664 quo
986 1604 1239 1681 Apostolus
1265 1604 1375 1648 dicit
1400 1604 1536 1648 Rom.
1569 1618 1630 1662 5..
1657 1604 1708 1649 In
1729 1619 1809 1663 quo
1832 1619 1971 1649 omnes
1981 1612 2077 1664 pec-

0 1677 15 1722 ἒς·
112 1678 326 1718 caverunt.
361 1672 639 1750 Inquantum
664 1681 820 1716 tamen
845 1671 970 1730 large
997 1671 1216 1729 accipitur
1240 1671 1520 1730 poenitentia
1545 1686 1628 1730 pro
1642 1685 1931 1730 quacumque
1958 1672 2076 1716 dete-

111 1740 306 1785 statione
330 1738 398 1784 rei
417 1730 702 1799 praeteritae,
728 1748 878 1798 potest
903 1739 993 1783 dici
1017 1739 1298 1797 poenitentia
1323 1738 1378 1782 de
1402 1749 1592 1798 peccato
1620 1738 1847 1797 originali,
1869 1739 1987 1783 sicut
2006 1737 2071 1782 lo-

114 1807 267 1868 quitur
291 1806 485 1866 August.
510 1806 559 1851 in
585 1805 660 1851 lib.
687 1806 743 1850 de
768 1805 1055 1850 Poenitentia
1084 1810 1170 1863 (seu
1195 1806 1262 1850 De
1286 1820 1390 1850 vera
1415 1812 1451 1850 et
1467 1805 1583 1864 falsa
1605 1808 1761 1865 poenit.
1788 1814 1882 1866 cap.
1910 1806 1990 1864 6..)

785 2007 1220 2066 ARTICULUS
1270 2007 1371 2063 111.
1989 2033 2071 2080 512

150 2159 349 2200 UTRUM
381 2159 529 2199 HAEC
562 2159 648 2198 SIT
680 2159 862 2198 FORMA
895 2158 1061 2213 HUJUS
1095 2158 1473 2198 SACRAMENTI:
1506 2158 1619 2197 EGO
1654 2158 1724 2196 TE
1758 2157 2030 2198 ABSOLVO.

487 2286 549 2344 (4.
576 2286 688 2330 Dist.
715 2299 783 2331 22.
810 2300 848 2344 q.
875 2299 915 2330 2.
941 2291 1023 2330 art.
1050 2299 1091 2330 2.
1116 2298 1156 2343 q.
1182 2299 1223 2330 2.
1249 2290 1286 2330 et
1306 2299 1342 2344 3.
1369 2291 1404 2330 et
1431 2293 1568 2344 opusc.
1596 2284 1703 2343 22.).

142 2448 145 2449 γ
200 2407 278 2454 An
294 2420 511 2455 ’rmmmr
527 2408 592 2453 sic
610 2409 882 2469 proceditur.
908 2408 1118 2468 Videtur,
1137 2410 1258 2469 quod
1280 2409 1395 2454 haec
1417 2423 1512 2454 non
1538 2410 1594 2454 sit
1614 2409 1764 2454 forma
1779 2409 1914 2469 hujus
1932 2424 2078 2456 sacra-

112 2475 285 2522 menti:
301 2475 436 2535 «Ego
452 2486 498 2521 te
509 2476 735 2521 absolvo»
752 2476 951 2522 :formae
969 2477 1090 2521 enirn
1109 2487 1501 2521 sacramentorum
1519 2492 1574 2522 ex
1590 2477 1871 2522 institutione
1889 2477 2076 2531 Christi,

114 2552 161 2588 et
182 2542 416 2589 Ecclesiae
441 2559 526 2589 usu
551 2544 803 2588 habentur:
830 2544 909 2588 sed
938 2543 1146 2588 Christus
1169 2559 1264 2588 non
1281 2544 1446 2603 legitur
1462 2545 1581 2589 hanc
1598 2544 1796 2589 formam
1813 2545 2076 2599 instituisse,

113 2624 262 2670 neque
288 2612 428 2656 etiam
448 2612 494 2656 in
521 2612 757 2656 communi
783 2626 866 2655 usu
887 2611 1102 2666 habetur3
1128 2611 1384 2670 quinimmo
1410 2611 1458 2655 in
1484 2612 1755 2671 quibusdam
1782 2612 2076 2656 absolutioni-

114 2678 212 2733 bus,
238 2691 355 2737 quae
388 2678 437 2723 in
477 2678 684 2723 Ecclesia
709 2678 888 2738 publice
914 2677 1040 2732 fiunt,
1077 2678 1195 2723 sicut
1230 2679 1277 2722 in
1318 2679 1486 2733 Prima,
1520 2689 1565 2723 et
1598 2678 1932 2737 Comple'torio,
1959 2689 2004 2722 et
2027 2678 2103 2737 in·

118 2743 280 2789 Coena
301 2744 508 2797 Domini,
535 2745 774 2790 absolvens
799 2760 895 2790 non
917 2747 1055 2790 utitur
1077 2746 1284 2790 oratione
1307 2746 1567 2799 indicativa,
1594 2756 1643 2790 ut
1669 2746 1807 2789 dicat:
1833 2762 1857 2787 (ε
1876 2745 1974 2804 Ego
1990 2759 2074 2790 vos

63 2818 68 2821 '
116 2810 304 2856 absolvo
322 2827 365 2866 2»,
385 2812 465 2856 sed
479 2812 687 2857 oratione
704 2812 1006 2872 deprecativa,
1024 2827 1131 2856 cum
1148 2814 1279 2857 dicit:
1303 2830 1326 2854 ‹<
1344 2814 1613 2858 Misereatur
1630 2812 1766 2856 vestri
1783 2813 2075 2871 omnipotens

116 2878 242 2923 Deus
254 2895 279 2921 ι)
308 2878 401 2923 vel:
424 2894 448 2920 α
466 2878 833 2933 Absolutionem,
852 2889 896 2924 et
912 2880 1230 2924 remissionem
1247 2881 1414 2924 tribuat
1428 2880 1558 2924 vobis
1575 2880 1868 2938 omnipotens
1885 2879 2046 2924 Deus»
2062 2894 2078 2935 ς

118 2958 231 3005 ergo
256 2945 372 2990 haec
398 2960 493 2991 non
525 2956 592 2991 est
616 2945 765 2991 forma
791 2947 924 3004 hujus
951 2948 1247 2991 sacramenti:
1279 2964 1302 2989 «
1315 2947 1414 3006 Ego
1441 2957 1484 2991 te
1512 2946 1755 2990 absolvo».

18 3058 20 3061 .
62 3058 66 3061 ,
204 3025 245 3057 2.
272 3013 569 3071 Parim-mm.
597 3014 692 3058 Leo
717 3028 833 3074 papa
860 3014 968 3058 dicit
991 3015 1126 3074 (epist.
1155 3030 1218 3074 91.
1242 3014 1295 3059 ad
1330 3014 1531 3059 Theodor.
1559 3022 1648 3073 cap.
1676 3013 1754 3070 2.),
1785 3013 1906 3072 quod
1933 3012 2076 3057 indul-

38 3106 41 3108 ·
115 3079 267 3139 gentia
292 3080 382 3124 Dei
406 3080 495 3125 nisi
519 3080 924 3140 supplicationibus
951 3083 1241 3127 sacerdotum
1268 3082 1424 3140 nequit
1449 3080 1667 3125 obtineri:
1694 3080 1894 3139 loquitur
1921 3091 2073 3125 autem

116 3147 172 3193 de
198 3146 482 3206 indulgentia
506 3148 610 3202 Dei,
636 3162 751 3207 quae
778 3158 1032 3207 praestatur
1067 3149 1422 3208 poenitentibus;
1450 3162 1560 3206 ergo
1596 3146 1747 3191 forma
1772 3147 1906 3206 hujus
1932 3160 2077 3191 sacra-

116 3214 418 3259 menti.debet
442 3229 542 3260 esse
567 3230 647 3275 per
672 3216 866 3260 modum
891 3216 1238 3276 deprecationis.

208 3295 246 3340 3.
271 3280 569 3327 PRAETER-EA.
595 3282 726 3327 Idem
753 3292 821 3327 est
846 3283 1082 3328 absolvere
1109 3298 1134 3326 a
1161 3294 1365 3342 peccato,
1392 3283 1513 3341 quod
1540 3292 1780 3341 peccatum
1813 3282 2071 3327 remittere:

116 3347 195 3392 sed
220 3347 345 3393 solus
370 3349 496 3394 Deus
527 3361 768 3409 peccatum
789 3351 991 3405 remittit,
1017 3351 1094 3410 qui
1120 3351 1259 3395 etiam
1285 3350 1410 3394 solus
1436 3349 1623 3394 interius
1647 3349 1888 3393 hominem
1914 3364 1942 3393 a
1967 3363 2075 3409 pec-

119 3425 221 3460 cato
246 3415 451 3470 mundat,
477 3427 527 3461 ut
550 3417 671 3476 Aug.
699 3417 808 3462 dicit
832 3432 968 3477 super
986 3418 1117 3475 Joan.
1148 3423 1291 3474 (tract.
1318 3430 1361 3473 4.
1388 3419 1464 3461 cir.
1490 3416 1593 3461 med.
1620 3423 1658 3461 et
1683 3417 1754 3461 lc'b.
1781 3432 1815 3462 r.
1843 3416 1890 3461 de
1926 3417 2076 3461 Pecca-

117 3487 200 3527 tor.
224 3483 360 3528 merit.
377 3489 414 3528 et
430 3484 569 3528 remis.
587 3492 680 3543 cap.
697 3486 779 3543 23.)
789 3499 806 3536 ,·
825 3498 935 3542 ergo
953 3484 1143 3538 videtur,
1161 3483 1282 3542 quod
1301 3483 1425 3527 solus
1442 3483 1568 3528 Deus
1587 3497 1612 3526 a
1630 3492 1819 3541 peccato
1843 3482 2075 3537 absolvat3

119 3561 214 3592 non
246 3561 359 3607 ergo
391 3549 768 3595 debet'sacerdos
801 3550 975 3596 dicere:
1006 3551 1146 3610 «Ego
1173 3562 1216 3596 te
1244 3550 1433 3595 absolvo
1451 3566 1493 3604 »,
1520 3550 1637 3595 sicut
1661 3564 1754 3595 non
1782 3550 1913 3595 dicit:
1932 3566 1956 3591 «
1975 3550 2075 3610 Ego

117 3614 199 3659 tibi
222 3625 410 3674 peccata
432 3616 615 3661 remitto
633 3633 673 3660 ».
