2352 3926
314 205 420 259 330
820 205 1098 250 QUAESTIO
1139 206 1327 243 xxxtx.
1368 205 1676 245 ARTICULUS
1699 206 1770 243 111.
1830 176 1834 180 ¹

312 321 403 365 quo
432 306 668 350 manifeste
694 319 788 349 non
815 306 1062 364 indigebat,
1093 317 1142 351 ut
1166 307 1380 353 homines
1407 309 1463 352 ad
1483 308 1760 366 baptismum
1788 306 2071 362 accederent,
2093 318 2184 367 quo
2209 308 2275 352 in-

311 373 545 431 digebant:
577 373 699 416 unde
723 373 937 417 Ambros.
967 375 1075 418 dicit
1100 388 1233 433 super
1256 375 1366 419 Luc.
1390 375 1492 436 (sup.
1521 378 1626 422 illud
1641 384 1731 435 cap.
1745 387 1801 434 3..·
1822 376 2001 420 Factum
2022 381 2075 420 est
2097 375 2276 431 anieno!

315 455 339 480 «
365 440 516 483 Nemo
533 439 735 498 ⁴refugiat
765 439 1000 484 lavacrum
1037 441 1223 499 gratiae,
1250 443 1432 500 quando
1457 443 1667 489 Christus
1704 443 1949 498 lavacrum
1968 442 2274 501 poenitentiae

311 520 405 549 non
431 505 597 564 refugit
622 523 662 549 ›>.
2157 537 2159 541 ψ

402 572 478 615 AD
506 585 767 617 SECUNDUM
793 573 1055 628 dicendum,
1081 574 1205 632 quod
1221 574 1499 634 baptismum
1510 576 1790 634 Judaeorum
1815 574 1866 619 in
1889 573 1992 633 lege
2008 583 2276 633 praeceptus

314 648 410 682 erat
435 638 586 682 solum
613 639 837 698 figuralis:
864 640 1115 699 baptismus
1143 651 1296 686 autem
1315 642 1505 699 Joannis
1532 643 1786 703 aliqualiter
1798 651 1894 686 erat
1917 640 2067 695 realis,
2090 635 2279 700 inquan-

310 715 409 750 tum
436 705 680 749 inducebat
700 707 913 750 homines
936 707 992 751 ad
1018 707 1336 752 abstinendum
1364 723 1389 752 a
1415 712 1635 768 peccatis:
1658 710 1910 768 baptismus
1935 717 2088 752 autem
2106 707 2279 752 Christi

313 772 451 815 habet
476 771 729 820 efficaciam
755 773 1007 818 mundandi
1033 789 1059 818 a
1090 786 1298 833 peccam,
1315 785 1359 819 et
1381 777 1576 834 gratiam
1595 776 1879 822 conferendi:
1895 774 2104 819 Christus
2125 785 2280 818 autern

312 852 459 896 neque
485 839 718 897 indigebat
743 841 976 899 percipere
1002 842 1320 886 remissionem
1347 853 1658 901 peccatorum,
1695 856 1811 902 quae
1837 842 1885 885 in
1921 854 1978 886 eo
2014 854 2110 885 non
2135 849 2278 894 erant,

311 919 460 963 neque
487 906 688 965 recipere
715 907 924 966 gratiam,
951 922 1039 966 qua
1065 907 1226 966 plenus
1249 919 1366 953 erat:
1386 910 1593 955 similiter
1619 910 1757 955 etiam
1773 909 1992 968 cumipse
2019 908 2076 952 sit
2095 907 2278 961 veritas,

312 986 407 1015 non
435 974 726 1031 competebat
751 974 793 1017 ei
817 974 877 1027 id,
896 975 1019 1032 quod
1036 975 1081 1018 in
1094 974 1194 1018 sola
1215 975 1360 1034 figura
1387 978 1647 1035 gerebatur:
1671 988 1716 1021 et
1730 977 1835 1020 ideo
1852 975 2000 1034 magis
2024 986 2279 1034 congruum

312 1038 409 1093 fuit,
437 1041 559 1098 quod
586 1041 886 1099 baptizaretur
912 1041 1138 1100 baptismo
1165 1043 1334 1096 medio,
1362 1058 1500 1101 quam
1535 1045 1687 1103 aliquo
1720 1051 2042 1087 extremorum.

285 1109 289 1114 '
402 1108 479 1150 AD
511 1119 727 1152 TER-rrum
763 1108 1024 1161 dicendum,
1051 1108 1172 1167 quod
1213 1109 1464 1167 baptismus
1502 1121 1570 1155 est
1611 1110 1842 1169 quoddam
1874 1108 2105 1168 spirituale
2137 1121 2281 1152 reme-

314 1173 453 1226 dium,
482 1184 651 1231 quanto
686 1185 838 1218 autern
868 1174 1036 1233 aliquid
1069 1185 1137 1219 est
1168 1176 1315 1234 magis
1342 1176 1607 1235 perfectum,
1639 1187 1767 1221 tanto
1795 1176 1963 1220 minori
1987 1175 2192 1220 remedio
2218 1175 2283 1218 in·

314 1239 457 1297 diget:
486 1241 605 1284 unde
642 1255 697 1284 ex
730 1241 821 1285 hoc
847 1242 947 1299 ipso
983 1243 1105 1299 quod
1134 1242 1344 1286 Christus
1383 1254 1450 1286 est
1486 1245 1686 1287 maxime
1723 1242 1962 1302 perfectus,
2003 1243 2281 1287 conveniens

312 1305 408 1360 fuit,
442 1307 564 1365 quod
604 1321 698 1350 non
724 1308 1025 1366 baptizaretur
1051 1307 1382 1367 perfectissimo
1408 1310 1661 1369 baptismo:
1683 1310 1801 1354 sicut
1832 1309 1909 1353 ille
1933 1311 2011 1369 qui
2038 1319 2106 1354 est
2129 1322 2282 1362 sanUS,
2337 1336 2349 1346 ·

313 1387 407 1417 non
434 1373 608 1432 indiget
634 1373 809 1419 efficaci
834 1375 1076 1418 medicina.

1012 1554 1447 1611 ARTICULUS
1484 1555 1585 1609 III.
2196 1562 2284 1610 216

391 1687 584 1726 UTRUM
610 1687 878 1726 CHRISTUS
915 1688 1295 1728 CONVENIENTI
1329 1689 1587 1727 TEMPORE
1626 1688 1823 1727 FUERIT
1853 1685 2207 1741 BAPTIZATQS.

560 1799 624 1856 (4.
656 1799 766 1842 Dist.
792 1812 834 1856 4.
869 1813 907 1857 q.
935 1814 971 1858 3.
999 1805 1080 1843 art.
1114 1815 1149 1844 Ι.
1176 1814 1214 1858 q.
1242 1814 1281 1844 2.
1300 1806 1339 1844 et
1363 1800 1474 1844 Dist.
1500 1813 1573 1857 44.
1600 1801 1645 1843 in
1659 1800 1800 1859 princ.
1827 1806 1919 1858 exp.
1946 1797 2046 1856 lit).

405 1909 481 1952 AD
509 1921 723 1953 TERTIUM
750 1909 814 1954 sic
842 1910 1114 1968 proceditur.
1142 1909 1347 1964 Videtur,
1367 1911 1488 1969 quod
1505 1924 1599 1954 non
1619 1908 1909 1954 convenienti
1929 1918 2138 1967 tempore
2154 1906 2288 1952 Chri-

317 1986 411 2020 stus
434 1975 569 2020 fuerit
594 1977 867 2034 baptizatus3
907 1978 963 2020 ad
992 1977 1083 2020 hoc
1111 1978 1234 2021 enim
1262 1977 1472 2022 Christus
1503 1978 1752 2035 baptizatus
1779 1987 1861 2030 est,
1887 1985 1938 2020 ut
1960 1985 2045 2020 suo
2073 1973 2285 2033 exemplo

318 2042 432 2086 alios
467 2043 523 2086 ad
554 2043 831 2102 baptismum
857 2054 1149 2102 provocaret:
1184 2045 1263 2087 sed
1295 2044 1451 2088 fideles
1479 2044 1650 2088 Christi
1684 2043 1970 2087 laudabiliter
1999 2041 2284 2101 baptizantur

315 2124 410 2153 non
436 2109 588 2153 solum
612 2121 714 2153 ante
740 2110 1027 2168 trigesimum
1055 2125 1240 2164 annum,
1267 2111 1347 2155 sed
1375 2111 1513 2155 etiam
1538 2112 1585 2154 in
1612 2110 1805 2155 infantili
1832 2118 2003 2163 aetate;
2029 2121 2141 2167 ergo
2165 2107 2287 2151 vide·

314 2186 399 2230 tur,
419 2177 541 2234 quod
566 2177 773 2221 Christus
799 2191 894 2221 non
920 2178 1125 2221 debuerit
1150 2178 1368 2236 baptizari
1390 2180 1436 2221 in
1463 2188 1609 2223 aetate
1631 2179 1815 2236 triginta
1842 2189 2084 2222 annorum.

407 2257 445 2287 2.
479 2244 777 2289 PRAETEREA.
812 2245 1021 2289 Christus
1054 2260 1149 2289 non
1181 2246 1346 2304 legitur
1378 2246 1604 2300 docuisse,
1637 2246 1710 2290 vel
1736 2244 1957 2290 miracula
1982 2244 2144 2289 fecisse
2177 2251 2282 2288 ante

314 2311 615 2369 baptismum:
644 2312 722 2356 sed
749 2311 901 2356 utilius
927 2312 1086 2356 fuisset
1111 2314 1300 2366 mundo,
1327 2314 1365 2356 si
1390 2314 1525 2372 priori
1554 2323 1761 2372 ternpore
1795 2313 2038 2365 docuisset,
2063 2310 2286 2369 incipiens

317 2393 343 2422 a
368 2379 594 2436 vigesimo
622 2393 757 2432 anno,
785 2379 859 2423 vel
885 2380 1025 2423 etiam
1052 2380 1199 2437 prius;
1228 2394 1338 2438 ergo
1364 2381 1556 2434 videtur,
1584 2380 1706 2439 quod
1734 2379 1959 2433 Christus,
1986 2378 2064 2438 qui
2090 2389 2173 2436 pro
2204 2376 2288 2421 uti·

315 2445 441 2489 litate
472 2445 716 2489 hominum
738 2456 938 2500 venerat,
967 2456 1070 2490 ante
1095 2447 1383 2504 trigesimum
1411 2461 1582 2490 annum
1615 2447 1820 2490 debuerit
1845 2445 2075 2504 baptizari.

411 2527 448 2571 3.
475 2512 772 2556 PRAETEREA.
805 2513 1030 2557 Indicium
1059 2514 1308 2572 sapientiae
1336 2513 1548 2557 divinitus
1580 2513 1755 2557 infusae
1782 2514 1981 2556 maxime
2007 2510 2163 2555 debuit
2192 2524 2287 2554 ma·

317 2578 519 2623 nifestari
550 2579 596 2622 in
625 2579 835 2623 Christo:
866 2590 933 2623 est
965 2591 1118 2623 autern
1146 2579 1487 2624 manifestatum
1512 2581 1558 2623 in
1585 2579 1781 2623 Daniele
1811 2588 2021 2637 ternpore
2047 2590 2158 2622 suae
2183 2589 2289 2636 pue-

317 2646 461 2700 ritiae,
483 2647 734 2690 secundum
755 2645 866 2689 illud
884 2647 1002 2690 Dan.
1027 2660 1107 2704 13.:
1126 2647 1354 2691 Suscitavit
1372 2648 1584 2691 Dominus
1598 2649 1795 2705 spiritum
1814 2648 1939 2705 pueri
1955 2646 2155 2704 junioris,
2169 2646 2287 2702 cujus

317 2728 466 2759 nomen
484 2713 643 2757 Daniel
649 2728 666 2765 ;
695 2727 805 2771 ergo
829 2712 975 2757 multo
1003 2714 1151 2772 magis
1179 2713 1390 2757 Christus
1415 2714 1461 2756 in
1488 2727 1569 2757 sua
1595 2713 1787 2771 pueritia
1812 2713 1967 2757 debuit
1986 2711 2217 2772 baptizari,
2243 2719 2290 2755 et

318 2780 501 2825 docere.

338 2860 341 2862 ·
406 2860 448 2902 4.
475 2847 773 2891 PRAETEREA.
802 2847 1060 2906 Baptismus
1081 2847 1268 2904 Joannis
1294 2847 1528 2891 ordinatur
1562 2848 1616 2891 ad
1642 2847 1921 2905 baptismum
1948 2845 2134 2899 Christi,
2166 2844 2284 2889 sicut
2349 2886 2352 2889 ,

317 2914 373 2958 ad
400 2914 559 2958 finem:
587 2914 667 2958 sed
703 2914 803 2957 finis
831 2925 897 2957 est
923 2914 1043 2972 prior
1075 2915 1122 2957 in
1154 2914 1420 2966 intentione,
1454 2924 1498 2957 et
1530 2914 1755 2971 posterior
1780 2914 1826 2956 in
1853 2912 2147 2966 executione3
2173 2923 2286 2969 ergo
2348 2915 2350 2917 “

317 2982 392 3027 vel
417 2982 626 3026 Christus
653 2981 807 3025 debuit
833 2982 1004 3040 primus
1032 2995 1057 3024 a
1077 2981 1254 3038 Joanne
1281 2981 1512 3039 baptizari,
1546 2980 1619 3024 vel
1642 2980 1842 3024 ultimus.

409 3050 503 3094 SED
537 3062 733 3094 CONTRA
761 3059 840 3101 est,
869 3048 990 3107 quod
1018 3049 1181 3091 dicitur
1198 3048 1308 3091 Luc.
1338 3062 1400 3105 3.:
1426 3049 1600 3091 Factum
1628 3054 1698 3100 est,
1724 3062 1818 3091 cum
1850 3047 2134 3106 baptizaretur
2154 3044 2287 3089 omni-s
2350 3054 2352 3058 '

311 3117 503 3177 populus,
543 3123 582 3162 et
604 3117 699 3173 Jesu
736 3117 961 3174 ὺαρίἰζιιίο,
998 3121 1033 3159 et
1069 3120 1227 3168 orante,
1255 3124 1368 3168 etc.;
1396 3124 1440 3158 et
1466 3113 1591 3158 infr.:
1615 3116 1671 3159 Et
1702 3116 1788 3174 ipse
1814 3113 1929 3171 Iesus
1957 3119 2048 3158 erat
2069 3112 2286 3172 incipiens,

318 3186 437 3243 quasi
472 3198 681 3228 annorum
704 3184 891 3241 triginta.

410 3251 699 3296 RESPONDEO
717 3242 976 3303 dicendu‘m,
1004 3249 1126 3307 quod
1146 3248 1355 3292 Christus
1383 3248 1709 3292 convenienter
1724 3246 1808 3292 fuit
1832 3248 1878 3291 in
1903 3245 2142 3306 trigesimo
2159 3256 2282 3290 anno

319 3318 592 3377 baptizatus:
606 3319 749 3378 primo
776 3316 976 3375 quidem,
996 3316 1101 3374 quia
1130 3315 1338 3359 Christus
1363 3315 1686 3373 baptizabatur,
1700 3314 1830 3374 quasi
1854 3328 1911 3359 ex
1936 3321 2043 3358 tunc
2060 3312 2284 3372 incipiens

322 3386 502 3439 docere,
531 3395 574 3429 et
605 3385 887 3444 praedicare3
923 3384 977 3427 ad
1012 3382 1133 3441 quod
1160 3382 1401 3441 requiritur
1426 3381 1625 3441 perfecta
1653 3392 1791 3436 aetas,
1823 3380 1968 3440 qualis
1996 3389 2066 3425 est
2093 3378 2278 3439 triginta

322 3466 567 3497 annorum:
596 3453 715 3496 unde
742 3450 906 3510 legitur
933 3449 1100 3495 Genes.
1118 3462 1205 3504 41„
1238 3449 1359 3508 quod
1384 3451 1559 3507 triginta
1581 3462 1791 3493 annorum
1817 3453 1908 3493 erat
1932 3446 2096 3507 Ioseph,
2119 3443 2281 3505 quande-

321 3522 474 3579 accepit
505 3521 685 3577 regimen
702 3519 881 3578 Aegypti
889 3532 905 3571 ;
934 3516 1141 3562 similiter
1166 3516 1303 3559 etiarn
1333 3528 1370 3560 2.
1396 3516 1508 3574 Reg.
1537 3529 1573 3573 5.
1602 3515 1767 3573 legitur
1793 3515 1848 3559 de
1875 3512 2041 3568 David,
2067 3510 2190 3572 quod
2209 3512 2279 3557 tri·

318 3588 436 3644 ginta
461 3600 670 3631 annorum
703 3591 809 3640 erat,
842 3600 936 3630 cum
968 3597 1144 3643 regnare
1170 3584 1360 3642 coepisset
1369 3598 1384 3635 ,·
1414 3582 1627 3627 Ezechiel
1649 3582 1787 3627 etiarn
1820 3582 1866 3626 in
1897 3578 2134 3640 trigesimo
2159 3588 2273 3624 anno
2345 3606 2352 3637 3

2348 3533 2352 3540 ι
