2352 3926
549 215 830 262 QUAESTIQ
863 214 1046 255 Lxxvn
1087 212 1395 256 ARTICULUS
1434 211 1550 258 vm.
1938 198 2049 266 679-

3 315 260 376 ifntcvere
282 331 380 362 non
404 328 524 364 esset
536 318 603 363 ibi.
616 317 843 373 Christus,
868 318 941 365 cui
958 317 1259 367 reverentiam
1283 315 1444 368 latriae
1470 314 1762 369 exhibemus3
1779 325 1896 372 ergo,
1909 312 2049 367 etiam

18 379 19 383 ’
86 382 169 441 tali
193 385 475 443 apparitione
499 384 633 440 facta,
660 385 870 430 Christus
897 395 964 430 est
988 385 1068 430 sub
1095 384 1186 429 hoc
1209 393 1513 434 sacramento.

175 450 466 498 Rsssronmzo
483 452 742 506 dicendum,
768 452 891 511 quod
917 452 1137 511 dupliciter
1154 451 1379 510 contingit
1400 449 1504 496 talis
1538 447 1777 509 apparitiO,
1799 460 1891 507 qua
1911 460 2050 506 quan-

86 517 237 578 doque
268 521 315 564 in
345 520 436 564 hoc
468 530 758 569 sacramento
786 519 1060 564 miraculose
1092 519 1268 563 videtur
1296 533 1420 574 caro,
1447 528 1525 566 aut
1560 516 1761 575 sanguis,
1798 525 1877 565 aut
1908 513 2048 564 etiam

4 583 26 639 ’ἓξ
84 584 248 645 aliquis
275 600 399 646 puer.
419 587 678 646 Quandoque
703 586 826 631 enim
843 586 934 630 hoc
962 586 1184 644 contingit
1202 600 1257 630 ex
1274 595 1400 645 parte
1417 585 1685 638 videntium,
1708 595 1905 642 quorum
1923 580 2048 633 oculi

3 681 35 712 9
84 651 384 697 immutantur
407 653 487 697 tali
512 653 847 707 immutatione,
880 667 932 696 ac
966 653 1004 696 si
1029 666 1237 711 expresse
1273 653 1477 696 viderent
1513 650 1706 695 exterius
1739 662 1940 702 carnem,
1970 647 2046 691 vel

84 720 368 779 sanguinem,
393 719 467 764 vel
492 734 698 779 puerum,
715 719 840 763 nulla
865 729 1020 763 tamen
1037 719 1357 763 immutatione
1383 718 1502 762 facta
1529 732 1583 762 ex
1605 727 1731 776 parte
1746 715 2044 761 sacramenti:

2 784 12 799 ²
84 797 130 833 et
158 788 249 832 hoc
275 788 458 847 quidem
484 789 661 833 videtur
687 788 967 846 contingere,
994 788 1177 846 quando
1204 787 1281 831 uni
1306 787 1482 830 videtur
1504 787 1584 831 sub
1609 786 1759 846 specie
1793 784 1955 838 carnis,
1970 781 2046 827 vel

82 854 224 915 pueri,
242 854 340 899 aliis
357 865 511 899 tamen
534 856 723 909 videtur,
749 856 865 899 sicut
892 865 937 899 et
961 855 1099 914 prius,
1126 854 1206 898 sub
1231 854 1381 913 specie
1399 854 1552 912 panis;
1579 853 1655 898 vel
1681 851 1864 911 quando
1892 851 2044 895 eidem

0 925 18 976 ,¹
82 920 140 966 ad
156 921 320 966 horam
342 922 520 967 videtur
535 923 615 967 sub
648 922 800 981 specie
822 921 984 975 carnis,
1002 921 1076 965 vel
1098 921 1239 980 pueri,
1258 930 1301 965 et
1320 921 1617 979 postmodum
1634 920 1715 964 sub
1733 918 1884 978 specie
1900 917 2044 977 panis.

0 977 19 1049 ξῗ
82 986 180 1034 Nec
201 989 291 1034 hoc
317 999 471 1034 tamen
492 990 686 1049 pertinet
712 990 767 1033 ad
795 988 995 1047 aliquam
1022 988 1354 1048 deceptionem,
1382 988 1499 1032 sicut
1531 987 1730 1031 accidit
1719 1001 1766 1029 in
1798 998 2044 1044 magorum

82 1055 358 1121 praestigiis3
385 1057 490 1116 quia
515 1055 618 1101 talis
645 1056 820 1115 species
841 1056 1055 1100 divinitus
1082 1054 1338 1100 formatur'
1327 1070 1373 1100 m
1400 1054 1540 1100 oculo
1567 1055 1623 1099 ad
1650 1053 1850 1112 aliquam
1879 1052 2045 1097 verita-

14 1129 39 1182 ᾖ
79 1129 174 1168 tem
194 1122 495 1182 figurandam,
522 1124 580 1168 ad
603 1124 694 1168 hoc
722 1123 898 1168 scilicet
929 1123 1051 1183 quod
1074 1122 1387 1168 manifestetur
1407 1136 1512 1166 vere
1540 1135 1704 1180 corpus
1738 1119 1912 1164 Christi
1943 1132 2043 1169 esse

81 1189 160 1235 sub
185 1189 278 1235 hoc
305 1201 617 1245 sacramento;
645 1191 763 1235 sicut
788 1191 926 1235 etiam
954 1190 1163 1235 Christus
1191 1190 1360 1250 absque
1386 1189 1655 1248 deceptione
1679 1187 1885 1246 apparuit
1915 1187 2045 1231 disci-

0 1283 17 1322 ἓ
78 1255 195 1318 pulis
217 1257 456 1303 euntibus‘
445 1273 492 1302 m
518 1258 751 1303 Emmaus.
770 1258 896 1302 Dicit
913 1260 1035 1302 enim
1057 1257 1365 1317 Augustinus
1354 1272 1398 1301 1n
1415 1256 1491 1300 lib.
1510 1270 1550 1301 2.
1569 1256 1625 1300 de
1660 1254 1850 1307 Quaest.
1869 1253 2041 1312 Evang.

28 1342 34 1348 ⁴
80 1322 139 1384 (q.
154 1325 230 1370 ult.
255 1327 302 1370 in
314 1326 476 1386 princ.)
493 1326 616 1385 quod
637 1343 661 1368 «
684 1340 791 1370 cum
810 1325 935 1369 fictio
952 1335 1106 1370 nostra
1125 1324 1315 1369 refertur
1337 1325 1394 1371 ad
1417 1323 1619 1383 aliquam
1643 1320 2041 1381 significationem,

0 1362 17 1427 ἕ
77 1405 171 1436 non
198 1402 268 1437 est
290 1393 598 1447 mendacium,
625 1394 704 1438 sed
732 1392 883 1452 aliqua
908 1392 1053 1451 figura
1078 1392 1278 1436 veritatis
1297 1408 1320 1433 >³
1342 1407 1351 1435 :
1387 1401 1432 1436 et
1457 1391 1563 1450 quia
1588 1404 1668 1450 per
1694 1389 1817 1433 hunc
1850 1387 2041 1432 modum

0 1453 15 1585 Ξ
77 1458 203 1504 nulla
227 1460 488 1504 immutatio
522 1460 571 1505 fit
608 1475 662 1517 ex
694 1470 820 1520 parte
858 1460 1146 1514 sacramenti,
1173 1458 1466 1503 manifestum
1498 1467 1566 1502 est
1603 1455 1726 1516 quod
1751 1469 1845 1500 non
1878 1454 2043 1499 desinit

0 1607 17 1630 ,ρ

23 1534 33 1565 2
79 1525 288 1571 Christus
316 1541 415 1572 esse
432 1527 513 1572 sub
531 1527 623 1572 hoc
642 1537 946 1581 sacramento,
963 1526 1044 1571 tali
1070 1527 1353 1586 apparitione
1370 1525 1503 1571 facta.
1526 1524 1787 1583 Quandoque
1806 1536 1917 1567 vero
1937 1536 2043 1567 con-

77 1592 211 1652 tingit
224 1593 327 1639 talis
351 1594 573 1654 apparitio
590 1609 684 1639 non
701 1608 781 1653 per
798 1594 947 1639 solam
969 1594 1341 1640 immutationem
1361 1593 1628 1645 videntium,
1651 1591 1730 1636 sed
1748 1589 1902 1650 specie
1922 1603 2039 1648 quae

75 1659 252 1705 videtur
272 1660 462 1706 realiter
478 1662 672 1707 exterius
704 1663 944 1707 existente.
973 1671 1018 1705 et
1051 1662 1142 1706 hoc
1170 1661 1357 1720 quidem
1379 1661 1558 1705 videtur
1591 1673 1706 1712 esse,
1740 1656 1923 1716 quando
1956 1656 2037 1700 sub

0 1720 12 1766 «ᾔ
66 1725 159 1772 tali
182 1729 336 1788 specie
361 1729 416 1774 ab
439 1729 652 1774 omnibus
667 1729 859 1783 videtur,
885 1738 929 1773 et
954 1743 1047 1773 non
1067 1729 1122 1772 ad
1148 1728 1328 1782 horam,
1355 1728 1434 1774 sed
1460 1741 1540 1787 per
1564 1725 1758 1785 longum
1780 1734 1962 1783 tempus
1976 1734 2038 1767 1ta

75 1805 334 1854 permanet:
362 1805 406 1840 et
431 1796 477 1840 in
509 1796 598 1841 hoc
626 1811 733 1841 casu
759 1797 944 1855 quidam
971 1796 1141 1850 dicunt,
1167 1795 1290 1854 quod
1323 1805 1392 1839 est
1422 1794 1604 1854 propria
1631 1792 1804 1852 species
1831 1790 2038 1849 corporis

76 1860 261 1908 Christi.
287 1864 386 1907 Nec
420 1864 581 1919 obstat,
601 1865 726 1924 quod
752 1864 1026 1923 quandoque
1052 1878 1147 1908 non
1172 1863 1350 1908 videtur
1374 1863 1436 1907 ibi
1460 1872 1583 1907 totus
1611 1860 1837 1913 Christus,
1865 1859 1943 1918 sed
1963 1858 2040 1901 ali-

0 1922 17 1969 5}
74 1942 164 1988 qua
179 1944 282 1990 pars
300 1931 463 1985 carnis,
480 1930 554 1975 vel
571 1932 706 1975 etiam
734 1931 911 1975 videtur
935 1945 1030 1975 non
1045 1931 1093 1975 in
1120 1930 1269 1990 specie
1290 1929 1492 1988 juvenili,
1520 1928 1599 1973 sed
1615 1928 1662 1971 in
1682 1925 1831 1985 effigie
1849 1924 2036 1985 puerili:

0 2003 8 2058 j'
73 1998 180 2056 quia
202 1996 250 2041 in
275 2007 499 2057 potestate
525 1999 729 2057 corporis
751 1998 943 2057 gloriosi
965 2008 1045 2052 est,
1068 1998 1191 2057 quod
1213 1996 1418 2043 videatur
1436 1996 1489 2040 ab
1509 1995 1647 2041 oculo
1666 2008 1759 2039 non
1777 1991 2035 2052 glorificato

3 2070 10 2094 ‘—
71 2062 148 2108 vel
168 2063 420 2109 secundum
436 2074 599 2119 totum,
616 2065 690 2109 vel
706 2066 959 2110 secundum
974 2075 1166 2123 partem,
1184 2073 1228 2108 et
1244 2065 1289 2108 in
1307 2062 1461 2121 effigie
1473 2062 1548 2108 vel
1563 2061 1762 2121 propria,
1779 2058 1854 2110 vel
1870 2058 2034 2113 aliena,

7 2175 9 2179 .
71 2138 124 2175 ut
144 2129 262 2175 infra
285 2130 460 2176 dicetur
479 2133 546 2189 (in
566 2132 774 2192 Supplem.
808 2147 847 2192 q.
872 2134 935 2191 85.
958 2138 1041 2178 art.
1068 2147 1108 2177 2.
1141 2138 1180 2177 et
1204 2131 1280 2191 3.).
1305 2131 1396 2175 Sed
1422 2130 1515 2174 hoc
1541 2130 1719 2174 videtur
1742 2141 1841 2175 esse
1873 2128 2035 2175 incon-

70 2197 279 2242 veniens:
304 2200 445 2258 primo
472 2198 671 2258 quidem,
704 2199 811 2258 quia
833 2213 997 2258 corpus
1026 2198 1198 2243 Christi
1223 2212 1317 2242 non
1344 2207 1495 2256 potest
1519 2197 1566 2240 in
1589 2195 1772 2255 propria
1793 2194 1948 2254 specie
1973 2193 2033 2236 vi-

69 2262 179 2323 deri,
203 2264 290 2309 nisi
314 2265 362 2309 in
394 2279 488 2310 uno
518 2264 640 2320 loco,
661 2265 708 2309 in
734 2279 826 2325 quo
863 2265 1093 2310 definitive
1130 2265 1410 2319 continetur3
1451 2263 1571 2308 unde
1605 2277 1711 2307 cum
1748 2262 1955 2306 videatur
1987 2261 2033 2304 in

0 2341 22 2394 2}
67 2330 250 2392 propria
270 2332 436 2391 specie,
462 2341 508 2376 et
534 2332 746 2377 adoretur
770 2333 817 2377 in
844 2332 1000 2386 coelis,
1028 2333 1110 2376 sub
1137 2331 1320 2392 propria
1336 2331 1504 2391 specie,
1536 2344 1631 2375 non
1651 2329 1831 2373 videtur
1861 2328 1908 2371 in
1939 2327 2030 2371 hoc

0 2375 26 2458 ij
66 2408 378 2443 sacramento:
402 2399 593 2457 secundo,
624 2399 732 2459 quia
758 2413 923 2459 corpus
949 2399 1220 2458 gloriosum,
1247 2400 1373 2459 quod
1397 2408 1586 2459 apparet
1617 2407 1667 2449 ut
1686 2397 1797 2451 vult,
1830 2405 1934 2455 post
1960 2409 2033 2454 ap-

4 2465 354 2531 4ζ,ζ-Ρειῐίτίοῐιείιιι,
387 2480 494 2510 cum
514 2465 724 2521 voluerit,
751 2467 972 2526 disparet;
1015 2467 1131 2512 sicut
1168 2465 1331 2511 dicitur
1361 2466 1475 2514 Luc.
1511 2465 1591 2510 ult.
1640 2464 1763 2525 quod
1799 2463 2031 2508 Dominus

1 2532 122 2596 ᾔει
157 2532 302 2578 oculis
328 2532 657 2592 discipulorum
684 2533 882 2578 evanuit.
908 2533 1011 2579 Hoc
1034 2544 1206 2611 autem,
1240 2534 1362 2594 quod
1387 2534 1468 2578 sub
1495 2533 1646 2592 specie
1679 2532 1827 2577 carnis
1858 2531 1905 2574 in
1937 2530 2028 2573 hoc

3 2593 41 2658 'J
64 2609 353 2645 sacramento
381 2611 580 2659 apparet,
599 2601 674 2645 diu
691 2611 951 2660 permanet:
969 2602 1176 2661 quinimo
1195 2601 1361 2661 legitur
1377 2601 1651 2662 quandoque
1669 2613 1765 2644 esse
1783 2598 2027 2649 inclusum,

3 2662 126 2730 ζεῖ
145 2666 396 2726 multorum
432 2667 755 2744 episcoporum
782 2667 975 2713 consilio
1007 2669 1055 2712 in
1080 2668 1244 2728 pyxide
1275 2678 1574 2713 reservatum:
1603 2667 1725 2727 quod
1751 2665 1877 2711 nefas
1910 2674 2029 2709 esset

69 2733 127 2779 de
151 2718 337 2780 Christo
363 2735 546 2789 sentire,
572 2735 821 2780 secundum
841 2736 1074 2796 propriam
1088 2736 1303 2798 speciem.
1327 2735 1383 2780 Et
1405 2736 1508 2780 ideo
1537 2734 1781 2779 dicendum
1804 2742 1884 2785 est,
1903 2731 2026 2790 quod

14 2803 39 2860 ’ξ
65 2801 352 2846 manentibus
378 2801 752 2856 dimensionibus,
769 2816 886 2862 quae
903 2803 1025 2862 prius
1047 2802 1238 2859 fuerant,
1261 2803 1310 2847 fit
1326 2802 1601 2847 miraculose
1621 2802 1847 2860 quaedam
1866 2799 2028 2841 immu-

61 2868 177 2913 tatio
200 2864 322 2913 circa
353 2868 442 2912 alia
476 2869 743 2923 accidentia,
777 2879 886 2929 puta
921 2869 1130 2929 figuram,
1157 2882 1201 2915 et
1234 2870 1455 2924 colorem,
1483 2880 1529 2914 et
1551 2868 1638 2913 alia
1664 2866 1944 2926 hujusmodi,
1977 2875 2027 2908 ut

63 2934 269 2980 videatur
285 2948 407 2990 caro,
425 2935 499 2979 vel
515 2937 713 2995 sanguis,
731 2946 808 2980 aut
824 2937 964 2981 etiam
985 2952 1122 2996 puer:
1145 2947 1204 2991 et,
1223 2938 1339 2982 sicut
1371 2938 1493 2996 prius
1512 2937 1684 2980 dictum
1701 2945 1769 2980 est
1787 2934 1875 2989 (hic
1890 2940 1966 2992 sup
1968 2932 2022 2989 ),

8 3005 45 3070 *jss-
62 3001 156 3047 hoc
177 3016 274 3047 non
297 3013 366 3047 est
381 3003 606 3062 deceptio,
637 3003 742 3062 quia
758 3003 833 3047 fit'
822 3018 870 3047 in
891 3003 1085 3062 figuram
1109 3005 1346 3063 cujusdam
1363 3003 1581 3056 veritatis,
1605 3002 1780 3046 scilicet
1801 3000 1856 3045 ad
1877 3010 2025 3046 osten-

8 3060 45 3130 ’ἐς
64 3068 264 3114 &udum
289 3083 369 3128 per
393 3070 513 3113 hanc
539 3069 867 3114 miraculosam
893 3071 1239 3130 apparitionem,
1267 3071 1426 3130 quod
1415 3086 1461 3114 m
1495 3079 1784 3114 sacramento
1818 3078 1886 3112 est
1916 3081 2023 3112 vere

1 3124 37 3198 J
65 3149 246 3195 corpus,
278 3147 323 3181 et
347 3136 532 3195 sanguis
559 3136 746 3180 Christi.
779 3136 835 3181 Et
860 3137 924 3182 sic
950 3147 1087 3196 patet,
1120 3139 1242 3198 quod
1276 3137 1614 3182 remanentibus
1646 3135 2022 3188 dimensionibuS,

10 3199 37 3260 ζ
63 3215 181 3264 quae
205 3213 310 3248 sunt
334 3202 629 3247 fundamenta
652 3203 848 3247 aliorum
875 3204 1194 3260 accidentium,
1218 3215 1267 3249 ut
1288 3204 1404 3249 infra
1430 3205 1604 3248 dicetur
1631 3203 1689 3262 (q.
1714 3218 1794 3262 seq.
1827 3210 1908 3248 art.
1942 3204 2021 3260 2.),

61 3279 270 3315 remanet
294 3283 401 3315 vere
428 3283 593 3328 corpus
621 3270 794 3315 Christi
814 3272 860 3315 in
885 3271 976 3315 hoc
1002 3283 1307 3316 sacramento.

14 3341 32 3388 ζ’,
151 3338 228 3382 An
253 3349 442 3383 numm
466 3351 577 3396 ergo
604 3337 863 3391 dicendum,
881 3339 1002 3398 quod
1019 3338 1139 3384 facta
1161 3340 1240 3384 tali
1258 3339 1553 3399 apparitione,
1575 3338 1749 3397 species
1768 3351 2023 3384 sacramen-

61 3402 176 3449 tales
199 3405 473 3464 quandoque
500 3405 683 3463 quidem
715 3405 916 3450 totaliter
940 3419 1178 3453 remanent
1204 3409 1249 3452 in
1274 3408 1447 3466 seipsis,
1474 3407 1749 3467 quandoque
1775 3417 1929 3452 autem
1951 3422 2020 3453 se-

62 3470 264 3516 eundum
293 3471 340 3516 id
366 3473 488 3531 quod
509 3481 584 3516 est
607 3471 854 3531 principale
881 3472 928 3517 in
946 3474 1025 3528 eis,
1058 3485 1108 3520 ut
1133 3476 1307 3519 dictum
1334 3484 1401 3519 est
1426 3475 1493 3533 (in
1519 3482 1634 3534 corp.
1661 3476 1781 3524 art).

151 3538 228 3583 An
248 3550 511 3584 SECUNDUM
528 3538 787 3592 dicendum,
820 3539 943 3599 quod
969 3541 1016 3585 in
1032 3541 1295 3601 hujusmodi
1323 3541 1692 3601 apparitionibus,
1715 3542 1833 3587 sicut
1848 3542 2020 3588 dictum

18 3620 37 3676 3
61 3614 135 3651 eet
153 3605 315 3667 (sm),
339 3620 435 3651 non
465 3606 644 3652 videtur
672 3607 853 3666 propria
889 3608 1065 3667 species
1091 3609 1278 3664 Christi,
1315 3608 1393 3654 sed
1422 3609 1597 3669 species
1629 3608 1907 3656 miraculose
1934 3609 2023 3655 for·

1800 3813 1820 3828 μ.
