2352 3926
617 217 892 264 Quasno
930 217 1024 256 vn.
1065 215 1373 256 An’rlcutus
1412 215 1528 257 xm.
1985 213 2055 271 97

14 308 33 367 J
97 334 147 371 et
165 322 446 376 intellectus;
472 330 517 366 et
540 321 631 365 hoc
659 319 817 380 triplici
833 319 1033 364 ratione:
1054 321 1199 379 primo
1226 319 1411 378 quidem
1433 317 1684 364 secundum
1710 317 1919 362 ordinem
1942 317 2059 377 prin-

18 389 33 412 ⁵
96 391 320 451 cipiorum
349 390 604 447 utriusque:
634 386 907 445 principium
935 386 1059 430 enim
1085 386 1266 429 unionis
1295 395 1361 430 est
1387 400 1580 444 persona
1604 384 1705 430 Filii
1722 398 1957 430 assumens
1979 385 2059 428 hu-

18 479 22 483 ·
96 471 282 503 manam
306 466 532 508 naturam,
559 468 675 513 quae
701 453 952 498 secundum
978 453 1069 496 hoc
1098 452 1259 496 dicitur
1285 453 1423 497 missa
1456 467 1553 497 esse
1586 453 1631 497 in
1665 451 1903 506 mundum,
1936 452 2058 511 quod

18 541 22 547 ’
95 526 349 571 humanam
374 532 585 567 naturam
603 521 870 579 assumpsit:
887 519 1161 578 principium
1179 528 1332 563 autem
1357 521 1526 578 gratiae
1544 519 1800 576 habitualis,
1817 533 1933 579 quae
1952 533 2058 563 cum

97 591 315 637 charitate
342 590 484 643 datur,
513 599 579 633 est
609 588 802 647 Spiritus
830 587 1039 639 SanctuS,
1068 587 1145 645 qui
1176 588 1430 630 secundum
1463 588 1551 631 hoc
1588 588 1750 632 dicitur
1775 588 1908 642 mitti,
1935 587 2059 647 quod

96 672 176 720 per
201 657 469 703 charitatem
494 664 695 699 mentem
722 654 956 698 inhabitat.
984 653 1142 697 Missio
1172 661 1324 696 autem
1351 652 1452 696 Filii
1475 653 1726 699 secundum
1749 650 1959 705 ordinem
1985 668 2061 699 na-

20 727 25 780 f'
95 735 223 771 turae
239 724 363 784 prior
380 733 447 767 est
465 722 681 766 missione
702 722 895 781 Spiritus
914 720 1097 774 Sancti3
1121 720 1238 764 sicut
1264 720 1423 764 ordine
1446 731 1634 765 naturae
1654 721 1847 781 Spiritus
1866 722 2062 767 Sanctus

26 801 37 845 {ss
98 791 305 853 procedit
331 804 357 834 a
381 789 512 843 Filio,
539 799 584 833 et
611 803 635 832 a
668 789 887 848 sapientia
914 787 1124 842 dilecti03
1152 787 1271 831 unde
1299 797 1342 831 et
1374 787 1483 831 unio
1513 789 1779 845 personalis,
1806 789 2060 834 secundum

99 873 240 919 quarn
269 856 537 915 intelligitur
569 856 727 900 missio
760 854 876 909 Filii,
910 865 978 899 est
1009 854 1132 914 prior
1158 854 1316 898 ordine
1342 863 1529 898 naturae
1556 855 1777 900 habituali
1809 858 1966 915 gratie,
1999 871 2064 901 se-

99 926 301 971 cundum
326 934 466 983 quam
481 923 747 982 intelligitur
764 923 921 966 missio
942 922 1134 981 Spiritus
1156 921 1334 965 Sancti:
1362 921 1534 966 secundo
1555 923 1771 981 accipitur
1794 924 1908 968 ratio
1927 924 2062 982 hujus

101 991 271 1038 ordinis
288 1005 342 1035 ex
362 990 624 1035 habitudine
643 989 814 1049 gratiae
832 989 888 1033 ad
905 1003 1036 1033 suam
1050 1003 1259 1032 causam:
1280 989 1425 1047 gratia
1443 989 1565 1032 enim
1584 1000 1795 1034 causatur
1810 991 1857 1034 in
1874 991 2063 1035 homine

101 1073 158 1106 ex
177 1058 432 1119 praesentia
455 1058 715 1111 divinitatis,
742 1057 859 1101 sicut
884 1055 1041 1100 lumen
1067 1056 1113 1099 in
1132 1060 1235 1101 aere
1253 1070 1307 1099 ex
1324 1056 1580 1115 praesentia
1598 1057 1731 1112 solis;
1759 1058 1879 1102 unde
1903 1059 2066 1102 dicitur

99 1125 267 1172 Ezech.
293 1137 390 1184 43.:
422 1125 573 1170 Gloria
595 1126 680 1168 Dei
705 1124 836 1168 Israel
867 1123 1178 1182 ingrediebatur
1198 1129 1276 1182 per
1301 1124 1419 1167 viam
1452 1125 1709 1179 orientalem,
1741 1131 1780 1170 et
1805 1131 1918 1169 terra
1941 1126 2068 1185 splen-

18 1185 43 1257 ζ,
102 1193 221 1239 debat
240 1206 267 1237 a
291 1194 503 1251 majestate
528 1194 637 1250 ejus;
657 1191 913 1250 praesentia
941 1200 1094 1234 autem
1120 1190 1209 1233 Dei
1234 1190 1281 1233 in
1309 1189 1495 1234 Christo
1522 1191 1791 1249 intelligitur
1813 1192 2067 1236 secundum

102 1260 323 1311 unionem
354 1259 584 1303 humanae
620 1269 810 1303 naturae
844 1258 900 1301 ad
937 1258 1138 1301 divinam
1179 1271 1446 1315 personam3
1484 1258 1604 1303 unde
1646 1259 1790 1317 gratia
1826 1259 2068 1304 habitualis

30 1320 45 1363 ‘J
105 1326 276 1374 Christi
295 1325 574 1384 intelligitur,
597 1337 646 1369 ut
663 1339 948 1384 consequens
965 1325 1084 1368 hanc
1102 1324 1338 1378 unionem,
1362 1325 1478 1369 sicut
1495 1325 1712 1384 splendor
1737 1325 1910 1372 solem:
1932 1329 2067 1382 tertiO,

103 1395 219 1440 ratio
245 1395 379 1453 hujus
405 1394 575 1437 ordinis
598 1393 718 1437 sumi
744 1402 894 1450 potest
916 1406 970 1436 ex
986 1391 1076 1435 fine
1094 1392 1286 1450 gratiae:
1316 1392 1551 1436 ordinatur
1572 1395 1695 1437 enim
1723 1394 1779 1437 ad
1801 1394 1915 1438 bene
1935 1408 2070 1454 agen-

106 1464 239 1509 dum:
262 1462 465 1506 actiones
488 1471 641 1505 autem
663 1471 767 1504 sunt
788 1460 1143 1519 suppositorum,
1171 1470 1215 1503 et
1240 1459 1605 1515 individuorum;
1632 1461 1752 1505 unde
1772 1462 1908 1515 actio,
1927 1471 1973 1506 et
1989 1476 2068 1521 per

108 1542 392 1589 consequens
418 1528 563 1587 gratia
589 1527 644 1571 ad
670 1527 818 1586 ipsam
850 1527 1081 1580 ordinans,
1107 1527 1431 1586 praesupponit
1460 1527 1748 1586 hypostasim
1775 1538 2068 1588 operantem:

107 1596 366 1657 hypostasis
391 1606 544 1639 autem
569 1608 663 1638 non
687 1594 1065 1653 praesupponitur
1090 1594 1136 1636 in
1163 1594 1365 1639 humana
1386 1604 1548 1638 natura
1565 1605 1669 1638 ante
1691 1596 1925 1650 unionem,
1944 1606 1994 1640 ut
2015 1611 2071 1640 ex

109 1677 243 1723 supra
267 1662 399 1707 dictis
425 1672 547 1721 patet
571 1662 632 1720 (q.
660 1675 701 1718 4.
729 1667 809 1705 art.
837 1662 896 1716 2.)
904 1675 921 1713 ;
951 1670 996 1704 et
1020 1660 1125 1704 ideo
1149 1661 1291 1719 gratia
1308 1661 1490 1706 unionis
1511 1662 1763 1706 secundum
1785 1663 2069 1708 intellectum

111 1729 343 1789 praecedit
368 1729 560 1788 gratiam
587 1727 882 1772 habitualem.

151 1830 156 1835 ,
197 1796 276 1840 An
291 1807 479 1840 murum
495 1808 607 1853 ergo
624 1794 884 1847 dicendum,
913 1794 1035 1852 quod
1062 1795 1254 1853 August.
1282 1794 1345 1838 ibi
1370 1795 1565 1853 gratiam
1589 1797 1800 1841 nominat
1822 1797 2068 1856 gratuitam

107 1862 199 1908 Dei
222 1860 523 1915 voluntatem,
541 1861 678 1920 gratis
690 1860 911 1904 beneficia
929 1860 1225 1919 largientem;
1253 1871 1297 1905 et
1312 1872 1496 1921 propter
1511 1862 1602 1906 hoc
1621 1863 1783 1908 eadem
1801 1865 1944 1923 gratia
1961 1864 2070 1909 dicit

107 1930 348 1976 hominem
373 1942 711 1989 quemcumque
738 1927 835 1971 fieri
863 1927 1191 1982 Christianum,
1218 1942 1307 1987 qua
1333 1929 1477 1988 gratia
1502 1928 1647 1973 factus
1676 1941 1744 1974 est
1768 1930 1913 1975 homo
1939 1931 2069 1976 Chri-

9 2027 30 2044 .
108 2004 225 2044 stus:
252 1996 359 2056 quia
384 2006 626 2055 utrumque
653 1995 848 2054 gratuita
875 1994 965 2038 Dei
989 1993 1226 2039 voluntate
1250 1994 1419 2054 absque
1447 1997 1618 2040 meritis
1645 1996 1817 2041 facturn
1845 2008 1925 2043 est.

197 2064 275 2109 AD
311 2076 572 2108 SECUNDUM
604 2062 864 2117 dicendum,
891 2061 1014 2121 quod
1040 2062 1157 2106 sicut
1183 2062 1418 2121 dispositio
1446 2062 1492 2106 in
1519 2063 1592 2107 via
1618 2066 1925 2123 generationis
1947 2080 2072 2125 prae-

0 2138 42 2192 '3
111 2131 232 2177 cedit
261 2129 606 2191 perfectionem,
634 2129 689 2172 ad
721 2139 860 2188 quarn
893 2128 1105 2188 disponit,
1137 2129 1184 2172 in
1215 2127 1286 2173 his
1319 2143 1436 2188 quae
1469 2129 1725 2176 successive
1758 2132 2073 2191 perficiuntur3

16 2247 20 2250 7
109 2199 172 2244 ita
195 2197 460 2262 naturaliter
485 2195 814 2257 perfectionem
841 2196 1058 2254 sequitur,
1083 2211 1224 2255 quam
1243 2195 1403 2256 aliquis
1420 2198 1513 2255 jam
1541 2209 1813 2243 consecutus
1842 2210 1934 2245 est:
1957 2201 2074 2246 sicut

14 2261 54 2318 ,ἶῖἷ
111 2265 253 2320 calor,
278 2265 357 2325 qui
379 2264 463 2309 fuit
489 2263 729 2323 dispositio
749 2263 804 2307 ad
826 2262 1025 2308 formam
1046 2264 1180 2322 igni5‚
1203 2274 1270 2309 est
1292 2259 1479 2309 effectus
1498 2265 1727 2324 profluens
1746 2281 1771 2310 a
1789 2266 1938 2311 forma
1956 2268 2073 2326 ignis

15 2336 24 2376 ᾖ
111 2335 207 2394 jam
221 2331 587 2394 praeexistentis:
614 2327 818 2375 humana
837 2340 991 2375 autem
1007 2341 1168 2375 natura
1184 2331 1231 2374 in
1249 2326 1436 2376 Christo
1456 2332 1580 2376 unita
1603 2343 1670 2378 est
1691 2348 1916 2392 personae
1937 2333 2078 2378 Verbi

38 2398 40 2400 ’
113 2414 139 2445 a
160 2395 383 2460 principio
403 2398 571 2458 absque
589 2397 904 2452 successione;
927 2398 1046 2442 unde
1062 2399 1206 2457 gratia
1223 2398 1465 2442 habitualis
1482 2413 1576 2443 non
1598 2400 1867 2459 intelligitur
1884 2411 1933 2445 ut
1954 2416 2077 2461 prae-

24 2509 28 2528 }
113 2466 281 2512 cedens
305 2467 542 2520 unionem,
557 2465 638 2510 sed
655 2474 703 2509 ut
729 2478 1014 2524 consequens
1041 2479 1159 2519 eam,
1181 2465 1300 2509 sicut
1321 2466 1546 2524 quaedam
1564 2468 1816 2526 proprietas
1832 2468 2075 2524 naturalis3

20 2528 46 2581 ’,ἶ
113 2533 234 2579 unde
259 2543 306 2578 et
329 2533 524 2592 August.
551 2532 661 2577 dicit
685 2532 732 2576 in
763 2532 947 2577 Enchir.
983 2532 1093 2592 (cap.
1125 2532 1237 2590 4o.)‚
1266 2532 1389 2591 quod
1419 2534 1607 2592 «gratia
1635 2545 1702 2579 est
1727 2535 2075 2594 quodammodo

28 2646 41 2654 ,
115 2601 303 2648 Christo
329 2600 510 2645 homini
534 2598 755 2644 naturalis
771 2615 812 2643 ιο.

57 2666 63 2672 ”
203 2668 280 2713 AD
308 2680 526 2713 TERTIUM
542 2666 802 2721 dicendum,
821 2666 943 2726 quod
971 2681 1219 2712 commune
1246 2676 1313 2711 est
1337 2667 1460 2726 prius
1476 2668 1677 2728 proprio,
1697 2669 1735 2714 si
1762 2678 2004 2730 utrumque
2022 2670 2080 2715 sit

116 2734 248 2780 unius
275 2735 476 2794 generis:
502 2734 582 2779 sed
607 2734 655 2778 in
679 2734 751 2778 his
769 2749 885 2793 quae
907 2744 1012 2778 sunt
1037 2734 1322 2778 diversorum
1349 2749 1585 2793 generum,
1612 2735 1727 2780 nihil
1752 2737 1964 2795 prohibet
1980 2752 2081 2797 pro-

42 2806 44 2808 ’
116 2802 266 2862 prium
291 2815 390 2846 esse
415 2804 538 2862 prius
565 2802 828 2846 communi:
856 2802 1000 2860 gratia
1027 2811 1181 2846 autem
1207 2801 1388 2846 unionis
1415 2816 1509 2847 non
1536 2813 1604 2847 est
1634 2803 1682 2847 in
1709 2818 1878 2863 genere
1905 2805 2077 2864 gratiae

115 2868 383 2923 habitualis;
415 2868 495 2913 sed
527 2878 595 2913 est
624 2883 760 2928 supra
792 2882 930 2913 omne
957 2883 1115 2927 genus,
1153 2869 1270 2912 sicut
1295 2879 1340 2913 et
1367 2869 1466 2928 ipsa
1503 2870 1655 2914 divina
1697 2885 1919 2930 persona;
1959 2872 2079 2915 unde

39 2942 47 2948 ”
117 2936 210 2981 hoo
241 2936 477 2995 proprium
518 2934 634 2980 nihil
670 2936 881 2995 prohibet
912 2950 1010 2980 esse
1041 2938 1163 2995 prius
1196 2936 1456 2981 communi:
1485 2937 1591 2996 quia
1622 2952 1718 2982 non
1748 2952 1796 2983 se
1833 2939 1971 2983 habet
2002 2953 2081 2998 per

49 2999 53 3018 ³
120 3002 401 3048 additionem
428 3003 484 3048 ad
510 3017 773 3058 commune,
800 3003 880 3048 sed
915 3004 1066 3063 potius
1080 3013 1148 3048 est
1172 3003 1466 3063 principium,
1488 3015 1533 3050 et
1564 3005 1696 3064 origo
1733 3007 1830 3065 eius
1859 3006 1981 3066 quod
2013 3014 2082 3051 est

50 3084 60 3115 ᾗ
120 3083 382 3115 commune.

308 3707 342 3743 S.
369 3707 522 3743 ’rueme
547 3707 678 3742 Summa
700 3707 901 3753 Theologica.
925 3707 1007 3743 vol.
1033 3707 1095 3742 1v.
1886 3718 1906 3754 7
