<?xml version="1.0" encoding="UTF-8"?>
<!DOCTYPE html PUBLIC "-//W3C//DTD XHTML 1.0 Transitional//EN"
    "http://www.w3.org/TR/xhtml1/DTD/xhtml1-transitional.dtd">
<html xmlns="http://www.w3.org/1999/xhtml" xml:lang="en" lang="en">
 <head>
  <title>
</title>
<meta http-equiv="Content-Type" content="text/html;charset=utf-8" />
  <meta name='ocr-system' content='tesseract 3.04.00' />
  <meta name='ocr-capabilities' content='ocr_page ocr_carea ocr_par ocr_line ocrx_word'/>
</head>
<body>
  <div class='ocr_page' id='page_1' title='image "./divithomaeaquina04thom_0671.png"; bbox 0 0 2352 3926; ppageno 0'>
   <div class='ocr_carea' id='block_1_1' title="bbox 0 0 55 282">
    <p class='ocr_par' dir='ltr' id='par_1_1' title="bbox 0 0 55 282">
     <span class='ocr_line' id='line_1_1' title="bbox 0 0 55 282; baseline 0 3644"><span class='ocrx_word' id='word_1_1' title='bbox 0 0 55 282; x_wconf 95' lang='lat' dir='ltr'> </span> 
     </span>
    </p>
   </div>
   <div class='ocr_carea' id='block_1_2' title="bbox 572 198 2037 266">
    <p class='ocr_par' dir='ltr' id='par_1_2' title="bbox 572 198 2037 266">
     <span class='ocr_line' id='line_1_2' title="bbox 572 198 2037 266; baseline -0.003 -11"><span class='ocrx_word' id='word_1_2' title='bbox 572 215 851 262; x_wconf 76' lang='lat' dir='ltr'>QUABSTIO</span> <span class='ocrx_word' id='word_1_3' title='bbox 890 215 1052 254; x_wconf 76' lang='lat' dir='ltr'>Lxxv.</span> <span class='ocrx_word' id='word_1_4' title='bbox 1092 213 1401 260; x_wconf 64' lang='lat' dir='ltr'>Ana-munus</span> <span class='ocrx_word' id='word_1_5' title='bbox 1440 212 1554 253; x_wconf 88' lang='lat' dir='ltr'>v111.</span> <span class='ocrx_word' id='word_1_6' title='bbox 1932 198 2037 266; x_wconf 87' lang='lat'>667</span> 
     </span>
    </p>
   </div>
   <div class='ocr_carea' id='block_1_3' title="bbox 6 311 2042 376">
    <p class='ocr_par' dir='ltr' id='par_1_3' title="bbox 6 311 2042 376">
     <span class='ocr_line' id='line_1_3' title="bbox 6 311 2042 376; baseline -0.003 -14"><span class='ocrx_word' id='word_1_7' title='bbox 6 316 14 368; x_wconf 56' lang='grc' dir='ltr'><em>ᾗ</em></span> <span class='ocrx_word' id='word_1_8' title='bbox 83 315 138 364; x_wconf 71' lang='lat' dir='ltr'>in·</span> <span class='ocrx_word' id='word_1_9' title='bbox 154 314 284 362; x_wconf 83' lang='lat' dir='ltr'>nullo</span> <span class='ocrx_word' id='word_1_10' title='bbox 312 329 475 361; x_wconf 89' lang='lat' dir='ltr'>eorum</span> <span class='ocrx_word' id='word_1_11' title='bbox 499 325 650 376; x_wconf 88' lang='lat' dir='ltr'>potest</span> <span class='ocrx_word' id='word_1_12' title='bbox 676 330 820 361; x_wconf 90' lang='lat' dir='ltr'>unum</span> <span class='ocrx_word' id='word_1_13' title='bbox 846 325 1100 361; x_wconf 81' lang='lat' dir='ltr'>extremum</span> <span class='ocrx_word' id='word_1_14' title='bbox 1133 314 1189 360; x_wconf 87' lang='lat' dir='ltr'>de</span> <span class='ocrx_word' id='word_1_15' title='bbox 1215 314 1307 360; x_wconf 83' lang='lat' dir='ltr'>alio</span> <span class='ocrx_word' id='word_1_16' title='bbox 1333 313 1584 374; x_wconf 89' lang='lat' dir='ltr'>praedicari</span> <span class='ocrx_word' id='word_1_17' title='bbox 1608 326 1690 372; x_wconf 89' lang='lat' dir='ltr'>per</span> <span class='ocrx_word' id='word_1_18' title='bbox 1712 312 1903 358; x_wconf 84' lang='lat' dir='ltr'>verbum</span> <span class='ocrx_word' id='word_1_19' title='bbox 1935 311 2042 356; x_wconf 86' lang='lat' dir='ltr'>sub·</span> 
     </span>
    </p>
   </div>
   <div class='ocr_carea' id='block_1_4' title="bbox 82 378 2043 575">
    <p class='ocr_par' dir='ltr' id='par_1_4' title="bbox 82 378 2043 575">
     <span class='ocr_line' id='line_1_4' title="bbox 82 378 2039 443; baseline -0.006 -11"><span class='ocrx_word' id='word_1_20' title='bbox 82 382 328 432; x_wconf 69' lang='lat' dir='ltr'>stantivum</span> <span class='ocrx_word' id='word_1_21' title='bbox 355 383 604 442; x_wconf 87' lang='lat' dir='ltr'>praesentis</span> <span class='ocrx_word' id='word_1_22' title='bbox 629 383 873 443; x_wconf 88' lang='lat' dir='ltr'>temporis:</span> <span class='ocrx_word' id='word_1_23' title='bbox 891 397 987 428; x_wconf 87' lang='lat' dir='ltr'>non</span> <span class='ocrx_word' id='word_1_24' title='bbox 1013 382 1136 427; x_wconf 90' lang='lat' dir='ltr'>enim</span> <span class='ocrx_word' id='word_1_25' title='bbox 1163 382 1379 427; x_wconf 89' lang='lat' dir='ltr'>dicimus:</span> <span class='ocrx_word' id='word_1_26' title='bbox 1410 397 1433 423; x_wconf 77' lang='grc' dir='ltr'><strong>α</strong></span> <span class='ocrx_word' id='word_1_27' title='bbox 1451 381 1558 426; x_wconf 89' lang='lat' dir='ltr'>Non</span> <span class='ocrx_word' id='word_1_28' title='bbox 1583 393 1664 424; x_wconf 83' lang='lat' dir='ltr'>ens</span> <span class='ocrx_word' id='word_1_29' title='bbox 1690 389 1760 425; x_wconf 85' lang='lat' dir='ltr'>est</span> <span class='ocrx_word' id='word_1_30' title='bbox 1782 393 1863 425; x_wconf 85' lang='lat' dir='ltr'>ens</span> <span class='ocrx_word' id='word_1_31' title='bbox 1879 394 1923 432; x_wconf 69' lang='grc' dir='ltr'>ιο,</span> <span class='ocrx_word' id='word_1_32' title='bbox 1940 378 2039 422; x_wconf 89' lang='lat' dir='ltr'>vel:</span> 
     </span>
     <span class='ocr_line' id='line_1_5' title="bbox 87 446 2043 508; baseline -0.003 -14"><span class='ocrx_word' id='word_1_33' title='bbox 87 448 266 497; x_wconf 71' lang='lat' dir='ltr'>«Panis</span> <span class='ocrx_word' id='word_1_34' title='bbox 291 459 359 493; x_wconf 92' lang='lat' dir='ltr'>est</span> <span class='ocrx_word' id='word_1_35' title='bbox 374 463 538 508; x_wconf 91' lang='lat' dir='ltr'>corpus</span> <span class='ocrx_word' id='word_1_36' title='bbox 556 449 728 495; x_wconf 82' lang='lat' dir='ltr'><strong>Christi</strong></span> <span class='ocrx_word' id='word_1_37' title='bbox 746 467 787 504; x_wconf 66' lang='lat' dir='ltr'>n,</span> <span class='ocrx_word' id='word_1_38' title='bbox 803 450 900 494; x_wconf 88' lang='lat' dir='ltr'>vel:</span> <span class='ocrx_word' id='word_1_39' title='bbox 923 466 946 492; x_wconf 72' lang='grc' dir='ltr'>ι(</span> <span class='ocrx_word' id='word_1_40' title='bbox 964 450 1056 494; x_wconf 76' lang='lat' dir='ltr'>Aer</span> <span class='ocrx_word' id='word_1_41' title='bbox 1075 459 1143 493; x_wconf 92' lang='lat' dir='ltr'>est</span> <span class='ocrx_word' id='word_1_42' title='bbox 1157 449 1274 508; x_wconf 86' lang='lat' dir='ltr'>ignis</span> <span class='ocrx_word' id='word_1_43' title='bbox 1293 465 1334 502; x_wconf 71' lang='lat' dir='ltr'>n,</span> <span class='ocrx_word' id='word_1_44' title='bbox 1360 448 1460 494; x_wconf 88' lang='lat' dir='ltr'>vel:</span> <span class='ocrx_word' id='word_1_45' title='bbox 1490 464 1512 489; x_wconf 77' lang='grc' dir='ltr'><strong>α</strong></span> <span class='ocrx_word' id='word_1_46' title='bbox 1530 447 1701 491; x_wconf 88' lang='lat' dir='ltr'>Album</span> <span class='ocrx_word' id='word_1_47' title='bbox 1718 456 1787 502; x_wconf 76' lang='lat' dir='ltr'>est</span> <span class='ocrx_word' id='word_1_48' title='bbox 1800 446 1983 504; x_wconf 85' lang='lat' dir='ltr'>nigrum</span> <span class='ocrx_word' id='word_1_49' title='bbox 2001 461 2043 488; x_wconf 72' lang='lat' dir='ltr'>n.</span> 
     </span>
     <span class='ocr_line' id='line_1_6' title="bbox 82 511 2043 575; baseline -0.003 -14"><span class='ocrx_word' id='word_1_50' title='bbox 82 515 274 574; x_wconf 85' lang='lat' dir='ltr'>Propter</span> <span class='ocrx_word' id='word_1_51' title='bbox 299 517 507 562; x_wconf 85' lang='lat' dir='ltr'>ordinem</span> <span class='ocrx_word' id='word_1_52' title='bbox 533 530 642 561; x_wconf 87' lang='lat' dir='ltr'>vero</span> <span class='ocrx_word' id='word_1_53' title='bbox 669 527 977 561; x_wconf 86' lang='lat' dir='ltr'>extremorum</span> <span class='ocrx_word' id='word_1_54' title='bbox 1003 530 1246 575; x_wconf 88' lang='lat' dir='ltr'>possumus</span> <span class='ocrx_word' id='word_1_55' title='bbox 1272 516 1337 559; x_wconf 88' lang='lat' dir='ltr'>uti</span> <span class='ocrx_word' id='word_1_56' title='bbox 1368 516 1414 559; x_wconf 88' lang='lat' dir='ltr'>in</span> <span class='ocrx_word' id='word_1_57' title='bbox 1448 515 1661 559; x_wconf 85' lang='lat' dir='ltr'>omnibus</span> <span class='ocrx_word' id='word_1_58' title='bbox 1693 514 1780 560; x_wconf 82' lang='lat' dir='ltr'>hac</span> <span class='ocrx_word' id='word_1_59' title='bbox 1813 511 2043 574; x_wconf 87' lang='lat' dir='ltr'>praeposi-</span> 
     </span>
    </p>
   </div>
   <div class='ocr_carea' id='block_1_5' title="bbox 16 578 2046 643">
    <p class='ocr_par' dir='ltr' id='par_1_5' title="bbox 16 578 2046 643">
     <span class='ocr_line' id='line_1_7' title="bbox 16 578 2046 643; baseline -0.004 -13"><span class='ocrx_word' id='word_1_60' title='bbox 16 582 25 588; x_wconf 79' lang='grc'><strong>“</strong></span> <span class='ocrx_word' id='word_1_61' title='bbox 83 581 209 631; x_wconf 84' lang='lat' dir='ltr'>tione</span> <span class='ocrx_word' id='word_1_62' title='bbox 225 597 291 638; x_wconf 77' lang='lat' dir='ltr'>cx,</span> <span class='ocrx_word' id='word_1_63' title='bbox 319 597 435 642; x_wconf 85' lang='lat' dir='ltr'>quae</span> <span class='ocrx_word' id='word_1_64' title='bbox 453 583 661 628; x_wconf 87' lang='lat' dir='ltr'>ordinem</span> <span class='ocrx_word' id='word_1_65' title='bbox 681 584 910 642; x_wconf 82' lang='lat' dir='ltr'>designat3</span> <span class='ocrx_word' id='word_1_66' title='bbox 927 597 1169 643; x_wconf 90' lang='lat' dir='ltr'>possumus</span> <span class='ocrx_word' id='word_1_67' title='bbox 1187 583 1309 627; x_wconf 90' lang='lat' dir='ltr'>enirn</span> <span class='ocrx_word' id='word_1_68' title='bbox 1330 596 1452 636; x_wconf 89' lang='lat' dir='ltr'>vere,</span> <span class='ocrx_word' id='word_1_69' title='bbox 1470 591 1514 626; x_wconf 91' lang='lat' dir='ltr'>et</span> <span class='ocrx_word' id='word_1_70' title='bbox 1529 581 1710 641; x_wconf 81' lang='lat' dir='ltr'>proprie</span> <span class='ocrx_word' id='word_1_71' title='bbox 1731 580 1898 635; x_wconf 86' lang='lat' dir='ltr'>dicere,</span> <span class='ocrx_word' id='word_1_72' title='bbox 1923 578 2046 638; x_wconf 92' lang='lat' dir='ltr'>quod</span> 
     </span>
    </p>
   </div>
   <div class='ocr_carea' id='block_1_6' title="bbox 84 645 2045 710">
    <p class='ocr_par' dir='ltr' id='par_1_6' title="bbox 84 645 2045 710">
     <span class='ocr_line' id='line_1_8' title="bbox 84 645 2045 710; baseline -0.003 -15"><span class='ocrx_word' id='word_1_73' title='bbox 84 662 138 694; x_wconf 83' lang='lat' dir='ltr'>ex</span> <span class='ocrx_word' id='word_1_74' title='bbox 164 663 258 695; x_wconf 90' lang='lat' dir='ltr'>non</span> <span class='ocrx_word' id='word_1_75' title='bbox 285 661 388 695; x_wconf 88' lang='lat' dir='ltr'>ente</span> <span class='ocrx_word' id='word_1_76' title='bbox 414 649 464 695; x_wconf 85' lang='lat' dir='ltr'>fit</span> <span class='ocrx_word' id='word_1_77' title='bbox 484 664 579 703; x_wconf 88' lang='lat' dir='ltr'>ens,</span> <span class='ocrx_word' id='word_1_78' title='bbox 606 659 651 694; x_wconf 92' lang='lat' dir='ltr'>et</span> <span class='ocrx_word' id='word_1_79' title='bbox 676 664 730 695; x_wconf 87' lang='lat' dir='ltr'>ex</span> <span class='ocrx_word' id='word_1_80' title='bbox 756 664 872 710; x_wconf 86' lang='lat' dir='ltr'>pane</span> <span class='ocrx_word' id='word_1_81' title='bbox 900 663 1065 709; x_wconf 90' lang='lat' dir='ltr'>corpus</span> <span class='ocrx_word' id='word_1_82' title='bbox 1097 649 1284 703; x_wconf 85' lang='lat' dir='ltr'>Christi,</span> <span class='ocrx_word' id='word_1_83' title='bbox 1311 659 1356 693; x_wconf 88' lang='lat' dir='ltr'>et</span> <span class='ocrx_word' id='word_1_84' title='bbox 1387 663 1440 693; x_wconf 85' lang='lat' dir='ltr'>ex</span> <span class='ocrx_word' id='word_1_85' title='bbox 1468 653 1570 693; x_wconf 72' lang='lat' dir='ltr'>aere</span> <span class='ocrx_word' id='word_1_86' title='bbox 1596 648 1729 707; x_wconf 88' lang='lat' dir='ltr'>ignis,</span> <span class='ocrx_word' id='word_1_87' title='bbox 1754 646 1829 692; x_wconf 90' lang='lat' dir='ltr'>vel</span> <span class='ocrx_word' id='word_1_88' title='bbox 1855 661 1909 692; x_wconf 85' lang='lat' dir='ltr'>ex</span> <span class='ocrx_word' id='word_1_89' title='bbox 1940 645 2045 690; x_wconf 91' lang='lat' dir='ltr'>albo</span> 
     </span>
    </p>
   </div>
   <div class='ocr_carea' id='block_1_7' title="bbox 3 713 2042 776">
    <p class='ocr_par' dir='ltr' id='par_1_7' title="bbox 3 713 2042 776">
     <span class='ocr_line' id='line_1_9' title="bbox 3 713 2042 776; baseline -0.002 -14"><span class='ocrx_word' id='word_1_90' title='bbox 3 718 6 719; x_wconf 48' lang='lat'><em>⁷</em></span> <span class='ocrx_word' id='word_1_91' title='bbox 82 716 281 776; x_wconf 81' lang='lat' dir='ltr'>nigrum.</span> <span class='ocrx_word' id='word_1_92' title='bbox 308 716 433 770; x_wconf 86' lang='lat' dir='ltr'><strong>Quia</strong></span> <span class='ocrx_word' id='word_1_93' title='bbox 465 731 574 761; x_wconf 90' lang='lat' dir='ltr'>vero</span> <span class='ocrx_word' id='word_1_94' title='bbox 607 717 653 761; x_wconf 88' lang='lat' dir='ltr'>in</span> <span class='ocrx_word' id='word_1_95' title='bbox 685 717 915 761; x_wconf 84' lang='lat' dir='ltr'>creatione</span> <span class='ocrx_word' id='word_1_96' title='bbox 941 730 1084 760; x_wconf 89' lang='lat' dir='ltr'>unum</span> <span class='ocrx_word' id='word_1_97' title='bbox 1111 727 1421 760; x_wconf 83' lang='lat' dir='ltr'>extremorum</span> <span class='ocrx_word' id='word_1_98' title='bbox 1447 730 1542 759; x_wconf 89' lang='lat' dir='ltr'>non</span> <span class='ocrx_word' id='word_1_99' title='bbox 1568 715 1728 759; x_wconf 85' lang='lat' dir='ltr'>transit</span> <span class='ocrx_word' id='word_1_100' title='bbox 1749 714 1796 758; x_wconf 90' lang='lat' dir='ltr'>in</span> <span class='ocrx_word' id='word_1_101' title='bbox 1830 713 2042 767; x_wconf 87' lang='lat' dir='ltr'>alterum,</span> 
     </span>
    </p>
   </div>
   <div class='ocr_carea' id='block_1_8' title="bbox 0 3275 24 3652">
    <p class='ocr_par' dir='ltr' id='par_1_8' title="bbox 0 3275 24 3652">
     <span class='ocr_line' id='line_1_10' title="bbox 0 3275 24 3652; baseline 0 274"><span class='ocrx_word' id='word_1_102' title='bbox 0 3275 24 3652; x_wconf 95' lang='lat' dir='ltr'> </span> 
     </span>
    </p>
   </div>
   <div class='ocr_carea' id='block_1_9' title="bbox 82 780 2050 1445">
    <p class='ocr_par' dir='ltr' id='par_1_9' title="bbox 82 780 2050 1445">
     <span class='ocr_line' id='line_1_11' title="bbox 83 780 2046 842; baseline -0.004 -12"><span class='ocrx_word' id='word_1_103' title='bbox 83 797 180 829; x_wconf 82' lang='lat' dir='ltr'>non</span> <span class='ocrx_word' id='word_1_104' title='bbox 204 797 446 842; x_wconf 87' lang='lat' dir='ltr'>possumus</span> <span class='ocrx_word' id='word_1_105' title='bbox 471 784 519 827; x_wconf 93' lang='lat' dir='ltr'>in</span> <span class='ocrx_word' id='word_1_106' title='bbox 545 781 777 828; x_wconf 86' lang='lat' dir='ltr'>creatione</span> <span class='ocrx_word' id='word_1_107' title='bbox 810 783 874 826; x_wconf 89' lang='lat' dir='ltr'>uti</span> <span class='ocrx_word' id='word_1_108' title='bbox 909 783 1049 827; x_wconf 91' lang='lat' dir='ltr'>verbo</span> <span class='ocrx_word' id='word_1_109' title='bbox 1083 783 1427 836; x_wconf 88' lang='lat' dir='ltr'>conversionis;</span> <span class='ocrx_word' id='word_1_110' title='bbox 1460 792 1509 826; x_wconf 90' lang='lat' dir='ltr'>ut</span> <span class='ocrx_word' id='word_1_111' title='bbox 1541 783 1761 836; x_wconf 89' lang='lat' dir='ltr'>dicamus,</span> <span class='ocrx_word' id='word_1_112' title='bbox 1794 780 1916 841; x_wconf 89' lang='lat' dir='ltr'>quod</span> <span class='ocrx_word' id='word_1_113' title='bbox 1948 793 2046 824; x_wconf 89' lang='lat' dir='ltr'>non</span> 
     </span>
     <span class='ocr_line' id='line_1_12' title="bbox 85 849 2044 908; baseline -0.004 -9"><span class='ocrx_word' id='word_1_114' title='bbox 85 862 166 899; x_wconf 77' lang='lat' dir='ltr'>ens</span> <span class='ocrx_word' id='word_1_115' title='bbox 197 851 475 895; x_wconf 89' lang='lat' dir='ltr'>convertitur</span> <span class='ocrx_word' id='word_1_116' title='bbox 499 851 546 895; x_wconf 91' lang='lat' dir='ltr'>in</span> <span class='ocrx_word' id='word_1_117' title='bbox 579 864 680 894; x_wconf 91' lang='lat' dir='ltr'>ens:</span> <span class='ocrx_word' id='word_1_118' title='bbox 716 864 807 908; x_wconf 93' lang='lat' dir='ltr'>quo</span> <span class='ocrx_word' id='word_1_119' title='bbox 838 859 995 895; x_wconf 88' lang='lat' dir='ltr'>tamen</span> <span class='ocrx_word' id='word_1_120' title='bbox 1019 850 1160 894; x_wconf 92' lang='lat' dir='ltr'>verbo</span> <span class='ocrx_word' id='word_1_121' title='bbox 1189 850 1253 893; x_wconf 89' lang='lat' dir='ltr'>uti</span> <span class='ocrx_word' id='word_1_122' title='bbox 1278 862 1521 908; x_wconf 90' lang='lat' dir='ltr'>possumus</span> <span class='ocrx_word' id='word_1_123' title='bbox 1549 849 1594 892; x_wconf 92' lang='lat' dir='ltr'>in</span> <span class='ocrx_word' id='word_1_124' title='bbox 1620 849 1710 893; x_wconf 92' lang='lat' dir='ltr'>hoc</span> <span class='ocrx_word' id='word_1_125' title='bbox 1738 856 2044 902; x_wconf 81' lang='lat' dir='ltr'>sacramente,</span> 
     </span>
     <span class='ocr_line' id='line_1_13' title="bbox 84 914 2048 975; baseline -0.002 -13"><span class='ocrx_word' id='word_1_126' title='bbox 84 917 203 965; x_wconf 78' lang='lat' dir='ltr'>sicut</span> <span class='ocrx_word' id='word_1_127' title='bbox 226 927 271 963; x_wconf 86' lang='lat' dir='ltr'>et</span> <span class='ocrx_word' id='word_1_128' title='bbox 295 918 342 962; x_wconf 89' lang='lat' dir='ltr'>in</span> <span class='ocrx_word' id='word_1_129' title='bbox 366 919 745 962; x_wconf 83' lang='lat' dir='ltr'>transmutatione</span> <span class='ocrx_word' id='word_1_130' title='bbox 776 917 999 961; x_wconf 90' lang='lat' dir='ltr'>naturali:</span> <span class='ocrx_word' id='word_1_131' title='bbox 1033 916 1111 961; x_wconf 91' lang='lat' dir='ltr'>sed</span> <span class='ocrx_word' id='word_1_132' title='bbox 1149 916 1253 975; x_wconf 90' lang='lat' dir='ltr'>quia</span> <span class='ocrx_word' id='word_1_133' title='bbox 1290 918 1336 960; x_wconf 91' lang='lat' dir='ltr'>in</span> <span class='ocrx_word' id='word_1_134' title='bbox 1372 916 1463 960; x_wconf 93' lang='lat' dir='ltr'>hoc</span> <span class='ocrx_word' id='word_1_135' title='bbox 1505 926 1794 960; x_wconf 88' lang='lat' dir='ltr'>sacramento</span> <span class='ocrx_word' id='word_1_136' title='bbox 1824 924 1922 961; x_wconf 88' lang='lat' dir='ltr'>tota</span> <span class='ocrx_word' id='word_1_137' title='bbox 1948 914 2048 959; x_wconf 88' lang='lat' dir='ltr'>sub-</span> 
     </span>
     <span class='ocr_line' id='line_1_14' title="bbox 85 981 2046 1042; baseline -0.002 -12"><span class='ocrx_word' id='word_1_138' title='bbox 85 984 251 1030; x_wconf 79' lang='lat' dir='ltr'>stantia</span> <span class='ocrx_word' id='word_1_139' title='bbox 275 985 324 1029; x_wconf 88' lang='lat' dir='ltr'>in</span> <span class='ocrx_word' id='word_1_140' title='bbox 348 993 494 1029; x_wconf 89' lang='lat' dir='ltr'>totam</span> <span class='ocrx_word' id='word_1_141' title='bbox 519 984 819 1028; x_wconf 87' lang='lat' dir='ltr'>substantiam</span> <span class='ocrx_word' id='word_1_142' title='bbox 846 994 1058 1038; x_wconf 89' lang='lat' dir='ltr'>mutatur,</span> <span class='ocrx_word' id='word_1_143' title='bbox 1085 993 1270 1042; x_wconf 90' lang='lat' dir='ltr'>propter</span> <span class='ocrx_word' id='word_1_144' title='bbox 1303 983 1395 1026; x_wconf 93' lang='lat' dir='ltr'>hoc</span> <span class='ocrx_word' id='word_1_145' title='bbox 1431 983 1547 1027; x_wconf 83' lang='lat' dir='ltr'>haec</span> <span class='ocrx_word' id='word_1_146' title='bbox 1586 982 1826 1027; x_wconf 87' lang='lat' dir='ltr'>conversio</span> <span class='ocrx_word' id='word_1_147' title='bbox 1863 981 2046 1041; x_wconf 89' lang='lat' dir='ltr'>proprie</span> 
     </span>
     <span class='ocr_line' id='line_1_15' title="bbox 84 1048 2048 1109; baseline -0.003 -11"><span class='ocrx_word' id='word_1_148' title='bbox 84 1051 501 1100; x_wconf 77' lang='lat' dir='ltr'>transubstantiatio</span> <span class='ocrx_word' id='word_1_149' title='bbox 522 1060 725 1095; x_wconf 89' lang='lat' dir='ltr'>vocatur.</span> <span class='ocrx_word' id='word_1_150' title='bbox 744 1050 916 1095; x_wconf 92' lang='lat' dir='ltr'>Rursus</span> <span class='ocrx_word' id='word_1_151' title='bbox 936 1051 1040 1109; x_wconf 89' lang='lat' dir='ltr'>quia</span> <span class='ocrx_word' id='word_1_152' title='bbox 1061 1050 1195 1109; x_wconf 86' lang='lat' dir='ltr'>hujus</span> <span class='ocrx_word' id='word_1_153' title='bbox 1215 1050 1527 1094; x_wconf 89' lang='lat' dir='ltr'>conversionis</span> <span class='ocrx_word' id='word_1_154' title='bbox 1544 1063 1639 1093; x_wconf 93' lang='lat' dir='ltr'>non</span> <span class='ocrx_word' id='word_1_155' title='bbox 1658 1060 1725 1094; x_wconf 85' lang='lat' dir='ltr'>est</span> <span class='ocrx_word' id='word_1_156' title='bbox 1746 1051 1952 1109; x_wconf 86' lang='lat' dir='ltr'>accipere</span> <span class='ocrx_word' id='word_1_157' title='bbox 1971 1048 2048 1093; x_wconf 88' lang='lat' dir='ltr'>ali·</span> 
     </span>
     <span class='ocr_line' id='line_1_16' title="bbox 85 1115 2047 1177; baseline -0.004 -10"><span class='ocrx_word' id='word_1_158' title='bbox 85 1118 210 1177; x_wconf 75' lang='lat' dir='ltr'>quod</span> <span class='ocrx_word' id='word_1_159' title='bbox 223 1117 493 1176; x_wconf 75' lang='lat' dir='ltr'>subiectum,</span> <span class='ocrx_word' id='word_1_160' title='bbox 507 1132 559 1162; x_wconf 91' lang='lat' dir='ltr'>ea</span> <span class='ocrx_word' id='word_1_161' title='bbox 576 1132 693 1176; x_wconf 91' lang='lat' dir='ltr'>quae</span> <span class='ocrx_word' id='word_1_162' title='bbox 710 1117 1001 1162; x_wconf 87' lang='lat' dir='ltr'>verificantur</span> <span class='ocrx_word' id='word_1_163' title='bbox 1015 1118 1062 1161; x_wconf 90' lang='lat' dir='ltr'>in</span> <span class='ocrx_word' id='word_1_164' title='bbox 1081 1117 1383 1162; x_wconf 87' lang='lat' dir='ltr'>conversione</span> <span class='ocrx_word' id='word_1_165' title='bbox 1414 1116 1610 1161; x_wconf 89' lang='lat' dir='ltr'>naturali</span> <span class='ocrx_word' id='word_1_166' title='bbox 1637 1117 1813 1161; x_wconf 88' lang='lat' dir='ltr'>ratione</span> <span class='ocrx_word' id='word_1_167' title='bbox 1840 1115 2047 1176; x_wconf 75' lang='lat' dir='ltr'>subiecti,</span> 
     </span>
     <span class='ocr_line' id='line_1_17' title="bbox 82 1182 2047 1243; baseline -0.001 -14"><span class='ocrx_word' id='word_1_168' title='bbox 82 1198 177 1229; x_wconf 89' lang='lat' dir='ltr'>non</span> <span class='ocrx_word' id='word_1_169' title='bbox 202 1193 307 1229; x_wconf 89' lang='lat' dir='ltr'>sunt</span> <span class='ocrx_word' id='word_1_170' title='bbox 332 1184 627 1242; x_wconf 85' lang='lat' dir='ltr'>concedenda</span> <span class='ocrx_word' id='word_1_171' title='bbox 652 1185 698 1228; x_wconf 90' lang='lat' dir='ltr'>in</span> <span class='ocrx_word' id='word_1_172' title='bbox 720 1184 807 1228; x_wconf 88' lang='lat' dir='ltr'>hac</span> <span class='ocrx_word' id='word_1_173' title='bbox 835 1185 1156 1229; x_wconf 88' lang='lat' dir='ltr'>conversione:</span> <span class='ocrx_word' id='word_1_174' title='bbox 1186 1194 1230 1228; x_wconf 90' lang='lat' dir='ltr'>et</span> <span class='ocrx_word' id='word_1_175' title='bbox 1255 1185 1404 1243; x_wconf 90' lang='lat' dir='ltr'>primo</span> <span class='ocrx_word' id='word_1_176' title='bbox 1432 1183 1615 1243; x_wconf 86' lang='lat' dir='ltr'>quidem</span> <span class='ocrx_word' id='word_1_177' title='bbox 1644 1182 1937 1227; x_wconf 89' lang='lat' dir='ltr'>manifestum</span> <span class='ocrx_word' id='word_1_178' title='bbox 1965 1193 2047 1236; x_wconf 90' lang='lat' dir='ltr'>est,</span> 
     </span>
     <span class='ocr_line' id='line_1_18' title="bbox 84 1250 2042 1311; baseline -0.001 -16"><span class='ocrx_word' id='word_1_179' title='bbox 84 1251 207 1311; x_wconf 86' lang='lat' dir='ltr'>quod</span> <span class='ocrx_word' id='word_1_180' title='bbox 232 1252 435 1311; x_wconf 90' lang='lat' dir='ltr'>potentia</span> <span class='ocrx_word' id='word_1_181' title='bbox 461 1252 516 1295; x_wconf 94' lang='lat' dir='ltr'>ad</span> <span class='ocrx_word' id='word_1_182' title='bbox 544 1251 807 1311; x_wconf 90' lang='lat' dir='ltr'>oppositum</span> <span class='ocrx_word' id='word_1_183' title='bbox 834 1252 1127 1311; x_wconf 89' lang='lat' dir='ltr'>consequitur</span> <span class='ocrx_word' id='word_1_184' title='bbox 1158 1252 1427 1309; x_wconf 89' lang='lat' dir='ltr'>subjectum,</span> <span class='ocrx_word' id='word_1_185' title='bbox 1461 1251 1637 1295; x_wconf 89' lang='lat' dir='ltr'>ratione</span> <span class='ocrx_word' id='word_1_186' title='bbox 1671 1251 1798 1309; x_wconf 91' lang='lat' dir='ltr'>cujus</span> <span class='ocrx_word' id='word_1_187' title='bbox 1833 1250 2042 1304; x_wconf 87' lang='lat' dir='ltr'>dicimus,</span> 
     </span>
     <span class='ocr_line' id='line_1_19' title="bbox 84 1316 2049 1378; baseline -0.001 -16"><span class='ocrx_word' id='word_1_188' title='bbox 84 1318 206 1378; x_wconf 92' lang='lat' dir='ltr'>quod</span> <span class='ocrx_word' id='word_1_189' title='bbox 233 1318 387 1362; x_wconf 91' lang='lat' dir='ltr'>album</span> <span class='ocrx_word' id='word_1_190' title='bbox 412 1328 562 1378; x_wconf 90' lang='lat' dir='ltr'>potest</span> <span class='ocrx_word' id='word_1_191' title='bbox 588 1332 685 1363; x_wconf 89' lang='lat' dir='ltr'>esse</span> <span class='ocrx_word' id='word_1_192' title='bbox 712 1319 909 1377; x_wconf 88' lang='lat' dir='ltr'>nigrum,</span> <span class='ocrx_word' id='word_1_193' title='bbox 937 1329 981 1363; x_wconf 90' lang='lat' dir='ltr'>et</span> <span class='ocrx_word' id='word_1_194' title='bbox 1008 1323 1084 1362; x_wconf 72' lang='lat' dir='ltr'>aer</span> <span class='ocrx_word' id='word_1_195' title='bbox 1110 1328 1257 1377; x_wconf 92' lang='lat' dir='ltr'>potest</span> <span class='ocrx_word' id='word_1_196' title='bbox 1286 1332 1383 1363; x_wconf 91' lang='lat' dir='ltr'>esse</span> <span class='ocrx_word' id='word_1_197' title='bbox 1409 1318 1542 1376; x_wconf 90' lang='lat' dir='ltr'>ignis,</span> <span class='ocrx_word' id='word_1_198' title='bbox 1581 1317 1688 1361; x_wconf 90' lang='lat' dir='ltr'>licet</span> <span class='ocrx_word' id='word_1_199' title='bbox 1718 1317 1834 1361; x_wconf 88' lang='lat' dir='ltr'>haec</span> <span class='ocrx_word' id='word_1_200' title='bbox 1861 1331 1957 1361; x_wconf 92' lang='lat' dir='ltr'>non</span> <span class='ocrx_word' id='word_1_201' title='bbox 1990 1316 2049 1361; x_wconf 91' lang='lat' dir='ltr'>sit</span> 
     </span>
     <span class='ocr_line' id='line_1_20' title="bbox 82 1383 2050 1445; baseline -0.002 -15"><span class='ocrx_word' id='word_1_202' title='bbox 82 1385 145 1430; x_wconf 90' lang='lat' dir='ltr'>ita</span> <span class='ocrx_word' id='word_1_203' title='bbox 170 1385 365 1445; x_wconf 89' lang='lat' dir='ltr'>propria,</span> <span class='ocrx_word' id='word_1_204' title='bbox 392 1388 509 1430; x_wconf 85' lang='lat' dir='ltr'>sicut</span> <span class='ocrx_word' id='word_1_205' title='bbox 533 1386 708 1444; x_wconf 90' lang='lat' dir='ltr'>prima;</span> <span class='ocrx_word' id='word_1_206' title='bbox 739 1400 847 1429; x_wconf 88' lang='lat' dir='ltr'>nam</span> <span class='ocrx_word' id='word_1_207' title='bbox 875 1386 1128 1445; x_wconf 73' lang='lat' dir='ltr'>subJectum</span> <span class='ocrx_word' id='word_1_208' title='bbox 1162 1385 1265 1439; x_wconf 87' lang='lat' dir='ltr'>albi,</span> <span class='ocrx_word' id='word_1_209' title='bbox 1292 1386 1339 1429; x_wconf 91' lang='lat' dir='ltr'>in</span> <span class='ocrx_word' id='word_1_210' title='bbox 1366 1399 1457 1444; x_wconf 93' lang='lat' dir='ltr'>quo</span> <span class='ocrx_word' id='word_1_211' title='bbox 1491 1395 1559 1429; x_wconf 91' lang='lat' dir='ltr'>est</span> <span class='ocrx_word' id='word_1_212' title='bbox 1590 1384 1794 1443; x_wconf 91' lang='lat' dir='ltr'>potentia</span> <span class='ocrx_word' id='word_1_213' title='bbox 1821 1384 1878 1428; x_wconf 89' lang='lat' dir='ltr'>ad</span> <span class='ocrx_word' id='word_1_214' title='bbox 1904 1383 2050 1442; x_wconf 88' lang='lat' dir='ltr'>nigre-</span> 
     </span>
    </p>
   </div>
   <div class='ocr_carea' id='block_1_10' title="bbox 63 1451 2046 1510">
    <p class='ocr_par' dir='ltr' id='par_1_10' title="bbox 63 1451 2046 1510">
     <span class='ocr_line' id='line_1_21' title="bbox 63 1451 2046 1510; baseline 0 -15"><span class='ocrx_word' id='word_1_215' title='bbox 63 1452 253 1507; x_wconf 79' lang='lat' dir='ltr'>dinem,</span> <span class='ocrx_word' id='word_1_216' title='bbox 280 1462 348 1497; x_wconf 91' lang='lat' dir='ltr'>est</span> <span class='ocrx_word' id='word_1_217' title='bbox 371 1462 468 1497; x_wconf 90' lang='lat' dir='ltr'>tota</span> <span class='ocrx_word' id='word_1_218' title='bbox 500 1453 748 1496; x_wconf 90' lang='lat' dir='ltr'>substantia</span> <span class='ocrx_word' id='word_1_219' title='bbox 782 1452 896 1507; x_wconf 91' lang='lat' dir='ltr'>albi;</span> <span class='ocrx_word' id='word_1_220' title='bbox 932 1467 1026 1497; x_wconf 92' lang='lat' dir='ltr'>non</span> <span class='ocrx_word' id='word_1_221' title='bbox 1064 1454 1185 1497; x_wconf 90' lang='lat' dir='ltr'>enim</span> <span class='ocrx_word' id='word_1_222' title='bbox 1214 1452 1375 1496; x_wconf 86' lang='lat' dir='ltr'>albedo</span> <span class='ocrx_word' id='word_1_223' title='bbox 1413 1461 1481 1496; x_wconf 90' lang='lat' dir='ltr'>est</span> <span class='ocrx_word' id='word_1_224' title='bbox 1506 1466 1608 1510; x_wconf 90' lang='lat' dir='ltr'>pars</span> <span class='ocrx_word' id='word_1_225' title='bbox 1643 1453 1763 1510; x_wconf 86' lang='lat' dir='ltr'>ejus:</span> <span class='ocrx_word' id='word_1_226' title='bbox 1792 1451 2046 1510; x_wconf 75' lang='lat' dir='ltr'>subJectum</span> 
     </span>
    </p>
   </div>
   <div class='ocr_carea' id='block_1_11' title="bbox 84 1515 2052 3656">
    <p class='ocr_par' dir='ltr' id='par_1_11' title="bbox 84 1515 2052 2851">
     <span class='ocr_line' id='line_1_22' title="bbox 85 1515 2048 1578; baseline -0.002 -14"><span class='ocrx_word' id='word_1_227' title='bbox 85 1530 238 1564; x_wconf 90' lang='lat' dir='ltr'>autem</span> <span class='ocrx_word' id='word_1_228' title='bbox 261 1519 438 1564; x_wconf 89' lang='lat' dir='ltr'>formae</span> <span class='ocrx_word' id='word_1_229' title='bbox 466 1520 580 1563; x_wconf 75' lang='lat' dir='ltr'>aeris</span> <span class='ocrx_word' id='word_1_230' title='bbox 607 1515 674 1563; x_wconf 87' lang='lat' dir='ltr'>est</span> <span class='ocrx_word' id='word_1_231' title='bbox 698 1533 800 1578; x_wconf 85' lang='lat' dir='ltr'>pars</span> <span class='ocrx_word' id='word_1_232' title='bbox 819 1521 929 1578; x_wconf 87' lang='lat' dir='ltr'>ejus,</span> <span class='ocrx_word' id='word_1_233' title='bbox 947 1520 1067 1564; x_wconf 90' lang='lat' dir='ltr'>unde</span> <span class='ocrx_word' id='word_1_234' title='bbox 1086 1534 1193 1563; x_wconf 90' lang='lat' dir='ltr'>cum</span> <span class='ocrx_word' id='word_1_235' title='bbox 1210 1519 1394 1565; x_wconf 88' lang='lat' dir='ltr'>dicitur:</span> <span class='ocrx_word' id='word_1_236' title='bbox 1420 1536 1443 1561; x_wconf 87' lang='lat'>‹&lt;</span> <span class='ocrx_word' id='word_1_237' title='bbox 1462 1519 1557 1563; x_wconf 77' lang='lat' dir='ltr'>Aer</span> <span class='ocrx_word' id='word_1_238' title='bbox 1582 1527 1732 1578; x_wconf 83' lang='lat' dir='ltr'>potest</span> <span class='ocrx_word' id='word_1_239' title='bbox 1750 1532 1850 1563; x_wconf 90' lang='lat' dir='ltr'>esse</span> <span class='ocrx_word' id='word_1_240' title='bbox 1866 1518 1984 1577; x_wconf 88' lang='lat' dir='ltr'>ignis</span> <span class='ocrx_word' id='word_1_241' title='bbox 2003 1535 2048 1571; x_wconf 84' lang='lat'>&gt;›,</span> 
     </span>
     <span class='ocr_line' id='line_1_23' title="bbox 84 1585 2051 1646; baseline -0.001 -16"><span class='ocrx_word' id='word_1_242' title='bbox 84 1586 342 1631; x_wconf 88' lang='lat' dir='ltr'>verificatur</span> <span class='ocrx_word' id='word_1_243' title='bbox 366 1587 541 1631; x_wconf 91' lang='lat' dir='ltr'>ratione</span> <span class='ocrx_word' id='word_1_244' title='bbox 568 1587 705 1645; x_wconf 90' lang='lat' dir='ltr'>partis</span> <span class='ocrx_word' id='word_1_245' title='bbox 731 1601 811 1644; x_wconf 89' lang='lat' dir='ltr'>per</span> <span class='ocrx_word' id='word_1_246' title='bbox 836 1588 1203 1646; x_wconf 88' lang='lat' dir='ltr'>synecdochem:</span> <span class='ocrx_word' id='word_1_247' title='bbox 1230 1586 1308 1630; x_wconf 92' lang='lat' dir='ltr'>sed</span> <span class='ocrx_word' id='word_1_248' title='bbox 1335 1587 1380 1631; x_wconf 89' lang='lat' dir='ltr'>in</span> <span class='ocrx_word' id='word_1_249' title='bbox 1403 1586 1490 1629; x_wconf 89' lang='lat' dir='ltr'>hac</span> <span class='ocrx_word' id='word_1_250' title='bbox 1515 1586 1832 1639; x_wconf 86' lang='lat' dir='ltr'>conversione,</span> <span class='ocrx_word' id='word_1_251' title='bbox 1859 1594 1905 1629; x_wconf 90' lang='lat' dir='ltr'>et</span> <span class='ocrx_word' id='word_1_252' title='bbox 1929 1585 2051 1629; x_wconf 88' lang='lat' dir='ltr'>simi-</span> 
     </span>
     <span class='ocr_line' id='line_1_24' title="bbox 84 1653 2050 1712; baseline -0.002 -14"><span class='ocrx_word' id='word_1_253' title='bbox 84 1653 186 1699; x_wconf 90' lang='lat' dir='ltr'>liter</span> <span class='ocrx_word' id='word_1_254' title='bbox 209 1654 256 1698; x_wconf 90' lang='lat' dir='ltr'>in</span> <span class='ocrx_word' id='word_1_255' title='bbox 283 1654 527 1707; x_wconf 85' lang='lat' dir='ltr'>creatione,</span> <span class='ocrx_word' id='word_1_256' title='bbox 553 1654 659 1712; x_wconf 91' lang='lat' dir='ltr'>quia</span> <span class='ocrx_word' id='word_1_257' title='bbox 683 1653 862 1697; x_wconf 89' lang='lat' dir='ltr'>nullum</span> <span class='ocrx_word' id='word_1_258' title='bbox 889 1664 956 1698; x_wconf 91' lang='lat' dir='ltr'>est</span> <span class='ocrx_word' id='word_1_259' title='bbox 982 1655 1251 1712; x_wconf 89' lang='lat' dir='ltr'>subjectum,</span> <span class='ocrx_word' id='word_1_260' title='bbox 1277 1667 1371 1697; x_wconf 92' lang='lat' dir='ltr'>non</span> <span class='ocrx_word' id='word_1_261' title='bbox 1399 1653 1562 1697; x_wconf 89' lang='lat' dir='ltr'>dicitur</span> <span class='ocrx_word' id='word_1_262' title='bbox 1587 1653 1709 1711; x_wconf 91' lang='lat' dir='ltr'>quod</span> <span class='ocrx_word' id='word_1_263' title='bbox 1736 1666 1880 1698; x_wconf 89' lang='lat' dir='ltr'>unum</span> <span class='ocrx_word' id='word_1_264' title='bbox 1908 1662 2050 1696; x_wconf 86' lang='lat' dir='ltr'>extre-</span> 
     </span>
     <span class='ocr_line' id='line_1_25' title="bbox 85 1718 2048 1780; baseline -0.002 -15"><span class='ocrx_word' id='word_1_265' title='bbox 85 1734 213 1765; x_wconf 88' lang='lat' dir='ltr'>mum</span> <span class='ocrx_word' id='word_1_266' title='bbox 245 1721 390 1780; x_wconf 90' lang='lat' dir='ltr'>possit</span> <span class='ocrx_word' id='word_1_267' title='bbox 414 1734 512 1765; x_wconf 91' lang='lat' dir='ltr'>esse</span> <span class='ocrx_word' id='word_1_268' title='bbox 540 1720 683 1774; x_wconf 91' lang='lat' dir='ltr'>aliud;</span> <span class='ocrx_word' id='word_1_269' title='bbox 710 1721 827 1765; x_wconf 88' lang='lat' dir='ltr'>sicut</span> <span class='ocrx_word' id='word_1_270' title='bbox 852 1720 973 1779; x_wconf 92' lang='lat' dir='ltr'>quod</span> <span class='ocrx_word' id='word_1_271' title='bbox 1007 1735 1101 1764; x_wconf 91' lang='lat' dir='ltr'>non</span> <span class='ocrx_word' id='word_1_272' title='bbox 1139 1734 1219 1765; x_wconf 88' lang='lat' dir='ltr'>ens</span> <span class='ocrx_word' id='word_1_273' title='bbox 1251 1720 1394 1779; x_wconf 84' lang='lat' dir='ltr'>possit</span> <span class='ocrx_word' id='word_1_274' title='bbox 1419 1734 1519 1764; x_wconf 90' lang='lat' dir='ltr'>esse</span> <span class='ocrx_word' id='word_1_275' title='bbox 1546 1733 1639 1776; x_wconf 88' lang='lat' dir='ltr'>ens,</span> <span class='ocrx_word' id='word_1_276' title='bbox 1674 1718 1749 1763; x_wconf 91' lang='lat' dir='ltr'>vel</span> <span class='ocrx_word' id='word_1_277' title='bbox 1773 1719 1895 1778; x_wconf 91' lang='lat' dir='ltr'>quod</span> <span class='ocrx_word' id='word_1_278' title='bbox 1919 1719 2048 1777; x_wconf 91' lang='lat' dir='ltr'>panis</span> 
     </span>
     <span class='ocr_line' id='line_1_26' title="bbox 86 1784 2048 1848; baseline -0.002 -16"><span class='ocrx_word' id='word_1_279' title='bbox 86 1788 229 1848; x_wconf 90' lang='lat' dir='ltr'>possit</span> <span class='ocrx_word' id='word_1_280' title='bbox 254 1801 352 1832; x_wconf 89' lang='lat' dir='ltr'>esse</span> <span class='ocrx_word' id='word_1_281' title='bbox 378 1801 543 1847; x_wconf 89' lang='lat' dir='ltr'>corpus</span> <span class='ocrx_word' id='word_1_282' title='bbox 570 1787 765 1831; x_wconf 86' lang='lat' dir='ltr'>Christi:</span> <span class='ocrx_word' id='word_1_283' title='bbox 795 1797 839 1832; x_wconf 92' lang='lat' dir='ltr'>et</span> <span class='ocrx_word' id='word_1_284' title='bbox 865 1788 1026 1831; x_wconf 90' lang='lat' dir='ltr'>eadem</span> <span class='ocrx_word' id='word_1_285' title='bbox 1059 1788 1235 1831; x_wconf 90' lang='lat' dir='ltr'>ratione</span> <span class='ocrx_word' id='word_1_286' title='bbox 1267 1802 1361 1830; x_wconf 91' lang='lat' dir='ltr'>non</span> <span class='ocrx_word' id='word_1_287' title='bbox 1394 1796 1543 1846; x_wconf 90' lang='lat' dir='ltr'>potest</span> <span class='ocrx_word' id='word_1_288' title='bbox 1578 1786 1759 1844; x_wconf 89' lang='lat' dir='ltr'>proprie</span> <span class='ocrx_word' id='word_1_289' title='bbox 1792 1785 1896 1840; x_wconf 91' lang='lat' dir='ltr'>dici,</span> <span class='ocrx_word' id='word_1_290' title='bbox 1924 1784 2048 1844; x_wconf 91' lang='lat' dir='ltr'>quod</span> 
     </span>
     <span class='ocr_line' id='line_1_27' title="bbox 91 1852 2048 1913; baseline -0.001 -15"><span class='ocrx_word' id='word_1_291' title='bbox 91 1871 116 1898; x_wconf 71' lang='lat' dir='ltr'>c&lt;</span> <span class='ocrx_word' id='word_1_292' title='bbox 133 1855 188 1900; x_wconf 87' lang='lat' dir='ltr'>de</span> <span class='ocrx_word' id='word_1_293' title='bbox 214 1869 311 1900; x_wconf 90' lang='lat' dir='ltr'>non</span> <span class='ocrx_word' id='word_1_294' title='bbox 338 1865 440 1899; x_wconf 91' lang='lat' dir='ltr'>ente</span> <span class='ocrx_word' id='word_1_295' title='bbox 462 1854 540 1898; x_wconf 89' lang='lat' dir='ltr'>fiat</span> <span class='ocrx_word' id='word_1_296' title='bbox 566 1869 646 1899; x_wconf 91' lang='lat' dir='ltr'>ens</span> <span class='ocrx_word' id='word_1_297' title='bbox 667 1871 707 1909; x_wconf 86' lang='lat'>»‚</span> <span class='ocrx_word' id='word_1_298' title='bbox 734 1854 808 1898; x_wconf 91' lang='lat' dir='ltr'>vel</span> <span class='ocrx_word' id='word_1_299' title='bbox 834 1855 956 1913; x_wconf 91' lang='lat' dir='ltr'>quod</span> <span class='ocrx_word' id='word_1_300' title='bbox 986 1872 1009 1895; x_wconf 90' lang='grc'>«</span> <span class='ocrx_word' id='word_1_301' title='bbox 1029 1854 1083 1898; x_wconf 92' lang='lat' dir='ltr'>de</span> <span class='ocrx_word' id='word_1_302' title='bbox 1110 1868 1225 1913; x_wconf 86' lang='lat' dir='ltr'>pane</span> <span class='ocrx_word' id='word_1_303' title='bbox 1252 1853 1330 1897; x_wconf 88' lang='lat' dir='ltr'>fiat</span> <span class='ocrx_word' id='word_1_304' title='bbox 1352 1867 1516 1912; x_wconf 90' lang='lat' dir='ltr'>corpus</span> <span class='ocrx_word' id='word_1_305' title='bbox 1536 1852 1768 1907; x_wconf 85' lang='lat' dir='ltr'>Christi»,</span> <span class='ocrx_word' id='word_1_306' title='bbox 1805 1853 1910 1911; x_wconf 92' lang='lat' dir='ltr'>quia</span> <span class='ocrx_word' id='word_1_307' title='bbox 1931 1853 2048 1896; x_wconf 88' lang='lat' dir='ltr'>haec</span> 
     </span>
     <span class='ocr_line' id='line_1_28' title="bbox 86 1920 2051 1983; baseline -0.002 -16"><span class='ocrx_word' id='word_1_308' title='bbox 86 1923 360 1983; x_wconf 79' lang='lat' dir='ltr'>praepositio</span> <span class='ocrx_word' id='word_1_309' title='bbox 393 1921 601 1979; x_wconf 89' lang='lat' dir='ltr'>designat</span> <span class='ocrx_word' id='word_1_310' title='bbox 641 1935 828 1966; x_wconf 90' lang='lat' dir='ltr'>causam</span> <span class='ocrx_word' id='word_1_311' title='bbox 877 1920 1333 1966; x_wconf 87' lang='lat' dir='ltr'>consubstantialem:</span> <span class='ocrx_word' id='word_1_312' title='bbox 1372 1932 1488 1979; x_wconf 90' lang='lat' dir='ltr'>quae</span> <span class='ocrx_word' id='word_1_313' title='bbox 1525 1920 1710 1979; x_wconf 89' lang='lat' dir='ltr'>quidem</span> <span class='ocrx_word' id='word_1_314' title='bbox 1753 1920 2051 1964; x_wconf 86' lang='lat' dir='ltr'>consubstan-</span> 
     </span>
     <span class='ocr_line' id='line_1_29' title="bbox 85 1987 2046 2046; baseline -0.002 -12"><span class='ocrx_word' id='word_1_315' title='bbox 85 1988 251 2035; x_wconf 87' lang='lat' dir='ltr'>tialitas</span> <span class='ocrx_word' id='word_1_316' title='bbox 277 1998 584 2033; x_wconf 85' lang='lat' dir='ltr'>extremorum</span> <span class='ocrx_word' id='word_1_317' title='bbox 611 1988 656 2031; x_wconf 90' lang='lat' dir='ltr'>in</span> <span class='ocrx_word' id='word_1_318' title='bbox 688 1988 1140 2032; x_wconf 88' lang='lat' dir='ltr'>transmutationibus</span> <span class='ocrx_word' id='word_1_319' title='bbox 1181 1987 1461 2031; x_wconf 88' lang='lat' dir='ltr'>naturalibus</span> <span class='ocrx_word' id='word_1_320' title='bbox 1498 1987 1741 2031; x_wconf 91' lang='lat' dir='ltr'>attenditur</span> <span class='ocrx_word' id='word_1_321' title='bbox 1772 2000 1912 2046; x_wconf 90' lang='lat' dir='ltr'>penes</span> <span class='ocrx_word' id='word_1_322' title='bbox 1945 2000 2046 2030; x_wconf 91' lang='lat' dir='ltr'>con-</span> 
     </span>
     <span class='ocr_line' id='line_1_30' title="bbox 85 2053 2050 2114; baseline -0.001 -14"><span class='ocrx_word' id='word_1_323' title='bbox 85 2056 364 2102; x_wconf 84' lang='lat' dir='ltr'>venientiam</span> <span class='ocrx_word' id='word_1_324' title='bbox 389 2057 435 2100; x_wconf 89' lang='lat' dir='ltr'>in</span> <span class='ocrx_word' id='word_1_325' title='bbox 467 2055 686 2114; x_wconf 82' lang='lat' dir='ltr'>subject03</span> <span class='ocrx_word' id='word_1_326' title='bbox 718 2064 763 2099; x_wconf 90' lang='lat' dir='ltr'>et</span> <span class='ocrx_word' id='word_1_327' title='bbox 802 2055 941 2099; x_wconf 84' lang='lat' dir='ltr'>simili</span> <span class='ocrx_word' id='word_1_328' title='bbox 977 2055 1154 2099; x_wconf 88' lang='lat' dir='ltr'>ratione</span> <span class='ocrx_word' id='word_1_329' title='bbox 1179 2069 1274 2099; x_wconf 92' lang='lat' dir='ltr'>non</span> <span class='ocrx_word' id='word_1_330' title='bbox 1308 2055 1587 2108; x_wconf 90' lang='lat' dir='ltr'>conceditur,</span> <span class='ocrx_word' id='word_1_331' title='bbox 1615 2054 1737 2113; x_wconf 91' lang='lat' dir='ltr'>quod</span> <span class='ocrx_word' id='word_1_332' title='bbox 1768 2054 1939 2113; x_wconf 89' lang='lat' dir='ltr'>«panis</span> <span class='ocrx_word' id='word_1_333' title='bbox 1965 2053 2050 2098; x_wconf 90' lang='lat' dir='ltr'>erit</span> 
     </span>
     <span class='ocr_line' id='line_1_31' title="bbox 88 2121 2041 2183; baseline -0.002 -15"><span class='ocrx_word' id='word_1_334' title='bbox 88 2135 255 2183; x_wconf 81' lang='lat' dir='ltr'>corpus</span> <span class='ocrx_word' id='word_1_335' title='bbox 283 2122 506 2176; x_wconf 82' lang='lat' dir='ltr'>Christi»,</span> <span class='ocrx_word' id='word_1_336' title='bbox 531 2121 606 2166; x_wconf 89' lang='lat' dir='ltr'>vel</span> <span class='ocrx_word' id='word_1_337' title='bbox 631 2122 754 2181; x_wconf 93' lang='lat' dir='ltr'>quod</span> <span class='ocrx_word' id='word_1_338' title='bbox 782 2138 807 2164; x_wconf 74' lang='lat' dir='ltr'>&lt;t</span> <span class='ocrx_word' id='word_1_339' title='bbox 826 2121 874 2166; x_wconf 90' lang='lat' dir='ltr'>fit</span> <span class='ocrx_word' id='word_1_340' title='bbox 906 2136 1068 2181; x_wconf 88' lang='lat' dir='ltr'>corpus</span> <span class='ocrx_word' id='word_1_341' title='bbox 1102 2121 1275 2166; x_wconf 86' lang='lat' dir='ltr'>Christi</span> <span class='ocrx_word' id='word_1_342' title='bbox 1292 2136 1342 2165; x_wconf 77' lang='lat' dir='ltr'>»z</span> <span class='ocrx_word' id='word_1_343' title='bbox 1369 2122 1487 2166; x_wconf 89' lang='lat' dir='ltr'>sicut</span> <span class='ocrx_word' id='word_1_344' title='bbox 1516 2135 1665 2180; x_wconf 89' lang='lat' dir='ltr'>neque</span> <span class='ocrx_word' id='word_1_345' title='bbox 1699 2121 1966 2165; x_wconf 89' lang='lat' dir='ltr'>conceditur</span> <span class='ocrx_word' id='word_1_346' title='bbox 1996 2121 2041 2164; x_wconf 89' lang='lat' dir='ltr'>in</span> 
     </span>
     <span class='ocr_line' id='line_1_32' title="bbox 86 2188 2049 2248; baseline -0.001 -14"><span class='ocrx_word' id='word_1_347' title='bbox 86 2189 332 2243; x_wconf 85' lang='lat' dir='ltr'>creatione,</span> <span class='ocrx_word' id='word_1_348' title='bbox 358 2189 480 2248; x_wconf 92' lang='lat' dir='ltr'>quod</span> <span class='ocrx_word' id='word_1_349' title='bbox 508 2205 533 2231; x_wconf 81' lang='grc' dir='ltr'><strong>κ</strong></span> <span class='ocrx_word' id='word_1_350' title='bbox 550 2202 645 2232; x_wconf 90' lang='lat' dir='ltr'>non</span> <span class='ocrx_word' id='word_1_351' title='bbox 671 2203 750 2233; x_wconf 91' lang='lat' dir='ltr'>ens</span> <span class='ocrx_word' id='word_1_352' title='bbox 778 2189 862 2234; x_wconf 89' lang='lat' dir='ltr'>erit</span> <span class='ocrx_word' id='word_1_353' title='bbox 886 2203 966 2233; x_wconf 90' lang='lat' dir='ltr'>ens</span> <span class='ocrx_word' id='word_1_354' title='bbox 985 2206 1026 2243; x_wconf 88' lang='lat'>»‚</span> <span class='ocrx_word' id='word_1_355' title='bbox 1050 2188 1127 2233; x_wconf 88' lang='lat' dir='ltr'>vel</span> <span class='ocrx_word' id='word_1_356' title='bbox 1151 2188 1274 2248; x_wconf 92' lang='lat' dir='ltr'>quod</span> <span class='ocrx_word' id='word_1_357' title='bbox 1296 2205 1320 2230; x_wconf 77' lang='lat' dir='ltr'>&lt;c</span> <span class='ocrx_word' id='word_1_358' title='bbox 1340 2203 1435 2233; x_wconf 90' lang='lat' dir='ltr'>non</span> <span class='ocrx_word' id='word_1_359' title='bbox 1463 2203 1542 2232; x_wconf 91' lang='lat' dir='ltr'>ens</span> <span class='ocrx_word' id='word_1_360' title='bbox 1565 2188 1644 2232; x_wconf 90' lang='lat' dir='ltr'>fiat</span> <span class='ocrx_word' id='word_1_361' title='bbox 1670 2202 1749 2232; x_wconf 92' lang='lat' dir='ltr'>ens</span> <span class='ocrx_word' id='word_1_362' title='bbox 1766 2205 1790 2231; x_wconf 71' lang='lat'>&gt;³</span> <span class='ocrx_word' id='word_1_363' title='bbox 1809 2204 1821 2242; x_wconf 82' lang='lat'><em>3</em></span> <span class='ocrx_word' id='word_1_364' title='bbox 1842 2188 1948 2247; x_wconf 91' lang='lat' dir='ltr'>quia</span> <span class='ocrx_word' id='word_1_365' title='bbox 1973 2188 2049 2232; x_wconf 89' lang='lat' dir='ltr'>hic</span> 
     </span>
     <span class='ocr_line' id='line_1_33' title="bbox 86 2255 2045 2315; baseline -0.001 -15"><span class='ocrx_word' id='word_1_366' title='bbox 86 2256 250 2301; x_wconf 86' lang='lat' dir='ltr'>modus</span> <span class='ocrx_word' id='word_1_367' title='bbox 276 2255 493 2315; x_wconf 85' lang='lat' dir='ltr'>loquendi</span> <span class='ocrx_word' id='word_1_368' title='bbox 507 2255 765 2300; x_wconf 89' lang='lat' dir='ltr'>verificatur</span> <span class='ocrx_word' id='word_1_369' title='bbox 782 2257 828 2300; x_wconf 90' lang='lat' dir='ltr'>in</span> <span class='ocrx_word' id='word_1_370' title='bbox 845 2256 1298 2300; x_wconf 89' lang='lat' dir='ltr'>transmutationibus</span> <span class='ocrx_word' id='word_1_371' title='bbox 1324 2255 1602 2299; x_wconf 88' lang='lat' dir='ltr'>naturalibus</span> <span class='ocrx_word' id='word_1_372' title='bbox 1628 2257 1806 2299; x_wconf 87' lang='lat' dir='ltr'>ratione</span> <span class='ocrx_word' id='word_1_373' title='bbox 1827 2255 2045 2314; x_wconf 83' lang='lat' dir='ltr'>subjecti3</span> 
     </span>
     <span class='ocr_line' id='line_1_34' title="bbox 86 2322 2046 2383; baseline -0.003 -15"><span class='ocrx_word' id='word_1_374' title='bbox 86 2333 195 2383; x_wconf 89' lang='lat' dir='ltr'>puta</span> <span class='ocrx_word' id='word_1_375' title='bbox 226 2337 333 2368; x_wconf 87' lang='lat' dir='ltr'>cum</span> <span class='ocrx_word' id='word_1_376' title='bbox 368 2322 577 2376; x_wconf 89' lang='lat' dir='ltr'>dicimus,</span> <span class='ocrx_word' id='word_1_377' title='bbox 614 2324 737 2381; x_wconf 91' lang='lat' dir='ltr'>quod</span> <span class='ocrx_word' id='word_1_378' title='bbox 771 2339 795 2365; x_wconf 86' lang='lat'><strong><em>«</em></strong></span> <span class='ocrx_word' id='word_1_379' title='bbox 814 2322 967 2367; x_wconf 92' lang='lat' dir='ltr'>album</span> <span class='ocrx_word' id='word_1_380' title='bbox 1003 2322 1053 2367; x_wconf 92' lang='lat' dir='ltr'>fit</span> <span class='ocrx_word' id='word_1_381' title='bbox 1075 2323 1260 2381; x_wconf 86' lang='lat' dir='ltr'>nigrum</span> <span class='ocrx_word' id='word_1_382' title='bbox 1287 2340 1328 2377; x_wconf 88' lang='lat'>»,</span> <span class='ocrx_word' id='word_1_383' title='bbox 1353 2322 1429 2366; x_wconf 95' lang='lat' dir='ltr'>vel</span> <span class='ocrx_word' id='word_1_384' title='bbox 1458 2339 1482 2364; x_wconf 88' lang='lat'><strong><em>«</em></strong></span> <span class='ocrx_word' id='word_1_385' title='bbox 1509 2322 1663 2366; x_wconf 90' lang='lat' dir='ltr'>album</span> <span class='ocrx_word' id='word_1_386' title='bbox 1696 2322 1780 2366; x_wconf 90' lang='lat' dir='ltr'>erit</span> <span class='ocrx_word' id='word_1_387' title='bbox 1803 2322 2046 2380; x_wconf 85' lang='lat' dir='ltr'>nigrum».</span> 
     </span>
     <span class='ocr_line' id='line_1_35' title="bbox 89 2388 2052 2448; baseline -0.001 -14"><span class='ocrx_word' id='word_1_388' title='bbox 89 2388 213 2443; x_wconf 83' lang='lat' dir='ltr'>Quia</span> <span class='ocrx_word' id='word_1_389' title='bbox 237 2399 392 2434; x_wconf 90' lang='lat' dir='ltr'>tamen</span> <span class='ocrx_word' id='word_1_390' title='bbox 418 2390 464 2433; x_wconf 87' lang='lat' dir='ltr'>in</span> <span class='ocrx_word' id='word_1_391' title='bbox 489 2389 580 2434; x_wconf 89' lang='lat' dir='ltr'>hoc</span> <span class='ocrx_word' id='word_1_392' title='bbox 606 2399 911 2444; x_wconf 88' lang='lat' dir='ltr'>sacramento,</span> <span class='ocrx_word' id='word_1_393' title='bbox 937 2389 1056 2434; x_wconf 88' lang='lat' dir='ltr'>facta</span> <span class='ocrx_word' id='word_1_394' title='bbox 1083 2390 1399 2444; x_wconf 89' lang='lat' dir='ltr'>conversione,</span> <span class='ocrx_word' id='word_1_395' title='bbox 1427 2389 1598 2448; x_wconf 86' lang='lat' dir='ltr'>aliquid</span> <span class='ocrx_word' id='word_1_396' title='bbox 1625 2388 1746 2433; x_wconf 89' lang='lat' dir='ltr'>idem</span> <span class='ocrx_word' id='word_1_397' title='bbox 1773 2399 1944 2443; x_wconf 85' lang='lat' dir='ltr'>manet,</span> <span class='ocrx_word' id='word_1_398' title='bbox 1967 2390 2052 2433; x_wconf 82' lang='lat' dir='ltr'>sci-</span> 
     </span>
     <span class='ocr_line' id='line_1_36' title="bbox 86 2455 2050 2516; baseline -0.002 -13"><span class='ocrx_word' id='word_1_399' title='bbox 86 2457 196 2503; x_wconf 89' lang='lat' dir='ltr'>licet</span> <span class='ocrx_word' id='word_1_400' title='bbox 220 2457 519 2502; x_wconf 86' lang='lat' dir='ltr'>accidentalia</span> <span class='ocrx_word' id='word_1_401' title='bbox 542 2458 686 2516; x_wconf 87' lang='lat' dir='ltr'>panis,</span> <span class='ocrx_word' id='word_1_402' title='bbox 713 2466 763 2500; x_wconf 89' lang='lat' dir='ltr'>ut</span> <span class='ocrx_word' id='word_1_403' title='bbox 787 2470 922 2516; x_wconf 90' lang='lat' dir='ltr'>supra</span> <span class='ocrx_word' id='word_1_404' title='bbox 948 2457 1121 2500; x_wconf 90' lang='lat' dir='ltr'>dictum</span> <span class='ocrx_word' id='word_1_405' title='bbox 1148 2467 1216 2501; x_wconf 90' lang='lat' dir='ltr'>est</span> <span class='ocrx_word' id='word_1_406' title='bbox 1242 2457 1347 2515; x_wconf 86' lang='lat' dir='ltr'>(art.</span> <span class='ocrx_word' id='word_1_407' title='bbox 1369 2471 1406 2516; x_wconf 87' lang='lat'>5.</span> <span class='ocrx_word' id='word_1_408' title='bbox 1426 2457 1512 2515; x_wconf 86' lang='lat' dir='ltr'>huj.</span> <span class='ocrx_word' id='word_1_409' title='bbox 1532 2471 1567 2515; x_wconf 86' lang='lat' dir='ltr'>q.</span> <span class='ocrx_word' id='word_1_410' title='bbox 1566 2458 1607 2515; x_wconf 87' lang='lat'>),</span> <span class='ocrx_word' id='word_1_411' title='bbox 1636 2455 1887 2500; x_wconf 87' lang='lat' dir='ltr'>secundum</span> <span class='ocrx_word' id='word_1_412' title='bbox 1913 2470 2050 2515; x_wconf 91' lang='lat' dir='ltr'>quan-</span> 
     </span>
     <span class='ocr_line' id='line_1_37' title="bbox 89 2522 2047 2583; baseline -0.001 -14"><span class='ocrx_word' id='word_1_413' title='bbox 89 2525 194 2569; x_wconf 90' lang='lat' dir='ltr'>dam</span> <span class='ocrx_word' id='word_1_414' title='bbox 221 2523 563 2568; x_wconf 90' lang='lat' dir='ltr'>similitudinem</span> <span class='ocrx_word' id='word_1_415' title='bbox 585 2523 763 2582; x_wconf 88' lang='lat' dir='ltr'>aliquae</span> <span class='ocrx_word' id='word_1_416' title='bbox 786 2524 950 2569; x_wconf 87' lang='lat' dir='ltr'>harum</span> <span class='ocrx_word' id='word_1_417' title='bbox 968 2523 1255 2567; x_wconf 89' lang='lat' dir='ltr'>locutionum</span> <span class='ocrx_word' id='word_1_418' title='bbox 1282 2534 1473 2583; x_wconf 76' lang='lat' dir='ltr'>possunt</span> <span class='ocrx_word' id='word_1_419' title='bbox 1500 2523 1706 2577; x_wconf 91' lang='lat' dir='ltr'>concedi,</span> <span class='ocrx_word' id='word_1_420' title='bbox 1733 2522 1908 2567; x_wconf 90' lang='lat' dir='ltr'>scilicet</span> <span class='ocrx_word' id='word_1_421' title='bbox 1923 2523 2047 2582; x_wconf 89' lang='lat' dir='ltr'>quod</span> 
     </span>
     <span class='ocr_line' id='line_1_38' title="bbox 90 2590 2049 2651; baseline 0.001 -18"><span class='ocrx_word' id='word_1_422' title='bbox 90 2608 115 2635; x_wconf 90' lang='lat'>«</span> <span class='ocrx_word' id='word_1_423' title='bbox 133 2591 263 2651; x_wconf 86' lang='lat' dir='ltr'>panis</span> <span class='ocrx_word' id='word_1_424' title='bbox 286 2590 337 2636; x_wconf 92' lang='lat' dir='ltr'>fit</span> <span class='ocrx_word' id='word_1_425' title='bbox 375 2604 540 2649; x_wconf 90' lang='lat' dir='ltr'>corpus</span> <span class='ocrx_word' id='word_1_426' title='bbox 574 2590 802 2645; x_wconf 88' lang='lat' dir='ltr'>Christi»,</span> <span class='ocrx_word' id='word_1_427' title='bbox 829 2590 904 2635; x_wconf 93' lang='lat' dir='ltr'>vel</span> <span class='ocrx_word' id='word_1_428' title='bbox 930 2607 955 2633; x_wconf 73' lang='grc' dir='ltr'>α</span> <span class='ocrx_word' id='word_1_429' title='bbox 979 2593 1107 2649; x_wconf 88' lang='lat' dir='ltr'>panis</span> <span class='ocrx_word' id='word_1_430' title='bbox 1134 2591 1216 2635; x_wconf 90' lang='lat' dir='ltr'>erit</span> <span class='ocrx_word' id='word_1_431' title='bbox 1244 2605 1408 2649; x_wconf 89' lang='lat' dir='ltr'>corpus</span> <span class='ocrx_word' id='word_1_432' title='bbox 1441 2591 1674 2644; x_wconf 85' lang='lat' dir='ltr'>Christi»,</span> <span class='ocrx_word' id='word_1_433' title='bbox 1699 2590 1774 2635; x_wconf 88' lang='lat' dir='ltr'>vel</span> <span class='ocrx_word' id='word_1_434' title='bbox 1801 2591 1899 2634; x_wconf 84' lang='lat' dir='ltr'>»de</span> <span class='ocrx_word' id='word_1_435' title='bbox 1932 2604 2049 2649; x_wconf 90' lang='lat' dir='ltr'>pane</span> 
     </span>
     <span class='ocr_line' id='line_1_39' title="bbox 89 2657 2048 2717; baseline -0.002 -14"><span class='ocrx_word' id='word_1_436' title='bbox 89 2659 140 2703; x_wconf 82' lang='lat' dir='ltr'>fit</span> <span class='ocrx_word' id='word_1_437' title='bbox 167 2672 334 2717; x_wconf 88' lang='lat' dir='ltr'>corpus</span> <span class='ocrx_word' id='word_1_438' title='bbox 362 2657 590 2711; x_wconf 87' lang='lat' dir='ltr'>Christi»,</span> <span class='ocrx_word' id='word_1_439' title='bbox 623 2668 672 2702; x_wconf 92' lang='lat' dir='ltr'>ut</span> <span class='ocrx_word' id='word_1_440' title='bbox 702 2658 891 2702; x_wconf 90' lang='lat' dir='ltr'>nomine</span> <span class='ocrx_word' id='word_1_441' title='bbox 918 2659 1046 2717; x_wconf 90' lang='lat' dir='ltr'>panis</span> <span class='ocrx_word' id='word_1_442' title='bbox 1078 2672 1173 2702; x_wconf 90' lang='lat' dir='ltr'>non</span> <span class='ocrx_word' id='word_1_443' title='bbox 1203 2658 1484 2717; x_wconf 85' lang='lat' dir='ltr'>intelligatur</span> <span class='ocrx_word' id='word_1_444' title='bbox 1509 2658 1761 2702; x_wconf 88' lang='lat' dir='ltr'>substantia</span> <span class='ocrx_word' id='word_1_445' title='bbox 1793 2658 1937 2716; x_wconf 91' lang='lat' dir='ltr'>panis,</span> <span class='ocrx_word' id='word_1_446' title='bbox 1969 2657 2048 2701; x_wconf 92' lang='lat' dir='ltr'>sed</span> 
     </span>
     <span class='ocr_line' id='line_1_40' title="bbox 89 2724 2051 2784; baseline -0.002 -13"><span class='ocrx_word' id='word_1_447' title='bbox 89 2726 136 2771; x_wconf 88' lang='lat' dir='ltr'>in</span> <span class='ocrx_word' id='word_1_448' title='bbox 162 2724 405 2770; x_wconf 89' lang='lat' dir='ltr'>universali</span> <span class='ocrx_word' id='word_1_449' title='bbox 429 2724 520 2768; x_wconf 90' lang='lat' dir='ltr'>hoc</span> <span class='ocrx_word' id='word_1_450' title='bbox 547 2725 670 2783; x_wconf 92' lang='lat' dir='ltr'>quod</span> <span class='ocrx_word' id='word_1_451' title='bbox 700 2725 780 2769; x_wconf 92' lang='lat' dir='ltr'>sub</span> <span class='ocrx_word' id='word_1_452' title='bbox 809 2725 1043 2783; x_wconf 89' lang='lat' dir='ltr'>speciebus</span> <span class='ocrx_word' id='word_1_453' title='bbox 1069 2727 1198 2784; x_wconf 88' lang='lat' dir='ltr'>panis</span> <span class='ocrx_word' id='word_1_454' title='bbox 1218 2727 1489 2781; x_wconf 90' lang='lat' dir='ltr'>continetur,</span> <span class='ocrx_word' id='word_1_455' title='bbox 1506 2726 1587 2770; x_wconf 92' lang='lat' dir='ltr'>sub</span> <span class='ocrx_word' id='word_1_456' title='bbox 1615 2725 1775 2784; x_wconf 91' lang='lat' dir='ltr'>quibus</span> <span class='ocrx_word' id='word_1_457' title='bbox 1798 2725 1919 2784; x_wconf 89' lang='lat' dir='ltr'>prius</span> <span class='ocrx_word' id='word_1_458' title='bbox 1945 2738 2051 2768; x_wconf 92' lang='lat' dir='ltr'>con-</span> 
     </span>
     <span class='ocr_line' id='line_1_41' title="bbox 88 2792 1364 2851; baseline -0.002 -13"><span class='ocrx_word' id='word_1_459' title='bbox 88 2794 255 2838; x_wconf 88' lang='lat' dir='ltr'>tinetur</span> <span class='ocrx_word' id='word_1_460' title='bbox 280 2792 528 2836; x_wconf 88' lang='lat' dir='ltr'>substantia</span> <span class='ocrx_word' id='word_1_461' title='bbox 554 2792 697 2850; x_wconf 89' lang='lat' dir='ltr'>panis,</span> <span class='ocrx_word' id='word_1_462' title='bbox 725 2801 768 2835; x_wconf 90' lang='lat' dir='ltr'>et</span> <span class='ocrx_word' id='word_1_463' title='bbox 793 2801 952 2851; x_wconf 88' lang='lat' dir='ltr'>postea</span> <span class='ocrx_word' id='word_1_464' title='bbox 978 2807 1142 2850; x_wconf 86' lang='lat' dir='ltr'>corpus</span> <span class='ocrx_word' id='word_1_465' title='bbox 1178 2793 1364 2837; x_wconf 89' lang='lat' dir='ltr'>Christi.</span> 
     </span>
    </p>

    <p class='ocr_par' dir='ltr' id='par_1_12' title="bbox 89 2858 2051 3455">
     <span class='ocr_line' id='line_1_42' title="bbox 180 2858 2047 2919; baseline -0.002 -15"><span class='ocrx_word' id='word_1_466' title='bbox 180 2860 256 2904; x_wconf 88' lang='lat' dir='ltr'>AD</span> <span class='ocrx_word' id='word_1_467' title='bbox 281 2871 470 2904; x_wconf 77' lang='lat' dir='ltr'>PmMUM</span> <span class='ocrx_word' id='word_1_468' title='bbox 514 2869 623 2916; x_wconf 86' lang='lat' dir='ltr'>ergo</span> <span class='ocrx_word' id='word_1_469' title='bbox 667 2858 925 2913; x_wconf 86' lang='lat' dir='ltr'>dicendum,</span> <span class='ocrx_word' id='word_1_470' title='bbox 958 2860 1080 2918; x_wconf 89' lang='lat' dir='ltr'>quod</span> <span class='ocrx_word' id='word_1_471' title='bbox 1108 2859 1233 2914; x_wconf 90' lang='lat' dir='ltr'>illud,</span> <span class='ocrx_word' id='word_1_472' title='bbox 1266 2875 1320 2904; x_wconf 87' lang='lat' dir='ltr'>ex</span> <span class='ocrx_word' id='word_1_473' title='bbox 1352 2875 1443 2919; x_wconf 90' lang='lat' dir='ltr'>quo</span> <span class='ocrx_word' id='word_1_474' title='bbox 1473 2860 1640 2919; x_wconf 89' lang='lat' dir='ltr'>aliquid</span> <span class='ocrx_word' id='word_1_475' title='bbox 1674 2859 1735 2913; x_wconf 90' lang='lat' dir='ltr'>fit,</span> <span class='ocrx_word' id='word_1_476' title='bbox 1772 2858 2047 2918; x_wconf 86' lang='lat' dir='ltr'>quandoque</span> 
     </span>
     <span class='ocr_line' id='line_1_43' title="bbox 91 2925 2040 2988; baseline -0.002 -16"><span class='ocrx_word' id='word_1_477' title='bbox 91 2927 274 2988; x_wconf 88' lang='lat' dir='ltr'>quidem</span> <span class='ocrx_word' id='word_1_478' title='bbox 305 2927 520 2984; x_wconf 90' lang='lat' dir='ltr'>importat</span> <span class='ocrx_word' id='word_1_479' title='bbox 561 2925 696 2968; x_wconf 88' lang='lat' dir='ltr'>simul</span> <span class='ocrx_word' id='word_1_480' title='bbox 727 2926 983 2984; x_wconf 74' lang='lat' dir='ltr'>subiectum</span> <span class='ocrx_word' id='word_1_481' title='bbox 1018 2940 1123 2970; x_wconf 90' lang='lat' dir='ltr'>cum</span> <span class='ocrx_word' id='word_1_482' title='bbox 1157 2941 1249 2971; x_wconf 90' lang='lat' dir='ltr'>uno</span> <span class='ocrx_word' id='word_1_483' title='bbox 1283 2938 1593 2971; x_wconf 81' lang='lat' dir='ltr'>extremorum</span> <span class='ocrx_word' id='word_1_484' title='bbox 1625 2926 2040 2970; x_wconf 88' lang='lat' dir='ltr'>transmutationis:</span> 
     </span>
     <span class='ocr_line' id='line_1_44' title="bbox 89 2991 2051 3052; baseline -0.002 -13"><span class='ocrx_word' id='word_1_485' title='bbox 89 2993 208 3039; x_wconf 78' lang='lat' dir='ltr'>sicut</span> <span class='ocrx_word' id='word_1_486' title='bbox 238 3007 342 3037; x_wconf 90' lang='lat' dir='ltr'>cum</span> <span class='ocrx_word' id='word_1_487' title='bbox 370 2993 555 3037; x_wconf 86' lang='lat' dir='ltr'>dicitur:</span> <span class='ocrx_word' id='word_1_488' title='bbox 590 3008 613 3033; x_wconf 84' lang='lat'>«</span> <span class='ocrx_word' id='word_1_489' title='bbox 633 2992 700 3035; x_wconf 86' lang='lat' dir='ltr'>Ex</span> <span class='ocrx_word' id='word_1_490' title='bbox 725 2991 828 3036; x_wconf 87' lang='lat' dir='ltr'>albo</span> <span class='ocrx_word' id='word_1_491' title='bbox 855 2991 905 3036; x_wconf 91' lang='lat' dir='ltr'>fit</span> <span class='ocrx_word' id='word_1_492' title='bbox 928 2994 1170 3052; x_wconf 85' lang='lat' dir='ltr'>nigrum»,</span> <span class='ocrx_word' id='word_1_493' title='bbox 1197 3004 1242 3038; x_wconf 91' lang='lat' dir='ltr'>et</span> <span class='ocrx_word' id='word_1_494' title='bbox 1266 2995 1330 3038; x_wconf 88' lang='lat' dir='ltr'>sic</span> <span class='ocrx_word' id='word_1_495' title='bbox 1359 2995 1495 3038; x_wconf 88' lang='lat' dir='ltr'>etiam</span> <span class='ocrx_word' id='word_1_496' title='bbox 1521 2994 1609 3037; x_wconf 89' lang='lat' dir='ltr'>dici</span> <span class='ocrx_word' id='word_1_497' title='bbox 1636 3003 1806 3052; x_wconf 88' lang='lat' dir='ltr'>potest:</span> <span class='ocrx_word' id='word_1_498' title='bbox 1828 3009 1851 3034; x_wconf 76' lang='lat' dir='ltr'>&lt;c</span> <span class='ocrx_word' id='word_1_499' title='bbox 1877 2993 1980 3036; x_wconf 89' lang='lat' dir='ltr'>Hoc</span> <span class='ocrx_word' id='word_1_500' title='bbox 2000 2992 2051 3036; x_wconf 90' lang='lat' dir='ltr'>fit</span> 
     </span>
     <span class='ocr_line' id='line_1_45' title="bbox 89 3059 2050 3120; baseline -0.002 -14"><span class='ocrx_word' id='word_1_501' title='bbox 89 3060 200 3106; x_wconf 87' lang='lat' dir='ltr'>illud</span> <span class='ocrx_word' id='word_1_502' title='bbox 219 3078 260 3116; x_wconf 73' lang='lat'>²),</span> <span class='ocrx_word' id='word_1_503' title='bbox 276 3060 392 3105; x_wconf 90' lang='lat' dir='ltr'>idest</span> <span class='ocrx_word' id='word_1_504' title='bbox 410 3076 433 3101; x_wconf 77' lang='lat' dir='ltr'>&lt;c</span> <span class='ocrx_word' id='word_1_505' title='bbox 453 3059 606 3103; x_wconf 91' lang='lat' dir='ltr'>album</span> <span class='ocrx_word' id='word_1_506' title='bbox 624 3059 673 3103; x_wconf 85' lang='lat' dir='ltr'>fit</span> <span class='ocrx_word' id='word_1_507' title='bbox 688 3059 871 3117; x_wconf 89' lang='lat' dir='ltr'>nigrum</span> <span class='ocrx_word' id='word_1_508' title='bbox 890 3076 938 3104; x_wconf 73' lang='grc' dir='ltr'>»ε</span> <span class='ocrx_word' id='word_1_509' title='bbox 958 3061 1230 3120; x_wconf 88' lang='lat' dir='ltr'>quandoque</span> <span class='ocrx_word' id='word_1_510' title='bbox 1243 3076 1352 3106; x_wconf 90' lang='lat' dir='ltr'>vero</span> <span class='ocrx_word' id='word_1_511' title='bbox 1370 3062 1586 3120; x_wconf 89' lang='lat' dir='ltr'>importat</span> <span class='ocrx_word' id='word_1_512' title='bbox 1602 3060 1753 3104; x_wconf 90' lang='lat' dir='ltr'>solum</span> <span class='ocrx_word' id='word_1_513' title='bbox 1771 3060 2050 3119; x_wconf 88' lang='lat' dir='ltr'>oppositum,</span> 
     </span>
     <span class='ocr_line' id='line_1_46' title="bbox 90 3125 2051 3181; baseline -0.001 -9"><span class='ocrx_word' id='word_1_514' title='bbox 90 3127 165 3173; x_wconf 87' lang='lat' dir='ltr'>vel</span> <span class='ocrx_word' id='word_1_515' title='bbox 186 3138 454 3180; x_wconf 86' lang='lat' dir='ltr'>extremum,</span> <span class='ocrx_word' id='word_1_516' title='bbox 491 3127 608 3171; x_wconf 88' lang='lat' dir='ltr'>sicut</span> <span class='ocrx_word' id='word_1_517' title='bbox 634 3139 739 3170; x_wconf 89' lang='lat' dir='ltr'>cum</span> <span class='ocrx_word' id='word_1_518' title='bbox 767 3126 952 3171; x_wconf 86' lang='lat' dir='ltr'>dicitur:</span> <span class='ocrx_word' id='word_1_519' title='bbox 982 3143 1006 3169; x_wconf 89' lang='grc'>«</span> <span class='ocrx_word' id='word_1_520' title='bbox 1024 3127 1091 3172; x_wconf 85' lang='lat' dir='ltr'>Ex</span> <span class='ocrx_word' id='word_1_521' title='bbox 1108 3143 1243 3172; x_wconf 89' lang='lat' dir='ltr'>mane</span> <span class='ocrx_word' id='word_1_522' title='bbox 1267 3129 1315 3172; x_wconf 87' lang='lat' dir='ltr'>fit</span> <span class='ocrx_word' id='word_1_523' title='bbox 1331 3129 1426 3172; x_wconf 90' lang='lat' dir='ltr'>dies</span> <span class='ocrx_word' id='word_1_524' title='bbox 1446 3144 1496 3181; x_wconf 87' lang='lat'>»;</span> <span class='ocrx_word' id='word_1_525' title='bbox 1521 3138 1563 3171; x_wconf 93' lang='lat' dir='ltr'>et</span> <span class='ocrx_word' id='word_1_526' title='bbox 1580 3128 1642 3170; x_wconf 90' lang='lat' dir='ltr'>sic</span> <span class='ocrx_word' id='word_1_527' title='bbox 1667 3140 1759 3170; x_wconf 89' lang='lat' dir='ltr'>non</span> <span class='ocrx_word' id='word_1_528' title='bbox 1785 3125 2051 3171; x_wconf 85' lang='lat' dir='ltr'>conceditur</span> 
     </span>
     <span class='ocr_line' id='line_1_47' title="bbox 91 3193 2050 3254; baseline -0.001 -15"><span class='ocrx_word' id='word_1_529' title='bbox 91 3195 213 3254; x_wconf 93' lang='lat' dir='ltr'>quod</span> <span class='ocrx_word' id='word_1_530' title='bbox 241 3210 266 3237; x_wconf 77' lang='lat' dir='ltr'>&lt;t</span> <span class='ocrx_word' id='word_1_531' title='bbox 283 3195 374 3239; x_wconf 92' lang='lat' dir='ltr'>hoc</span> <span class='ocrx_word' id='word_1_532' title='bbox 406 3194 485 3238; x_wconf 87' lang='lat' dir='ltr'>fiat</span> <span class='ocrx_word' id='word_1_533' title='bbox 505 3193 616 3238; x_wconf 89' lang='lat' dir='ltr'>illud</span> <span class='ocrx_word' id='word_1_534' title='bbox 634 3210 675 3246; x_wconf 74' lang='grc' dir='ltr'>ι),</span> <span class='ocrx_word' id='word_1_535' title='bbox 696 3193 813 3238; x_wconf 91' lang='lat' dir='ltr'>idest</span> <span class='ocrx_word' id='word_1_536' title='bbox 837 3194 959 3254; x_wconf 91' lang='lat' dir='ltr'>quod</span> <span class='ocrx_word' id='word_1_537' title='bbox 989 3211 1012 3235; x_wconf 90' lang='lat'>«</span> <span class='ocrx_word' id='word_1_538' title='bbox 1030 3209 1166 3239; x_wconf 90' lang='lat' dir='ltr'>mane</span> <span class='ocrx_word' id='word_1_539' title='bbox 1193 3195 1270 3239; x_wconf 91' lang='lat' dir='ltr'>fiat</span> <span class='ocrx_word' id='word_1_540' title='bbox 1298 3196 1391 3239; x_wconf 87' lang='lat' dir='ltr'>dies</span> <span class='ocrx_word' id='word_1_541' title='bbox 1411 3210 1459 3237; x_wconf 86' lang='lat'>»:</span> <span class='ocrx_word' id='word_1_542' title='bbox 1489 3205 1532 3238; x_wconf 92' lang='lat' dir='ltr'>et</span> <span class='ocrx_word' id='word_1_543' title='bbox 1558 3195 1619 3237; x_wconf 91' lang='lat' dir='ltr'>ita</span> <span class='ocrx_word' id='word_1_544' title='bbox 1646 3194 1782 3237; x_wconf 90' lang='lat' dir='ltr'>etiarn</span> <span class='ocrx_word' id='word_1_545' title='bbox 1810 3193 1856 3237; x_wconf 89' lang='lat' dir='ltr'>in</span> <span class='ocrx_word' id='word_1_546' title='bbox 1881 3207 2050 3252; x_wconf 92' lang='lat' dir='ltr'>propo-</span> 
     </span>
     <span class='ocr_line' id='line_1_48' title="bbox 91 3260 2046 3321; baseline -0.002 -14"><span class='ocrx_word' id='word_1_547' title='bbox 91 3261 194 3316; x_wconf 86' lang='lat' dir='ltr'>sit0,</span> <span class='ocrx_word' id='word_1_548' title='bbox 217 3261 324 3307; x_wconf 91' lang='lat' dir='ltr'>licet</span> <span class='ocrx_word' id='word_1_549' title='bbox 349 3261 529 3321; x_wconf 89' lang='lat' dir='ltr'>proprie</span> <span class='ocrx_word' id='word_1_550' title='bbox 556 3260 744 3314; x_wconf 90' lang='lat' dir='ltr'>dicatur,</span> <span class='ocrx_word' id='word_1_551' title='bbox 773 3260 894 3319; x_wconf 92' lang='lat' dir='ltr'>quod</span> <span class='ocrx_word' id='word_1_552' title='bbox 922 3277 946 3302; x_wconf 87' lang='lat'><strong><em>«</em></strong></span> <span class='ocrx_word' id='word_1_553' title='bbox 965 3275 1019 3305; x_wconf 89' lang='lat' dir='ltr'>ex</span> <span class='ocrx_word' id='word_1_554' title='bbox 1051 3276 1167 3321; x_wconf 90' lang='lat' dir='ltr'>pane</span> <span class='ocrx_word' id='word_1_555' title='bbox 1200 3261 1278 3306; x_wconf 88' lang='lat' dir='ltr'>fiat</span> <span class='ocrx_word' id='word_1_556' title='bbox 1306 3275 1468 3320; x_wconf 91' lang='lat' dir='ltr'>corpus</span> <span class='ocrx_word' id='word_1_557' title='bbox 1498 3260 1728 3313; x_wconf 84' lang='lat' dir='ltr'>Christi»,</span> <span class='ocrx_word' id='word_1_558' title='bbox 1772 3274 1865 3304; x_wconf 92' lang='lat' dir='ltr'>non</span> <span class='ocrx_word' id='word_1_559' title='bbox 1891 3270 2046 3304; x_wconf 88' lang='lat' dir='ltr'>tamen</span> 
     </span>
     <span class='ocr_line' id='line_1_49' title="bbox 91 3326 2049 3388; baseline -0.002 -14"><span class='ocrx_word' id='word_1_560' title='bbox 91 3329 272 3388; x_wconf 88' lang='lat' dir='ltr'>proprie</span> <span class='ocrx_word' id='word_1_561' title='bbox 297 3329 474 3382; x_wconf 89' lang='lat' dir='ltr'>dicitur,</span> <span class='ocrx_word' id='word_1_562' title='bbox 501 3327 622 3387; x_wconf 92' lang='lat' dir='ltr'>quod</span> <span class='ocrx_word' id='word_1_563' title='bbox 651 3338 674 3367; x_wconf 72' lang='lat' dir='ltr'>t&lt;</span> <span class='ocrx_word' id='word_1_564' title='bbox 694 3327 821 3386; x_wconf 91' lang='lat' dir='ltr'>panis</span> <span class='ocrx_word' id='word_1_565' title='bbox 854 3326 931 3371; x_wconf 89' lang='lat' dir='ltr'>fiat</span> <span class='ocrx_word' id='word_1_566' title='bbox 963 3342 1126 3387; x_wconf 92' lang='lat' dir='ltr'>corpus</span> <span class='ocrx_word' id='word_1_567' title='bbox 1154 3328 1322 3373; x_wconf 79' lang='lat' dir='ltr'>Christi</span> <span class='ocrx_word' id='word_1_568' title='bbox 1345 3347 1383 3382; x_wconf 84' lang='grc'>»,</span> <span class='ocrx_word' id='word_1_569' title='bbox 1416 3327 1502 3371; x_wconf 91' lang='lat' dir='ltr'>nisi</span> <span class='ocrx_word' id='word_1_570' title='bbox 1528 3326 1781 3371; x_wconf 88' lang='lat' dir='ltr'>secundum</span> <span class='ocrx_word' id='word_1_571' title='bbox 1817 3327 2049 3386; x_wconf 87' lang='lat' dir='ltr'>quandam</span> 
     </span>
     <span class='ocr_line' id='line_1_50' title="bbox 92 3394 1082 3455; baseline -0.003 -13"><span class='ocrx_word' id='word_1_572' title='bbox 92 3395 450 3449; x_wconf 84' lang='lat' dir='ltr'>similitudinem,</span> <span class='ocrx_word' id='word_1_573' title='bbox 476 3405 526 3439; x_wconf 91' lang='lat' dir='ltr'>ut</span> <span class='ocrx_word' id='word_1_574' title='bbox 551 3395 723 3440; x_wconf 84' lang='lat' dir='ltr'>dictum</span> <span class='ocrx_word' id='word_1_575' title='bbox 750 3403 818 3439; x_wconf 89' lang='lat' dir='ltr'>est</span> <span class='ocrx_word' id='word_1_576' title='bbox 843 3394 908 3450; x_wconf 81' lang='lat' dir='ltr'>(in</span> <span class='ocrx_word' id='word_1_577' title='bbox 931 3397 1082 3455; x_wconf 67' lang='lat' dir='ltr'>corp).</span> 
     </span>
    </p>

    <p class='ocr_par' dir='ltr' id='par_1_13' title="bbox 93 3459 2048 3656">
     <span class='ocr_line' id='line_1_51' title="bbox 181 3459 2048 3520; baseline -0.002 -11"><span class='ocrx_word' id='word_1_578' title='bbox 181 3462 259 3508; x_wconf 76' lang='lat' dir='ltr'>An</span> <span class='ocrx_word' id='word_1_579' title='bbox 274 3475 536 3517; x_wconf 65' lang='lat' dir='ltr'>SECUNDUM</span> <span class='ocrx_word' id='word_1_580' title='bbox 553 3461 811 3515; x_wconf 87' lang='lat' dir='ltr'>dicendum,</span> <span class='ocrx_word' id='word_1_581' title='bbox 824 3461 946 3520; x_wconf 91' lang='lat' dir='ltr'>quod</span> <span class='ocrx_word' id='word_1_582' title='bbox 957 3461 1084 3516; x_wconf 91' lang='lat' dir='ltr'>illud,</span> <span class='ocrx_word' id='word_1_583' title='bbox 1101 3476 1156 3507; x_wconf 86' lang='lat' dir='ltr'>ex</span> <span class='ocrx_word' id='word_1_584' title='bbox 1172 3476 1263 3520; x_wconf 88' lang='lat' dir='ltr'>quo</span> <span class='ocrx_word' id='word_1_585' title='bbox 1283 3461 1331 3505; x_wconf 88' lang='lat' dir='ltr'>fit</span> <span class='ocrx_word' id='word_1_586' title='bbox 1344 3459 1528 3519; x_wconf 87' lang='lat' dir='ltr'>aliquid,</span> <span class='ocrx_word' id='word_1_587' title='bbox 1546 3460 1821 3519; x_wconf 84' lang='lat' dir='ltr'>quandoque</span> <span class='ocrx_word' id='word_1_588' title='bbox 1834 3461 1918 3505; x_wconf 90' lang='lat' dir='ltr'>erit</span> <span class='ocrx_word' id='word_1_589' title='bbox 1934 3459 2048 3506; x_wconf 87' lang='lat' dir='ltr'>illud</span> 
     </span>
     <span class='ocr_line' id='line_1_52' title="bbox 93 3527 2046 3589; baseline 0 -16"><span class='ocrx_word' id='word_1_590' title='bbox 93 3529 569 3589; x_wconf 79' lang='lat' dir='ltr'>proptersubjectum,</span> <span class='ocrx_word' id='word_1_591' title='bbox 605 3529 726 3587; x_wconf 93' lang='lat' dir='ltr'>quod</span> <span class='ocrx_word' id='word_1_592' title='bbox 757 3528 1054 3587; x_wconf 71' lang='lat' dir='ltr'>importatur:</span> <span class='ocrx_word' id='word_1_593' title='bbox 1086 3538 1131 3573; x_wconf 91' lang='lat' dir='ltr'>et</span> <span class='ocrx_word' id='word_1_594' title='bbox 1161 3529 1265 3573; x_wconf 91' lang='lat' dir='ltr'>ideo</span> <span class='ocrx_word' id='word_1_595' title='bbox 1299 3542 1405 3572; x_wconf 89' lang='lat' dir='ltr'>cum</span> <span class='ocrx_word' id='word_1_596' title='bbox 1437 3527 1572 3585; x_wconf 87' lang='lat' dir='ltr'>hujus</span> <span class='ocrx_word' id='word_1_597' title='bbox 1604 3527 1919 3572; x_wconf 80' lang='lat' dir='ltr'>conversionis</span> <span class='ocrx_word' id='word_1_598' title='bbox 1949 3542 2046 3573; x_wconf 82' lang='lat' dir='ltr'>non</span> 
     </span>
     <span class='ocr_line' id='line_1_53' title="bbox 94 3593 1205 3656; baseline -0.001 -15"><span class='ocrx_word' id='word_1_599' title='bbox 94 3595 153 3641; x_wconf 87' lang='lat' dir='ltr'>sit</span> <span class='ocrx_word' id='word_1_600' title='bbox 171 3595 357 3656; x_wconf 69' lang='lat' dir='ltr'>‘aliquod</span> <span class='ocrx_word' id='word_1_601' title='bbox 380 3596 650 3655; x_wconf 88' lang='lat' dir='ltr'>subjectum,</span> <span class='ocrx_word' id='word_1_602' title='bbox 676 3609 771 3640; x_wconf 89' lang='lat' dir='ltr'>non</span> <span class='ocrx_word' id='word_1_603' title='bbox 795 3604 864 3640; x_wconf 87' lang='lat' dir='ltr'>est</span> <span class='ocrx_word' id='word_1_604' title='bbox 888 3593 1050 3640; x_wconf 86' lang='lat' dir='ltr'>similis</span> <span class='ocrx_word' id='word_1_605' title='bbox 1074 3595 1205 3640; x_wconf 85' lang='lat' dir='ltr'>ratio.</span> 
     </span>
    </p>
   </div>
  </div>
 </body>
</html>
