2352 3926
319 247 422 301 144
856 243 1136 289 QUAESTIO
1177 243 1289 283 xrv.
1328 245 1638 285 ARTICULUS
1678 246 1751 286 ιν.

401 361 440 391 2.
469 348 765 391 PRAETEREA.
783 346 972 389 Dictum
999 354 1068 389 est
1089 346 1192 403 (art.
1217 362 1253 391 1.
1281 346 1368 406 huj.
1386 348 1463 406 q.),
1481 348 1604 407 quod
1626 348 1682 392 ad
1699 349 1790 393 hoc
1813 349 1936 408 quod
1963 349 2173 395 Christus
2189 364 2272 410 pro

311 415 442 458 nobis
469 413 760 465 satisfaceret,
788 412 942 455 debuit
967 412 1134 457 habere
1159 413 1339 458 habitus
1364 413 1635 473 perfectivos
1662 417 1706 459 in
1735 416 1901 470 anima,
1929 427 1973 460 et
1999 416 2236 461 defectus'
2225 431 2272 460 m

312 496 524 539 corpore:
553 481 631 524 sed
660 479 868 523 Christus
901 493 955 522 ex
987 489 1112 538 parte
1146 480 1325 524 animae
1358 483 1601 540 assumpsit
1631 481 1960 540 plenitudinem
1994 483 2145 528 omnis
2175 498 2275 545 gra-

310 549 423 602 tiae;
451 562 560 606 ergo
589 561 642 590 ex
668 556 793 604 parte
821 549 1024 605 corporis
1050 546 1204 591 debuit
1229 561 1460 592 assumere
1487 563 1649 593 omnes
1676 549 1890 594 defectus.

403 630 440 674 3.
467 615 764 658 PRAETEREA.
793 614 915 656 Inter
941 627 1102 658 omnes
1129 613 1332 658 defectus
1360 615 1620 674 corporales
1648 616 1943 675 praecipuum
1969 614 2126 660 locum
2150 612 2275 662 tenet

311 696 459 726 mors:
479 683 558 726 sed
578 681 787 725 Christus
806 690 1002 724 mortem
1023 681 1287 739 assumpsit,
1306 695 1416 740 ergo
1433 681 1578 726 multo
1593 683 1739 741 magis
1758 697 1918 727 omnes
1942 682 2056 727 alios
2073 682 2274 729 defectus

309 748 538 794 assumere
566 749 733 792 debuit.

399 816 494 860 SED
528 828 723 860 CONTRA
750 824 831 868 est,
858 815 980 873 quod
1007 815 1233 859 contraria
1258 807 1353 859 non
1379 826 1570 875 possunt
1594 815 1732 860 simul
1762 816 1859 860 fieri
1890 816 1937 860 in
1970 817 2159 861 eodem:
2195 818 2274 862 sed

309 885 535 944 quaedam
561 883 844 926 infirmitates
871 891 975 926 sunt
990 882 1075 926 sibi
1092 883 1200 940 ipsis
1223 883 1491 936 contrariae,
1518 893 1675 942 utpote
1702 898 1755 927 ex
1783 884 2021 928 contrariis
2042 885 2274 944 principiis

310 961 546 1005 causatae;
573 964 684 1008 ergo
707 963 802 993 non
828 949 978 1008 potuit
1003 963 1116 1004 esse,
1145 950 1267 1008 quod
1295 949 1505 993 Christus
1538 963 1700 994 omnes
1733 950 2017 995 infirmitates
2048 950 2274 996 humanas

309 1026 571 1062 assumeret.

398 1085 686 1130 RESPONDEO
714 1083 973 1136 dicendum,
1000 1083 1137 1142 quod,
1163 1083 1278 1127 sicut
1305 1083 1477 1127 dictum
1510 1094 1577 1128 est
1606 1083 1692 1141 (art
1722 1100 1756 1129 ι.
1794 1091 1832 1129 et
1856 1099 1896 1130 2.
1924 1084 2010 1143 huj.
2038 1084 2115 1143 q.),
2145 1084 2275 1129 Chri-

309 1163 404 1197 stus
441 1152 643 1196 defectus
677 1151 907 1195 humanos
950 1153 1193 1209 assumpsit
1219 1150 1274 1193 ad
1301 1150 1673 1194 satisfaciendum
1699 1165 1781 1208 pro
1818 1161 2009 1210 peccato
2042 1151 2273 1195 humanae

308 1230 519 1274 naturae3
548 1220 603 1263 ad
630 1218 752 1278 quod
778 1217 1102 1276 requirebatur,
1129 1218 1251 1276 quod
1278 1217 1466 1261 haberet
1490 1217 1817 1276 perfectionem
1850 1218 2079 1271 scientiae,
2108 1227 2153 1262 et
2178 1232 2276 1276 gra·

308 1288 397 1332 tiae
424 1287 470 1330 in
494 1287 669 1340 anima3
696 1285 800 1329 illos
819 1299 928 1343 ergo
953 1283 1153 1328 defectus
1173 1284 1383 1328 Christus
1402 1299 1632 1328 assumere
1651 1285 1817 1339 debuit,
1840 1286 1916 1343 qui
1935 1295 2276 1343 consequuntur

309 1370 365 1399 ex
389 1364 579 1414 peccato
608 1353 845 1397 communi
870 1352 1008 1395 totius
1034 1362 1237 1404 naturae,
1264 1366 1348 1395 nec
1375 1361 1529 1395 tamen
1556 1362 1810 1410 repugnant
1842 1351 2108 1410 perfectioni
2132 1352 2276 1396 scien-

307 1423 411 1476 tiae,
439 1431 483 1465 et
509 1421 704 1479 gratiae;
732 1420 795 1463 sic
823 1421 958 1477 igitur
983 1433 1077 1462 non
1109 1418 1193 1461 fuit
1220 1419 1512 1471 conveniens,
1539 1428 1587 1461 ut
1614 1432 1774 1461 omnes
1802 1417 2020 1472 defectus,
2052 1431 2131 1463 seu
2157 1418 2275 1463 infir·

309 1490 488 1533 mitates
514 1490 739 1531 humanas
768 1495 1031 1530 assumeret.
1061 1485 1175 1529 Sunt
1202 1487 1324 1528 enim
1351 1485 1523 1543 quidam
1556 1484 1771 1538 defectus,
1799 1485 1875 1543 qui
1901 1494 2155 1544 repugnant
2180 1499 2274 1545 per-

306 1556 495 1602 fectioni
510 1555 739 1607 scientiae,
759 1564 802 1597 et
818 1554 1012 1611 gratiae:
1031 1554 1146 1595 sicut
1164 1552 1436 1610 ignorantia,
1454 1552 1656 1610 pronitas
1684 1551 1740 1594 ad
1763 1550 1953 1606 malum,
1971 1561 2015 1596 et
2033 1550 2273 1597 difficultas

308 1623 363 1666 ad
390 1624 586 1666 bonum:
614 1621 784 1679 quidum
817 1630 969 1663 autem
997 1618 1198 1662 defectus
1225 1628 1343 1672 sunt,
1377 1619 1454 1676 qui
1480 1633 1573 1662 non
1601 1628 1942 1677 consequuntur
1967 1619 2277 1664 communiter

306 1699 452 1733 totam
478 1689 727 1732 humanam
754 1696 963 1729 naturam
991 1696 1174 1744 propter
1198 1695 1440 1743 peccatum
1469 1686 1602 1743 primi
1628 1685 1841 1744 parentis,
1863 1685 1942 1730 sed
1964 1694 2206 1731 causantur
2226 1687 2274 1730 in

308 1755 530 1814 aliquibus
547 1755 809 1798 hominibus
827 1767 882 1796 ex
899 1753 1169 1811 quibusdam
1187 1752 1531 1810 particularibus
1550 1753 1717 1796 causis:
1738 1753 1854 1796 sicut
1872 1753 2012 1812 lepra,
2024 1763 2070 1798 et
2085 1754 2273 1798 morbus

308 1823 520 1875 caducus,
545 1832 589 1865 et
607 1821 693 1864 alia
710 1820 998 1878 hujusmodi:
1023 1820 1097 1877 qui
1121 1819 1305 1878 quidem
1325 1818 1526 1863 defectus
1550 1819 1791 1878 quandoque
1809 1829 2051 1864 causantur
2066 1833 2122 1864 ex
2139 1819 2274 1879 culpa

306 1890 524 1943 hominis,
550 1898 658 1946 puta
685 1903 739 1932 ex
764 1887 1023 1931 inordinato
1056 1888 1202 1930 victu:
1238 1886 1477 1944 quandoque
1504 1896 1657 1929 autem
1690 1900 1743 1930 ex
1776 1886 1955 1930 defectu
1986 1887 2162 1931 virtutis
2177 1886 2274 1931 ἑξοπ-

306 1958 526 2001 mativae:
555 1970 750 2014 quorum
777 1965 991 1998 neutrum
1018 1955 1234 1998 convenit
1260 1954 1467 1998 Christo:
1507 1954 1613 2012 quia
1649 1964 1693 1997 et
1731 1968 1838 1998 caro
1875 1955 1972 2013 ejus
2008 1954 2064 1999 de
2102 1954 2272 2014 Spiritu

308 2025 478 2068 Sancto
517 2033 740 2081 concepta
768 2032 848 2075 est,
886 2023 961 2080 qui
998 2031 1064 2065 est
1089 2021 1291 2065 infinitae
1323 2017 1585 2078 sapientiae,
1614 2030 1657 2064 et
1682 2020 1874 2074 virtutis,
1907 2034 2072 2075 errare,
2099 2031 2148 2065 et
2171 2021 2275 2066 defi-

307 2105 409 2135 cere
431 2105 525 2134 non
551 2100 738 2148 potens:
767 2098 810 2132 et
840 2090 936 2147 ipse
962 2087 1077 2131 nihil
1109 2088 1418 2132 inordinatum
1450 2088 1497 2130 in
1529 2088 1752 2146 regimine
1779 2101 1888 2131 suae
1913 2088 2033 2132 vitae
2059 2088 2273 2133 exercuit.

308 2160 423 2203 Sunt
442 2169 594 2203 autem
612 2159 722 2202 tertii
744 2156 961 2209 defectus,
980 2156 1057 2214 qui
1075 2156 1120 2199 in
1148 2156 1361 2199 omnibus
1378 2155 1642 2198 hominibus
1660 2154 1968 2198 communiter
1983 2154 2275 2200 inveniuntur

306 2242 360 2271 ex
386 2236 575 2285 peccato
608 2225 742 2284 primi
765 2225 982 2283 parentis:
1010 2224 1126 2267 sicut
1149 2237 1288 2276 mors,
1315 2222 1473 2276 fames,
1501 2223 1611 2275 sitis,
1635 2232 1680 2266 et
1697 2222 1785 2265 alia
1802 2221 2089 2280 hujusmodi3
2116 2231 2162 2267 et
2185 2222 2273 2267 hos

306 2293 507 2338 defectus
534 2306 695 2336 omnes
723 2291 932 2337 Christus
958 2291 1170 2349 suscepit,
1197 2304 1312 2349 quos
1338 2299 1475 2334 vocat
1499 2290 1816 2333 Damascenus
1842 2289 1933 2346 (lib.
1961 2305 1997 2335 1.
2027 2289 2148 2335 Orth
2174 2289 2271 2334 Fid.
2329 2329 2336 2334 .

306 2369 402 2421 cap.
425 2375 490 2418 14.
516 2366 555 2405 et
580 2360 650 2403 lib.
679 2375 715 2418 3.
748 2367 838 2418 cap.
872 2359 981 2415 20³),
1010 2358 1238 2412 naturales,
1266 2364 1304 2402 et
1324 2357 1645 2401 indetractibiles
1661 2358 1894 2415 passiones.-
1921 2355 2149 2403 naturales
2180 2357 2276 2416 qui-

306 2429 426 2481 dem,
453 2427 558 2486 quia
585 2436 924 2484 consequuntur
951 2427 1258 2468 communiter
1289 2434 1436 2468 totam
1467 2433 1680 2467 naturam
1712 2424 1986 2467 humanam:
2017 2423 2278 2468 indetracti-

304 2494 417 2539 biles
444 2504 611 2547 autem,
639 2493 744 2552 quia
769 2492 998 2536 defectum
1024 2492 1254 2545 scientiae,
1276 2500 1320 2535 et
1346 2491 1517 2549 gratiae
1543 2504 1637 2535 non
1669 2491 1933 2550 important.
2234 2512 2236 2514 v

397 2563 472 2606 AD
498 2574 687 2606 PR1M1JM
715 2574 824 2618 ergo
853 2559 1112 2612 dicendum,
1139 2559 1262 2617 quod
1290 2573 1452 2603 omnes
1481 2557 1774 2617 particulares
1801 2557 2003 2602 defectus
2027 2557 2273 2603 hominum

307 2640 548 2674 causantur
575 2643 628 2672 ex
655 2626 1028 2685 corruptibilitate
1055 2636 1100 2669 et
1124 2625 1418 2684 passibilitate
1437 2625 1656 2684 corporis,
1679 2624 1978 2684 superadditis
2000 2620 2273 2684 quibusdam

306 2696 650 2757 particularibus
677 2695 850 2747 causis;
878 2704 921 2737 et
946 2693 1050 2736 ideo
1075 2707 1181 2736 cum
1209 2692 1418 2737 Christus
1452 2692 1677 2735 curaverit
1702 2687 2062 2750 passibilitatem,
2080 2701 2140 2736 -et
2171 2700 2275 2736 cor·

306 2763 648 2822 ruptibilitatem
675 2761 877 2820 corporis
904 2760 1061 2813 nostri,
1094 2774 1173 2819 per
1198 2760 1289 2803 hoc
1316 2759 1439 2818 quod
1467 2773 1569 2803 eam
1597 2759 1853 2818 assumpsit,
1886 2762 2271 2818 ex'consequenti

306 2845 469 2876 omnes
502 2829 615 2874 alios
648 2827 850 2873 defectus
877 2827 1062 2871 curavit.

397 2901 472 2944 AD
496 2910 755 2943 SECUNDUM
783 2895 1040 2949 dicendum,
1068 2894 1190 2953 quod
1217 2894 1450 2953 plenitudo
1478 2892 1628 2936 omnis
1655 2893 1841 2951 gratiae,
1868 2901 1914 2937 et
1938 2892 2154 2938 scientiae
2181 2894 2272 2939 ani-

306 2982 409 3012 mae
437 2966 610 3011 Christi
640 2963 892 3009 secundum
919 2977 966 3006 se
993 2962 1237 3005 debebatur
1263 2976 1316 3005 ex
1342 2961 1432 3004 hoc
1459 2960 1574 3018 ipse,
1601 2959 1723 3018 quod
1750 2969 1847 3005 erat
1872 2960 2064 3004 aVerbo
2086 2961 2175 3006 Dei
2203 2976 2270 3007 as·

306 3045 508 3094 sumpta;
533 3043 577 3078 et
601 3033 704 3077 ideo
733 3030 937 3075 absolute
956 3043 1142 3074 omnem
1162 3028 1490 3087 plenitudinem
1507 3027 1768 3102 sapientiae,
1796 3037 1839 3072 et
1865 3028 2036 3087 gratiae
2060 3028 2269 3074 Christus

306 3103 568 3162 assumpsit:
592 3100 670 3145 sed
693 3097 893 3143 defectus
911 3106 1093 3141 nostros
1112 3095 1413 3155 dispensative
1433 3094 1688 3151 assumpsit,
1715 3104 1764 3138 ut
1790 3108 1871 3153 pro
1894 3106 2085 3153 peccato
2110 3106 2268 3141 nostro

306 3169 598 3221 satisfaceret,
620 3181 713 3211 non
737 3166 841 3225 quia
859 3164 900 3208 ei
917 3163 1168 3208 secundum
1190 3176 1237 3206 se
1262 3171 1598 3219 competerent;
1622 3170 1666 3204 et
1687 3161 1792 3205 ideo
1809 3175 1902 3206 non
1920 3162 2269 3229 oponuigquod

307 3251 468 3282 omnes
496 3243 758 3287 assumeret,
785 3233 864 3277 sed
885 3230 1034 3276 solum
1058 3229 1161 3273 illos
1189 3229 1265 3287 qui
1287 3227 1570 3272 sufficiebant
1593 3227 1647 3271 ad
1671 3226 2039 3275 satisfaciendum
2060 3243 2143 3290 pro
2169 3242 2271 3289 pec·

308 3315 410 3349 cato
437 3304 575 3348 totius
602 3302 831 3345 humanae
857 3308 1059 3342 naturae.

398 3372 473 3415 AD
507 3381 720 3414 TERTIUM
747 3366 1005 3418 dicendum,
1040 3363 1161 3422 quod
1196 3376 1319 3406 mors
1352 3362 1398 3405 in
1431 3375 1592 3405 omnes
1625 3362 1837 3406 homines
1871 3362 2053 3408 advenit
2082 3377 2136 3408 ex
2156 3377 2270 3441 pec·

308 3449 411 3483 cato
439 3438 572 3498 primi
598 3436 814 3496 parentis:
842 3447 934 3477 non
963 3442 1115 3476 autem
1149 3430 1334 3489 quidam
1362 3428 1436 3473 alii
1463 3428 1665 3473 defectus
1693 3429 1797 3474 licet
1829 3430 1918 3475 sint
1949 3439 2098 3476 morte
2125 3430 2272 3476 mino—

308 3521 402 3561 res3
431 3505 549 3549 unde
575 3518 668 3548 non
695 3512 762 3547 est
787 3500 947 3546 similis
974 3501 1102 3543 ratio.
2202 3514 2205 3518 -
