2352 3926
346 226 442 280 192
882 225 1159 270 QUAESTIO
1203 226 1314 265 XIX.
1354 224 1662 267 ARTICULUS
1702 229 1758 269 11.

424 328 500 370 AD
527 339 787 371 SECUNDUM
820 326 1079 380 dicendum,
1111 328 1235 386 quod
1266 329 1512 386 potentiae,
1544 340 1588 374 et
1618 330 1797 376 habitus
1831 331 2188 378 diversificantur
2217 347 2298 393 per

335 394 730 451 comparationem
757 392 813 435 ad
841 393 1033 451 objecta,
1061 403 1105 438 et
1129 395 1234 439 ideo
1261 396 1494 442 diversitas
1513 400 1830 456 operationum
1848 400 1938 444 hoc
1955 401 2098 445 modo
2116 415 2298 461 respon·

337 464 412 504 det
434 460 619 503 diversis
646 460 874 517 potentiis,
893 470 937 503 et
957 460 1199 515 habitibus,
1220 462 1337 507 sicut
1359 465 1496 508 etiam
1522 467 1765 524 respondet
1786 467 1973 512 diversis
1998 468 2211 526 objectis,
2237 479 2298 513 ta-

335 528 427 571 lem
454 539 606 570 autem
635 527 942 570 diversitatem
971 529 1287 586 operationum
1320 545 1415 575 non
1445 531 1722 576 intendimus
1749 532 1987 578 excludere
2015 535 2078 578 ab
2093 527 2302 580 humani-

334 605 425 638 tate
454 594 648 646 Christi;
677 594 794 637 sicut
818 608 903 638 nec
931 609 1049 650 eam,
1071 610 1187 654 quae
1213 606 1281 641 est
1305 599 1557 642 secundum
1580 599 1701 643 aliud
1720 611 1764 643 et
1787 599 1934 643 aliud'
1923 610 2298 659 mstrumentum3

335 661 413 705 sed
441 660 593 705 solum
619 660 761 715 illam,
785 676 901 720 quae
928 672 996 706 est
1019 664 1271 707 secundum
1296 665 1496 723 primum
1522 667 1794 725 principium
1820 667 2036 722 activum,
2057 679 2108 713 ut
2124 668 2299 715 dictum

338 739 405 772 est
431 729 498 785 (in
526 736 640 787 corp.
669 730 786 786 art).

427 795 562 840 Unde
589 805 713 855 patet
738 796 876 840 etiarn
902 797 1138 856 responsio
1164 811 1229 842 AD
1258 811 1490 844 TERTIUM.

1057 974 1490 1033 ARTICULUS
1527 978 1626 1033 III.
2218 1006 2298 1038 122

376 1109 571 1166 UTRUM
602 1110 775 1148 ACT1o
809 1111 1043 1152 HUMANA
1077 1112 1295 1151 chsrr
1336 1113 1614 1151 POTUERIT
1647 1114 1774 1151 ESSE
1809 1114 1909 1151 SIBI
1943 1113 2262 1172 MERITORIA.

619 1222 675 1282 (3.
702 1223 812 1267 Dist.
836 1223 900 1268 18.
927 1230 1010 1268 art.
1038 1238 1077 1268 2.
1101 1239 1138 1282 3.
1162 1238 1205 1280 4.
1232 1230 1268 1268 et
1287 1239 1324 1283 5.
1352 1231 1388 1268 et
1422 1225 1529 1268 Veri.
1558 1241 1596 1283 q.
1622 1239 1692 1284 29.
1720 1231 1803 1269 art.
1830 1238 1868 1284 7.
1896 1224 1950 1269 ad
1975 1225 2018 1270 6.

1003 1297 1041 1335 et
1067 1299 1200 1351 opusc.
1227 1306 1267 1336 2.
1295 1299 1387 1351 cap.
1414 1305 1513 1348 240.
1530 1293 1649 1350 fin).

427 1400 504 1445 AD
532 1412 749 1445 TERTIUM
775 1401 839 1445 sic
862 1401 1137 1459 proceditur.
1164 1401 1368 1456 Videtur,
1391 1403 1513 1461 quod
1540 1404 1660 1447 actio
1682 1403 1886 1447 humana
1912 1402 2084 1448 Christi
2106 1417 2204 1448 non
2228 1418 2306 1464 po·

337 1468 473 1513 tuerit
498 1467 539 1511 ei
561 1482 659 1512 esse
687 1460 941 1513 meritoria:
971 1468 1179 1513 Christus
1203 1469 1326 1513 enim
1344 1480 1446 1513 ante
1474 1480 1671 1514 mortem
1688 1469 1772 1514 fuit
1790 1471 2164 1532 comprehensor,
2189 1470 2307 1516 sicut

340 1545 386 1579 et
412 1535 553 1578 modo
578 1545 664 1579 est:
689 1535 767 1579 sed
792 1536 1190 1594 comprehensoris
1216 1550 1310 1580 non
1338 1546 1406 1580 est
1431 1537 1619 1590 mereri3
1644 1537 1839 1581 charitas
1857 1538 1980 1581 enim
2005 1537 2309 1596 comprehen—

337 1602 452 1647 soris
482 1603 676 1660 pertinet
698 1602 753 1646 ad
775 1603 1032 1660 praemium
1052 1603 1355 1657 beatitudinis,
1383 1618 1489 1647 cum
1513 1604 1766 1648 secundum
1793 1618 1898 1649 eam
1923 1604 2179 1650 attendatur
2201 1604 2307 1650 frui-

338 1671 420 1723 tio,
453 1669 572 1713 unde
597 1683 692 1714 non
717 1670 894 1713 videtur
927 1684 1025 1714 esse
1051 1671 1325 1729 principium
1348 1671 1567 1726 merendi,
1596 1686 1702 1715 curn
1723 1685 1817 1715 non
1844 1673 1902 1716 sit
1924 1671 2049 1716 idem
2074 1672 2305 1727 meritum,

341 1747 385 1781 et
410 1737 690 1795 praemium3
719 1751 828 1795 ergo
849 1736 1058 1781 Christus
1086 1748 1189 1782 ante
1216 1739 1477 1796 passionem
1504 1753 1598 1782 non
1615 1739 2031 1794 merebatur‚‘sicut
2049 1753 2136 1785 nec
2160 1736 2305 1784 modo

341 1814 554 1848 m.eretur
1897 1840 1900 1843 ⁴

432 1884 471 1915 2.
499 1871 797 1916 PRAETEREA.
824 1871 989 1916 Nullus
1016 1882 1216 1917 meretur
1231 1872 1292 1927 ld
1310 1873 1432 1932 quod
1460 1883 1527 1917 est
1552 1874 1637 1917 sibi
1653 1873 1874 1918 debitum:
1903 1859 1986 1918 sed
2003 1887 2058 1918 ex
2073 1835 2165 1918 hoc
2182 1874 2306 1932 quod

343 1938 553 1983 Christus
586 1948 655 1982 est
684 1939 824 1983 Filius
850 1939 940 1982 Dei
964 1953 1044 1997 per
1074 1949 1299 1994 naturam,
1332 1940 1517 1984 debetur
1549 1941 1634 1983 sibi
1664 1940 1920 1986 haereditas
1947 1950 2143 1997 aeterna,
2169 1954 2308 2000 quam

344 2006 422 2049 alii
445 2006 658 2050 homines
684 2020 764 2064 per
789 2007 911 2050 bona
938 2021 1078 2065 opera
1103 2018 1356 2062 merentur;
1382 2023 1476 2052 non
1504 2022 1613 2067 ergo
1630 2009 1839 2053 Christus
1857 2008 2027 2068 aliquid
2043 2009 2129 2053 sibi
2143 2009 2309 2054 mereri

342 2073 502 2132 potuit,
530 2073 634 2131 quia
663 2087 688 2117 a
713 2073 937 2132 principio
959 2073 1044 2117 fuit
1068 2074 1207 2118 Filius
1233 2075 1336 2118 Dei.

434 2155 472 2198 3.
505 2140 802 2185 PRAETEREA.
833 2141 1127 2199 Quicumque
1155 2142 1292 2185 habet
1309 2141 1353 2185 id
1373 2142 1494 2201 quod
1514 2153 1580 2186 est
1596 2142 1862 2202 principale,
1888 2157 1983 2187 non
2009 2143 2190 2203 proprie
2217 2157 2310 2188 me·

343 2217 466 2251 retur
490 2207 551 2262 id,
578 2207 701 2266 quod
729 2222 782 2252 ex
807 2208 888 2251 illo
915 2208 1071 2252 habito
1099 2210 1322 2267 sequitur:
1351 2210 1430 2254 sed
1459 2210 1668 2254 Christus
1701 2211 1858 2255 habuit
1889 2210 2086 2269 gloriam
2112 2211 2308 2265 anim-ae,

345 2289 398 2319 ex
422 2288 510 2333 qua
526 2274 778 2318 secundum
798 2289 1096 2319 communem
1115 2277 1323 2320 ordinem
1342 2277 1543 2336 sequitur
1560 2276 1705 2335 gloria
1725 2278 1944 2336 corporis,
1961 2287 2011 2322 ut
2026 2278 2309 2337 Augustinus

344 2342 454 2386 dicit
478 2342 525 2385 in
553 2342 679 2400 epist.
709 2341 764 2386 ad
786 2343 1067 2386 Dioscorum
1095 2344 1155 2401 (q.
1168 2344 1236 2402 56.
1253 2343 1366 2388 nunc
1392 2345 1532 2402 118.).·
1559 2345 1605 2387 in
1630 2344 1815 2388 Christo
1830 2344 2310 2404 tamendispensative

342 2409 515 2453 factum
543 2418 608 2453 est
636 2409 782 2467 gloria
808 2410 987 2453 animae
1013 2425 1107 2454 non
1136 2411 1411 2455 derivaretur
1438 2411 1494 2455 ad
1518 2425 1706 2470 corpus3
1727 2425 1822 2455 non
1849 2425 1959 2471 ergo
1984 2411 2193 2458 Christus
2220 2425 2311 2457 me·

346 2477 435 2521 ruit
460 2475 656 2536 gloriam
684 2478 902 2535 corporis.

432 2557 473 2599 4.
510 2543 807 2588 PRAETEREA.
841 2543 1147 2589 Manifestatio
1182 2544 1478 2589 excellentiae
1518 2545 1689 2589 Christi
1722 2559 1817 2589 non
1854 2555 1923 2590 est
1958 2546 2134 2591 bonum
2166 2545 2307 2605 ipsius

347 2611 533 2664 Christi,
556 2610 633 2655 sed
661 2625 821 2655 eorum
848 2611 925 2670 qui
953 2626 1058 2655 eum
1086 2622 1385 2670 cognoscunt,
1412 2612 1531 2656 unde
1554 2622 1599 2656 et
1618 2627 1710 2677 pro
1728 2613 1932 2672 praemio
1958 2613 2236 2672 promittitur
2250 2614 2312 2658 di-

345 2678 589 2723 lectoribus
609 2677 796 2732 Christi,
822 2689 871 2722 ut
897 2679 960 2723 eis
988 2679 1313 2733 manifestetur,
1332 2679 1585 2723 secundum
1606 2678 1716 2723 illud
1729 2680 1861 2738 Joan.
1889 2692 1978 2735 14.:
2001 2681 2047 2726 Si
2063 2681 2154 2740 quis
2174 2680 2311 2740 diligit
2340 2668 2352 2719 ζ

346 2761 421 2798 me,
449 2745 642 2803 diligetur
668 2759 694 2789 a
726 2746 852 2790 Patre
876 2761 981 2800 meo,
1009 2753 1047 2791 et
1071 2761 1142 2804 ego
1169 2747 1342 2803 ᾱίῑίσανη
1367 2762 1475 2800 eum,
1504 2753 1541 2790 et
1561 2748 1831 2806 manifestabo
1858 2748 1895 2792 ei
1918 2754 1983 2792 m'e
2006 2749 2168 2808 ipsum,·
2196 2761 2309 2807 ergo

347 2812 556 2858 Christus
581 2826 676 2856 non
698 2814 862 2856 meruit
888 2812 1305 2857 manifestationem
1330 2828 1437 2858 suae
1465 2813 1724 2858 altitudinis.

438 2879 531 2923 SED
551 2891 745 2924 CONTRA
774 2889 856 2933 est,
883 2880 1005 2938 quod
1033 2880 1284 2939 Apostolus
1312 2881 1420 2924 dicit
1445 2880 1608 2939 Philip.
1638 2894 1702 2925 2.:
1722 2883 1876 2927 Factus
1899 2887 1955 2927 est
1980 2882 2164 2927 obediens
2188 2895 2312 2941 usque

348 2946 401 2991 ad
425 2953 617 2991 mortem:
639 2953 814 3006 propter
835 2947 942 3005 quod
968 2953 1003 2991 et
1035 2949 1150 2992 Deus
1175 2948 1374 2992 exaltavit
1399 2948 1536 2993 illum.-
1565 2951 1729 2993 meruit
1755 2963 1864 3009 ergo
1897 2949 2152 2995 obediendo
2178 2963 2308 2995 suam
2344 2970 2352 2997 1

348 3013 695 3059 exaltationem:
724 3022 768 3058 et
793 3014 854 3057 ita
883 3013 1050 3073 aliquid
1083 3015 1167 3059 sibi
1198 3016 1376 3059 meruit.

439 3082 727 3127 Rrsponoro
762 3081 1019 3135 dicendum,
1053 3082 1174 3140 quod
1206 3083 1373 3127 habere
1408 3083 1590 3142 aliquod
1619 3084 1790 3128 donum
1825 3098 1906 3144 per
1930 3098 1979 3129 se
2003 3094 2073 3129 est
2100 3083 2312 3140 nobilius,

348 3164 486 3209 quam
513 3149 680 3193 habere
713 3148 822 3193 illud
850 3163 928 3206 per
955 3149 1090 3203 aliud,
1117 3164 1296 3209 semper
1320 3151 1441 3194 enim
1470 3165 1619 3204 causa,
1648 3166 1763 3210 quae
1791 3162 1858 3196 est
1882 3164 1964 3212 per
1988 3166 2053 3207 se,
2073 3151 2225 3212 posstior
2245 3161 2313 3198 est
2345 3158 2352 3171 ³

348 3232 415 3275 ea,
444 3231 558 3276 quae
587 3226 653 3260 est
677 3230 757 3275 per
792 3215 927 3270 aliud,
964 3226 1013 3260 ut
1050 3217 1213 3261 dicitur
1239 3220 1284 3260 in
1312 3218 1351 3261 8.
1379 3218 1581 3277 Pysicor.
1600 3220 1695 3276 (tex.
1716 3219 1826 3278 39.):
1854 3219 1945 3264 hoc
1973 3228 2125 3264 autem
2151 3218 2313 3264 dicitur

348 3284 510 3343 aliquis
535 3284 702 3327 habere
729 3298 808 3343 per
835 3283 1050 3342 seipsum,
1080 3285 1204 3341 cujus
1233 3294 1299 3328 est
1330 3285 1414 3328 sibi
1443 3285 1595 3344 aliquo
1625 3287 1765 3331 modo
1794 3300 1954 3341 causa3
1980 3287 2127 3347 prima
2159 3295 2312 3331 autem

350 3365 487 3396 causa
514 3351 723 3394 omnium
755 3351 981 3394 bonorum
1009 3361 1270 3394 nostrorum
1299 3365 1377 3409 per
1404 3355 1719 3396 auctoritatem
1748 3363 1815 3397 est
1839 3353 1986 3398 Deus:
2013 3362 2059 3398 et
2082 3367 2163 3413 per
2187 3353 2309 3398 hunc

350 3418 541 3462 modum
574 3417 697 3462 nulla
722 3427 923 3462 creatura
946 3418 1082 3461 habet
1108 3418 1275 3476 aliquid
1303 3419 1408 3461 boni
1439 3434 1516 3476 per
1542 3421 1753 3478 seipsam,
1781 3420 2032 3465 secundum
2056 3419 2166 3464 illud
2195 3433 2231 3465 1.
2255 3419 2311 3464 ad
2333 3418 2335 3420 ’

352 3486 562 3530 Corinth.
588 3498 655 3540 4.:
687 3485 803 3542 Quid
829 3486 963 3536 habes,
991 3485 1099 3544 quod
1131 3500 1211 3529 non
1244 3487 1434 3545 accepisti
1449 3488 1468 3531 ?
1494 3486 1651 3531 Potest
1676 3498 1829 3531 tamen
1855 3486 2124 3532 secundario
2151 3486 2312 3546 aliquis

352 3568 450 3597 esse
487 3567 623 3596 causa
660 3553 743 3596 sibi
780 3552 967 3611 alicujus
994 3552 1103 3596 boni
1131 3552 1340 3605 habendi,
1368 3553 1633 3611 inquantum
1671 3554 1842 3598 scilicet
1878 3554 1925 3598 in
1961 3554 2051 3599 hoc
2082 3555 2183 3613 ipso
2208 3553 2311 3599 Deo
2350 3572 2352 3575 ’

354 3630 643 3678 cooperatur:
674 3630 716 3665 ct
743 3621 805 3666 sic
832 3619 906 3664 ille
934 3619 1010 3679 qui
1037 3619 1172 3663 habet
1204 3619 1371 3678 aliquid
1398 3635 1475 3679 per
1504 3621 1716 3665 meritum
1757 3621 2006 3680 proprium,
2036 3621 2174 3666 habet
2204 3634 2312 3680 quo-

2344 3583 2352 3665 i
