2352 3926
657 208 932 255 Quasssno
971 206 1082 247 x1x.
1100 206 1428 247 &ARTICULUS
1467 205 1503 244 1.
1950 189 2050 259 189

57 221 98 272 25³}

116 313 156 369 J·
188 328 241 369 rr,
264 326 382 373 quae
408 321 477 357 est
501 310 690 369 alicujus
715 310 781 356 rei
806 310 1059 355 secundum
1085 324 1216 355 suam
1241 309 1455 365 formam,
1491 318 1560 354 est
1595 308 1778 368 propria
1813 310 1935 368 ejus;
1967 322 2053 352 nec

63 369 114 443 ’ᾗ
120 404 152 417 ε
174 382 283 425 net
313 380 369 424 ad
401 387 681 430 moventem,
719 377 808 421 nisi
844 377 1095 421 secundum
1136 377 1258 453 quod
1290 377 1429 421 utitur
1458 376 1722 434 hujusmodi
1754 389 1802 420 re
1834 374 1890 420 ad
1922 389 2054 419 suam

70 447 427 509 {perationemz
454 445 571 490 sicut
602 443 851 488 calefacere
890 453 958 487 est
999 444 1178 502 propria
1211 444 1417 502 operatio
1455 444 1588 502 ignis,
1620 458 1715 488 non
1742 452 1896 488 autem
1926 442 2055 496 fabri,

67 508 184 562 mei
201 522 422 574 quatenus
447 512 586 556 utitur
609 511 715 570 igne
748 511 804 555 ad
836 509 1194 554 calefaciendum
1227 509 1418 555 ferrum:
1456 510 1534 554 sed
1572 510 1650 554 illa
1682 510 1902 569 operatio,
1938 522 2054 568 quae

63 594 127 620 *a
159 581 249 626 rei
272 579 425 625 solum
450 579 701 624 secundum
729 577 850 654 quod
878 586 1088 621 movetur
1115 577 1168 620 ab
1197 576 1302 631 alio,
1334 591 1428 621 non
1456 587 1524 622 est
1566 577 1652 621 alia
1689 587 1867 635 praeter
1901 590 2058 636 opera-

68 640 266 712 Ἔαηεῐη
302 646 528 691 moventis
569 646 740 704 ipsam·
767 644 883 689 sicut
907 643 1057 688 facere
1084 657 1338 696 scamnum,
1365 658 1459 687 non
1497 654 1564 687 est
1599 658 1807 688 seorsum
1845 643 2054 704 operatio

63 713 262 775 {Taenaris
286 714 341 759 ab
368 713 633 772 operatione
660 711 856 764 artificis,
884 710 962 754 sed
989 710 1159 754 securis
1193 710 1431 768 participat
1461 710 1863 755 instrumentaliter
1895 724 2058 770 opera-

57 779 265 827 tionem
283 780 489 835 artificis3
508 789 552 823 et
567 779 671 823 ideo
689 778 964 836 ubicumque
982 791 1188 830 movens,
1206 786 1250 821 et
1266 787 1446 820 motum
1463 777 1633 821 habent
1649 777 1848 822 diversas
1865 777 2057 832 formas,

56 853 173 913 ξςυ
197 847 384 892 virtutes
405 846 675 906 operativas,
700 845 762 889 ibi
788 854 968 904 oportet
998 844 1121 903 quod
1161 843 1219 888 sit
1251 842 1338 887 alia
1370 845 1574 901 operatio
1608 846 1850 899 moventis,
1892 854 1936 889 et
1968 844 2057 890 alia

52 915 299 976 2operatio
324 914 506 974 propria
531 914 669 958 moti:
696 912 803 957 licet
826 921 1006 956 motum
1031 911 1267 970 participet
1289 911 1606 970 operationem
1629 912 1870 965 moventis,
1897 921 1940 956 et
1957 926 2055 956 mo·

62 995 204 1048 vens
229 991 380 1026 utatur
404 981 669 1040 operatione
686 979 814 1034 moti,
834 990 878 1023 et
893 979 957 1024 sic
980 988 1221 1037 utrumque
1245 988 1348 1037 agat
1366 992 1473 1022 cum
1496 979 1822 1022 communione
1846 978 2055 1034 alterius;

47 1034 161 1117 {gnie
183 1049 320 1108 igitur
343 1048 391 1092 in
418 1047 604 1092 Christo
630 1047 833 1091 humana
858 1056 1020 1090 natura
1055 1045 1192 1089 habet
1226 1045 1459 1103 propriam
1499 1044 1713 1099 formam,
1755 1055 1799 1089 et
1828 1046 2056 1100 virtutem,

47 1125 175 1178 per
198 1129 337 1176 quam
363 1124 596 1174 operatur:
625 1125 667 1158 et
689 1113 897 1158 similiter
918 1113 1092 1166 divina3
1119 1112 1237 1156 unde
1259 1113 1463 1157 humana
1484 1122 1644 1157 natura
1666 1113 1804 1157 habet
1825 1113 2056 1172 propriam

55 1181 408 1244 operationem
425 1182 685 1227 distinctam
712 1183 766 1226 ab
794 1182 1060 1241 operatione
1087 1181 1253 1235 divina,
1281 1190 1326 1225 et
1352 1195 1376 1224 e
1403 1194 1652 1236 converso;
1671 1190 1887 1225 ettamen
1907 1181 2058 1224 divina

57 1254 254 1314 {natura
284 1250 423 1295 utitur
447 1250 713 1309 operatione
739 1258 927 1293 naturae
951 1249 1196 1301 humanae,
1214 1248 1343 1292 sicut
1357 1247 1623 1307 operatione
1647 1247 1718 1292 sui
1742 1247 2054 1291 instrumenti:

50 1323 139 1370 .-et
160 1316 369 1363 similiter
394 1317 597 1361 humana
621 1326 781 1360 natura
807 1315 1047 1375 participat
1072 1315 1389 1375 operationem
1415 1315 1595 1359 divinae
1626 1324 1829 1368 naturae,
1857 1314 1972 1359 sicut
1996 1315 2059 1358 in-

43 1404 85 1442 t
80 1391 396 1431 strumentum
436 1383 676 1443 participat
721 1383 1036 1442 operationem
1077 1382 1338 1442 principalis
1379 1382 1577 1440 agentis;
1620 1391 1665 1426 et
1695 1382 1785 1426 hoc
1825 1391 1892 1426 est
1934 1381 2056 1440 quod

57 1448 202 1495 dicit
236 1450 334 1495 Leo
365 1449 534 1509 Papa
522 1465 568 1494 1n
595 1450 723 1509 epist.
751 1449 807 1494 ad
832 1449 1034 1494 Flavian.
1061 1449 1189 1508 (quae
1219 1456 1276 1494 est
1310 1464 1375 1494 10.
1400 1457 1491 1508 cap.
1511 1463 1554 1506 4.
1582 1455 1676 1493 ante
1713 1449 1869 1506 med)
1898 1464 1922 1491 c<
1949 1448 2060 1507 Agit

49 1523 283 1577 utraque
306 1516 456 1562 forma
472 1533 515 1571 »,
539 1516 713 1562 scilicet
735 1526 831 1561 tam
857 1526 1017 1562 natura
1039 1516 1205 1570 divina,
1232 1531 1335 1575 qua
1326 1532 1367 1559 n
1387 1516 1621 1560 humana
1611 1530 1656 1560 m
1680 1515 1882 1570 Christo,
1909 1531 1932 1557 ι(
1951 1530 2057 1559 cum

47 1550 279 1645 {alterius
305 1584 647 1638 communione,
665 1583 788 1643 quod
805 1585 1040 1644 proprium
1058 1594 1139 1638 est,
1156 1583 1311 1628 Verbo
1338 1583 1513 1628 scilicet
1530 1594 1758 1643 operante,
1781 1583 1904 1642 quod
1920 1582 2060 1627 Verbi

51 1654 177 1725 2-1‘est,
203 1661 250 1697 et
273 1665 408 1696 carne
434 1661 700 1711 exequente,
718 1651 840 1728 quod
859 1652 1006 1695 carnis
1033 1661 1098 1695 est
1121 1666 1173 1705 »3
1200 1651 1238 1695 si
1262 1665 1373 1695 vero
1402 1661 1520 1695 esset
1534 1665 1625 1694 una
1649 1661 1827 1695 tantum
1853 1651 2059 1710 operatio

48 1714 356 1779 {divinitatis
387 1728 433 1763 et
463 1719 759 1763 humanitatis
798 1719 846 1762 in
890 1718 1092 1772 Christo,
1133 1728 1364 1777 oporteret
1395 1718 1561 1772 dicere,
1593 1718 1674 1771 vel,
1709 1718 1830 1777 quod
1857 1718 2060 1762 humana

57 1796 257 1832 -·-natura
281 1799 375 1830 non
401 1785 588 1830 haberet
612 1786 844 1845 propriam
869 1785 1084 1839 formam,
1116 1795 1160 1829 et
1190 1786 1403 1829 virtutem
1433 1786 1510 1842 (de
1536 1785 1688 1828 divina
1714 1787 1836 1829 enim
1862 1785 1953 1829 hoc
1971 1785 2060 1829 dici

57 1856 65 1873 ’
71 1862 181 1909 est
187 1851 507 1912 impossibile),
533 1866 587 1897 ex
613 1866 704 1911 quo
727 1863 1002 1911 sequeretur,
1029 1852 1187 1911 quod
1177 1867 1223 1896 1n
1243 1852 1429 1896 Christo
1449 1862 1566 1896 esset
1582 1861 1760 1895 tantum
1783 1852 1935 1896 divina
1957 1866 2062 1911 ope-

2 1941 3 1949 *
52 1926 74 1947 i
67 1920 233 1990 ξῐεῑὶοε
259 1920 326 1964 vel
352 1928 582 1978 oporteret
607 1920 771 1973 dicere,
805 1920 925 1978 quod
952 1933 1008 1963 ex
1033 1920 1184 1963 divina
1209 1919 1388 1972 virtute,
1421 1929 1465 1963 et
1496 1919 1698 1962 humana
1731 1929 1848 1963 esset
1864 1919 2060 1963 conflata

60 1981 145 2043 {fin
176 1986 362 2034 Christo
388 2001 479 2031 una
504 1988 669 2041 virtus;
696 2001 890 2046 quorum
917 1994 1140 2045 utrumque
1167 1996 1234 2031 est
1264 1986 1569 2046 impossibile3
1611 2001 1720 2029 nam
1761 2001 1842 2044 per
1868 1988 2060 2046 primum

56 2049 264 2112 horum
288 2053 472 2113 ponitur
509 2063 669 2098 natura
709 2053 911 2098 humana
950 2054 997 2097 in
1030 2053 1216 2098 Christo
1259 2067 1357 2098 esse
1398 2053 1686 2112 imperfecta:
1730 2068 1811 2112 per
1839 2053 2061 2098 secundum

56 2113 207 2169 &ero
239 2120 422 2180 ponitur
458 2119 667 2164 confusio
693 2129 978 2175 naturarum;
997 2131 1042 2165 et
1066 2121 1170 2165 ideo
1196 2120 1558 2165 rationabiliter
1548 2136 1593 2164 1n
1620 2131 1744 2164 sexta
1763 2120 1962 2197 ‘Synodo
1997 2121 2063 2177 (ut

157 2188 280 2243 ·’;.ξεείε.
305 2193 383 2232 act.
417 2187 482 2233 18.
507 2201 611 2246 quae
633 2202 778 2246 graece
802 2194 859 2232 est
883 2201 945 2246 17.
981 2189 1026 2231 in
1058 2189 1187 2246 symb.
1230 2201 1318 2243 150.
1356 2189 1462 2244 ΡΡ.)
1498 2188 1612 2232 haec
1651 2187 1809 2264 opinio
1850 2198 1918 2232 est
1958 2202 2064 2232 con-

127 2276 177 2293 ε·
184 2262 332 2307 -nataz
358 2253 407 2298 in
432 2254 560 2312 cujus
587 2254 964 2299 determinatione
991 2254 1176 2300 dicitur:
1207 2270 1231 2296 «
1248 2255 1375 2299 Duas
1392 2254 1620 2299 naturales
1639 2255 1928 2313 operationes
1953 2255 2064 2299 indi-

0 2377 1 2382 1
27 2367 32 2374 ξ
57 2328 155 2387 q
212 2319 635 2375 inconvertibiliter,
653 2320 1276 2380 inconfuse,inseparabiliter
1292 2322 1338 2365 in
1357 2322 1522 2366 eodem
1537 2322 1743 2366 Domino
1754 2323 1850 2379 jesu
1875 2322 2061 2367 Christo

58 2384 117 2447 ἶ,
176 2401 208 2435 α
224 2387 336 2439 ‘Deo
361 2397 521 2433 nostro
547 2387 858 2447 glorificamus
877 2405 920 2444 n,
947 2388 1037 2434 hoc
1065 2399 1133 2433 est
1156 2389 1360 2433 divinam
1393 2389 1724 2448 operationem,
1751 2399 1796 2434 et
1811 2390 2062 2434 humanam

76 2462 177 2493 ξεν·
213 2454 428 2501 ationem.

91 2519 99 2527 ³
186 2521 264 2567 AD
285 2533 473 2567 PRIMUM
499 2536 609 2582 ergo
640 2521 899 2577 dicendum,
925 2522 1047 2582 quod
1073 2523 1265 2582 Dionys.
1298 2523 1427 2583 ponit
1451 2523 1498 2567 in
1526 2523 1712 2568 Christo
1746 2523 2062 2582 operationem

210 2589 396 2651 .ρικήν,
418 2588 538 2634 idest
561 2589 763 2634 divinam
788 2589 982 2643 virilem,
1008 2589 1083 2635 vel
1108 2590 1310 2635 divinam
1335 2591 1602 2645 humanam,
1628 2606 1723 2635 non
1750 2605 1830 2651 per
1862 2590 2062 2651 aliquam

140 2676 179 2695 w.
221 2705 223 2707 .
245 2656 418 2700 ionem
444 2655 779 2716 operationum,
805 2671 884 2701 seu
909 2657 1128 2701 virtutum
1154 2658 1385 2717 utriusque
1406 2668 1609 2712 naturae,
1628 2659 1705 2703 sed
1724 2673 1804 2718 per
1824 2659 1915 2702 hoc
1939 2658 2061 2735 quod

68 2716 120 2787 {f
145 2771 155 2780 .
186 2772 196 2777 ,ξ
276 2724 483 2783 operatio
509 2725 605 2782 ejus
631 2724 768 2768 utitur
804 2724 1021 2778 humana,
1048 2734 1092 2769 et
1126 2725 1330 2769 humana
1367 2726 1463 2784 ejus
1490 2726 1694 2785 operatio
1721 2727 1960 2785 participat
1979 2726 2064 2770 vir-

115 2813 144 2846 -ξς
182 2791 436 2843 :mdivinae
448 2792 752 2869 operationis;
776 2791 910 2845 unde,
933 2792 1049 2836 sicut
1069 2792 1164 2851 ipse
1193 2793 1358 2837 d1c1t1n
1381 2794 1577 2851 quadam
1602 2793 1794 2852 epistola
1820 2793 1875 2837 ad
1894 2793 2062 2851 Cajum

68 2841 231 2927 (quae
258 2863 314 2903 est
342 2871 385 2916 4.
418 2860 494 2903 cir.
527 2858 669 2914 med),
701 2875 725 2900 «
753 2873 887 2918 super
919 2859 1159 2903 hominem
1194 2859 1463 2919 operabatur
1494 2875 1547 2904 ea
1575 2875 1690 2919 quae
1717 2871 1821 2905 sunt
1845 2860 2061 2913 hominis,

63 2915 227 2987 quod
252 2935 474 2970 monstrat
499 2925 644 2985 Virgo
671 2926 1071 2992 supernaturaliter
1105 2927 1381 2986 concipiens,
1409 2937 1452 2971 et
1479 2941 1596 3004 aqua
1621 2927 1841 2972 instabilis
1867 2937 2063 2971 terreno-

66 2997 207 3036 stum
230 2992 397 3051 pedum
422 2993 647 3038 sustinens
674 3003 1012 3052 gravitatem»
1039 2993 1332 3039 manifestum
1360 3005 1427 3039 est
1458 2995 1594 3051 enim,
1628 2995 1750 3072 quod
1783 2995 1963 3053 concipi
1995 3003 2064 3038 est

59 3118 72 3124 .
55 3043 334 3105 hnmanae
359 3070 560 3115 naturae,
588 3060 793 3105 similiter
819 3070 864 3105 et
890 3060 1136 3115 ambulare,
1164 3062 1244 3106 sed
1267 3072 1507 3121 utrumque
1528 3062 1648 3106 fuit·
1637 3077 1683 3106 1n
1702 3062 1888 3106 Christo
1915 3074 2064 3119 super-

14 3046 378 3182 maturantem
410 3136 456 3172 et
485 3126 694 3172 similiter
724 3127 876 3172 divina
908 3128 1179 3187 operabatur
1213 3129 1501 3174 humanitus:
1530 3130 1645 3174 sicut
1671 3143 1776 3173 cum
1804 3129 1980 3172 sanavit
2004 3127 2064 3171 le-

73 3192 292 3255 {prosum
317 3192 575 3253 tangend03
601 3194 758 3238 unde'
747 3209 794 3238 m
828 3195 989 3239 eadem
1022 3195 1215 3254 piestola
1248 3195 1419 3240 subdit:
1458 3196 1605 3240 «Non
1633 3196 1883 3240 secundum
1909 3195 2062 3238 Deum

72 3254 258 3319 sjffivina
279 3258 467 3314 faciens,
489 3274 583 3304 non
604 3261 807 3305 humana
825 3261 1075 3306 secundum
1092 3262 1345 3316 hominem,
1366 3263 1446 3306 sed
1462 3263 1565 3307 Deo
1582 3262 1771 3305 homine
1788 3261 1925 3314 facto,
1942 3274 2062 3305 nova

72 3324 303 3389 ,astudam
327 3326 417 3371 Dei
441 3336 486 3371 et
506 3327 707 3371 hominis
723 3329 989 3387 operatione
1006 3345 1056 3371 »·
1046 3329 1206 3387 ,quod
1230 3340 1384 3373 autem
1409 3329 1693 3382 intellexerit,
1711 3329 1820 3371 duas
1839 3341 1935 3372 esse
1959 3341 2063 3386 ope-

69 3390 304 3442 ,ίῐῦῑίοιὶεε
328 3393 375 3436 in
401 3392 602 3463 Christo,
628 3408 770 3437 unam
795 3394 974 3438 divinae
1001 3405 1202 3450 naturae,
1237 3395 1373 3439 aliam
1403 3406 1553 3439 autem
1583 3396 1826 3447 humanae,
1853 3404 1976 3452 patet
2008 3408 2062 3438 ex

74 3454 182 3525 gbk
203 3464 318 3517 quae
343 3459 488 3503 dicit
477 3473 524 3503 m
551 3472 590 3503 2.
624 3474 723 3519 cap.
757 3461 812 3504 de
844 3461 948 3504 Div.
982 3462 1121 3505 Nom
1150 3463 1198 3519 (α
1231 3462 1332 3506 med.
1366 3463 1455 3506 lect.
1485 3477 1506 3520 3
1511 3462 1559 3518 .)‚
1589 3462 1664 3504 ubi
1691 3462 1812 3514 dicit,
1841 3462 1963 3520 quod
1990 3461 2060 3506 his

74 3526 269 3586 atquae
293 3526 518 3583 pertinent
549 3526 604 3570 ad
635 3525 887 3571 humanam
914 3529 1010 3585 ejus
1037 3529 1367 3604 operationem,
1395 3529 1542 3581 Pater,
1570 3537 1614 3571 et
1646 3527 1838 3585 Spiritus
1866 3527 2060 3573 Sanctus

75 3587 235 3636 &ulla
267 3590 445 3636 ratione
487 3593 844 3648 communicant,
884 3594 971 3639 nisi
1002 3596 1101 3654 quis
1134 3595 1292 3639 dixerit
1324 3595 1574 3639 secundum
1603 3594 1991 3654 benignissimam,
2017 3606 2062 3641 et
