2352 3926
563 227 840 281 Quasi-mo
879 232 1064 273 Lxxvr.
1106 229 1415 274 ARTIcuws
1454 233 1506 272 v.
1914 222 2016 289 675

0 362 13 395 3,
45 334 189 386 mm
207 327 517 381 ‘mediantibus
542 335 902 380 dimensionibus
935 335 1116 390 alienis;
1147 328 1211 380 ita
1235 335 1360 395 quod
1392 349 1416 380 e
1454 339 1680 381 converso
1711 335 2023 382 dimensiones

0 435 7 455 1,
18 416 33 427 *
55 403 269 464 propriae
295 403 501 463 corporis
526 402 699 448 Christi
725 413 1050 463 comparantur
1076 403 1132 448 ad
1154 402 1311 448 locum
1335 402 1464 447 illum
1494 403 1723 450 mediante
1748 404 2024 458 substantia3

58 469 182 537 quod
209 480 278 515 est
303 481 462 515 contra
497 470 723 514 rationem
758 470 964 530 corporis
995 470 1157 516 locati.
1183 469 1304 515 unde
1330 469 1459 515 nullo
1485 470 1629 515 modo
1656 482 1823 556 corpus
1848 470 2023 516 Christi

57 543 134 584 eut
148 536 199 582 in
229 538 321 583 hoc
343 548 637 582 sacramento
663 536 885 582 localiter.

0 607 2 609 ’
146 604 223 649 An
248 614 437 651 ‘mmm
464 617 575 663 ergo
602 604 859 659 dicendum,
894 604 1015 663 quod
1049 618 1214 663 corpus
1248 604 1419 650 Christi
1449 616 1544 650 non
1577 615 1644 650 est
1675 606 1721 650 in
1753 605 1845 651 hoc
1876 617 2023 650 sacra-

52 676 216 728 fflehto
241 671 485 726 definitive,
512 671 617 730 quia
644 671 707 715 sic
734 684 829 714 non
857 682 974 715 esset
1000 670 1106 715 alibi
1133 685 1271 730 quam
1310 672 1355 715 in
1382 673 1474 717 hoc
1501 672 1644 727 altari,
1678 672 1755 717 ubi
1786 671 2024 717 conficitur

2 761 4 763 >
55 738 149 784 hoc
166 748 536 793 sacramentum3
564 752 670 782 cum
701 747 857 781 tamen
890 738 946 781 sit
976 738 1023 781 in
1056 738 1189 782 coelo
1220 739 1266 781 in
1299 739 1481 798 propria
1514 740 1679 799 specie,
1713 749 1757 785 et
1786 739 1834 783 in
1866 739 2023 784 multis

54 804 157 850 aliis
183 805 396 850 altaribus
419 806 500 850 sub
523 805 674 863 specie
697 805 992 849 sacramenti:
1022 805 1227 849 similiter
1255 807 1392 849 etiam
1426 814 1562 866 patet,
1595 807 1718 866 quod
1750 820 1844 852 non
1877 817 1946 852 est
1976 809 2023 852 in

54 872 147 917 hoc
173 882 461 918 sacramento
498 871 899 931 circumscriptive,
933 872 1039 931 quia
1063 886 1148 916 nec
1187 882 1255 916 est
1289 873 1352 915 ibi
1388 873 1639 918 secundum
1681 886 2022 919 commensura·

53 938 231 985 &onem
258 939 467 998 propriae
502 938 779 999 quantitatis,
805 948 853 982 ut
889 938 1061 982 dictum
1095 948 1162 982 est
1198 939 1265 997 (in
1292 939 1456 999 corp.).·
1495 941 1615 999 quod
1645 951 1796 985 autem
1829 955 1924 985 non
1956 950 2025 986 est

56 1013 181 1051 eitra
202 1005 491 1067 ‘superficiem
523 1005 811 1059 sacramenti,
842 1019 927 1050 nec
962 1015 1027 1049 est
1063 1005 1109 1049 in
1137 1005 1226 1049 alia
1251 1016 1377 1065 parte
1412 1006 1578 1061 altaris,
1610 1021 1704 1051 non
1737 1008 1931 1067 pertinet
1963 1009 2019 1053 ad

0 1109 4 1131 3
55 1073 147 1118 hoe
174 1073 296 1133 quod
323 1073 380 1118 sit
404 1073 467 1117 ibi
491 1073 734 1127 definitive,
766 1071 840 1117 vel
868 1073 1270 1132 circumscriptive‚
1304 1073 1382 1120 sed
1410 1073 1463 1117 ad
1497 1073 1588 1117 hoc
1616 1075 1737 1133 quod
1765 1075 1933 1134 incepit
1957 1075 2020 1119 ibi

0 1144 9 1195 ᾗ
57 1144 156 1186 &se
173 1147 264 1201 ‘'-per
289 1141 699 1196 consecrationem,
718 1149 762 1185 et
789 1141 1139 1184 conversionem
1156 1140 1299 1200 panis,
1327 1149 1370 1184 et
1394 1141 1502 1195 vini,
1530 1150 1579 1185 ut
1603 1155 1738 1201 supra
1761 1141 1934 1186 dictum
1952 1151 2021 1187 est

0 1209 7 1262 ζ,
54 1207 119 1269 (q.
137 1214 281 1268 praec.
304 1214 386 1253 art.
409 1223 445 1267 3.
473 1214 508 1253 et
532 1208 612 1266 4.).

0 1294 11 1322 ς
56 1302 59 1306 -
96 1296 99 1297 ’
146 1274 222 1319 AD
244 1284 505 1320 SECUNDUM
531 1275 791 1329 dicendum,
817 1274 941 1352 quod
967 1273 1097 1318 locus
1122 1273 1214 1328 ille,
1250 1274 1298 1319 in
1324 1288 1416 1334 quo
1440 1284 1507 1320 est
1533 1288 1698 1334 corpus
1722 1275 1906 1330 Christi,
1928 1289 2024 1320 non

55 1349 126 1387 est
148 1350 341 1387 vacuus:
367 1356 516 1402 neque
541 1352 697 1387 tamen
719 1342 902 1402 proprie
919 1352 986 1386 est
1002 1341 1200 1400 repletus
1217 1342 1466 1387 substantia
1483 1342 1686 1402 corporis
1704 1343 1889 1398 Christi,
1908 1356 2025 1403 quae

53 1416 151 1454 no'n
176 1418 245 1454 est
268 1409 331 1454 ibi
352 1402 575 1463 localiter,
608 1410 727 1454 sicut
751 1410 923 1453 dictum
950 1419 1017 1453 est
1044 1409 1108 1465 (in
1138 1417 1254 1469 corp.
1281 1416 1351 1455 art
1354 1409 1415 1468 .).·
1443 1410 1521 1454 sed
1545 1420 1613 1455 est
1635 1409 1835 1468 repletus
1857 1411 2041 1470 specie*

0 1482 2 1537 J
52 1475 140 1521 bus
165 1487 573 1531 sacramentorum,
592 1491 707 1536 quae
732 1476 902 1521 habent
918 1475 1091 1535 replere
1109 1475 1280 1530 locum,
1322 1477 1396 1521 vel
1420 1486 1604 1537 propter
1620 1485 1832 1522 naturam
1854 1478 2025 1522 dimen-

54 1543 254 1598 sionum,
279 1543 355 1588 vel
385 1543 548 1589 saltem
584 1543 873 1598 miraculose,
908 1543 1024 1588 sicut
1056 1553 1100 1588 et
1135 1543 1410 1588 miraculose
1447 1544 1695 1589 subsistunt
1719 1559 1800 1603 per
1830 1544 2023 1589 modum

0 1606 3 1642 ἕ
38 1609 345 1659 substantiae.
404 1629 407 1631 “

0 1680 11 1737 J¹
145 1677 222 1722 AD
249 1690 465 1723 TERTIUM
492 1678 749 1732 dicendum,
776 1676 898 1737 quod
926 1676 1178 1721 accidentia
1205 1677 1409 1737 corporis
1437 1676 1608 1722 Christi
1633 1686 1739 1721 sunt
1763 1677 1809 1720 in
1834 1677 1926 1721 hoc
1959 1691 2025 1722 sa-

57 1746 310 1799 cramento,
342 1744 458 1789 sicut
484 1759 618 1803 supra
650 1745 822 1790 dictum
858 1754 926 1788 est
958 1745 1061 1802 (art.
1089 1744 1273 1803 praec),
1303 1744 1554 1788 secundum
1588 1743 1760 1787 realem
1793 1746 2023 1789 concomi-

54 1812 274 1867 tantiam3
300 1822 344 1857 et
364 1812 469 1856 ideo
495 1811 573 1856 illa
599 1812 853 1857 accidentia
879 1812 1085 1870 corporis
1104 1811 1276 1856 Christi
1293 1821 1397 1855 sunt
1413 1811 1459 1855 in
1476 1811 1567 1855 hoc
1586 1821 1888 1866 sacramento,
1906 1825 2022 1870 quae

0 1895 11 1944 ᾗ
56 1879 227 1925 sunt-ei
249 1879 509 1924 intrinseca.
535 1879 646 1924 Esse
673 1890 825 1924 autem
857 1879 904 1922 in
935 1877 1042 1922 loco
1077 1888 1143 1922 est
1175 1878 1387 1923 accidens
1419 1888 1500 1937 per
1532 1879 1929 1937 comparationem
1963 1879 2019 1922 ad

0 1949 14 2007 ζ
57 1946 362 1992 extrinsecum
388 1947 649 2001 continens3
677 1957 720 1991 et
745 1946 849 1990 ideo
875 1960 970 1990 non
998 1955 1193 2004 oportet,
1221 1945 1343 2005 quod
1371 1945 1580 1990 Christus
1609 1946 1666 1990 sit
1687 1945 1734 1989 in
1755 1945 1847 1990 hoc
1874 1959 2018 1990 sacra-

0 2009 17 2056 ἶ
58 2016 217 2066 mento
236 2013 358 2058 'sicut
381 2013 429 2057 in
454 2013 576 2058 loco.

750 2188 1184 2246 ARTICULUS
1225 2189 1323 2244 VI.
1933 2214 2020 2274 453*

131 2307 325 2364 UTRUM
359 2313 572 2363 COR‘PUS
607 2323 827 2363 CHRISTI
861 2324 946 2363 SIT
980 2324 1282 2363 MOBILITER
1315 2325 1371 2363 IN
1404 2323 1521 2363 HOC
1557 2324 1945 2364 SACRAMENTO.

451 2435 514 2494 (4.
541 2436 652 2480 Dist.
679 2451 746 2482 ro.
772 2440 852 2480 art.
878 2449 920 2493 4.
949 2450 987 2494 q.
1015 2450 1055 2493 4.
1083 2442 1120 2480 et
1140 2443 1279 2496 opusc.
1305 2451 1363 2481 11.
1387 2441 1468 2480 art.
1490 2434 1595 2494 34).

6 2585 21 2607 f.
148 2548 226 2594 An
251 2558 442 2594 SEXTUM
467 2547 530 2591 sic
552 2547 829 2608 proceditur.
854 2542 1060 2601 Videtur,
1088 2547 1211 2606 quod
1238 2560 1403 2606 corpus
1430 2545 1605 2591 Christi
1631 2545 1688 2590 sit
1720 2545 1951 2591 mobiliter
1976 2547 2023 2590 in

7 2614 31 2671 ,ξ
59 2616 152 2662 hoc
178 2625 488 2660 sacramento:
517 2614 626 2659 dicit
651 2615 774 2659 enim
800 2614 972 2659 Philos.
1000 2616 1045 2658 in
1070 2627 1108 2658 2.
1129 2613 1247 2673 Top.
1277 2615 1392 2674 (cap.
1414 2629 1449 2673 3.
1469 2614 1556 2658 loco
1575 2614 1664 2670 24.)
1700 2613 1822 2672 quod
1845 2613 2025 2657 «motis

6 2695 12 2707 -’
60 2683 209 2738 nobis,
234 2691 479 2727 moventur
504 2697 558 2727 ea
590 2694 705 2741 quae
731 2683 777 2726 in
803 2683 935 2726 nobis
961 2692 1123 2735 sunt»,
1158 2682 1281 2741 quod
1307 2682 1493 2740 quidem
1520 2691 1588 2725 est
1612 2694 1772 2724 verum
1799 2680 1936 2725 etiam
1970 2680 2025 2724 de

34 2756 41 2763 ”’
61 2749 284 2811 'spirituali
314 2749 563 2794 substantia
600 2749 803 2793 animae:
839 2749 916 2793 sed
945 2749 1154 2794 Christus
1181 2758 1248 2793 est
1279 2749 1325 2792 in
1352 2749 1442 2792 hoc
1476 2758 1778 2802 sacramento,
1812 2757 1858 2791 ut
1891 2761 2027 2807 supra

59 2817 271 2863 habitum
297 2826 366 2860 est
389 2817 493 2875 (art.
516 2830 552 2861 r.
579 2815 666 2875 huj.
686 2817 744 2874 q.)
761 2832 780 2866 ;
809 2830 918 2874 ergo
945 2826 1159 2860 movetur
1185 2816 1239 2860 ad
1267 2826 1445 2860 motum
1472 2815 1625 2874 ipsius.

152 2896 193 2929 2.
221 2883 518 2930 PRAETEREA.
545 2882 725 2926 Veritas
752 2882 886 2926 debet
912 2884 1186 2941 respondere
1217 2882 1414 2942 figurae:
1450 2882 1528 2926 sed
1562 2883 1616 2926 de
1650 2896 1769 2940 agno
1810 2880 2026 2940 paschali,

63 2951 143 3012 qui
169 2960 266 2997 erat
300 2950 445 3010 figura
477 2950 612 3008 hujus
645 2949 932 3003 sacramenti,
964 2964 1048 2994 non
1079 2952 1318 2995 remanebat
1338 2950 1564 3009 quidquam
1589 2964 1714 3007 usque
1744 2962 1880 3003 mane,
1909 2948 2029 2994 sicut

63 3018 338 3081 praecipitur
364 3016 506 3061 Exod.
539 3029 631 3070 12.;
668 3029 777 3074 ergo
814 3030 963 3075 neque
996 3016 1172 3060 etiarnsi
1204 3017 1295 3061 hoc
1329 3025 1665 3061 sacramentum
1699 3025 1950 3060 reservetur
1981 3015 2028 3060 in

17 3107 29 3137 ,,;
58 3084 328 3139 erastinum,
355 3083 440 3129 erit
465 3083 526 3127 ibi
559 3095 723 3142 corpus
752 3081 944 3138 Christi;
978 3093 1023 3128 et
1052 3083 1115 3127 ita
1140 3097 1234 3127 non
1262 3093 1328 3128 est
1359 3081 1654 3127 immobiliter
1684 3082 1730 3125 in
1762 3082 1852 3126 hoc
1885 3096 2031 3127 sacra·

61 3161 237 3197 mento.

14 3209 33 3274 ‘2
158 3232 195 3278 3.
228 3217 526 3263 PRAETEREA.
556 3215 604 3259 Si
628 3229 792 3274 corpus
820 3215 991 3260 Christi
1012 3227 1246 3261 remaneat
1271 3217 1351 3261 sub
1378 3217 1468 3260 hoc
1496 3224 1784 3260 sacramento
1811 3215 1949 3260 etiam
1982 3216 2028 3260 in

14 3285 280 3339 122crastino,
312 3285 408 3342 pari
434 3284 609 3327 ratione
647 3283 899 3327 remanebit
932 3293 976 3328 et
1010 3297 1089 3342 per
1123 3294 1272 3328 totum
1309 3297 1502 3343 sequens
1539 3293 1744 3342 tempus:
1778 3296 1871 3327 non
1905 3284 2028 3327 enirn

19 3379 26 3383 π·
65 3361 216 3412 potest
239 3351 343 3405 dici,
370 3350 491 3411 quod
518 3350 694 3394 desinat
720 3350 779 3393 ibi
803 3363 916 3404 esse,
943 3352 1221 3396 cessantibus
1255 3351 1514 3410 speciebus3
1552 3350 1654 3408 quia
1690 3363 1789 3394 esse
1823 3350 2027 3409 corporis

26 3413 43 3475 ᾗ
69 3418 240 3464 Christi
264 3432 358 3462 non
386 3417 610 3476 dependet
643 3430 667 3459 a
693 3416 927 3475 speciebus
953 3416 1063 3462 illis:
1100 3433 1194 3462 non
1223 3429 1374 3462 autem
1401 3426 1606 3460 remanet
1644 3417 1723 3460 sub
1764 3417 1853 3460 hoc
1886 3431 2031 3461 sacra-

25 3489 225 3542 mento
251 3483 462 3529 Christus
488 3498 568 3543 per
592 3491 740 3527 totum
762 3492 942 3542 tempus
963 3482 1188 3539 futurum3
1216 3485 1392 3528 videtur
1411 3497 1536 3542 ergo,
1560 3483 1681 3542 quod
1701 3483 1852 3527 statim
1874 3483 1919 3527 in
1939 3498 2031 3528 cra-

8 3587 44 3616 s,
68 3550 204 3606 stinO,
228 3549 303 3596 vel
326 3561 430 3611 post
454 3549 688 3594 modicum
715 3559 894 3608 tempus
917 3549 1092 3594 desinat
1117 3564 1215 3595 esse
1243 3551 1322 3594 sub
1352 3550 1440 3593 hoc
1469 3560 1787 3604 sacramento;
1815 3560 1858 3594 et
1882 3550 1944 3595 ita
1970 3552 2031 3595 vi-

9 3617 212 3675 detur,
238 3616 360 3677 quod
387 3617 596 3662 Christus
623 3615 853 3661 mobiliter
878 3617 935 3661 sit
959 3616 1006 3661 in
1031 3617 1122 3662 hoc
1149 3627 1452 3662 sacramento.
