2352 3926
646 215 926 263 QUAESTIO
966 216 1094 256 Lvn.
1133 215 1443 256 ARTICULUS
1481 216 1554 256 ιν.
1973 202 2076 273 481

210 330 252 363 2.
278 318 576 363 Pugnan.
605 317 750 377 Super
776 331 939 362 omnes
966 316 1122 362 coelos
1138 331 1233 362 non
1250 327 1319 363 est
1339 317 1500 377 aliquis
1517 317 1661 372 locus,
1679 328 1727 364 ut
1745 317 1961 378 probatur
1976 318 2022 362 in
2047 332 2081 363 1.

33 379 54 444 ,
121 384 179 432 de
211 384 360 431 Coelo
387 386 491 442 (tex.
526 384 649 443 69.).·
688 385 765 429 sed
803 399 942 429 omne
973 399 1136 444 corpus
1173 395 1355 445 oportet
1389 399 1486 430 esse
1521 386 1568 429 in
1602 385 1732 440 loco3
1769 399 1879 445 ergo
1917 399 2082 445 corpus

121 451 292 499 Christi
317 465 411 495 non
438 451 641 496 ascendit
665 466 798 511 super
825 466 987 496 omnes
1014 451 1185 496 coelos.

211 533 248 577 3.
275 519 571 564 Pastinum.
604 519 711 563 Duo
739 532 932 578 corpora
954 533 1048 562 non
1071 527 1260 577 possunt
1281 532 1378 563 esse
1401 519 1447 563 in
1470 518 1636 563 eodem
1658 518 1790 565 loco:
1817 533 1923 564 cum
1945 519 2083 577 igitur

116 600 212 632 non
243 586 300 631 sit
330 586 543 630 transitus
574 586 630 630 de
663 595 868 630 extremo
900 585 947 629 in
980 596 1249 639 extremum,
1280 587 1368 630 nisi
1399 601 1477 646 per
1503 587 1723 641 medium,
1748 587 1926 632 videtur
1958 586 2080 646 quod

117 652 329 701 Christus
344 667 438 697 non
459 644 679 712 potuisset
696 652 941 697 ascendere
959 666 1094 711 super
1115 666 1276 697 ornnes
1294 653 1465 708 coelos,
1488 654 1575 698 nisi
1591 653 1775 699 coelum
1793 654 2080 709 divideretur,

115 721 240 781 quod
266 730 335 765 est
358 719 656 779 impossibile.

204 800 247 843 4.
273 787 571 833 Puni-enm.
594 787 699 832 Act.
730 799 765 830 1.
792 786 968 840 dicitur,
995 786 1139 844 quod:
1168 787 1307 830 Nubes
1330 789 1505 846 suscepit
1535 803 1626 831 eum
1659 789 1712 832 ab
1745 789 1874 834 oculis
1904 803 2075 835 eorum:

114 855 196 901 sed
227 855 370 900 nubes
406 868 500 898 non
535 863 726 913 possunt
751 852 920 899 elevari
950 866 1087 911 super
1113 852 1322 907 coelum3
1361 868 1470 912 ergo
1499 854 1710 899 Christus
1745 853 1840 900 non
1878 855 2082 901 ascendit

116 936 252 982 super
277 935 439 966 ornnes
465 920 636 966 coelos.

208 1002 246 1046 5.
272 989 568 1034 PRAETEREA.
596 988 663 1031 Ibi
690 987 915 1031 credimus
944 986 1180 1031 Christum
1206 987 1253 1030 in
1285 997 1557 1046 perpetuum
1589 1003 1953 1047 permansurum,
1985 1004 2078 1050 quo

113 1056 341 1111 ascendit3
367 1055 447 1100 sed
473 1056 595 1115 quod
622 1065 781 1099 contra
806 1065 1018 1099 naturam
1045 1064 1125 1108 est,
1152 1069 1247 1099 non
1278 1065 1430 1114 potest
1461 1069 1559 1099 esse
1592 1057 1947 1113 sempiternum;
1974 1059 2079 1116 quia

112 1123 159 1168 id
196 1123 319 1183 quod
356 1132 424 1167 est
457 1122 709 1166 secundum
745 1134 971 1176 naturam,
998 1131 1067 1165 est
1099 1131 1149 1165 ut
1173 1122 1220 1165 in
1247 1121 1462 1181 pluribus,
1490 1133 1535 1166 et
1567 1132 1613 1166 ut
1644 1122 1946 1182 frequentius;
1975 1139 2079 1169 cum

114 1204 224 1250 ergo
260 1199 420 1234 contra
452 1199 663 1233 naturam
697 1188 754 1233 sit
789 1189 971 1247 corpori
1006 1198 1188 1232 terreno
1222 1203 1321 1233 esse
1354 1203 1489 1249 super
1521 1189 1720 1244 coelum,
1746 1190 1923 1235 videtur
1954 1191 2077 1250 quod

115 1271 281 1317 corpus
309 1256 482 1302 Christi
507 1269 642 1314 supra
669 1255 853 1300 coelum
879 1270 973 1299 non
1001 1256 1266 1300 ascenderit.

200 1325 295 1370 SED
329 1337 526 1371 CONTRA
557 1333 638 1377 est,
670 1323 794 1382 quod
831 1323 993 1368 dicitur
1029 1322 1195 1382 Ephes.
1227 1337 1289 1381 3.:
1317 1323 1514 1368 Ascendit
1542 1331 1664 1384 super
1696 1338 1833 1368 omnes
1859 1325 2004 1380 coelos,
2033 1331 2079 1370 ut

110 1392 357 1451 adimpleret
387 1393 543 1436 omnia.

198 1458 488 1504 Respounao
516 1457 776 1511 dicendum,
809 1456 931 1516 quod
958 1467 1129 1516 quanto
1153 1456 1304 1516 aliqua
1332 1471 1526 1516 corpora
1547 1456 1787 1517 perfectius
1808 1458 2080 1518 participant

107 1526 362 1571 bonitatem
396 1525 612 1579 divinam,
638 1534 766 1569 tanto
793 1534 897 1568 sunt
922 1524 1158 1583 superiora
1190 1524 1418 1583 corporali
1452 1524 1627 1579 ordine,
1653 1525 1731 1584 qui
1764 1535 1833 1570 est
1868 1526 1983 1571 ordo
2015 1525 2079 1578 lo-

16 1579 35 1605 ³
109 1593 243 1647 calis;
263 1586 386 1637 'unde
411 1592 635 1646 videmus,
661 1591 784 1650 quod
811 1605 1020 1650 corpora,
1047 1606 1163 1650 quae
1196 1602 1301 1636 sunt
1333 1593 1479 1651 magis
1511 1591 1738 1645 formalia,
1766 1604 1870 1637 sunt
1901 1604 2079 1639 natura-

106 1661 210 1706 liter
233 1660 479 1720 superiora,
505 1670 554 1703 ut
585 1669 709 1718 patet
740 1672 818 1717 per
849 1658 1020 1702 Philos.
1046 1659 1092 1702 in
1118 1671 1160 1713 4.
1189 1659 1326 1718 Phys.
1353 1659 1532 1719 (implic.
1565 1666 1646 1704 tex.
1678 1673 1739 1718 43.
1758 1666 1795 1704 et
1817 1661 1936 1718 seq),
1956 1670 2002 1706 et
2026 1661 2074 1704 in

108 1741 149 1774 2.
176 1729 232 1773 de
258 1727 407 1773 Coelo
433 1727 536 1785 (tex.
559 1727 665 1786 3o.):
689 1741 768 1785 per
792 1726 992 1770 formam
1019 1727 1142 1770 enim
1169 1727 1529 1786 unumquodque
1556 1741 1720 1786 corpus
1746 1728 1985 1787 participat
2010 1728 2074 1773 di-

3 1799 37 1842 ,ζ’
106 1795 265 1840 vinum
291 1809 384 1849 esse,
421 1804 470 1837 ut
505 1803 628 1853 patet
658 1794 706 1837 in
742 1806 778 1838 1.
807 1793 944 1852 Phys.
975 1793 1073 1848 (tex.
1100 1795 1214 1850 81.).·
1249 1794 1349 1853 plus
1382 1804 1535 1839 autem
1563 1794 1802 1853 participat
1833 1795 1888 1839 de
1922 1795 2073 1839 divina

104 1862 307 1907 bonitate
334 1874 498 1919 corpus
515 1875 595 1919 per
621 1859 831 1918 gloriam,
859 1874 998 1918 quam
1019 1860 1343 1919 quodcumque
1366 1875 1530 1919 corpus
1553 1861 1757 1905 naturale
1776 1875 1855 1920 per
1876 1860 2074 1906 formam

23 1966 39 1972 .
106 1943 215 1975 suae
239 1938 451 1973 naturae:
480 1938 525 1972 et
555 1927 670 1971 inter
696 1936 875 1971 caetera
901 1940 1095 1986 corpora
1113 1926 1330 1985 gloriosa,
1348 1927 1643 1972 manifestum
1666 1938 1733 1972 est
1760 1927 1882 1987 quod
1905 1942 2069 1987 corpus

105 1995 282 2043 Christi
305 1995 470 2054 majori
493 1993 690 2053 refulget
715 1993 884 2053 gloria:
912 1994 1032 2038 unde
1055 1994 1541 2039 convenientissimum
1565 2005 1632 2039 est
1649 1995 1704 2048 ei,
1723 1995 1844 2054 quod
1862 1995 1918 2040 sit
1940 2010 2076 2054 supra

28 2049 45 2108 ἶ
105 2065 263 2108 omnia
288 2075 480 2122 corpora
506 2062 804 2106 constitutum
831 2063 876 2105 in
904 2060 1020 2106 alto:
1048 2070 1093 2105 et
1117 2061 1221 2105 ideo
1249 2076 1383 2120 super
1408 2061 1520 2106 illud
1552 2062 1717 2121 Ephes.
1745 2075 1812 2117 4.:
1839 2063 2075 2108 Ascendens

103 2131 151 2174 in
174 2129 323 2184 altum,
350 2128 460 2172 dicit
486 2127 638 2173 Gloss.
665 2128 827 2186 (interl.
826 2128 869 2185 ).·
902 2144 924 2169 «
948 2128 1093 2182 Loco,
1121 2138 1165 2172 et
1191 2129 1409 2187 dignitate
1432 2145 1472 2173 ».

193 2196 272 2242 AD
296 2208 486 2241 PRIMUM
503 2209 615 2253 ergo
632 2194 892 2249 dicendum,
914 2196 1037 2254 quod
1056 2195 1186 2240 sedes
1209 2196 1299 2240 Dei
1319 2196 1482 2241 dicitur
1500 2210 1597 2242 esse
1613 2196 1660 2239 in
1679 2195 1828 2251 coelo,
1846 2211 1941 2241 non
1957 2197 2075 2242 sicut

19 2251 37 2291 ’Ῠ
100 2263 151 2309 in
177 2263 454 2316 continente,
472 2262 551 2306 sed
570 2262 717 2320 magis
739 2262 857 2306 sicut
880 2262 927 2306 in
953 2272 1192 2306 contento:
1222 2263 1342 2308 unde
1359 2278 1453 2308 non
1472 2273 1653 2322 oportet
1670 2263 1871 2322 aliquam
1893 2274 2069 2323 partem

21 2380 41 2388 ,
103 2330 223 2375 coeli
247 2344 305 2375 eo
331 2330 615 2388 superiorem
651 2342 765 2383 esse,
802 2329 881 2373 sed
916 2329 1067 2388 ipsum
1099 2343 1197 2374 esse
1223 2344 1358 2389 super
1395 2344 1557 2375 omnes
1594 2330 1774 2376 coelos:
1808 2331 1925 2376 sicut
1951 2342 1995 2376 et
2024 2332 2071 2375 in

25 2394 42 2457 J
101 2397 176 2443 Ps.
203 2398 244 2442 8.
271 2397 460 2442 dicitur:
486 2397 666 2442 Elevata
691 2403 746 2440 est
771 2398 1082 2456 magnificentia
1109 2403 1179 2442 tua
1205 2406 1326 2456 super
1351 2398 1495 2452 coelos,
1524 2399 1651 2443 Deus.

138 2501 144 2505 .
194 2464 272 2510 An
304 2477 566 2510 SECUNDUM
593 2464 853 2517 dicendum,
887 2464 1010 2523 quod
1042 2464 1172 2508 locus
1198 2465 1336 2509 habet
1367 2465 1595 2509 rationem
1629 2465 1918 2520 continentis,
1952 2466 2071 2510 unde

23 2527 44 2589 ‘s
101 2531 302 2590 primum
328 2531 567 2576 continens
594 2531 732 2575 habet
757 2531 984 2575 rationem
1011 2531 1144 2590 primi
1170 2531 1379 2586 locantis‚
1403 2532 1524 2591 quod
1553 2542 1622 2576 est
1642 2533 1841 2591 primum
1860 2531 2068 2578 coelum:

28 2591 42 2635 s'
100 2600 327 2644 intantum
352 2598 488 2657 igitur
515 2611 709 2656 corpora
731 2598 936 2657 indigent
962 2612 1060 2643 esse
1079 2599 1125 2642 in
1147 2597 1253 2643 loco
1277 2613 1356 2658 per
1373 2613 1436 2652 se,
1453 2599 1725 2658 inquantum
1741 2599 1946 2658 indigent
1963 2614 2067 2643 con-

20 2674 51 2726 '12
99 2665 234 2710 tineri
259 2662 289 2708 a
310 2678 502 2723 corpore
529 2664 739 2709 coelesti:
765 2679 959 2724 corpora
986 2676 1139 2709 autem
1166 2665 1382 2724 gloriosa,
1406 2676 1451 2711 et
1477 2667 1675 2710 maxime
1695 2681 1860 2725 corpus
1880 2666 2069 2720 Christi,

100 2746 195 2777 non
220 2732 393 2790 indiget
415 2731 495 2776 tali
529 2733 828 2776 continentia:
857 2733 963 2791 quia
995 2733 1108 2776 nihil
1131 2734 1291 2792 recipit
1323 2748 1348 2778 a
1374 2734 1642 2792 corporibus
1676 2732 1964 2787 coelestibus,
1987 2733 2066 2779 sed

30 2806 47 2855 '33
101 2814 127 2844 a
159 2800 261 2844 Deo
287 2798 516 2842 mediante
544 2801 718 2843 anima:
747 2800 865 2843 unde
891 2799 1006 2843 nihil
1032 2800 1255 2858 prohibet,
1280 2815 1443 2859 corpus
1466 2800 1638 2844 Christi
1661 2814 1759 2845 esse
1778 2811 1901 2844 extra
1918 2810 2062 2844 totam

100 2866 429 2911 continentiam
447 2864 716 2910 coelestium
738 2880 999 2925 corporum,
1018 2878 1062 2910 et
1078 2882 1171 2911 non
1189 2882 1286 2912 esse
1307 2870 1351 2911 in
1369 2867 1475 2911 loco
1496 2868 1782 2913 continente:
1807 2882 1890 2910 nec
1909 2877 2061 2910 tamen

36 2931 42 2955 ³
100 2942 296 2992 oportet,
321 2932 443 2991 quod
470 2942 595 2976 extra
621 2932 805 2977 coelum
832 2933 888 2977 sit
913 2948 1135 2988 vacuum;
1162 2935 1267 2993 quia
1300 2949 1393 2979 non
1428 2946 1495 2979 est
1520 2935 1581 2978 ibi
1608 2934 1762 2979 locus:
1796 2948 1880 2978 nec
1910 2943 1977 2977 est
2002 2932 2062 2976 ibi

99 2999 250 3060 aliqua
276 2999 477 3059 potentia
503 3000 758 3058 susceptiva
782 2999 972 3058 alicujus
990 3002 1208 3059 corporis,
1227 3002 1306 3045 sed
1332 3003 1535 3060 potentia
1555 3001 1662 3045 illuc
1690 3000 1981 3059 perveniendi
2000 3009 2066 3044 est

97 3066 144 3112 in
170 3066 381 3112 Christo:
408 3065 531 3125 quod
559 3078 712 3110 autem
737 3066 1006 3111 Aristoteles
1033 3068 1195 3125 probat
1224 3083 1259 3112 1.
1289 3069 1342 3112 de
1371 3068 1536 3123 Coelo,
1564 3069 1685 3127 quod
1719 3078 1843 3112 extra
1878 3066 2060 3110 coelum

96 3146 191 3177 non
217 3143 286 3178 est
309 3147 489 3192 corpus,
520 3132 867 3190 intelligendum
900 3145 968 3178 est
993 3134 1047 3179 de
1075 3136 1341 3194 corporibus
1367 3136 1414 3180 in
1441 3136 1553 3181 solis
1585 3134 1863 3179 naturalibus
1897 3133 2065 3177 consti-

27 3199 41 3243 -s
95 3200 219 3254 tutis,
245 3210 294 3245 ut
319 3214 398 3259 per
423 3201 715 3259 probationes
743 3210 942 3259 apparet.

187 3266 263 3311 AD
286 3279 502 3312 TERTIUM
521 3267 780 3321 dicendum,
808 3268 930 3326 quod
951 3269 1163 3326 quamvis
1190 3269 1245 3313 de
1272 3280 1432 3315 natura
1466 3269 1670 3327 corporis
1703 3281 1796 3312 non
1830 3267 1899 3320 sit,
1934 3267 2056 3326 quod

27 3322 40 3340 *
96 3334 241 3393 possit
262 3347 359 3378 esse
382 3334 428 3378 in
454 3335 621 3379 eodem
646 3335 752 3379 loco
781 3349 887 3379 cum
910 3335 1000 3379 alio
1029 3349 1244 3394 corpore;
1271 3347 1427 3381 tamen
1456 3346 1604 3393 potest
1630 3335 1720 3378 hoc
1754 3335 1879 3378 Deus
1911 3333 2062 3378 facere

17 3400 37 3453 J
101 3414 181 3459 per
206 3400 494 3455 miraculum,
521 3402 642 3460 quod
669 3402 715 3444 in
738 3402 899 3446 eodem
925 3401 1031 3446 loco
1049 3403 1190 3461 possit
1209 3418 1305 3447 esse
1329 3402 1464 3447 simul
1484 3416 1587 3445 cum
1607 3401 1696 3444 alio
1716 3400 2067 3459 corpore;sicut

16 3464 39 3472 ”
101 3475 148 3511 et
166 3465 289 3521 fecit,
314 3476 365 3511 ut
389 3481 553 3527 corpus
581 3467 753 3512 Christi
778 3468 834 3512 de
861 3467 1017 3513 clauso
1045 3479 1173 3513 utero
1203 3470 1252 3513 B.
1280 3469 1480 3526 Virginis
1499 3468 1660 3521 exiret3
1680 3478 1724 3511 et
1739 3467 1862 3525 quod
1882 3468 2063 3511 intravit
2091 3463 2094 3465 Δ

16 3818 27 3844 31

98 3533 246 3592 januis
273 3532 439 3578 clausis
466 3531 810 3593 ad‘discipulos,
837 3537 955 3580 sicut
979 3535 1088 3580 dicit
1115 3536 1165 3580 Β.
1195 3536 1333 3594 Greg.
1355 3537 1485 3590 (hom.
1504 3535 1574 3579 26.
1594 3536 1638 3577 in
1657 3535 1820 3591 Evang.
1838 3548 1864 3577 a
1874 3534 2035 3593 princ.)
2044 3549 2060 3586 ;

100 3613 267 3658 corpus
293 3613 405 3658 ergo
433 3599 604 3644 Christi
630 3601 766 3645 simul
792 3612 940 3660 potest
966 3616 1064 3646 esse
1092 3617 1196 3645 cum
1225 3601 1314 3645 alio
1341 3613 1534 3659 corpore
1560 3600 1606 3643 in
1634 3600 1799 3644 eodem
1827 3600 1948 3656 loco,
1969 3614 2063 3645 non

278 3701 313 3735 S.
342 3702 495 3736 'raonis
521 3703 652 3737 Summa
677 3702 877 3749 Theologica.
904 3704 985 3738 Vol.
1013 3704 1074 3737 lv.
1840 3710 1878 3746 31
