2352 3926
256 185 356 239 182
764 198 1041 244 QUAESTIO
1081 198 1233 238 xvm.
1274 199 1582 240 ARTICULUS
1623 200 1700 239 111.

336 314 378 346 2.
405 302 703 345 PRAETEREA.
730 299 812 344 Vis
835 300 1080 359 appetitiva
1107 300 1436 346 diversificatur
1455 301 1503 346 in
1534 301 1724 347 homine
1750 300 2004 351 secundum
2029 300 2209 351 diversi-

245 377 386 411 tatem
411 368 587 411 virtutis
615 366 995 425 apprehensivae3
1023 376 1067 411 et
1092 367 1196 411 ideo
1219 367 1472 412 secundum
1498 367 1798 413 differentiam
1824 382 1996 423 sensus,
2014 377 2060 412 et
2082 367 2211 413 intel-

246 434 389 478 lectus
418 433 742 477 diversificatur
766 433 813 476 in
835 433 1024 477 homine
1047 435 1268 493 appetitus
1294 435 1548 489 sensitivus,
1571 444 1616 480 et
1640 434 1962 480 intellectivus:
1990 434 2070 479 sed
2089 434 2211 487 simi-

246 502 347 545 liter
380 511 600 560 quantum
634 500 690 544 ad
725 500 1135 559 apprehensionem
1175 502 1378 547 hominis
1413 503 1596 562 ponitur
1638 500 1890 546 differentia
1932 502 2135 557 rationis,
2165 511 2212 547 et

243 568 512 621 intellectus,
541 582 735 626 quorum
762 577 1004 627 utrumque
1028 566 1112 612 fuit
1128 569 1175 612 in
1202 567 1389 614 Christo
1403 585 1414 624 ;
1434 583 1543 628 ergo
1562 568 1646 613 fuit
1666 569 1713 612 in
1732 583 1787 613 eo
1804 568 1963 628 duplex„
1982 568 2211 624 voluptas,

246 649 332 678 una
354 634 690 688 intellectualis,
718 644 761 678 et
787 636 873 678 alia
898 635 1145 680 rationalis.

341 717 376 760 3.
405 701 689 746 PRAETEREA
727 702 768 745 A
797 702 1068 761 quibusdam
1110 703 1292 760 ponitur
1327 703 1373 747 in
1407 703 1594 747 Christo
1626 703 1837 747 voluntas
1869 702 2062 762 pietatis,
2095 716 2211 763 quae

246 783 340 812 non
357 778 506 826 potest
522 770 632 827 poni
658 769 746 812 nisi
771 783 826 812 ex
852 780 976 828 parte
1003 770 1215 824 rationis;
1243 784 1352 829 ergo
1379 771 1427 814 in
1454 770 1641 814 Christo
1664 784 1718 814 ex
1743 780 1869 829 parte
1895 770 2083 815 rationis
2107 780 2213 815 sunt

252 835 402 894 plures
428 835 701 880 voluntates.

339 902 432 946 SED
461 915 656 948 CONTRA
684 912 764 956 est,
787 903 910 962 quod
936 904 982 947 in
1005 903 1207 962 quolibet
1233 904 1389 948 ordine
1413 913 1479 950 est
1507 918 1649 948 unum
1671 904 1871 963 primum
1897 917 2110 950 movens:
2131 904 2212 949 sed

246 968 457 1013 voluntas
486 980 552 1013 est
578 970 777 1028 primum
798 985 989 1014 movens
1012 971 1058 1014 in
1075 985 1242 1030 genere
1259 971 1569 1015 humanorum
1587 980 1796 1025 actuum;
1816 985 1926 1030 ergo
1948 971 1997 1015 in
2017 985 2110 1016 uno
2132 969 2214 1015 ho—

249 1037 371 1079 mine
393 1051 487 1080 non
514 1046 580 1081 est
595 1037 681 1081 nisi
699 1051 788 1081 una
809 1037 1021 1082 voluntas
1038 1038 1218 1097 proprie
1237 1038 1370 1094 dicta,
1397 1053 1512 1097 quae
1531 1047 1598 1082 est
1621 1037 1834 1083 voluntas
1854 1037 2063 1084 rationis:
2082 1037 2213 1083 Chri-

248 1114 341 1148 stus
360 1114 512 1148 autem
541 1114 607 1148 est
623 1118 738 1148 unus
755 1104 921 1159 hom03
950 1119 1059 1164 ergo
1092 1106 1139 1149 in
1163 1104 1349 1149 Christo
1373 1115 1439 1149 est
1458 1119 1547 1148 una
1563 1115 1740 1149 tantum
1765 1105 1978 1150 voluntas
1994 1105 2212 1151 humana.

336 1171 625 1216 RESPONDEO
663 1171 923 1226 dicendum,
957 1171 1093 1230 quod,
1121 1172 1237 1216 sicut
1262 1172 1436 1216 dictum
1468 1182 1536 1216 est
1563 1171 1665 1229 (art.
1696 1184 1734 1216 1.
1761 1171 1849 1231 huj.
1881 1187 1920 1231 q.
1953 1171 2008 1221 ad
2032 1171 2112 1232 3.),
2134 1185 2215 1216 vo-

248 1236 398 1281 luntas
426 1238 699 1297 quandoque
719 1238 938 1297 accipitur
963 1253 1046 1297 pro
1072 1239 1290 1298 potentia,
1318 1248 1362 1282 et
1384 1239 1656 1298 quandoque
1682 1253 1764 1298 pro
1783 1249 1912 1285 actu:
1938 1239 1978 1285 si
2003 1252 2215 1298 ergovo-

247 1304 398 1349 luntas
424 1305 672 1364 accipiatur
703 1319 785 1365 pro
820 1315 936 1359 actu,
970 1306 1034 1349 sic
1068 1315 1250 1364 oportet
1278 1306 1327 1349 in
1359 1305 1546 1350 Christo
1581 1319 1635 1349 ex
1667 1315 1792 1364 parte
1823 1306 2011 1353 rationis
2041 1320 2214 1366 ponere

252 1372 363 1416 duas
390 1371 661 1427 voluntates,
687 1372 803 1416 idest
828 1373 938 1416 duas
965 1372 1139 1432 species
1158 1383 1342 1417 actuum
1363 1372 1633 1416 voluntatis:
1656 1371 1868 1417 voluntas
1887 1373 2026 1430 enim,
2043 1383 2094 1418 ut
2111 1373 2213 1419 ina.

248 1439 421 1484 dictum
454 1449 521 1484 est
549 1439 652 1496 (1-2.
686 1454 724 1498 q.
757 1441 798 1486 8.
836 1446 918 1485 art.
951 1455 990 1485 2.
1018 1446 1054 1484 et
1074 1441 1150 1499 3.)‚
1186 1449 1230 1484 et
1262 1449 1329 1484 est
1355 1439 1471 1493 finis,
1499 1449 1543 1483 et
1575 1448 1643 1483 est
1674 1453 1836 1484 eorum
1867 1454 1984 1499 quae
2016 1450 2123 1489 sunt
2153 1440 2210 1485 ad

249 1505 414 1561 finem;
441 1516 485 1550 et
526 1506 617 1551 alio
659 1506 801 1550 modo
837 1505 976 1550 fertur
1001 1507 1048 1550 in
1084 1516 1349 1566 utrumque:
1376 1520 1484 1550 nam
1510 1506 1556 1549 in
1582 1505 1722 1549 finem
1752 1505 1893 1551 fertur
1927 1506 2217 1567 simpliciter,

250 1583 294 1617 et
321 1572 540 1628 absolute,
567 1574 684 1618 sicut
708 1574 754 1617 in
779 1573 824 1617 id
852 1573 974 1632 quod
1001 1583 1068 1617 est
1092 1573 1344 1618 secundum
1370 1587 1418 1617 se
1442 1573 1640 1617 bonum:
1664 1573 1711 1617 in
1741 1572 1788 1617 id
1814 1583 1970 1622 autem
1995 1573 2120 1634 quod
2143 1584 2217 1620 est.

252 1642 307 1685 ad
334 1641 488 1695 finem,
505 1641 645 1686 fertur
663 1655 768 1684 cum
796 1641 994 1700 quadam
1013 1641 1371 1700 comparatione,
1390 1639 1642 1685 secundum
1660 1641 1782 1700 quod
1798 1640 1937 1686 habet
1961 1641 2215 1694 bonitatem

251 1723 306 1752 ex
333 1709 491 1753 ordine
519 1709 575 1753 ad
603 1708 747 1764 aliud;
775 1718 819 1752 et
857 1709 961 1752 ideo
990 1707 1173 1753 alterius
1199 1708 1386 1752 rationis
1413 1718 1480 1752 est
1511 1717 1637 1751 actus
1668 1707 1931 1763 voluntatis,
1963 1708 2215 1766 secundum

254 1776 375 1835 quod
402 1775 540 1820 fertur
565 1776 612 1819 in
635 1775 804 1835 'aliquid
830 1776 952 1835 quod
979 1785 1046 1820 est
1067 1776 1319 1820 secundum
1345 1789 1392 1819 se
1418 1774 1628 1827 volitum,
1651 1784 1698 1818 ut
1718 1774 1910 1829 sanitas;
1933 1774 2057 1836 quod
2079 1770 2107 1820 a
2124 1775 2216 1820 Da-

251 1858 467 1887 masceno
497 1843 594 1899 (loc.
622 1843 714 1900 cit.)
747 1853 937 1886 vocatur
966 1843 1169 1899 θέλησις,
1202 1842 1318 1886 idest
1349 1841 1542 1900 simplex
1583 1840 1810 1895 voluntas,
1839 1851 1883 1886 et
1923 1856 1950 1885 a
1983 1841 2215 1900 Magistris

250 1920 440 1955 vocatur
465 1910 677 1955 voluntas
699 1919 746 1954 ut
768 1920 951 1954 natura:
977 1920 1020 1954 et
1038 1909 1219 1954 alterius
1241 1909 1427 1953 rationis
1447 1918 1513 1952 est
1530 1918 1656 1952 actus
1677 1907 1938 1963 voluntatis,
1959 1909 2214 1954 secundum

251 1978 373 2037 quod
399 1977 538 2022 fertur
554 1978 601 2021 in
621 1977 803 2037 aliquid,
823 1977 945 2036 quod
964 1987 1031 2021 est
1055 1976 1249 2020 volitum
1275 1975 1428 2020 solum
1451 1990 1503 2019 ex
1522 1974 1679 2019 ordine
1700 1975 1754 2018 ad
1773 1973 1989 2031 alterum3
2011 1976 2128 2020 sicut
2148 1985 2217 2020 est

250 2045 450 2104 sumptio
477 2045 752 2089 medicinae:
776 2059 914 2103 quem
939 2044 1123 2103 quidem
1150 2042 1396 2087 voluntatis
1423 2051 1575 2086 actum
1588 2042 1803 2085 Damasc.
1821 2052 1959 2095 vocat
1987 2043 2215 2101 βούλησιν,

246 2113 363 2156 idest
390 2112 724 2156 consiliativam
750 2111 1050 2164 voluntatem,
1079 2125 1105 2154 a
1125 2110 1353 2168 Magistris
1378 2119 1530 2153 autem
1556 2119 1746 2153 vocatur
1771 2108 1984 2154 voluntas
2006 2120 2056 2154 ut
2078 2110 2211 2156 ratio.

252 2180 377 2224 Haec
407 2191 559 2224 autern
593 2179 826 2224 diversitas
854 2189 978 2223 actus
1005 2192 1098 2222 non
1127 2177 1398 2221 diversificat
1429 2177 1697 2236 potentiam,
1730 2176 1835 2235 quia
1862 2186 2051 2236 uterque
2086 2187 2213 2223 actus

253 2247 496 2291 attenditur
519 2246 572 2289 ad
592 2261 731 2290 unam
750 2261 1048 2290 communem
1075 2247 1300 2289 rationem
1322 2245 1502 2302 objecti,
1520 2244 1642 2303 quod
1661 2254 1728 2288 est
1752 2245 1950 2302 bonum3
1974 2246 2140 2305 enideo
2153 2245 2215 2291 di-

253 2314 450 2358 cendum
472 2324 552 2368 est,
577 2314 698 2373 quod
721 2314 759 2357 si
783 2313 1027 2372 loquamur
1049 2312 1104 2356 de
1125 2306 1328 2371 potentia
1349 2312 1610 2365 voluntatiS,
1633 2311 1679 2355 in
1704 2311 1889 2357 Christo
1917 2323 1984 2363 est
2004 2327 2095 2368 una
2115 2311 2216 2359 sola

249 2387 460 2432 voluntas
482 2389 686 2432 humana
709 2387 1017 2442 essentialiter,
1037 2397 1082 2431 et
1101 2401 1195 2430 non
1218 2387 1528 2446 participative
1546 2386 1686 2430 dicta:
1710 2386 1748 2430 si
1764 2400 1874 2432 vero
1896 2386 2140 2447 loquamur
2156 2387 2218 2432 de·

249 2455 500 2509 voluntate,
528 2469 642 2514 quae
662 2465 729 2500 est
750 2466 889 2510 actus,
917 2455 980 2499 sic
1007 2454 1294 2512 distinguitur
1319 2454 1365 2497 in
1393 2454 1578 2498 Christo
1597 2452 1808 2498 voluntas
1831 2468 1947 2513 quae
1973 2465 2041 2501 est
2065 2463 2116 2507 ut
2140 2468 2218 2500 na-

247 2534 361 2578 tura,
382 2537 498 2582 quae
515 2523 677 2566 dicitur
699 2523 901 2579 θέλησις,
920 2531 962 2565 et
979 2521 1190 2566 voluntas
1209 2535 1324 2580 quae
1347 2532 1412 2565 est
1439 2531 1487 2564 ut
1512 2520 1643 2575 ratio,
1667 2535 1782 2580 quae
1799 2521 1962 2567 dicitur
1985 2521 2218 2580 βούλησις.

341 2591 416 2634 AD
434 2603 622 2634 PRIMUM
645 2603 755 2648 ergo
779 2589 1037 2642 dicendum,
1065 2589 1187 2646 quod
1209 2587 1314 2633 illae
1337 2588 1453 2632 duae
1469 2587 1727 2632 voluntates
1743 2602 1837 2632 non
1855 2587 2211 2643 diversificantur

250 2657 503 2702 secundum
530 2657 795 2715 potentiam,
823 2655 901 2700 sed
928 2654 1079 2700 solum
1105 2655 1357 2699 secundum
1384 2654 1684 2699 differentiam
1712 2665 1853 2709 actus,
1880 2665 1930 2700 ut
1955 2655 2127 2700 dictum
2144 2664 2212 2700 est

252 2727 317 2782 (in
344 2733 458 2784 corp.
488 2724 611 2781 art).

342 2793 417 2836 An
444 2804 703 2836 SECUNDUM
727 2790 984 2843 dicendum,
1011 2789 1132 2848 quod
1160 2790 1296 2834 etiam
1323 2789 1593 2845 intellectus,
1618 2801 1662 2835 et
1682 2789 1798 2834 ratio
1819 2803 1914 2834 non
1939 2800 2044 2835 sunt
2064 2788 2210 2835 diver-

250 2873 328 2903 sae
354 2860 599 2918 potentiae,
628 2868 677 2901 ut
700 2858 746 2901 in
779 2872 814 2901 1.
842 2858 1013 2901 dictum
1042 2868 1108 2901 est
1143 2857 1198 2915 (q.
1234 2871 1302 2917 79.
1326 2864 1405 2902 αιί.
1439 2858 1517 2915 8..)

337 2927 415 2970 AD
444 2938 658 2970 TERTmM
695 2925 951 2978 dicendum,
986 2925 1106 2983 quod
1143 2924 1353 2969 voluntas
1387 2925 1564 3001 pietatis
1599 2939 1693 2969 non
1725 2924 1903 2969 videtur
1945 2938 2043 2970 esse
2077 2923 2214 2978 aliud,

251 3008 389 3053 quam
416 2993 627 3036 voluntas
655 3006 769 3051 quae
799 2991 1108 3036 consideratur
1134 3002 1182 3035 ut
1207 3002 1389 3046 natura;
1417 2992 1686 3051 inquantum
1719 2991 1894 3037 scilicet
1918 2990 2084 3051 refugit
2110 2990 2215 3036 alie

250 3076 361 3105 num
390 3060 563 3104 malum
591 3059 794 3104 absolute
823 3058 1173 3103 consideratum.

940 3208 1371 3265 ARTICULUS
1410 3209 1502 3264 IV.
2133 3235 2213 3282 1¹7

539 3331 731 3372 UTRUM
760 3332 813 3371 IN
843 3330 1080 3371 CHRISTO
1112 3331 1306 3369 FUERIT
1342 3331 1578 3370 LIBERUM
1612 3330 1928 3373 ARBITRIUM·

254 3431 306 3489 (3.
338 3431 443 3475 Dist.
471 3443 535 3487 14.
563 3435 647 3474 art.
665 3444 700 3474 Ι.
728 3444 765 3488 q.
785 3444 819 3474 1.
838 3435 951 3488 corp.
980 3434 1017 3472 et
1034 3428 1142 3471 Dist.
1164 3440 1224 3485 17.
1244 3433 1323 3471 art.
1341 3442 1374 3471 1.
1394 3442 1431 3485 q.
1446 3443 1480 3486 3.
1510 3427 1609 3486 ad5.
1628 3434 1666 3473 et
1682 3429 1792 3472 Dist.
1820 3428 1883 3473 18.
1910 3419 1991 3472 artss
2013 3439 2055 3472 2.
2076 3424 2214 3486 ad5.).

347 3536 422 3579 An
455 3546 692 3584 QUARTUM
730 3532 794 3577 sic
828 3531 1100 3591 proceditur.
1127 3530 1331 3584 Videtur,
1373 3530 1494 3590 quod
1526 3531 1573 3575 in
1601 3531 1788 3576 Christo
1824 3544 1920 3576 non
1941 3528 2077 3579 fuerit
2104 3527 2217 3578 libe-

254 3617 355 3646 rum
380 3601 634 3645 arbitrium:
663 3600 772 3645 dicit
794 3599 918 3644 enim
943 3599 1159 3644 Damasc.
1184 3598 1230 3641 in
1262 3612 1297 3656 3.
1325 3596 1400 3642 lib.
1427 3598 1575 3656 (Orth.
1603 3598 1695 3643 Fid.
1720 3606 1812 3657 cap.
1843 3609 1910 3655 14.
1936 3597 2215 3657 propofin)e
