2352 3926
672 217 952 264 QUAESTIO
993 217 1100 262 Lvr,
1141 216 1465 257 Alimentus*
1492 215 1549 254 11.
1971 215 2074 270 475

208 317 497 364 Responnno
529 318 788 374 dicendum,
821 318 958 379 quod,
990 319 1107 364 sicut
1137 319 1311 363 dictum
1344 327 1412 363 est
1444 318 1543 374 (art.
1569 324 1712 376 praec.
1745 315 1800 360 ad
1829 315 1902 375 3.),
1935 329 2081 360 resur-

119 385 263 430 rectio
285 384 456 430 Christi
483 386 576 444 agit
600 386 646 430 in
672 386 836 431 virtute
862 386 1122 439 divinitatis,
1150 400 1265 444 quae
1292 385 1475 444 quidem
1504 399 1551 429 se
1578 383 1779 429 extendit
1802 397 1896 427 non
1929 382 2082 427 solum

121 451 179 496 ad
203 455 582 497 resurrectionem
609 467 869 512 corporum,
898 453 976 498 sed
1003 453 1142 496 etiam
1169 453 1225 496 ad
1242 452 1622 503 resurrectionem
1641 451 1896 497 animarum
1912 465 1923 504 ;
1942 450 2082 494 aDeo

120 518 244 563 enim
270 529 337 563 est
363 530 407 563 et
432 519 553 579 quod
582 520 734 563 anima
753 522 883 563 xivat
909 533 988 578 per
1011 519 1217 578 gratiam,
1235 529 1279 563 et
1297 519 1418 577 quod
1440 533 1604 577 corpus
1622 518 1745 562 vivat
1761 532 1840 575 per
1857 517 2080 570 animam;

120 593 166 630 et
189 584 295 630 ideo
327 587 597 631 resurrectio
632 586 804 631 Christi
835 587 972 630 habet
1003 585 1406 630 instrumentaliter
1436 588 1647 629 virtutem
1683 584 1955 640 effectivam,
1989 599 2083 629 non

118 650 271 697 solum
307 664 515 712 respectu
551 653 893 698 resurrectionis
927 667 1187 712 corporum,
1220 653 1297 696 sed
1331 653 1466 696 etiam
1501 663 1707 709 respectu
1739 651 2085 696 resurrectionis

121 719 406 770 anisnarum:
434 720 643 764 similiter
670 721 805 764 etiam
840 720 977 764 habet
1007 719 1235 764 rationem
1269 719 1621 778 exemplaritatis
1654 730 1860 778 respectu
1892 732 2084 763 resurre-

121 786 285 832 ctionis
311 788 590 831 animarum:
617 787 722 847 quia
740 787 925 831 Christo
942 788 1192 846 resurgenti
1216 787 1435 830 debemus
1454 788 1590 829 etiam
1609 786 1860 830 secundum
1879 786 2083 830 animam

121 852 414 909 conformari,
439 855 486 899 ut
508 856 627 908 sicu-t,
654 853 903 898 secundum
928 853 1204 913 Apostolum
1222 852 1360 897 Rom.
1377 851 1434 907 6.,
1465 853 1652 897 Christus
1667 856 1852 898 surrexit
1869 868 1894 898 a
1908 855 2085 897 mortuis

115 928 194 981 per
205 921 386 982 gloriam
407 921 549 966 Patris
558 937 575 974 ,·
594 923 653 965 ita
670 928 707 966 et
723 936 796 965 nos
809 923 853 965 in
870 923 1052 965 novitate
1076 922 1190 965 vitae
1215 919 1496 965 ambulemus:
1514 926 1552 964 et
1567 922 1671 964 sicut
1692 922 1776 980 ipse
1797 935 2009 979 resurgens
2033 935 2084 965 ex

120 989 295 1033 mamis
328 991 421 1047 sam
457 1003 540 1032 non
575 990 780 1041 moritur,
824 990 883 1032 ita
920 994 956 1032 et
985 1003 1058 1032 nos
1089 989 1366 1032 existimemus
1396 1002 1469 1031 nos
1500 994 1686 1031 mortuos
1717 1003 1794 1031 esse
1818 994 2007 1046 peccato,
2040 992 2105 1037 ut,

119 1056 278 1111 iterum
295 1057 494 1109 vivamus
523 1057 569 1099 in
594 1056 666 1101 illo
701 1055 778 1113 [al.
805 1071 900 1100 cum
922 1056 1031 1112 illo].

129 1156 139 1178 3
159 1172 161 1174 ,
190 1121 287 1178 „AD
308 1135 498 1172 ,prunum
525 1136 635 1180 ergo
654 1122 914 1178 dicendum,
931 1122 1052 1181 quod
1076 1122 1271 1180 August.
1289 1122 1411 1175 dicit,
1428 1122 1808 1166 resurrectionem
1827 1122 2085 1166 animarum
2116 1132 2139 1177 J

118 1186 322 1248 fieriper
345 1189 435 1233 Dei
459 1189 775 1243 substantiam,
801 1199 1020 1247 quantum
1045 1189 1101 1232 ad
1127 1189 1546 1248 participationem;
1573 1190 1679 1248 quia
1704 1189 1879 1234 scilicet
1910 1189 2087 1248 partici-

119 1255 272 1316 pando
298 1256 499 1310 divinam
525 1256 778 1300 bonitatem
804 1256 983 1300 animae
1010 1256 1124 1300 fiunt
1149 1257 1310 1313 bonae,
1338 1255 1396 1300 et‘
1406 1257 1567 1314 justae,
1593 1270 1687 1300 non
1720 1267 1875 1301 autem
1907 1256 2084 1315 partici-

21 1311 31 1333 ’μ
57 1380 59 1382 ¹
121 1322 280 1381 pando:
300 1337 639 1382 quamcumque
666 1334 944 1367 creaturam:
973 1324 1091 1367 unde
1114 1337 1220 1367 cum
1248 1323 1455 1367 dixisset:
1485 1340 1508 1365 ‹<
1532 1323 1731 1367 Animae
1748 1335 1988 1382 resurgunt
2004 1337 2084 1383 per

119 1389 419 1436 substantiam
434 1390 523 1435 Dei
540 1408 583 1445 »,
598 1391 766 1435 subdit:
790 1406 813 1431 «
831 1390 1186 1449 Participatione
1209 1390 1333 1434 enim
1350 1390 1439 1434 Dei
1462 1389 1512 1434 fit
1538 1391 1691 1434 anima
1711 1391 1857 1444 beata,
1879 1404 1972 1434 non
1990 1404 2087 1449 par-

118 1456 384 1516 ticipatione
412 1457 591 1501 animae
618 1468 802 1501 sanctae
829 1472 879 1500 »z
908 1458 985 1502 sed
1013 1457 1325 1516 participando
1349 1457 1545 1544 gloriam
1568 1458 1770 1517 corporis
1790 1457 1977 1511 Christi,
1996 1456 2088 1501 effi-

123 1523 303 1568 ciuntur
324 1538 519 1583 corpora
543 1535 699 1569 nostra
725 1524 942 1583 gloriosa.

158 1623 160 1625 -
208 1591 287 1637 AD
319 1605 580 1637 SECUNDUM
614 1593 872 1646 dicendum,
894 1592 1019 1651 quod
1041 1591 1281 1636 efficientia
1306 1592 1648 1637 resurrectionis
1676 1592 1850 1638 Christi
1873 1592 2087 1651 pertingit

121 1656 178 1701 ad
204 1657 395 1712 animas,
416 1672 511 1702 non
542 1673 623 1716 per
654 1639 882 1717 propriam
917 1659 1129 1703 virtutem
1162 1658 1302 1716 ipsius
1334 1659 1539 1717 corporis
1570 1659 1861 1717 resurgentis,
1894 1658 1975 1703 sed
2006 1673 2086 1717 per

120 1723 334 1769 virtutem
359 1725 620 1780 divinitatis,
647 1726 720 1770 cui
746 1725 1044 1784 personaliter
1070 1726 1235 1770 unitur.

210 1792 289 1837 AD
306 1804 521 1839 TERTluu
544 1793 801 1847 dicendum,
828 1794 951 1852 quod
974 1794 1242 1838 resurrectio
1271 1794 1527 1837 animarum
1552 1794 1747 1852 pertinet
1773 1794 1828 1838 ad
1855 1795 2085 1848 meritum,

124 1859 247 1918 quod
273 1869 342 1904 est
365 1858 553 1905 effectus
574 1859 929 1918 justificationis;
957 1861 1035 1904 sed
1058 1861 1328 1905 resurrectio
1356 1875 1602 1920 corporum
1630 1862 1865 1905 ordinatur
1898 1862 1953 1905 ad
1980 1875 2087 1920 poe-

24 1918 53 1976 ,ζ
121 1940 246 1980 nam,
271 1925 347 1971 vel
372 1927 642 1986 praemium,
664 1941 780 1986 quae
802 1937 904 1972 sunt
930 1927 1117 1972 effectus
1143 1928 1412 1986 judicantis:
1446 1929 1502 1972 ad
1537 1928 1772 1972 Christum
1807 1939 1960 1972 autem
1992 1942 2087 1973 non

121 1993 313 2052 pertinet
336 1993 581 2052 justificare
607 2008 784 2048 omnes,
811 1994 889 2039 sed
917 1995 1141 2053 judicare3
1169 2005 1214 2040 et
1243 1995 1348 2039 ideo
1371 2009 1533 2039 omnes
1565 1996 1802 2040 resuscitat
1834 1996 2086 2041 secundum

50 2060 56 2079 ³
122 2074 303 2121 corpus,
329 2061 407 2105 sed
429 2075 523 2105 non
548 2075 710 2106 omnes
737 2062 989 2106 secundum
1011 2063 1228 2106 animam.

49 2138 57 2192 ᾗ
210 2129 288 2182 AD
313 2141 551 2181 QUARTUM
577 2129 836 2182 dicendum,
849 2129 971 2188 quod
988 2130 1035 2173 in
1051 2129 1372 2187 justificatione
1400 2130 1658 2174 animarum
1685 2130 1764 2174 duo
1783 2140 2083 2174 concurrunt:

123 2195 297 2250 scilicet
317 2197 500 2241 remissio
529 2195 704 2254 culpae,
733 2206 776 2240 et
799 2199 964 2241 novitas
987 2197 1106 2242 vitae
1133 2211 1212 2256 per
1245 2197 1453 2255 gratiam.
1490 2197 1729 2249 Quantum
1763 2212 1873 2256 ergo
1908 2198 1963 2241 ad
1997 2196 2087 2241 effi-

0 2296 1 2303 ,
26 2260 58 2328 ’.ν
123 2263 353 2317 cientiam,
379 2277 496 2322 quae
522 2273 589 2307 est
614 2278 693 2322 per
709 2263 920 2307 virtutem
938 2263 1155 2317 divinam,
1173 2274 1267 2307 tam
1286 2264 1437 2322 passio
1457 2264 1644 2318 Christi,
1662 2279 1801 2323 quam
1818 2265 2087 2308 resurrectio

39 2323 59 2390 ᾖ
122 2340 194 2385 8⁵3,
221 2344 359 2376 causa
389 2329 722 2388 justificationis
753 2330 905 2389 quoad
938 2340 1204 2390 utrumque:
1238 2331 1315 2375 sed
1350 2342 1569 2390 quantum
1603 2331 1660 2375 ad
1693 2332 2085 2390 exemplaritatem

0 2394 2 2432 ἶ
53 2438 56 2442 ,
122 2397 303 2457 proprie
329 2397 496 2457 passi0‚
525 2407 568 2443 et
594 2412 719 2442 mors
747 2397 919 2442 Christi
940 2408 1008 2442 est
1035 2412 1171 2443 causa
1194 2399 1474 2443 remissionis
1503 2399 1678 2458 culpae,
1705 2413 1785 2458 per
1817 2413 1954 2458 quam
1989 2413 2085 2443 mo·

122 2464 264 2515 rimur
288 2474 503 2524 peccat03
535 2465 805 2510 resurrectio
832 2476 987 2511 autem
1015 2465 1188 2510 Christi
1221 2476 1288 2509 est
1314 2480 1452 2510 causa
1478 2467 1694 2510 novitatis
1720 2467 1855 2520 vitae,
1873 2480 1988 2525 quae
2016 2476 2087 2510 est

51 2545 60 2555 ’·
122 2545 204 2590 per
237 2532 445 2590 gratiam,
482 2532 576 2576 sive
602 2532 834 2590 justitiam,
868 2543 913 2576 et
937 2533 1040 2576 ideo
1075 2533 1234 2591 Apost.
1270 2533 1379 2576 dicit
1411 2534 1547 2577 Rom.
1577 2546 1618 2588 4.
1654 2533 1776 2592 quod
1811 2533 1990 2578 traditus
2014 2540 2085 2588 est,

124 2597 328 2650 scilicet
316 2612 364 2643 m
389 2609 604 2653 mortem,
622 2605 795 2658 propter
819 2600 965 2644 delicta
989 2607 1147 2653 nostra,
1175 2599 1350 2644 scilicet
1371 2600 1599 2654 tollenda;
1616 2607 1653 2645 et
1669 2603 1897 2645 resurrexit
1913 2608 2089 2660 propter

119 2665 452 2722 justificationem
476 2672 688 2711 nostram:
716 2666 795 2710 sed
821 2667 973 2724 passio
998 2667 1170 2712 Christi
1186 2677 1254 2711 est
1270 2669 1409 2712 etiam
1427 2682 1565 2712 causa
1583 2668 1832 2722 meritoria,
1850 2678 1900 2712 ut
1915 2668 2087 2712 dictum

127 2740 196 2776 est
220 2730 322 2788 (art.
341 2740 483 2792 praec.
516 2733 570 2778 ad
594 2747 622 2791 4
627 2734 674 2791 .).

1228 2959 1249 2974 Ο

766 3027 1212 3104 QUAESTIO
1264 3029 1450 3089 LVII.

290 3179 369 3220 DE
402 3178 769 3221 ASCENSIONE
802 3180 1052 3232 CHRISTI,
1089 3183 1153 3223 IN
1185 3184 1294 3224 SEX
1327 3183 1657 3224 ARTICULOS
1693 3183 1915 3223 DIVISA.

215 3333 394 3379 Deinde
422 3333 804 3378 considerandum
830 3343 899 3379 est
920 3335 976 3380 de
1002 3337 1268 3381 ascensione
1298 3337 1484 3383 Christi.

764 3445 819 3490 Et
841 3447 954 3491 circa
980 3447 1053 3491 hoc
1080 3456 1341 3506 quaeruntur
1373 3464 1454 3493 sex.

216 3533 387 3587 Primo.
416 3534 581 3578 Utrum
608 3533 743 3578 fuerit
768 3536 1043 3580 conveniens
1070 3535 1307 3581 Christum
1335 3536 1593 3581 ascendere.

195 3598 448 3654 „Secunda
475 3601 740 3646 Secundum
767 3615 906 3659 quam
930 3612 1141 3647 naturam
1166 3604 1411 3648 conveniat
1437 3603 1521 3647 sibi
1544 3601 1763 3646 ascensio.
