2352 3926
263 237 369 292 722
776 233 1056 280 ΩΠΑΕδἸῚΟ
1092 233 1265 271 LXXX.
1309 231 1619 273 ARTICULUS
1659 233 1733 273 lv,

261 352 309 383 se
334 338 461 397 tangi
486 336 718 396 prohibuit
743 349 768 379 a
795 333 1002 388 muliere,
1034 348 1152 394 quae
1178 332 1410 381 defectum
1433 333 1542 378 fidei
1557 332 1688 378 circa
1708 333 1861 394 ipsum
1877 335 2229 394 &fieb-‘ammae-

262 405 462 450 cundum
484 403 592 448 illud
614 403 744 460 Joan.
769 414 866 446 20.:
889 401 994 452 Noli
1014 416 1077 445 me
1099 407 1288 460 tangere;
1315 403 1498 446 nondum
1516 403 1628 448 enim
1643 401 1806 448 ascendi
1823 401 1878 446 ad
1892 402 2061 449 Famem
2075 416 2231 459 meum,

261 471 434 516 scilicet
462 471 552 513 «in
579 469 717 513 corde
743 479 824 512 tuo
847 485 890 522 »,
914 478 962 512 ut
988 468 1182 527 August.
1211 468 1398 527 exponit
1422 468 1569 526 (tract.
1590 483 1677 515 121.
1704 470 1749 512 in
1766 468 1988 525 soum-W
2004 469 2230 528 mQJEt
2286 485 2290 490 ’

260 539 364 582 ideo
396 546 676 596 peccatores,
704 535 781 594 qui
813 534 1045 580 defectum
1074 534 1184 580 fidei
1215 534 1438 580 formatae
1470 535 1702 594 patiuntur
1733 535 1854 580 circa
1881 535 2135 591 Christum,
2162 550 2232 588 „12-

261 604 487 665 pelluntur
514 618 539 646 a
566 611 780 646 contactu
805 602 940 661 hujus
967 602 1256 647 sacramenti.
2083 658 2087 662 y
2112 627 2116 629 >

351 672 427 715 AD
455 683 717 714 SECUNDUM
745 669 1004 723 dicendum,
1033 669 1155 728 quod
1181 683 1275 714 non
1303 669 1532 729 quaelibet
1563 669 1792 714 medicina
1824 670 2044 729 competit
2073 683 2230 718 seeun-

259 738 367 782 dum
395 736 644 796 quemlibet
670 746 839 780 statum
865 736 1166 791 infirmitatis;
1192 750 1302 780 nam
1328 737 1572 791 medicina,
1599 751 1716 795 quae
1742 736 1874 781 datur
1904 738 1999 795 jam
2027 735 2229 786 liberatis

260 820 285 848 a
309 805 432 848 febre
460 804 516 848 ad
544 803 931 848 confortationem
948 813 1148 858 noceret,
1165 804 1204 848 si
1225 804 1407 848 daretur
1434 804 1582 848 adhuc
1604 803 1984 850 febricitantibus:
2011 804 2074 848 ita
2093 803 2231 851 etiam

257 872 523 930 baptismus,
547 881 591 915 et
616 871 897 930 poenitentia
930 881 1035 915 sunt
1066 872 1195 930 quasi
1227 871 1481 916 medicinae
1513 871 1795 930 purgativae,
1826 885 1944 930 quae
1975 870 2139 916 dantur
2174 871 2231 915 ad

257 938 510 983 tollendam
531 937 707 982 febrem
733 938 937 996 peccati:
966 938 1058 983 hoc
1086 948 1239 983 autem
1272 949 1611 983 sacramentum
1643 947 1712 982 est
1743 937 1972 982 medicina
2005 936 2233 983 conforta·-

256 1006 361 1061 tiva,
389 1019 505 1064 quae
531 1019 626 1049 non
653 1005 786 1049 debet
812 1005 907 1049 dari
941 1005 1029 1048 nisi
1055 1004 1254 1049 liberatis
1283 1019 1308 1048 a
1334 1015 1542 1064 peccato.

350 1072 426 1117 AD
454 1084 672 1117 TERTmM
699 1071 959 1127 dicendum,
983 1072 1104 1131 quod
1132 1071 1334 1116 maxima
1359 1072 1481 1116 bona
1506 1071 1719 1131 intelligit
1736 1071 2021 1131 Augustinus
2041 1073 2231 1117 virtutes

258 1139 452 1193 animae,
480 1139 642 1198 quibus
668 1138 818 1183 nullus
845 1138 966 1183 male
994 1140 1145 1193 utitur,
1174 1139 1304 1198 quasi
1328 1139 1560 1198 principiis
1593 1139 1703 1183 mali
1735 1153 1866 1182 usus:
1899 1138 2040 1183 utitur
2069 1148 2226 1184 tamen

258 1207 322 1252 eis
349 1206 510 1267 aliquis
542 1206 680 1261 male,
707 1207 837 1266 quasi
869 1207 1058 1265 objectis
1085 1206 1196 1250 mali
1218 1221 1339 1260 usus,
1383 1216 1432 1250 ut
1462 1216 1585 1266 patet
1616 1208 1662 1250 in
1693 1207 1764 1251 his
1797 1206 1875 1265 qui
1906 1206 1962 1250 de
1987 1206 2225 1255 virtutibus

256 1275 540 1334 superbiunt:
572 1274 636 1319 ita
658 1283 703 1318 et
727 1274 817 1318 hoc
844 1284 1201 1328 sacramentum,
1229 1283 1451 1332 quantum
1477 1283 1546 1318 est
1570 1287 1626 1318 ex
1651 1287 1714 1327 se,
1739 1287 1834 1317 non
1861 1282 1930 1320 est
1953 1273 2230 1332 principium

257 1342 368 1387 mali
393 1357 514 1397 usus,
541 1342 620 1387 sed
647 1343 908 1401 obiectum3
936 1343 1055 1386 unde
1081 1342 1275 1400 August.
1303 1341 1412 1386 dicit
1438 1342 1584 1399 (tract.
1616 1342 1686 1387 62.
1713 1343 1759 1385 in
1785 1342 1909 1398 joan.
1936 1342 2014 1388 cir.
2030 1341 2229 1402 princ.).·

260 1426 283 1451 c<
304 1409 438 1454 Multi
460 1410 644 1468 indigne
669 1409 896 1468 accipiunt
918 1423 1083 1468 corpus
1099 1409 1285 1463 Christi,
1321 1423 1401 1467 per
1417 1409 1539 1468 quod
1558 1404 1792 1463 docemur,
1812 1422 1950 1468 quam
1969 1407 2227 1458 cavendum

257 1479 313 1521 sit
337 1476 459 1521 male
493 1477 699 1536 accipere
728 1477 928 1528 bonum:
963 1490 1071 1520 ecce
1106 1476 1229 1520 enim
1261 1490 1342 1535 per
1374 1476 1549 1519 bonum
1583 1474 1756 1519 factum
1789 1484 1858 1520 est
1890 1474 2082 1530 malum,
2118 1475 2229 1521 dum

255 1543 375 1588 male
408 1544 627 1603 accipitur
662 1544 860 1598 bonum;
909 1543 1026 1587 sicut
1054 1558 1077 1588 e
1107 1553 1266 1588 contra
1292 1542 1522 1602 Apostolo
1544 1557 1625 1602 per
1650 1541 1826 1586 malum
1850 1540 2024 1589 factum
2055 1552 2122 1587 est
2152 1542 2232 1587 bo·

254 1625 381 1664 num,
410 1625 516 1655 cum
543 1611 658 1655 bene
686 1610 862 1670 accepit
888 1608 1063 1654 malum
1089 1627 1131 1664 >›,
1159 1609 1335 1655 scilicet
1360 1624 1467 1654 cum
1499 1609 1738 1654 stimulum
1772 1609 1971 1654 Satanae
2001 1610 2227 1669 patienter

257 1678 471 1737 portavit.
2165 1726 2166 1729 ,

346 1745 422 1789 AD
460 1757 698 1795 QUARTUM
735 1743 995 1798 dicendum,
1032 1744 1155 1804 quod
1189 1758 1269 1804 per
1300 1744 1451 1789 visum
1482 1758 1579 1789 non
1611 1743 1832 1803 accipitur
1865 1743 2022 1803 ipsum
2058 1756 2228 1804 corpus

257 1811 443 1866 Christi,
482 1812 560 1856 sed
593 1811 745 1856 solum
777 1822 1115 1856 sacramentum
1150 1813 1260 1870 ejus,
1294 1812 1400 1870 quia
1432 1810 1607 1856 scilicet
1638 1825 1732 1855 non
1764 1810 1981 1870 pertingit
2014 1811 2138 1856 visus
2169 1810 2226 1855 ad

255 1879 553 1923 substantiam
582 1879 786 1937 corporis
814 1879 1002 1933 Christi,
1029 1879 1108 1923 sed
1135 1878 1287 1923 solum
1314 1878 1370 1923 ad
1395 1878 1573 1937 species
1602 1876 1974 1932 sacramentales,
2007 1887 2057 1923 ut
2086 1891 2223 1936 supra

256 1946 428 1990 dictum
455 1956 521 1990 est
550 1945 606 2004 (q.
635 1946 705 2005 76.
733 1952 813 1991 art.
838 1947 917 2005 7.):
942 1946 1022 1990 sed
1055 1945 1131 1990 ille
1165 1946 1242 2005 qui
1275 1946 1536 1999 manducat,
1569 1960 1664 1990 non
1696 1944 1847 1989 solum
1879 1944 2019 1993 sumit
2048 1944 2226 2004 species

254 2013 623 2067 sacramentales,
645 2013 725 2058 sed
754 2014 892 2058 etiam
919 2013 1071 2072 ipsum
1099 2013 1351 2067 Christum,
1378 2013 1455 2072 qui
1482 2022 1548 2058 est
1574 2013 1654 2057 sub
1684 2013 1773 2067 eis;
1803 2021 1848 2056 et
1871 2011 1977 2057 ideo
2003 2011 2232 2057 avisione·

254 2081 459 2139 corporis
489 2080 661 2125 Christi
686 2080 838 2125 nullus
864 2081 1129 2139 prohibetur
1156 2082 1233 2140 qui
1265 2082 1322 2126 sit
1353 2091 1695 2125 sacramentum
1727 2080 1901 2126 Christi
1933 2080 2220 2136 consectam,

252 2148 426 2193 scilicet
450 2149 742 2208 baptismum.
769 2149 878 2192 Non
903 2149 1118 2207 baptizati
1137 2159 1290 2194 autem
1316 2163 1412 2193 non
1435 2159 1539 2194 sunt
1557 2148 1825 2193 admittendi
1848 2148 1990 2193 etiam
2008 2148 2063 2193 ad
2080 2149 2226 2207 inspe-

253 2215 456 2260 ctionem
481 2216 615 2273 hujus
643 2216 933 2270 sacramenti,
961 2226 1009 2260 ut
1035 2225 1160 2274 patet
1185 2230 1264 2275 per
1285 2216 1478 2276 Dionys.
1496 2216 1544 2260 in
1561 2216 1636 2260 lib.
1657 2215 1780 2266 Eccl.
1798 2215 2036 2262 Hierarch.
2052 2215 2167 2276 (cap.
2184 2228 2223 2275 7.

252 2288 344 2327 ante
371 2282 516 2340 med.):
545 2283 624 2327 sed
651 2282 706 2326 ad
734 2283 1141 2327 manducationem
1166 2297 1261 2327 non
1288 2293 1392 2327 sunt
1410 2282 1692 2337 admittendi,
1710 2282 1798 2326 nisi
1820 2281 1913 2330 soli
1936 2281 2004 2327 ini
2029 2282 2108 2344 qui
2124 2295 2224 2328 non

250 2349 403 2394 solum
430 2349 834 2403 sacramentaliter,
862 2350 941 2394 sed
970 2353 1108 2395 etiam
1134 2350 1315 2394 realiter
1342 2360 1447 2395 sunt
1476 2350 1660 2396 Christo
1689 2349 1938 2407 conjuncti,

341 2416 416 2460 AD
444 2429 673 2467 QUINTUM
695 2417 956 2471 dicendum,
985 2417 1106 2476 quod
1133 2417 1224 2461 hoc
1254 2417 1376 2476 quod
1402 2431 1498 2461 non
1529 2417 1668 2461 habet
1700 2415 1861 2475 aliquis
1887 2415 2220 2463 conscientiam

251 2484 319 2527 sui
341 2484 532 2543 peccati,
550 2493 700 2542 potest
717 2484 984 2542 contingere
1011 2484 1254 2543 dupliciter.-
1281 2499 1364 2528 uno
1381 2484 1502 2528 modo
1529 2498 1610 2543 per
1637 2483 1818 2542 culpam
1840 2497 1996 2538 suarm
2018 2482 2093 2528 vel
2113 2483 2220 2543 quia

250 2564 331 2610 per
354 2550 662 2610 ignorantiam
687 2551 810 2609 juris,
836 2565 951 2610 quae
978 2565 1072 2595 non
1093 2561 1291 2605 excusat,
1307 2560 1484 2610 reputat
1500 2565 1595 2595 non
1614 2564 1712 2595 esse
1739 2559 1994 2610 peccatum,
2016 2550 2139 2611 quod
2153 2560 2226 2598 est

255 2627 521 2677 peccatum;
548 2627 658 2677 puta
676 2618 712 2662 si
740 2617 902 2677 aliquis
928 2617 1179 2662 fornicator
1204 2627 1432 2677 reputaret
1458 2618 1714 2677 simplicem
1742 2617 2096 2663 fornicationem
2129 2632 2222 2664 non

252 2699 350 2730 esse
377 2694 621 2744 peccatum
650 2685 871 2739 mortale;
907 2684 984 2730 vel
1010 2686 1114 2744 quia
1145 2684 1384 2743 negligens
1410 2694 1481 2729 est
1506 2686 1551 2729 in
1593 2685 1931 2730 examinatione
1965 2685 2036 2733 sui
2064 2685 2222 2745 ipsius,

252 2762 412 2798 contra
445 2752 490 2796 id
519 2751 643 2811 quod
669 2752 830 2810 Apost.
858 2752 967 2796 dicit
998 2766 1034 2797 1.
1063 2751 1172 2796 Cor.
1207 2765 1294 2797 11.:
1323 2753 1474 2796 Probet
1495 2758 1631 2797 autem
1655 2754 1834 2812 seipsum
1856 2752 1994 2808 homo,
2026 2757 2064 2799 et
2081 2754 2143 2798 sic
2174 2751 2222 2799 dc

245 2827 357 2878 pane
374 2820 445 2864 illo
463 2818 568 2873 edat,
603 2824 640 2865 ct
673 2818 720 2864 de
751 2819 876 2863 calice
911 2820 1027 2863 bibat
1037 2834 1053 2871 ,⁰
1099 2828 1143 2863 et
1178 2818 1241 2864 sic
1268 2818 1568 2863 nihilominus
1602 2828 1762 2877 peccat
1792 2829 2010 2879 peccator
2033 2833 2220 2865 sumens

252 2900 417 2946 corpus
445 2886 632 2940 Christi,
657 2885 765 2932 licet
785 2900 879 2930 non
913 2886 1080 2930 habeat
1105 2885 1435 2930 conscientiam
1469 2887 1659 2944 peccati,
1699 2886 1805 2945 quia
1836 2886 1937 2946 ipsa
1959 2886 2219 2946 ignorantia

252 2964 318 2998 est
354 2953 397 2997 ei
431 2963 697 3012 peccatum:
732 2953 815 2997 alio
847 2953 968 2997 modo
1005 2962 1154 3012 potest
1188 2953 1454 3011 contingere
1487 2953 1585 2997 sine
1615 2952 1747 3013 culpa
1782 2952 1937 3012 ipsius,
1970 2962 2079 3013 puta
2112 2966 2219 3002 cum

252 3020 397 3066 doluit
424 3021 479 3065 de
507 3030 714 3079 peccato,
734 3020 812 3064 sed
830 3034 924 3064 non
943 3030 1010 3064 est
1031 3019 1306 3064 sufficienter
1335 3020 1577 3074 contritus3
1597 3030 1640 3065 et
1657 3021 1702 3064 in
1718 3019 1800 3066 tali
1814 3034 1925 3067 casu
1950 3033 2044 3067 non
2060 3030 2222 3082 peccat

251 3088 475 3132 sumendo
494 3102 659 3147 corpus
679 3087 867 3141 Christi,
905 3086 1009 3146 quia
1027 3087 1173 3130 homo
1193 3101 1271 3145 per
1295 3087 1611 3131 certitudinem
1640 3088 1756 3132 scire
1778 3102 1872 3132 non
1889 3097 2052 3147 potest,
2066 3096 2219 3136 utrum

252 3156 308 3199 sit
334 3170 439 3198 vere
467 3156 711 3208 contritus3
741 3154 906 3198 sufficit
932 3154 1069 3208 enim,
1096 3155 1132 3197 si
1158 3154 1204 3197 in
1231 3168 1278 3197 se
1307 3156 1435 3212 signa
1470 3155 1755 3198 contritionis
1780 3155 2005 3210 inveniat;
2042 3165 2149 3214 puta
2179 3154 2221 3201 si

253 3222 406 3266 doleat
432 3223 486 3267 de
511 3222 779 3281 praeteritis,
802 3231 847 3266 et
872 3230 1099 3281 proponat
1118 3234 1276 3265 cavere
1295 3220 1539 3266 defuturis.
1569 3222 1617 3266 Si
1644 3236 1752 3266 vero
1768 3221 1964 3281 ignorat,
1987 3221 2077 3267 hoc
2095 3222 2218 3282 quod

250 3288 373 3343 fecit,
401 3303 499 3333 esse
538 3299 691 3333 actum
729 3289 919 3348 peccati,
956 3298 1140 3347 propter
1175 3288 1483 3345 ignorantiam
1520 3288 1641 3340 facti,
1667 3302 1785 3348 quae
1811 3298 2010 3344 excusat,
2042 3299 2150 3349 puta
2181 3288 2219 3333 si

253 3356 445 3400 accessit
472 3356 527 3401 ad
556 3370 650 3400 non
677 3371 823 3410 suam,
846 3369 984 3415 quam
1023 3355 1235 3399 credebat
1271 3369 1369 3399 esse
1397 3370 1541 3410 suam,
1570 3370 1663 3400 non
1697 3366 1765 3400 est
1796 3369 1850 3400 ex
1875 3355 1966 3400 hoc
1997 3354 2217 3401 dicendus

251 3433 480 3481 peccator.
510 3423 729 3467 Similiter
756 3424 893 3468 etiam
936 3422 974 3467 si
1009 3421 1209 3467 totaliter
1246 3431 1314 3465 est
1346 3432 1586 3481 peccatum
1624 3422 1807 3476 oblitus,
1834 3421 1999 3468 sufficit
2030 3422 2086 3467 ad
2119 3423 2216 3481 ejus

251 3490 529 3534 deletionem
556 3490 780 3548 generalis
816 3490 1044 3544 contritio,
1071 3499 1120 3534 ut
1145 3487 1261 3533 infra
1287 3489 1461 3533 dicetur
1489 3490 1553 3547 (in
1573 3490 1715 3549 Suppl.
1742 3505 1781 3549 q.
1807 3504 1849 3535 2.
1875 3495 1956 3535 art.
1977 3504 2015 3550 3.
2041 3489 2096 3535 ad
2124 3490 2214 3549 πρε

251 3557 370 3601 unde
395 3558 489 3615 jam
513 3571 609 3602 non
634 3567 702 3603 est
724 3557 943 3603 dicendus
971 3565 1201 3616 peccator.
