2352 3926
22 3106 23 3109 „
20 2800 24 2803 ,
17 2766 19 2776 ..
14 2725 26 2736 ,-,
8 2461 23 2514 «³¹.
6 2263 26 2438 atr-
10 2195 24 2219 2„
12 1975 22 1986 „
2 1903 22 1957 .⁵-
8 1809 22 1870 ..u
0 1749 5 1761 ”’
0 1699 5 1714 ”

42 3701 54 3719 f„
23 3110 60 3655 Qu:mqfflevffifflgrm13.J125·‘÷÷'*=5÷,-3432*¹¹4T‘52oe
27 3073 38 3086 ·'··
31 3027 54 3054 '1³³2
35 3003 48 3012 v,
51 2950 54 2956 Δ
42 2931 43 2934 „
42 2867 55 2878 Ἀ
21 2783 50 2843 ῥιπὶ-’Ἀ
20 2682 50 2772 ,,,’*’“”;“,
31 2666 33 2668 ’
15 2531 55 2642 ‘]·*².‘g{
23 2463 53 2523 v-·''.„L.-
23 2444 29 2452 “
28 2332 30 2345 ‘⁴
31 2312 33 2315 ’
29 2296 32 2297 ’
31 2266 32 2270 ⁴
23 2225 32 2248 ’ὲ
26 2131 27 2134 ⁴
22 2037 43 2065 ’ἐ-ἶ,
24 1965 27 1967 “
30 1949 32 1951 ’
25 1871 29 1886 ’·

675 234 955 282 QUAESTIO
995 234 1082 274 XL.
1124 233 1432 274 ARTICULUS
1472 233 1507 272 1.
1965 233 2064 287 341

113 337 214 400 quis
236 337 556 398 praedicando,
588 347 634 383 et
663 336 875 382 docendo
907 334 1218 396 contemplata
1250 335 1349 381 aliis
1380 334 1530 389 tradit,
1557 343 1624 379 est
1649 332 1906 394 perfectior,
1934 347 2072 392 quam

110 404 203 450 vita
227 418 344 464 quae
371 403 522 448 solum
540 402 897 464 contemplatur:
916 404 1022 464 quia
1047 403 1150 447 talis
1167 403 1258 447 vita
1277 402 1602 462 praesupponit
1624 400 1949 445 abundantiam
1968 414 2073 444 con-

109 470 442 531 templationis:
469 481 514 516 et
537 471 642 516 ideo
669 470 881 516 Christus
905 469 1046 515 talem
1072 470 1213 514 vitam
1239 469 1390 527 elegit.

199 538 277 583 AD
303 550 519 583 TERTIUM
546 538 803 592 dicendum,
827 537 949 597 quod
977 537 1098 580 actio
1126 536 1297 580 Christi
1323 535 1407 579 fuit
1432 546 1587 580 nostra
1613 535 1871 580 instructio:
1896 543 1940 579 et
1965 534 2069 579 ideo

27 618 35 624 ·
109 613 160 650 ut
184 604 310 650 daret
335 605 596 664 exemplum
624 603 1023 665 praedicatoribus,
1048 604 1170 662 quod
1187 617 1281 647 non
1305 617 1485 662 semper
1502 617 1548 646 se
1568 603 1726 647 darent
1750 603 1796 647 in
1823 601 2072 662 publicum,

108 671 214 717 ideo
246 673 520 732 quandoque
546 672 775 716 Dominus
800 685 848 715 se
882 685 907 715 a
939 671 1079 715 turbis
1106 670 1311 723 retraxit;
1343 670 1464 728 quod
1499 670 1683 727 quidem
1716 669 1880 728 legitur
1911 668 2072 713 fecisse

109 750 295 799 propter
320 741 435 785 tria:
467 739 707 798 quandoque
734 738 917 797 quidem
945 747 1130 797 propter
1157 737 1444 796 corporalem
1472 737 1696 794 quietem3
1721 737 1839 780 unde
1861 737 2005 780 Marci
2028 734 2070 779 6.

110 806 286 861 dicitur,
318 807 440 866 quod
466 806 695 850 Dominus
728 805 838 849 dixit
868 804 1124 863 discipulis:
1162 805 1300 848 Venite
1331 818 1511 848 seorsum
1542 805 1587 846 in
1620 803 1818 847 desertum
1851 804 2002 857 locum,
2037 809 2073 847 et

112 875 347 932 requiescite
371 873 587 933 pusillum,
620 879 743 917 erant
766 874 877 916 enim
903 874 975 931 qui
1005 872 1240 925 veniebant,
1273 877 1311 915 et
1341 870 1530 915 redibant
1553 871 1690 925 multi,
1724 877 1758 915 et
1789 886 1861 914 nec
1891 871 2071 929 spatium

108 939 387 985 manducandi
402 939 632 992 habebant‚·
652 939 895 998 quandoque
914 953 1024 983 vero
1053 953 1190 983 causa
1216 937 1456 992 orationis;
1484 938 1604 981 unde
1632 937 1795 981 dicitur
1822 937 1975 982 Lucae
2002 935 2070 980 6.:

108 1007 289 1052 Factum
313 1012 369 1052 est
399 1008 443 1051 in
474 1007 558 1051 illis
589 1006 742 1061 diebus,
776 1008 877 1051 exiit
907 1008 952 1050 in
983 1011 1163 1050 montem
1190 1020 1327 1059 orare,
1351 1011 1389 1050 et
1420 1011 1509 1049 erat
1527 1011 1776 1064 pernoctans
1807 1007 1851 1048 in
1886 1006 2072 1049 oratione

108 1072 211 1127 Da}-
239 1073 317 1118 ubi
341 1073 404 1118 ait
429 1073 643 1118 Ambros.
671 1073 792 1132 quod
827 1089 851 1115 «
886 1072 942 1116 ad
974 1082 1215 1132 praecepta
1241 1072 1418 1116 virtutis
1452 1086 1535 1116 suo
1562 1085 1647 1116 nos
1672 1070 1889 1115 informat
1921 1085 2071 1115 exem-

107 1139 186 1200 plo
212 1155 264 1195 »;
289 1139 533 1199 quandoque
548 1154 674 1194 vero,
691 1150 740 1184 ut
760 1140 945 1184 doceret
962 1139 1168 1184 favorem
1193 1139 1450 1183 humanum
1470 1139 1637 1194 vitare;
1660 1139 1779 1183 unde
1806 1153 1939 1198 super
1959 1137 2069 1182 illud

107 1206 269 1253 Matth.
299 1220 358 1264 5.:
394 1207 541 1252 Videns
559 1208 675 1264 Jesus
707 1209 865 1261 turbas,
890 1206 1070 1252 ascendit
1095 1209 1140 1251 in
1161 1214 1357 1260 montem,
1383 1207 1492 1251 dicit
1515 1206 1755 1265 Chrysost.
1785 1205 1916 1264 (hom.
1942 1220 1997 1264 15.
2025 1208 2070 1249 in

108 1274 261 1320 Matth.
288 1276 364 1319 cir.
382 1276 566 1335 princ.).·
597 1290 621 1315 «
646 1274 734 1318 Per
759 1274 851 1318 hoc
878 1274 1002 1333 quod
1028 1288 1121 1318 non
1147 1274 1192 1317 in
1220 1274 1415 1329 civitate,
1444 1284 1487 1318 et
1511 1273 1628 1328 foro,
1651 1274 1729 1318 sed
1755 1274 1802 1317 in
1829 1275 2000 1327 m'onte,
2028 1284 2073 1317 et

106 1340 351 1387 solitudine
375 1341 506 1396 sedit,
532 1342 725 1386 erudivit
749 1355 850 1396 nos,
875 1341 990 1385 nihil
1015 1341 1072 1385 ad
1105 1342 1461 1386 ostentationem
1491 1340 1656 1396 facere,
1683 1351 1728 1386 et
1753 1355 1779 1385 a
1803 1333 2072 1386 tumultibus

108 1407 367 1465 abscedere,
391 1419 437 1454 et
461 1409 661 1454 maxime
687 1423 794 1453 cum
820 1409 876 1454 de
901 1408 1167 1454 necessariis
1194 1408 1421 1468 disputare
1447 1418 1629 1468 oportet
1654 1425 1695 1452 >›.

810 1581 1248 1640 ARTICULUS
1289 1581 1362 1637 Π.
1779 1558 1781 1560 ’
1984 1607 2065 1654 223

319 1716 510 1755 UTRUM
552 1716 819 1756 CHRISTUS
861 1717 1151 1756 AUSTERAM
1189 1717 1364 1756 VITAM
1404 1717 1614 1757 INHoC
1653 1718 1852 1757 MUNDO

812 1792 1032 1831 DUCERE
1072 1793 1364 1831 DEBUERIT.

771 1903 898 1960 (Infr.
925 1918 962 1961 q.
989 1917 1055 1961 41.
1082 1910 1162 1947 art.
1189 1918 1230 1961 4.
1258 1903 1312 1947 ad
1337 1903 1410 1961 1.).

196 2013 273 2059 AD
294 2015 565 2059 ‘SECUNDUM
602 2014 666 2058 sic
698 1997 972 2074 proceditur.
997 2013 1203 2068 Videtur,
1230 2013 1353 2072 quod
1379 2013 1588 2058 Christus
1616 2014 1818 2058 debuerit
1840 2023 2066 2058 austeram

106 2080 248 2126 vitam
273 2080 438 2125 ducere
463 2081 510 2125 in
535 2081 626 2125 hoc
653 2082 850 2126 mundo:
880 2081 1090 2126 Christus
1124 2082 1246 2125 enim
1273 2081 1419 2125 multo
1453 2081 1600 2140 magis
1627 2082 1905 2140 praedicavit
1929 2081 2068 2140 perfe-

108 2148 309 2193 ctionem
340 2148 476 2202 vitae,
509 2163 647 2208 quam
673 2149 895 2207 Joannes:
933 2149 1012 2193 sed
1047 2149 1247 2207 Joannes
1289 2158 1516 2192 austeram
1549 2148 1691 2191 vitam
1732 2148 1869 2202 duxit,
1902 2160 1950 2192 ut
1982 2163 2065 2193 suo

80 2242 86 2250 ‹
107 2214 316 2276 exemplo
342 2215 555 2260 homines
581 2217 637 2260 ad
670 2215 999 2276 perfectionem
1023 2217 1143 2260 vitae
1175 2227 1462 2275 provocaret,
1497 2217 1659 2260 dicitur
1685 2216 1808 2259 enim
1834 2217 1994 2260 Matth.
2027 2231 2064 2276 3.

105 2282 229 2343 quod
263 2285 347 2343 ipse
371 2283 549 2340 Joannes
580 2284 756 2329 habebat
785 2286 1071 2329 vestimentum
1104 2283 1149 2327 de
1175 2284 1274 2343 pilis
1307 2284 1578 2336 camelorum,
1618 2290 1654 2328 et
1674 2299 1823 2341 zonam
1847 2284 2065 2342 pelliceam

106 2351 223 2395 circa
253 2349 414 2395 lumbos
442 2363 562 2395 suos:
593 2365 683 2396 esca
714 2358 850 2396 autem
882 2354 967 2410 ejus
997 2358 1119 2396 erant
1149 2352 1341 2406 locustae,
1375 2357 1414 2396 et
1443 2351 1523 2395 mel
1546 2351 1748 2409 sylvestre,
1778 2350 1900 2410 quod
1934 2365 2067 2410 expo·

104 2430 218 2463 nens
244 2416 483 2478 Chrysost.
509 2418 640 2476 (hom.
656 2434 721 2464 ro.
739 2421 784 2463 in
806 2419 958 2463 Matth.
975 2420 1052 2463 cir.
1074 2419 1198 2475 med.)
1221 2418 1350 2462 dicit:
1382 2434 1405 2460 «
1431 2419 1539 2462 Erat
1563 2419 1770 2462 mirabile
1795 2419 1842 2462 in
1859 2419 2064 2462 humano

105 2497 298 2544 corpore
322 2494 497 2529 tantam
522 2485 788 2546 patientiam
812 2485 985 2540 videre;
1013 2486 1135 2544 quod
1154 2486 1405 2544 etJudaeos
1427 2485 1576 2544 magis
1603 2485 1858 2530 attrahebat
1878 2503 1930 2539 ›>;
1953 2500 2064 2545 ergo

103 2550 295 2605 videtur,
321 2552 445 2610 quod
470 2551 616 2597 multo
643 2552 790 2612 magis
817 2552 1054 2597 Christum
1087 2552 1287 2597 decuerit
1311 2553 1548 2597 austeritas
1573 2552 1706 2598 vitae.

195 2618 547 2664 2.PRA1-:TEREA.
558 2618 847 2664 Abstinentia
860 2619 915 2663 ad
926 2619 1256 2663 continentiam
1266 2619 1513 2674 ordinatur,
1526 2620 1689 2663 dicitur
1701 2620 1822 2664 enim
1838 2620 1991 2666 Oseae
2007 2632 2064 2676 4.:

19 2703 22 2710 ¹
109 2683 345 2740 comedent,
378 2692 416 2731 et
444 2701 529 2730 non
558 2688 875 2731 saturabuntur:
887 2687 1102 2746 fornicati
1129 2694 1239 2741 sunt,
1272 2693 1308 2731 et
1332 2702 1416 2731 non
1448 2694 1722 2740 cessaverunt;
1750 2688 1829 2732 sed
1857 2687 2066 2733 Christus

17 2778 20 2785 ·
66 2761 75 2766 “
107 2751 437 2797 continentiam
453 2752 615 2798 etinse
627 2754 837 2807 servavit,
851 2764 895 2798 et
907 2753 1005 2798 aliis
1017 2754 1289 2798 servandam
1307 2754 1557 2813 proposuit,
1570 2768 1675 2798 cum
1688 2755 1796 2799 dixit
1806 2755 1966 2799 Matth.
1986 2769 2066 2815 19.:

104 2818 217 2864 Sunt.
233 2819 425 2875 eunuchi,
452 2821 524 2878 qui
547 2835 586 2865 se
612 2827 904 2866 castraverunt
921 2827 1097 2881 propter
1127 2835 1302 2880 regnum
1328 2821 1553 2874 coelorum;
1581 2824 1653 2880 qui
1670 2828 1802 2880 potest
1833 2830 1976 2882 capere
2002 2837 2068 2866 ca-

101 2885 194 2944 piat
203 2900 221 2938 ,·
245 2899 356 2945 ergo
380 2886 572 2941 videtur,
598 2888 721 2946 quod
741 2887 950 2932 Christus
968 2887 1014 2932 in
1031 2903 1093 2943 se,
1113 2898 1157 2932 et
1181 2888 1229 2931 in
1249 2888 1341 2932 suis
1363 2888 1594 2948 discipulis
1621 2889 1930 2934 austeritatem
1946 2889 2066 2933 vitae

105 2965 284 2997 servare
301 2952 519 2998 debuerit.

114 3070 124 3081 .
198 3031 236 3075 3.
262 3018 560 3067 PRAETEREA.
582 3020 845 3066 Ridiculum
871 3021 1062 3076 videtur,
1089 3031 1138 3066 ut
1164 3021 1325 3081 aliquis
1352 3022 1671 3069 districtiorem
1697 3023 1838 3067 vitam
1865 3022 2066 3081 incipiat,

105 3091 151 3128 et
175 3083 229 3128 ab
256 3098 309 3130 ea
334 3085 382 3130 in
406 3085 628 3132 laxiorem
653 3099 925 3133 revertatur:
953 3099 1102 3148 potest
1128 3090 1251 3133 enim
1277 3090 1366 3133 dici
1391 3100 1550 3133 contra
1578 3103 1699 3143 eum,
1727 3090 1848 3148 quod
1875 3090 2066 3133 habetur

107 3149 219 3195 Luc.
252 3163 341 3206 14.:
367 3153 453 3198 Hic
477 3154 598 3199 bomo
621 3158 754 3215 coepit
779 3156 1012 3211 aedificare,
1034 3163 1070 3201 et
1090 3171 1173 3200 non
1192 3158 1331 3216 potuit
1352 3169 1657 3201 consummare:
1681 3156 1890 3200 Christus
1913 3166 2065 3199 autern

106 3215 486 3263 districtissimam
510 3220 653 3265 vitam
677 3222 846 3282 incepit
869 3233 972 3282 post
993 3223 1285 3283 baptismum,
1305 3237 1493 3267 manens
1510 3224 1557 3266 in
1574 3223 1769 3275 deserto,
1794 3233 1838 3266 et
1859 3223 2065 3281 jejunans

107 3283 405 3343 quadraginta
430 3285 603 3341 diebus,
634 3297 679 3332 et
717 3289 1015 3348 quadraginta
1055 3290 1291 3344 noctibus;
1334 3304 1443 3348 ergo
1477 3290 1653 3333 videtur
1679 3303 1771 3332 non
1799 3288 1935 3333 fuisse
1963 3303 2068 3334 con-

109 3363 289 3409 gruum,
315 3351 439 3410 quod
464 3362 568 3411 post
590 3363 764 3398 tantam
786 3355 905 3400 vitae
928 3356 1260 3401 districtionem
1282 3356 1337 3400 ad
1365 3370 1663 3400 communem
1690 3356 1828 3399 vitam
1857 3356 2036 3401 rediret.

199 3418 295 3463 SED
327 3431 523 3464 CONTRA
550 3430 631 3475 est,
657 3422 779 3480 quod
805 3422 968 3467 dicitur
993 3424 1154 3469 Matth.
1181 3438 1272 3468 11.:
1310 3425 1428 3468 Venit
1449 3424 1581 3468 Filius
1599 3424 1774 3467 hominis
1793 3423 2064 3479 manducans,

107 3489 149 3530 et
173 3485 323 3530 bibens.
556 3545 560 3549 .

198 3550 485 3597 RESPONDEO
508 3552 766 3608 dicendum,
793 3556 930 3614 quod,
952 3555 1070 3602 sicut
1094 3558 1267 3602 dictum
1294 3567 1361 3601 est
1389 3557 1487 3612 (art.
1504 3558 1643 3615 princ.
1644 3555 1683 3613 )‚
1704 3569 1957 3614 congruum
1972 3567 2068 3600 erat

108 3616 439 3664 Incarnationis
462 3618 557 3674 fini,
582 3629 632 3665 ut
659 3620 868 3667 Christus
889 3636 983 3667 non
1016 3634 1171 3683 ageret
1202 3623 1452 3668 solitariam
1484 3622 1641 3677 vitam,
1674 3622 1752 3667 sed
1785 3636 1891 3666 cum
1924 3623 2071 3668 homi-
