<?xml version="1.0" encoding="UTF-8"?>
<!DOCTYPE html PUBLIC "-//W3C//DTD XHTML 1.0 Transitional//EN"
    "http://www.w3.org/TR/xhtml1/DTD/xhtml1-transitional.dtd">
<html xmlns="http://www.w3.org/1999/xhtml" xml:lang="en" lang="en">
 <head>
  <title>
</title>
<meta http-equiv="Content-Type" content="text/html;charset=utf-8" />
  <meta name='ocr-system' content='tesseract 3.04.00' />
  <meta name='ocr-capabilities' content='ocr_page ocr_carea ocr_par ocr_line ocrx_word'/>
</head>
<body>
  <div class='ocr_page' id='page_1' title='image "./divithomaeaquina04thom_0462.png"; bbox 0 0 2352 3926; ppageno 0'>
   <div class='ocr_carea' id='block_1_1' title="bbox 291 207 1732 281">
    <p class='ocr_par' dir='ltr' id='par_1_1' title="bbox 291 207 1732 281">
     <span class='ocr_line' id='line_1_1' title="bbox 291 207 1732 281; baseline -0.005 -16"><span class='ocrx_word' id='word_1_1' title='bbox 291 226 330 281; x_wconf 92' lang='lat'>4</span> <span class='ocrx_word' id='word_1_2' title='bbox 333 209 402 280; x_wconf 80' lang='lat'><strong>58</strong></span> <span class='ocrx_word' id='word_1_3' title='bbox 841 219 1119 267; x_wconf 82' lang='lat' dir='ltr'><strong>QUAESTIO</strong></span> <span class='ocrx_word' id='word_1_4' title='bbox 1160 217 1268 259; x_wconf 78' lang='lat' dir='ltr'><strong>Ltv.</strong></span> <span class='ocrx_word' id='word_1_5' title='bbox 1306 207 1616 259; x_wconf 78' lang='lat' dir='ltr'>ARTICULUS</span> <span class='ocrx_word' id='word_1_6' title='bbox 1654 217 1732 258; x_wconf 90' lang='lat'><strong>111.</strong></span> 
     </span>
    </p>
   </div>
   <div class='ocr_carea' id='block_1_2' title="bbox 285 315 2258 3406">
    <p class='ocr_par' dir='ltr' id='par_1_2' title="bbox 290 315 2252 584">
     <span class='ocr_line' id='line_1_2' title="bbox 290 315 2250 386; baseline -0.005 -14"><span class='ocrx_word' id='word_1_7' title='bbox 290 327 524 386; x_wconf 81' lang='lat' dir='ltr'><strong>Fulgebunt</strong></span> <span class='ocrx_word' id='word_1_8' title='bbox 541 325 660 384; x_wconf 81' lang='lat' dir='ltr'><strong>justi,</strong></span> <span class='ocrx_word' id='word_1_9' title='bbox 685 323 791 368; x_wconf 85' lang='lat' dir='ltr'><strong>sicul</strong></span> <span class='ocrx_word' id='word_1_10' title='bbox 810 323 870 367; x_wconf 84' lang='lat' dir='ltr'><strong>sol</strong></span> <span class='ocrx_word' id='word_1_11' title='bbox 891 323 939 365; x_wconf 86' lang='lat' dir='ltr'><strong>in</strong></span> <span class='ocrx_word' id='word_1_12' title='bbox 963 336 1087 380; x_wconf 80' lang='lat' dir='ltr'><strong>regno</strong></span> <span class='ocrx_word' id='word_1_13' title='bbox 1115 322 1257 366; x_wconf 84' lang='lat' dir='ltr'><strong>Patris</strong></span> <span class='ocrx_word' id='word_1_14' title='bbox 1275 335 1448 366; x_wconf 83' lang='lat' dir='ltr'><strong>eorum:</strong></span> <span class='ocrx_word' id='word_1_15' title='bbox 1475 320 1554 364; x_wconf 91' lang='lat' dir='ltr'><strong>sed</strong></span> <span class='ocrx_word' id='word_1_16' title='bbox 1580 332 1775 379; x_wconf 82' lang='lat' dir='ltr'><strong>corpora</strong></span> <span class='ocrx_word' id='word_1_17' title='bbox 1797 315 2020 378; x_wconf 77' lang='lat' dir='ltr'><strong>&#39;fulgentia</strong></span> <span class='ocrx_word' id='word_1_18' title='bbox 2040 317 2250 364; x_wconf 72' lang='lat' dir='ltr'><strong>videntur</strong></span> 
     </span>
     <span class='ocr_line' id='line_1_3' title="bbox 291 384 2252 445; baseline -0.004 -7"><span class='ocrx_word' id='word_1_19' title='bbox 291 393 541 438; x_wconf 90' lang='lat' dir='ltr'><strong>secundum</strong></span> <span class='ocrx_word' id='word_1_20' title='bbox 567 391 793 435; x_wconf 87' lang='lat' dir='ltr'><strong>rationem</strong></span> <span class='ocrx_word' id='word_1_21' title='bbox 819 389 949 442; x_wconf 86' lang='lat' dir='ltr'><strong>lucis,</strong></span> <span class='ocrx_word' id='word_1_22' title='bbox 967 403 1062 432; x_wconf 91' lang='lat' dir='ltr'><strong>non</strong></span> <span class='ocrx_word' id='word_1_23' title='bbox 1090 398 1242 433; x_wconf 86' lang='lat' dir='ltr'><strong>autem</strong></span> <span class='ocrx_word' id='word_1_24' title='bbox 1268 387 1520 432; x_wconf 91' lang='lat' dir='ltr'><strong>secundum</strong></span> <span class='ocrx_word' id='word_1_25' title='bbox 1545 386 1771 431; x_wconf 87' lang='lat' dir='ltr'><strong>rationem</strong></span> <span class='ocrx_word' id='word_1_26' title='bbox 1798 384 1991 441; x_wconf 81' lang='lat' dir='ltr'><strong>coloris3</strong></span> <span class='ocrx_word' id='word_1_27' title='bbox 2018 397 2125 431; x_wconf 89' lang='lat' dir='ltr'><strong>cum</strong></span> <span class='ocrx_word' id='word_1_28' title='bbox 2141 393 2252 445; x_wconf 80' lang='lat' dir='ltr'><strong>ergo</strong></span> 
     </span>
     <span class='ocr_line' id='line_1_4' title="bbox 290 453 2250 518; baseline -0.004 -14"><span class='ocrx_word' id='word_1_29' title='bbox 290 474 454 518; x_wconf 87' lang='lat' dir='ltr'><strong>corpus</strong></span> <span class='ocrx_word' id='word_1_30' title='bbox 486 458 658 502; x_wconf 78' lang='lat' dir='ltr'>Christi</span> <span class='ocrx_word' id='word_1_31' title='bbox 683 457 833 500; x_wconf 91' lang='lat' dir='ltr'><strong>visum</strong></span> <span class='ocrx_word' id='word_1_32' title='bbox 859 454 993 499; x_wconf 90' lang='lat' dir='ltr'><strong>fuerit</strong></span> <span class='ocrx_word' id='word_1_33' title='bbox 1019 456 1101 499; x_wconf 90' lang='lat' dir='ltr'><strong>sub</strong></span> <span class='ocrx_word' id='word_1_34' title='bbox 1130 455 1299 500; x_wconf 91' lang='lat' dir='ltr'><strong>coloris</strong></span> <span class='ocrx_word' id='word_1_35' title='bbox 1331 455 1497 514; x_wconf 89' lang='lat' dir='ltr'><strong>specie,</strong></span> <span class='ocrx_word' id='word_1_36' title='bbox 1530 454 1648 498; x_wconf 91' lang='lat' dir='ltr'><strong>sicut</strong></span> <span class='ocrx_word' id='word_1_37' title='bbox 1679 463 1724 498; x_wconf 91' lang='lat' dir='ltr'><strong>et</strong></span> <span class='ocrx_word' id='word_1_38' title='bbox 1754 453 1878 512; x_wconf 87' lang='lat' dir='ltr'><strong>prius</strong></span> <span class='ocrx_word' id='word_1_39' title='bbox 1901 453 2154 508; x_wconf 62' lang='lat' dir='ltr'><strong>videbatur,</strong></span> <span class='ocrx_word' id='word_1_40' title='bbox 2184 453 2250 497; x_wconf 87' lang='lat' dir='ltr'><strong>vi·</strong></span> 
     </span>
     <span class='ocr_line' id='line_1_5' title="bbox 291 522 1141 584; baseline -0.006 -13"><span class='ocrx_word' id='word_1_41' title='bbox 291 527 419 571; x_wconf 89' lang='lat' dir='ltr'><strong>detur</strong></span> <span class='ocrx_word' id='word_1_42' title='bbox 444 525 565 584; x_wconf 90' lang='lat' dir='ltr'><strong>quod</strong></span> <span class='ocrx_word' id='word_1_43' title='bbox 593 538 686 568; x_wconf 90' lang='lat' dir='ltr'><strong>non</strong></span> <span class='ocrx_word' id='word_1_44' title='bbox 712 522 846 566; x_wconf 89' lang='lat' dir='ltr'><strong>fuerit</strong></span> <span class='ocrx_word' id='word_1_45' title='bbox 872 522 1141 581; x_wconf 87' lang='lat' dir='ltr'><strong>gloriosum.</strong></span> 
     </span>
    </p>

    <p class='ocr_par' dir='ltr' id='par_1_3' title="bbox 287 582 2257 973">
     <span class='ocr_line' id='line_1_6' title="bbox 379 582 2256 648; baseline -0.003 -12"><span class='ocrx_word' id='word_1_46' title='bbox 379 605 418 636; x_wconf 90' lang='lat'><strong>2.</strong></span> <span class='ocrx_word' id='word_1_47' title='bbox 447 593 744 636; x_wconf 76' lang='lat' dir='ltr'><strong>PRAETEREA.</strong></span> <span class='ocrx_word' id='word_1_48' title='bbox 774 591 955 648; x_wconf 86' lang='lat' dir='ltr'><strong>Corpus</strong></span> <span class='ocrx_word' id='word_1_49' title='bbox 990 589 1246 648; x_wconf 87' lang='lat' dir='ltr'><strong>gloriosum</strong></span> <span class='ocrx_word' id='word_1_50' title='bbox 1279 599 1346 633; x_wconf 91' lang='lat' dir='ltr'><strong>est</strong></span> <span class='ocrx_word' id='word_1_51' title='bbox 1377 586 1743 647; x_wconf 83' lang='lat' dir='ltr'>incorruptibile:</span> <span class='ocrx_word' id='word_1_52' title='bbox 1777 587 1857 631; x_wconf 85' lang='lat' dir='ltr'><strong>sed</strong></span> <span class='ocrx_word' id='word_1_53' title='bbox 1891 600 2056 645; x_wconf 83' lang='lat' dir='ltr'><strong>corpus</strong></span> <span class='ocrx_word' id='word_1_54' title='bbox 2082 582 2256 632; x_wconf 80' lang='lat' dir='ltr'><strong>Christi</strong></span> 
     </span>
     <span class='ocr_line' id='line_1_7' title="bbox 287 654 2255 716; baseline -0.002 -14"><span class='ocrx_word' id='word_1_55' title='bbox 287 674 382 703; x_wconf 91' lang='lat' dir='ltr'><strong>non</strong></span> <span class='ocrx_word' id='word_1_56' title='bbox 398 659 575 702; x_wconf 88' lang='lat' dir='ltr'><strong>videtur</strong></span> <span class='ocrx_word' id='word_1_57' title='bbox 598 657 735 701; x_wconf 89' lang='lat' dir='ltr'><strong>fuisse</strong></span> <span class='ocrx_word' id='word_1_58' title='bbox 753 656 1117 716; x_wconf 85' lang='lat' dir='ltr'>incorruptibile:</span> <span class='ocrx_word' id='word_1_59' title='bbox 1141 655 1226 700; x_wconf 87' lang='lat' dir='ltr'><strong>fuit</strong></span> <span class='ocrx_word' id='word_1_60' title='bbox 1249 657 1372 700; x_wconf 91' lang='lat' dir='ltr'><strong>enim</strong></span> <span class='ocrx_word' id='word_1_61' title='bbox 1395 655 1636 715; x_wconf 85' lang='lat' dir='ltr'>palpabile,</span> <span class='ocrx_word' id='word_1_62' title='bbox 1654 655 1770 698; x_wconf 88' lang='lat' dir='ltr'><strong>sicut</strong></span> <span class='ocrx_word' id='word_1_63' title='bbox 1793 663 1837 698; x_wconf 92' lang='lat' dir='ltr'><strong>et</strong></span> <span class='ocrx_word' id='word_1_64' title='bbox 1857 654 1954 712; x_wconf 88' lang='lat' dir='ltr'><strong>ipse</strong></span> <span class='ocrx_word' id='word_1_65' title='bbox 1971 654 2081 699; x_wconf 86' lang='lat' dir='ltr'><strong>dicit</strong></span> <span class='ocrx_word' id='word_1_66' title='bbox 2101 654 2255 699; x_wconf 84' lang='lat' dir='ltr'>Lucae</span> 
     </span>
     <span class='ocr_line' id='line_1_8' title="bbox 288 720 2254 784; baseline -0.002 -16"><span class='ocrx_word' id='word_1_67' title='bbox 288 726 386 771; x_wconf 91' lang='lat' dir='ltr'><strong>ult.:</strong></span> <span class='ocrx_word' id='word_1_68' title='bbox 415 726 601 784; x_wconf 79' lang='lat' dir='ltr'><strong>Palpate,</strong></span> <span class='ocrx_word' id='word_1_69' title='bbox 625 731 661 768; x_wconf 82' lang='lat' dir='ltr'><strong>et</strong></span> <span class='ocrx_word' id='word_1_70' title='bbox 680 724 847 769; x_wconf 75' lang='lat' dir='ltr'><strong>videte:</strong></span> <span class='ocrx_word' id='word_1_71' title='bbox 877 724 985 768; x_wconf 89' lang='lat' dir='ltr'><strong>dicit</strong></span> <span class='ocrx_word' id='word_1_72' title='bbox 1012 733 1166 768; x_wconf 88' lang='lat' dir='ltr'><strong>autem</strong></span> <span class='ocrx_word' id='word_1_73' title='bbox 1202 724 1395 782; x_wconf 89' lang='lat' dir='ltr'><strong>Gregor.</strong></span> <span class='ocrx_word' id='word_1_74' title='bbox 1422 723 1468 766; x_wconf 89' lang='lat' dir='ltr'><strong>in</strong></span> <span class='ocrx_word' id='word_1_75' title='bbox 1497 722 1694 781; x_wconf 89' lang='lat' dir='ltr'><strong>quadam</strong></span> <span class='ocrx_word' id='word_1_76' title='bbox 1721 720 1883 765; x_wconf 89' lang='lat' dir='ltr'><strong>homil.</strong></span> <span class='ocrx_word' id='word_1_77' title='bbox 1913 721 2087 777; x_wconf 79' lang='lat' dir='ltr'><strong>(scilicet</strong></span> <span class='ocrx_word' id='word_1_78' title='bbox 2110 721 2182 767; x_wconf 74' lang='lat'><strong>26.</strong></span> <span class='ocrx_word' id='word_1_79' title='bbox 2207 723 2254 765; x_wconf 86' lang='lat' dir='ltr'><strong>in</strong></span> 
     </span>
     <span class='ocr_line' id='line_1_9' title="bbox 287 787 2257 852; baseline -0.002 -16"><span class='ocrx_word' id='word_1_80' title='bbox 287 795 452 851; x_wconf 83' lang='lat' dir='ltr'><strong>Evang.</strong></span> <span class='ocrx_word' id='word_1_81' title='bbox 467 800 625 851; x_wconf 84' lang='lat' dir='ltr'><strong>parum</strong></span> <span class='ocrx_word' id='word_1_82' title='bbox 647 806 673 835; x_wconf 87' lang='lat' dir='ltr'><strong>a</strong></span> <span class='ocrx_word' id='word_1_83' title='bbox 691 791 872 852; x_wconf 64' lang='lat' dir='ltr'><strong>princ),</strong></span> <span class='ocrx_word' id='word_1_84' title='bbox 901 791 1023 849; x_wconf 93' lang='lat' dir='ltr'><strong>quod</strong></span> <span class='ocrx_word' id='word_1_85' title='bbox 1054 807 1077 832; x_wconf 84' lang='lat'>«</span> <span class='ocrx_word' id='word_1_86' title='bbox 1105 791 1338 849; x_wconf 90' lang='lat' dir='ltr'><strong>corrumpi</strong></span> <span class='ocrx_word' id='word_1_87' title='bbox 1363 804 1549 834; x_wconf 90' lang='lat' dir='ltr'><strong>necesse</strong></span> <span class='ocrx_word' id='word_1_88' title='bbox 1577 799 1657 843; x_wconf 91' lang='lat' dir='ltr'><strong>est,</strong></span> <span class='ocrx_word' id='word_1_89' title='bbox 1685 788 1808 848; x_wconf 91' lang='lat' dir='ltr'><strong>quod</strong></span> <span class='ocrx_word' id='word_1_90' title='bbox 1833 788 2063 848; x_wconf 87' lang='lat' dir='ltr'><strong>palpatur;</strong></span> <span class='ocrx_word' id='word_1_91' title='bbox 2089 797 2134 833; x_wconf 90' lang='lat' dir='ltr'><strong>et</strong></span> <span class='ocrx_word' id='word_1_92' title='bbox 2163 787 2257 847; x_wconf 87' lang='lat' dir='ltr'><strong>pal-</strong></span> 
     </span>
     <span class='ocr_line' id='line_1_10' title="bbox 287 853 2257 919; baseline -0.002 -16"><span class='ocrx_word' id='word_1_93' title='bbox 287 860 384 919; x_wconf 88' lang='lat' dir='ltr'><strong>pari</strong></span> <span class='ocrx_word' id='word_1_94' title='bbox 409 874 503 904; x_wconf 92' lang='lat' dir='ltr'><strong>non</strong></span> <span class='ocrx_word' id='word_1_95' title='bbox 529 867 693 917; x_wconf 91' lang='lat' dir='ltr'><strong>potest,</strong></span> <span class='ocrx_word' id='word_1_96' title='bbox 720 858 841 917; x_wconf 91' lang='lat' dir='ltr'><strong>quod</strong></span> <span class='ocrx_word' id='word_1_97' title='bbox 868 872 962 902; x_wconf 92' lang='lat' dir='ltr'><strong>non</strong></span> <span class='ocrx_word' id='word_1_98' title='bbox 989 858 1294 917; x_wconf 85' lang='lat' dir='ltr'>corrumpitur</span> <span class='ocrx_word' id='word_1_99' title='bbox 1318 873 1369 912; x_wconf 83' lang='lat'><strong>»3</strong></span> <span class='ocrx_word' id='word_1_100' title='bbox 1396 871 1491 901; x_wconf 92' lang='lat' dir='ltr'><strong>non</strong></span> <span class='ocrx_word' id='word_1_101' title='bbox 1518 871 1627 915; x_wconf 87' lang='lat' dir='ltr'><strong>ergo</strong></span> <span class='ocrx_word' id='word_1_102' title='bbox 1656 869 1821 915; x_wconf 91' lang='lat' dir='ltr'><strong>corpus</strong></span> <span class='ocrx_word' id='word_1_103' title='bbox 1855 854 2028 900; x_wconf 85' lang='lat' dir='ltr'><strong>Christi</strong></span> <span class='ocrx_word' id='word_1_104' title='bbox 2051 853 2138 900; x_wconf 81' lang='lat' dir='ltr'><strong>fuit</strong></span> <span class='ocrx_word' id='word_1_105' title='bbox 2161 853 2257 914; x_wconf 86' lang='lat' dir='ltr'><strong>glo-</strong></span> 
     </span>
     <span class='ocr_line' id='line_1_11' title="bbox 287 928 476 973; baseline 0.016 -3"><span class='ocrx_word' id='word_1_106' title='bbox 287 928 476 973; x_wconf 88' lang='lat' dir='ltr'><strong>riosum.</strong></span> 
     </span>
    </p>

    <p class='ocr_par' dir='ltr' id='par_1_4' title="bbox 286 988 2258 1254">
     <span class='ocr_line' id='line_1_12' title="bbox 381 988 2257 1053; baseline -0.003 -15"><span class='ocrx_word' id='word_1_107' title='bbox 381 1009 418 1053; x_wconf 84' lang='lat'><strong>3.</strong></span> <span class='ocrx_word' id='word_1_108' title='bbox 444 994 741 1038; x_wconf 79' lang='lat' dir='ltr'><strong>PRAETEREA.</strong></span> <span class='ocrx_word' id='word_1_109' title='bbox 768 992 947 1051; x_wconf 92' lang='lat' dir='ltr'><strong>Corpus</strong></span> <span class='ocrx_word' id='word_1_110' title='bbox 974 991 1228 1051; x_wconf 88' lang='lat' dir='ltr'><strong>gloriosum</strong></span> <span class='ocrx_word' id='word_1_111' title='bbox 1254 1006 1349 1036; x_wconf 89' lang='lat' dir='ltr'><strong>non</strong></span> <span class='ocrx_word' id='word_1_112' title='bbox 1376 1002 1442 1036; x_wconf 91' lang='lat' dir='ltr'><strong>est</strong></span> <span class='ocrx_word' id='word_1_113' title='bbox 1469 990 1680 1045; x_wconf 89' lang='lat' dir='ltr'><strong>animale,</strong></span> <span class='ocrx_word' id='word_1_114' title='bbox 1700 990 1778 1035; x_wconf 90' lang='lat' dir='ltr'><strong>sed</strong></span> <span class='ocrx_word' id='word_1_115' title='bbox 1805 988 2051 1049; x_wconf 87' lang='lat' dir='ltr'><strong>spirituale,</strong></span> <span class='ocrx_word' id='word_1_116' title='bbox 2066 997 2115 1033; x_wconf 91' lang='lat' dir='ltr'><strong>ut</strong></span> <span class='ocrx_word' id='word_1_117' title='bbox 2130 997 2257 1048; x_wconf 85' lang='lat' dir='ltr'><strong>patet</strong></span> 
     </span>
     <span class='ocr_line' id='line_1_13' title="bbox 293 1055 2258 1118; baseline -0.003 -13"><span class='ocrx_word' id='word_1_118' title='bbox 293 1074 329 1106; x_wconf 91' lang='lat'><strong>1.</strong></span> <span class='ocrx_word' id='word_1_119' title='bbox 347 1062 404 1105; x_wconf 91' lang='lat' dir='ltr'><strong>ad</strong></span> <span class='ocrx_word' id='word_1_120' title='bbox 430 1061 640 1105; x_wconf 84' lang='lat' dir='ltr'><strong>Corinth.</strong></span> <span class='ocrx_word' id='word_1_121' title='bbox 666 1073 745 1118; x_wconf 84' lang='lat'><strong>15.:</strong></span> <span class='ocrx_word' id='word_1_122' title='bbox 769 1060 848 1103; x_wconf 91' lang='lat' dir='ltr'><strong>sed</strong></span> <span class='ocrx_word' id='word_1_123' title='bbox 875 1074 1039 1118; x_wconf 90' lang='lat' dir='ltr'><strong>corpus</strong></span> <span class='ocrx_word' id='word_1_124' title='bbox 1065 1060 1236 1104; x_wconf 88' lang='lat' dir='ltr'><strong>Christi</strong></span> <span class='ocrx_word' id='word_1_125' title='bbox 1253 1060 1428 1103; x_wconf 91' lang='lat' dir='ltr'><strong>videtur</strong></span> <span class='ocrx_word' id='word_1_126' title='bbox 1454 1058 1591 1102; x_wconf 89' lang='lat' dir='ltr'><strong>fuisse</strong></span> <span class='ocrx_word' id='word_1_127' title='bbox 1620 1056 1817 1102; x_wconf 87' lang='lat' dir='ltr'><strong>animale</strong></span> <span class='ocrx_word' id='word_1_128' title='bbox 1840 1067 1944 1116; x_wconf 91' lang='lat' dir='ltr'><strong>post</strong></span> <span class='ocrx_word' id='word_1_129' title='bbox 1970 1055 2258 1101; x_wconf 90' lang='lat' dir='ltr'><strong>resurrectio-</strong></span> 
     </span>
     <span class='ocr_line' id='line_1_14' title="bbox 286 1123 2252 1187; baseline -0.003 -15"><span class='ocrx_word' id='word_1_130' title='bbox 286 1142 415 1184; x_wconf 90' lang='lat' dir='ltr'><strong>nem;</strong></span> <span class='ocrx_word' id='word_1_131' title='bbox 443 1129 548 1187; x_wconf 90' lang='lat' dir='ltr'><strong>quia</strong></span> <span class='ocrx_word' id='word_1_132' title='bbox 575 1141 680 1171; x_wconf 92' lang='lat' dir='ltr'><strong>cum</strong></span> <span class='ocrx_word' id='word_1_133' title='bbox 707 1126 938 1185; x_wconf 86' lang='lat' dir='ltr'><strong>discipulis</strong></span> <span class='ocrx_word' id='word_1_134' title='bbox 965 1127 1272 1183; x_wconf 87' lang='lat' dir='ltr'><strong>manducavit,</strong></span> <span class='ocrx_word' id='word_1_135' title='bbox 1307 1136 1352 1170; x_wconf 92' lang='lat' dir='ltr'><strong>et</strong></span> <span class='ocrx_word' id='word_1_136' title='bbox 1383 1126 1506 1179; x_wconf 88' lang='lat' dir='ltr'><strong>bibit,</strong></span> <span class='ocrx_word' id='word_1_137' title='bbox 1539 1136 1587 1169; x_wconf 92' lang='lat' dir='ltr'><strong>ut</strong></span> <span class='ocrx_word' id='word_1_138' title='bbox 1618 1125 1783 1183; x_wconf 80' lang='lat' dir='ltr'><strong>legitur</strong></span> <span class='ocrx_word' id='word_1_139' title='bbox 1810 1125 1920 1169; x_wconf 89' lang='lat' dir='ltr'><strong>Luc.</strong></span> <span class='ocrx_word' id='word_1_140' title='bbox 1947 1123 2028 1168; x_wconf 87' lang='lat' dir='ltr'><strong>ult.</strong></span> <span class='ocrx_word' id='word_1_141' title='bbox 2056 1133 2101 1168; x_wconf 91' lang='lat' dir='ltr'><strong>et</strong></span> <span class='ocrx_word' id='word_1_142' title='bbox 2120 1123 2252 1182; x_wconf 87' lang='lat' dir='ltr'><strong>Joan.</strong></span> 
     </span>
     <span class='ocr_line' id='line_1_15' title="bbox 288 1192 1868 1254; baseline -0.003 -14"><span class='ocrx_word' id='word_1_143' title='bbox 288 1195 393 1250; x_wconf 91' lang='lat' dir='ltr'><strong>ult.;</strong></span> <span class='ocrx_word' id='word_1_144' title='bbox 419 1210 529 1254; x_wconf 89' lang='lat' dir='ltr'><strong>ergo</strong></span> <span class='ocrx_word' id='word_1_145' title='bbox 556 1194 747 1248; x_wconf 91' lang='lat' dir='ltr'><strong>videtur,</strong></span> <span class='ocrx_word' id='word_1_146' title='bbox 775 1193 896 1252; x_wconf 92' lang='lat' dir='ltr'><strong>quod</strong></span> <span class='ocrx_word' id='word_1_147' title='bbox 925 1208 1090 1251; x_wconf 91' lang='lat' dir='ltr'><strong>corpus</strong></span> <span class='ocrx_word' id='word_1_148' title='bbox 1118 1193 1290 1237; x_wconf 86' lang='lat' dir='ltr'><strong>Christi</strong></span> <span class='ocrx_word' id='word_1_149' title='bbox 1316 1207 1410 1236; x_wconf 92' lang='lat' dir='ltr'><strong>non</strong></span> <span class='ocrx_word' id='word_1_150' title='bbox 1437 1192 1571 1236; x_wconf 76' lang='lat' dir='ltr'><strong>fuerit</strong></span> <span class='ocrx_word' id='word_1_151' title='bbox 1598 1192 1868 1250; x_wconf 86' lang='lat' dir='ltr'><strong>gloriosum.</strong></span> 
     </span>
    </p>

    <p class='ocr_par' dir='ltr' id='par_1_5' title="bbox 288 1258 2257 1386">
     <span class='ocr_line' id='line_1_16' title="bbox 378 1258 2257 1319; baseline -0.003 -12"><span class='ocrx_word' id='word_1_152' title='bbox 378 1262 473 1307; x_wconf 81' lang='lat' dir='ltr'><strong>SED</strong></span> <span class='ocrx_word' id='word_1_153' title='bbox 507 1274 702 1307; x_wconf 79' lang='lat' dir='ltr'>CONTRA</span> <span class='ocrx_word' id='word_1_154' title='bbox 730 1271 812 1315; x_wconf 90' lang='lat' dir='ltr'><strong>est,</strong></span> <span class='ocrx_word' id='word_1_155' title='bbox 839 1261 962 1319; x_wconf 91' lang='lat' dir='ltr'><strong>quod</strong></span> <span class='ocrx_word' id='word_1_156' title='bbox 994 1260 1246 1319; x_wconf 91' lang='lat' dir='ltr'><strong>Apostolus</strong></span> <span class='ocrx_word' id='word_1_157' title='bbox 1281 1260 1390 1304; x_wconf 92' lang='lat' dir='ltr'><strong>dicit</strong></span> <span class='ocrx_word' id='word_1_158' title='bbox 1421 1260 1477 1303; x_wconf 85' lang='lat' dir='ltr'><strong>ad</strong></span> <span class='ocrx_word' id='word_1_159' title='bbox 1510 1259 1674 1318; x_wconf 91' lang='lat' dir='ltr'><strong>Philip.</strong></span> <span class='ocrx_word' id='word_1_160' title='bbox 1712 1273 1775 1317; x_wconf 83' lang='lat'><strong>3.:</strong></span> <span class='ocrx_word' id='word_1_161' title='bbox 1810 1258 2075 1317; x_wconf 75' lang='lat' dir='ltr'><strong>Reformabit</strong></span> <span class='ocrx_word' id='word_1_162' title='bbox 2105 1265 2257 1317; x_wconf 83' lang='lat' dir='ltr'><strong>corpus</strong></span> 
     </span>
     <span class='ocr_line' id='line_1_17' title="bbox 288 1327 1627 1386; baseline -0.004 -12"><span class='ocrx_word' id='word_1_163' title='bbox 288 1330 533 1374; x_wconf 79' lang='lat' dir='ltr'><strong>humilitatis</strong></span> <span class='ocrx_word' id='word_1_164' title='bbox 557 1335 734 1382; x_wconf 78' lang='lat' dir='ltr'><strong>nostrae,</strong></span> <span class='ocrx_word' id='word_1_165' title='bbox 764 1329 1067 1386; x_wconf 81' lang='lat' dir='ltr'><strong>configuratum</strong></span> <span class='ocrx_word' id='word_1_166' title='bbox 1094 1329 1264 1386; x_wconf 80' lang='lat' dir='ltr'><strong>corpori</strong></span> <span class='ocrx_word' id='word_1_167' title='bbox 1290 1327 1494 1371; x_wconf 80' lang='lat' dir='ltr'><strong>claritatis</strong></span> <span class='ocrx_word' id='word_1_168' title='bbox 1516 1341 1627 1370; x_wconf 84' lang='lat' dir='ltr'><strong>suae.</strong></span> 
     </span>
    </p>

    <p class='ocr_par' dir='ltr' id='par_1_6' title="bbox 285 1389 2258 2464">
     <span class='ocr_line' id='line_1_18' title="bbox 378 1389 2255 1453; baseline -0.003 -12"><span class='ocrx_word' id='word_1_169' title='bbox 378 1397 666 1441; x_wconf 81' lang='lat' dir='ltr'>RESPONDEO</span> <span class='ocrx_word' id='word_1_170' title='bbox 694 1396 954 1448; x_wconf 89' lang='lat' dir='ltr'><strong>dicendum,</strong></span> <span class='ocrx_word' id='word_1_171' title='bbox 997 1394 1119 1453; x_wconf 93' lang='lat' dir='ltr'><strong>quod</strong></span> <span class='ocrx_word' id='word_1_172' title='bbox 1147 1408 1310 1453; x_wconf 89' lang='lat' dir='ltr'><strong>corpus</strong></span> <span class='ocrx_word' id='word_1_173' title='bbox 1344 1393 1517 1438; x_wconf 88' lang='lat' dir='ltr'><strong>Christi</strong></span> <span class='ocrx_word' id='word_1_174' title='bbox 1550 1394 1597 1436; x_wconf 92' lang='lat' dir='ltr'><strong>in</strong></span> <span class='ocrx_word' id='word_1_175' title='bbox 1622 1393 1954 1436; x_wconf 86' lang='lat' dir='ltr'><strong>resurrectione</strong></span> <span class='ocrx_word' id='word_1_176' title='bbox 1970 1389 2064 1436; x_wconf 82' lang='lat' dir='ltr'><strong>-fuit</strong></span> <span class='ocrx_word' id='word_1_177' title='bbox 2088 1390 2255 1450; x_wconf 83' lang='lat' dir='ltr'><strong>glorio-</strong></span> 
     </span>
     <span class='ocr_line' id='line_1_19' title="bbox 285 1458 2255 1522; baseline -0.003 -14"><span class='ocrx_word' id='word_1_178' title='bbox 285 1478 404 1518; x_wconf 91' lang='lat' dir='ltr'><strong>sum,</strong></span> <span class='ocrx_word' id='word_1_179' title='bbox 431 1474 475 1508; x_wconf 89' lang='lat' dir='ltr'><strong>et</strong></span> <span class='ocrx_word' id='word_1_180' title='bbox 499 1465 590 1508; x_wconf 93' lang='lat' dir='ltr'><strong>hoc</strong></span> <span class='ocrx_word' id='word_1_181' title='bbox 620 1471 804 1522; x_wconf 88' lang='lat' dir='ltr'><strong>apparet</strong></span> <span class='ocrx_word' id='word_1_182' title='bbox 831 1463 990 1522; x_wconf 81' lang='lat' dir='ltr'><strong>triplici</strong></span> <span class='ocrx_word' id='word_1_183' title='bbox 1015 1464 1219 1505; x_wconf 89' lang='lat' dir='ltr'><strong>ratione:</strong></span> <span class='ocrx_word' id='word_1_184' title='bbox 1246 1464 1389 1520; x_wconf 83' lang='lat' dir='ltr'><strong>primo</strong></span> <span class='ocrx_word' id='word_1_185' title='bbox 1418 1461 1617 1519; x_wconf 88' lang='lat' dir='ltr'><strong>quidem,</strong></span> <span class='ocrx_word' id='word_1_186' title='bbox 1645 1461 1750 1519; x_wconf 85' lang='lat' dir='ltr'><strong>quia</strong></span> <span class='ocrx_word' id='word_1_187' title='bbox 1780 1459 2052 1504; x_wconf 86' lang='lat' dir='ltr'><strong>resurrectio</strong></span> <span class='ocrx_word' id='word_1_188' title='bbox 2081 1458 2255 1504; x_wconf 81' lang='lat' dir='ltr'><strong>Christi</strong></span> 
     </span>
     <span class='ocr_line' id='line_1_20' title="bbox 288 1526 2254 1590; baseline -0.003 -14"><span class='ocrx_word' id='word_1_189' title='bbox 288 1531 372 1576; x_wconf 91' lang='lat' dir='ltr'><strong>fuit</strong></span> <span class='ocrx_word' id='word_1_190' title='bbox 389 1531 635 1590; x_wconf 84' lang='lat' dir='ltr'><strong>exemplar,</strong></span> <span class='ocrx_word' id='word_1_191' title='bbox 659 1541 703 1574; x_wconf 92' lang='lat' dir='ltr'><strong>et</strong></span> <span class='ocrx_word' id='word_1_192' title='bbox 726 1544 861 1574; x_wconf 88' lang='lat' dir='ltr'><strong>causa</strong></span> <span class='ocrx_word' id='word_1_193' title='bbox 883 1539 1066 1573; x_wconf 89' lang='lat' dir='ltr'><strong>nostrae</strong></span> <span class='ocrx_word' id='word_1_194' title='bbox 1085 1529 1439 1582; x_wconf 89' lang='lat' dir='ltr'><strong>resurrectionis,</strong></span> <span class='ocrx_word' id='word_1_195' title='bbox 1458 1538 1506 1572; x_wconf 91' lang='lat' dir='ltr'><strong>ut</strong></span> <span class='ocrx_word' id='word_1_196' title='bbox 1527 1528 1719 1571; x_wconf 89' lang='lat' dir='ltr'><strong>habetur</strong></span> <span class='ocrx_word' id='word_1_197' title='bbox 1746 1541 1782 1571; x_wconf 88' lang='lat'><strong>1.</strong></span> <span class='ocrx_word' id='word_1_198' title='bbox 1803 1526 1858 1571; x_wconf 88' lang='lat' dir='ltr'><strong>ad</strong></span> <span class='ocrx_word' id='word_1_199' title='bbox 1876 1527 1987 1572; x_wconf 91' lang='lat' dir='ltr'><strong>Cor.</strong></span> <span class='ocrx_word' id='word_1_200' title='bbox 2010 1539 2076 1584; x_wconf 87' lang='lat'><strong>15.</strong></span> <span class='ocrx_word' id='word_1_201' title='bbox 2094 1526 2254 1571; x_wconf 78' lang='lat' dir='ltr'><strong>Sancti</strong></span> 
     </span>
     <span class='ocr_line' id='line_1_21' title="bbox 289 1594 2257 1655; baseline -0.002 -12"><span class='ocrx_word' id='word_1_202' title='bbox 289 1611 441 1643; x_wconf 83' lang='lat' dir='ltr'><strong>autem</strong></span> <span class='ocrx_word' id='word_1_203' title='bbox 466 1599 513 1642; x_wconf 92' lang='lat' dir='ltr'><strong>in</strong></span> <span class='ocrx_word' id='word_1_204' title='bbox 540 1597 870 1642; x_wconf 89' lang='lat' dir='ltr'><strong>resurrectione</strong></span> <span class='ocrx_word' id='word_1_205' title='bbox 897 1597 1129 1640; x_wconf 90' lang='lat' dir='ltr'><strong>habebunt</strong></span> <span class='ocrx_word' id='word_1_206' title='bbox 1156 1610 1351 1655; x_wconf 90' lang='lat' dir='ltr'><strong>corpora</strong></span> <span class='ocrx_word' id='word_1_207' title='bbox 1378 1595 1604 1655; x_wconf 84' lang='lat' dir='ltr'><strong>gloriosa;</strong></span> <span class='ocrx_word' id='word_1_208' title='bbox 1637 1595 1752 1639; x_wconf 91' lang='lat' dir='ltr'><strong>sicut</strong></span> <span class='ocrx_word' id='word_1_209' title='bbox 1783 1594 1954 1639; x_wconf 90' lang='lat' dir='ltr'><strong>ibidem</strong></span> <span class='ocrx_word' id='word_1_210' title='bbox 1979 1594 2164 1638; x_wconf 84' lang='lat' dir='ltr'><strong>dicitur:</strong></span> <span class='ocrx_word' id='word_1_211' title='bbox 2190 1594 2257 1640; x_wconf 80' lang='lat' dir='ltr'><strong>Se-</strong></span> 
     </span>
     <span class='ocr_line' id='line_1_22' title="bbox 289 1661 2258 1723; baseline -0.003 -13"><span class='ocrx_word' id='word_1_212' title='bbox 289 1669 481 1710; x_wconf 85' lang='lat' dir='ltr'><strong>minatur</strong></span> <span class='ocrx_word' id='word_1_213' title='bbox 502 1668 547 1709; x_wconf 88' lang='lat' dir='ltr'><strong>in</strong></span> <span class='ocrx_word' id='word_1_214' title='bbox 569 1665 840 1723; x_wconf 60' lang='lat' dir='ltr'><strong>ignobilitata,</strong></span> <span class='ocrx_word' id='word_1_215' title='bbox 868 1671 1005 1722; x_wconf 80' lang='lat' dir='ltr'><strong>surget</strong></span> <span class='ocrx_word' id='word_1_216' title='bbox 1027 1666 1071 1707; x_wconf 83' lang='lat' dir='ltr'><strong>in</strong></span> <span class='ocrx_word' id='word_1_217' title='bbox 1091 1663 1256 1722; x_wconf 61' lang='lat' dir='ltr'><strong>glorias</strong></span> <span class='ocrx_word' id='word_1_218' title='bbox 1285 1663 1404 1706; x_wconf 91' lang='lat' dir='ltr'><strong>unde</strong></span> <span class='ocrx_word' id='word_1_219' title='bbox 1433 1677 1538 1707; x_wconf 91' lang='lat' dir='ltr'><strong>cum</strong></span> <span class='ocrx_word' id='word_1_220' title='bbox 1562 1676 1700 1705; x_wconf 89' lang='lat' dir='ltr'><strong>causa</strong></span> <span class='ocrx_word' id='word_1_221' title='bbox 1725 1663 1782 1706; x_wconf 91' lang='lat' dir='ltr'><strong>sit</strong></span> <span class='ocrx_word' id='word_1_222' title='bbox 1806 1661 1958 1721; x_wconf 89' lang='lat' dir='ltr'><strong>potior</strong></span> <span class='ocrx_word' id='word_1_223' title='bbox 1983 1671 2186 1716; x_wconf 81' lang='lat' dir='ltr'><strong>causato,</strong></span> <span class='ocrx_word' id='word_1_224' title='bbox 2213 1671 2258 1706; x_wconf 90' lang='lat' dir='ltr'><strong>et</strong></span> 
     </span>
     <span class='ocr_line' id='line_1_23' title="bbox 288 1728 2254 1792; baseline -0.003 -15"><span class='ocrx_word' id='word_1_225' title='bbox 288 1733 520 1792; x_wconf 88' lang='lat' dir='ltr'><strong>exemplar</strong></span> <span class='ocrx_word' id='word_1_226' title='bbox 545 1731 820 1790; x_wconf 85' lang='lat' dir='ltr'><strong>exemplato,</strong></span> <span class='ocrx_word' id='word_1_227' title='bbox 847 1729 994 1775; x_wconf 88' lang='lat' dir='ltr'><strong>multo</strong></span> <span class='ocrx_word' id='word_1_228' title='bbox 1022 1733 1169 1789; x_wconf 87' lang='lat' dir='ltr'><strong>magis</strong></span> <span class='ocrx_word' id='word_1_229' title='bbox 1194 1745 1359 1789; x_wconf 88' lang='lat' dir='ltr'><strong>corpus</strong></span> <span class='ocrx_word' id='word_1_230' title='bbox 1387 1730 1560 1774; x_wconf 85' lang='lat' dir='ltr'><strong>Christi</strong></span> <span class='ocrx_word' id='word_1_231' title='bbox 1577 1730 1853 1788; x_wconf 88' lang='lat' dir='ltr'><strong>resurgentis</strong></span> <span class='ocrx_word' id='word_1_232' title='bbox 1868 1728 1953 1773; x_wconf 90' lang='lat' dir='ltr'><strong>fuit</strong></span> <span class='ocrx_word' id='word_1_233' title='bbox 1974 1728 2254 1788; x_wconf 88' lang='lat' dir='ltr'><strong>gloriosum:</strong></span> 
     </span>
     <span class='ocr_line' id='line_1_24' title="bbox 286 1796 2255 1858; baseline -0.003 -13"><span class='ocrx_word' id='word_1_234' title='bbox 286 1800 474 1854; x_wconf 82' lang='lat' dir='ltr'><strong>secundo,</strong></span> <span class='ocrx_word' id='word_1_235' title='bbox 504 1800 609 1858; x_wconf 90' lang='lat' dir='ltr'><strong>quia</strong></span> <span class='ocrx_word' id='word_1_236' title='bbox 635 1813 714 1857; x_wconf 88' lang='lat' dir='ltr'><strong>per</strong></span> <span class='ocrx_word' id='word_1_237' title='bbox 739 1798 1048 1842; x_wconf 84' lang='lat' dir='ltr'><strong>humilitatem</strong></span> <span class='ocrx_word' id='word_1_238' title='bbox 1075 1798 1298 1857; x_wconf 87' lang='lat' dir='ltr'><strong>passionis</strong></span> <span class='ocrx_word' id='word_1_239' title='bbox 1326 1798 1494 1842; x_wconf 89' lang='lat' dir='ltr'><strong>meruit</strong></span> <span class='ocrx_word' id='word_1_240' title='bbox 1519 1797 1715 1855; x_wconf 87' lang='lat' dir='ltr'><strong>gloriam</strong></span> <span class='ocrx_word' id='word_1_241' title='bbox 1741 1796 2112 1851; x_wconf 88' lang='lat' dir='ltr'><strong>resurrectionis;</strong></span> <span class='ocrx_word' id='word_1_242' title='bbox 2135 1797 2255 1841; x_wconf 88' lang='lat' dir='ltr'><strong>unde</strong></span> 
     </span>
     <span class='ocr_line' id='line_1_25' title="bbox 291 1863 2258 1926; baseline -0.002 -15"><span class='ocrx_word' id='word_1_243' title='bbox 291 1878 334 1911; x_wconf 90' lang='lat' dir='ltr'><strong>et</strong></span> <span class='ocrx_word' id='word_1_244' title='bbox 360 1869 455 1926; x_wconf 85' lang='lat' dir='ltr'><strong>ipse</strong></span> <span class='ocrx_word' id='word_1_245' title='bbox 483 1867 660 1911; x_wconf 89' lang='lat' dir='ltr'><strong>dicebat</strong></span> <span class='ocrx_word' id='word_1_246' title='bbox 679 1867 824 1924; x_wconf 81' lang='lat' dir='ltr'><strong>(soan.</strong></span> <span class='ocrx_word' id='word_1_247' title='bbox 848 1866 960 1923; x_wconf 77' lang='lat'><strong>12‚).·</strong></span> <span class='ocrx_word' id='word_1_248' title='bbox 980 1866 1104 1910; x_wconf 80' lang='lat' dir='ltr'><strong>Nunc</strong></span> <span class='ocrx_word' id='word_1_249' title='bbox 1127 1867 1273 1909; x_wconf 87' lang='lat' dir='ltr'><strong>anima</strong></span> <span class='ocrx_word' id='word_1_250' title='bbox 1289 1880 1380 1909; x_wconf 82' lang='lat' dir='ltr'><strong>mea</strong></span> <span class='ocrx_word' id='word_1_251' title='bbox 1408 1867 1574 1909; x_wconf 82' lang='lat' dir='ltr'><strong>turbata</strong></span> <span class='ocrx_word' id='word_1_252' title='bbox 1596 1870 1653 1909; x_wconf 82' lang='lat' dir='ltr'><strong>est</strong></span> <span class='ocrx_word' id='word_1_253' title='bbox 1664 1879 1680 1916; x_wconf 87' lang='lat'><em>;</em></span> <span class='ocrx_word' id='word_1_254' title='bbox 1705 1864 1828 1923; x_wconf 92' lang='lat' dir='ltr'><strong>quod</strong></span> <span class='ocrx_word' id='word_1_255' title='bbox 1854 1864 2047 1923; x_wconf 84' lang='lat' dir='ltr'><strong>pertinet</strong></span> <span class='ocrx_word' id='word_1_256' title='bbox 2073 1863 2129 1908; x_wconf 91' lang='lat' dir='ltr'><strong>ad</strong></span> <span class='ocrx_word' id='word_1_257' title='bbox 2154 1874 2258 1924; x_wconf 75' lang='lat' dir='ltr'><strong>pas—</strong></span> 
     </span>
     <span class='ocr_line' id='line_1_26' title="bbox 288 1930 2255 1993; baseline -0.002 -15"><span class='ocrx_word' id='word_1_258' title='bbox 288 1937 491 1979; x_wconf 81' lang='lat' dir='ltr'><strong>sionem:</strong></span> <span class='ocrx_word' id='word_1_259' title='bbox 520 1944 564 1978; x_wconf 89' lang='lat' dir='ltr'><strong>et</strong></span> <span class='ocrx_word' id='word_1_260' title='bbox 589 1945 749 1993; x_wconf 88' lang='lat' dir='ltr'><strong>postea</strong></span> <span class='ocrx_word' id='word_1_261' title='bbox 774 1933 945 1977; x_wconf 87' lang='lat' dir='ltr'><strong>subdit:</strong></span> <span class='ocrx_word' id='word_1_262' title='bbox 975 1933 1114 1987; x_wconf 76' lang='lat' dir='ltr'><strong>Pater,</strong></span> <span class='ocrx_word' id='word_1_263' title='bbox 1153 1933 1341 1992; x_wconf 82' lang='lat' dir='ltr'><strong>clarifica</strong></span> <span class='ocrx_word' id='word_1_264' title='bbox 1372 1948 1522 1976; x_wconf 82' lang='lat' dir='ltr'><strong>nomen</strong></span> <span class='ocrx_word' id='word_1_265' title='bbox 1552 1938 1697 1984; x_wconf 82' lang='lat' dir='ltr'><strong>tuum;</strong></span> <span class='ocrx_word' id='word_1_266' title='bbox 1721 1931 1768 1974; x_wconf 92' lang='lat' dir='ltr'><strong>in</strong></span> <span class='ocrx_word' id='word_1_267' title='bbox 1795 1944 1886 1990; x_wconf 92' lang='lat' dir='ltr'><strong>quo</strong></span> <span class='ocrx_word' id='word_1_268' title='bbox 1922 1931 2034 1990; x_wconf 89' lang='lat' dir='ltr'><strong>petit</strong></span> <span class='ocrx_word' id='word_1_269' title='bbox 2058 1930 2255 1991; x_wconf 87' lang='lat' dir='ltr'><strong>gloriam</strong></span> 
     </span>
     <span class='ocr_line' id='line_1_27' title="bbox 289 1998 2257 2059; baseline -0.002 -13"><span class='ocrx_word' id='word_1_270' title='bbox 289 2002 658 2046; x_wconf 90' lang='lat' dir='ltr'><strong>resurrectionis:</strong></span> <span class='ocrx_word' id='word_1_271' title='bbox 702 2003 838 2054; x_wconf 79' lang='lat' dir='ltr'><strong>tertie,</strong></span> <span class='ocrx_word' id='word_1_272' title='bbox 872 2001 992 2059; x_wconf 92' lang='lat' dir='ltr'><strong>quia,</strong></span> <span class='ocrx_word' id='word_1_273' title='bbox 1026 2001 1143 2044; x_wconf 92' lang='lat' dir='ltr'><strong>sicut</strong></span> <span class='ocrx_word' id='word_1_274' title='bbox 1175 2014 1310 2059; x_wconf 90' lang='lat' dir='ltr'><strong>supra</strong></span> <span class='ocrx_word' id='word_1_275' title='bbox 1346 2000 1554 2043; x_wconf 87' lang='lat' dir='ltr'><strong>habitum</strong></span> <span class='ocrx_word' id='word_1_276' title='bbox 1587 2009 1655 2043; x_wconf 91' lang='lat' dir='ltr'><strong>est</strong></span> <span class='ocrx_word' id='word_1_277' title='bbox 1685 2000 1743 2057; x_wconf 88' lang='lat' dir='ltr'><strong>(q.</strong></span> <span class='ocrx_word' id='word_1_278' title='bbox 1773 2012 1838 2058; x_wconf 85' lang='lat'><strong>34.</strong></span> <span class='ocrx_word' id='word_1_279' title='bbox 1871 2004 1953 2044; x_wconf 86' lang='lat' dir='ltr'><strong>art.</strong></span> <span class='ocrx_word' id='word_1_280' title='bbox 1985 1998 2068 2056; x_wconf 87' lang='lat'><strong>4.),</strong></span> <span class='ocrx_word' id='word_1_281' title='bbox 2103 1998 2257 2042; x_wconf 88' lang='lat' dir='ltr'><strong>anima</strong></span> 
     </span>
     <span class='ocr_line' id='line_1_28' title="bbox 291 2064 2254 2128; baseline -0.002 -15"><span class='ocrx_word' id='word_1_282' title='bbox 291 2070 460 2114; x_wconf 91' lang='lat' dir='ltr'><strong>Christi</strong></span> <span class='ocrx_word' id='word_1_283' title='bbox 487 2084 512 2113; x_wconf 88' lang='lat' dir='ltr'><strong>a</strong></span> <span class='ocrx_word' id='word_1_284' title='bbox 539 2068 761 2128; x_wconf 88' lang='lat' dir='ltr'><strong>principio</strong></span> <span class='ocrx_word' id='word_1_285' title='bbox 788 2082 898 2111; x_wconf 87' lang='lat' dir='ltr'><strong>suae</strong></span> <span class='ocrx_word' id='word_1_286' title='bbox 925 2067 1239 2127; x_wconf 89' lang='lat' dir='ltr'><strong>conceptionis</strong></span> <span class='ocrx_word' id='word_1_287' title='bbox 1265 2066 1350 2111; x_wconf 90' lang='lat' dir='ltr'><strong>fuit</strong></span> <span class='ocrx_word' id='word_1_288' title='bbox 1375 2067 1579 2126; x_wconf 87' lang='lat' dir='ltr'><strong>gloriosa</strong></span> <span class='ocrx_word' id='word_1_289' title='bbox 1611 2080 1692 2125; x_wconf 90' lang='lat' dir='ltr'><strong>per</strong></span> <span class='ocrx_word' id='word_1_290' title='bbox 1716 2064 1982 2110; x_wconf 86' lang='lat' dir='ltr'><strong>fruitionem</strong></span> <span class='ocrx_word' id='word_1_291' title='bbox 2009 2065 2254 2110; x_wconf 86' lang='lat' dir='ltr'><strong>divinitatis</strong></span> 
     </span>
     <span class='ocr_line' id='line_1_29' title="bbox 288 2133 2256 2196; baseline -0.002 -14"><span class='ocrx_word' id='word_1_292' title='bbox 288 2137 564 2196; x_wconf 84' lang='lat' dir='ltr'><strong>perfectam:</strong></span> <span class='ocrx_word' id='word_1_293' title='bbox 590 2147 657 2181; x_wconf 90' lang='lat' dir='ltr'><strong>est</strong></span> <span class='ocrx_word' id='word_1_294' title='bbox 684 2146 837 2180; x_wconf 88' lang='lat' dir='ltr'><strong>autem</strong></span> <span class='ocrx_word' id='word_1_295' title='bbox 864 2136 1167 2195; x_wconf 87' lang='lat' dir='ltr'><strong>dispensative</strong></span> <span class='ocrx_word' id='word_1_296' title='bbox 1184 2135 1371 2189; x_wconf 87' lang='lat' dir='ltr'><strong>factum,</strong></span> <span class='ocrx_word' id='word_1_297' title='bbox 1388 2135 1505 2179; x_wconf 91' lang='lat' dir='ltr'><strong>sicut</strong></span> <span class='ocrx_word' id='word_1_298' title='bbox 1521 2148 1659 2193; x_wconf 89' lang='lat' dir='ltr'><strong>supra</strong></span> <span class='ocrx_word' id='word_1_299' title='bbox 1676 2134 1850 2178; x_wconf 89' lang='lat' dir='ltr'><strong>dictum</strong></span> <span class='ocrx_word' id='word_1_300' title='bbox 1866 2143 1935 2178; x_wconf 89' lang='lat' dir='ltr'><strong>est</strong></span> <span class='ocrx_word' id='word_1_301' title='bbox 1952 2133 2011 2193; x_wconf 83' lang='lat' dir='ltr'><strong>(q.</strong></span> <span class='ocrx_word' id='word_1_302' title='bbox 2036 2145 2105 2191; x_wconf 82' lang='lat'><strong>14.</strong></span> <span class='ocrx_word' id='word_1_303' title='bbox 2120 2139 2201 2179; x_wconf 77' lang='lat' dir='ltr'><strong>art.</strong></span> <span class='ocrx_word' id='word_1_304' title='bbox 2218 2149 2256 2180; x_wconf 83' lang='lat'><strong>1.</strong></span> 
     </span>
     <span class='ocr_line' id='line_1_30' title="bbox 289 2200 2256 2262; baseline -0.002 -13"><span class='ocrx_word' id='word_1_305' title='bbox 289 2205 342 2249; x_wconf 86' lang='lat' dir='ltr'><strong>ad</strong></span> <span class='ocrx_word' id='word_1_306' title='bbox 367 2207 447 2262; x_wconf 88' lang='lat'><strong>2.),</strong></span> <span class='ocrx_word' id='word_1_307' title='bbox 471 2214 521 2248; x_wconf 91' lang='lat' dir='ltr'><strong>ut</strong></span> <span class='ocrx_word' id='word_1_308' title='bbox 548 2205 600 2248; x_wconf 89' lang='lat' dir='ltr'><strong>ab</strong></span> <span class='ocrx_word' id='word_1_309' title='bbox 630 2203 784 2247; x_wconf 91' lang='lat' dir='ltr'><strong>anima</strong></span> <span class='ocrx_word' id='word_1_310' title='bbox 801 2202 947 2262; x_wconf 88' lang='lat' dir='ltr'><strong>gloria</strong></span> <span class='ocrx_word' id='word_1_311' title='bbox 972 2217 1066 2246; x_wconf 91' lang='lat' dir='ltr'><strong>non</strong></span> <span class='ocrx_word' id='word_1_312' title='bbox 1084 2203 1358 2247; x_wconf 89' lang='lat' dir='ltr'><strong>redundaret</strong></span> <span class='ocrx_word' id='word_1_313' title='bbox 1383 2203 1429 2246; x_wconf 90' lang='lat' dir='ltr'><strong>in</strong></span> <span class='ocrx_word' id='word_1_314' title='bbox 1453 2216 1633 2261; x_wconf 90' lang='lat' dir='ltr'><strong>corpus,</strong></span> <span class='ocrx_word' id='word_1_315' title='bbox 1652 2202 1707 2245; x_wconf 91' lang='lat' dir='ltr'><strong>ad</strong></span> <span class='ocrx_word' id='word_1_316' title='bbox 1724 2201 1815 2245; x_wconf 91' lang='lat' dir='ltr'><strong>hoc</strong></span> <span class='ocrx_word' id='word_1_317' title='bbox 1835 2200 1959 2260; x_wconf 91' lang='lat' dir='ltr'><strong>quod</strong></span> <span class='ocrx_word' id='word_1_318' title='bbox 1985 2200 2256 2261; x_wconf 75' lang='lat' dir='ltr'><strong>mysterium</strong></span> 
     </span>
     <span class='ocr_line' id='line_1_31' title="bbox 287 2267 2255 2330; baseline -0.002 -14"><span class='ocrx_word' id='word_1_319' title='bbox 287 2283 472 2316; x_wconf 88' lang='lat' dir='ltr'><strong>nostrae</strong></span> <span class='ocrx_word' id='word_1_320' title='bbox 498 2271 824 2330; x_wconf 87' lang='lat' dir='ltr'><strong>redemptionis</strong></span> <span class='ocrx_word' id='word_1_321' title='bbox 851 2285 932 2314; x_wconf 89' lang='lat' dir='ltr'><strong>sua</strong></span> <span class='ocrx_word' id='word_1_322' title='bbox 959 2271 1171 2329; x_wconf 89' lang='lat' dir='ltr'><strong>passione</strong></span> <span class='ocrx_word' id='word_1_323' title='bbox 1203 2269 1444 2329; x_wconf 84' lang='lat' dir='ltr'><strong>impleret3</strong></span> <span class='ocrx_word' id='word_1_324' title='bbox 1473 2279 1517 2313; x_wconf 90' lang='lat' dir='ltr'><strong>et</strong></span> <span class='ocrx_word' id='word_1_325' title='bbox 1547 2269 1668 2322; x_wconf 90' lang='lat' dir='ltr'><strong>ideo,</strong></span> <span class='ocrx_word' id='word_1_326' title='bbox 1700 2278 1886 2328; x_wconf 89' lang='lat' dir='ltr'><strong>peracto</strong></span> <span class='ocrx_word' id='word_1_327' title='bbox 1912 2268 2004 2312; x_wconf 90' lang='lat' dir='ltr'><strong>hoc</strong></span> <span class='ocrx_word' id='word_1_328' title='bbox 2035 2267 2255 2328; x_wconf 81' lang='lat' dir='ltr'><strong>mysterio</strong></span> 
     </span>
     <span class='ocr_line' id='line_1_32' title="bbox 287 2334 2255 2398; baseline -0.002 -15"><span class='ocrx_word' id='word_1_329' title='bbox 287 2339 527 2398; x_wconf 87' lang='lat' dir='ltr'><strong>passionis,</strong></span> <span class='ocrx_word' id='word_1_330' title='bbox 544 2348 590 2382; x_wconf 90' lang='lat' dir='ltr'><strong>et</strong></span> <span class='ocrx_word' id='word_1_331' title='bbox 600 2338 760 2382; x_wconf 89' lang='lat' dir='ltr'><strong>mortis</strong></span> <span class='ocrx_word' id='word_1_332' title='bbox 781 2337 966 2391; x_wconf 89' lang='lat' dir='ltr'><strong>Christi,</strong></span> <span class='ocrx_word' id='word_1_333' title='bbox 985 2337 1137 2381; x_wconf 89' lang='lat' dir='ltr'><strong>statim</strong></span> <span class='ocrx_word' id='word_1_334' title='bbox 1150 2337 1303 2381; x_wconf 87' lang='lat' dir='ltr'><strong>anima</strong></span> <span class='ocrx_word' id='word_1_335' title='bbox 1320 2337 1367 2380; x_wconf 90' lang='lat' dir='ltr'><strong>in</strong></span> <span class='ocrx_word' id='word_1_336' title='bbox 1385 2350 1550 2396; x_wconf 91' lang='lat' dir='ltr'><strong>corpus</strong></span> <span class='ocrx_word' id='word_1_337' title='bbox 1567 2337 1613 2380; x_wconf 91' lang='lat' dir='ltr'><strong>in</strong></span> <span class='ocrx_word' id='word_1_338' title='bbox 1626 2334 1959 2380; x_wconf 88' lang='lat' dir='ltr'><strong>resurrectione</strong></span> <span class='ocrx_word' id='word_1_339' title='bbox 1969 2344 2255 2395; x_wconf 85' lang='lat' dir='ltr'><strong>resumptum</strong></span> 
     </span>
     <span class='ocr_line' id='line_1_33' title="bbox 288 2401 1992 2464; baseline -0.002 -14"><span class='ocrx_word' id='word_1_340' title='bbox 288 2420 420 2450; x_wconf 88' lang='lat' dir='ltr'><strong>suam</strong></span> <span class='ocrx_word' id='word_1_341' title='bbox 448 2405 643 2464; x_wconf 85' lang='lat' dir='ltr'><strong>gloriam</strong></span> <span class='ocrx_word' id='word_1_342' title='bbox 669 2405 915 2448; x_wconf 89' lang='lat' dir='ltr'><strong>derivavit:</strong></span> <span class='ocrx_word' id='word_1_343' title='bbox 945 2414 988 2448; x_wconf 93' lang='lat' dir='ltr'><strong>et</strong></span> <span class='ocrx_word' id='word_1_344' title='bbox 1014 2404 1077 2448; x_wconf 88' lang='lat' dir='ltr'><strong>ita</strong></span> <span class='ocrx_word' id='word_1_345' title='bbox 1103 2403 1277 2448; x_wconf 87' lang='lat' dir='ltr'><strong>factum</strong></span> <span class='ocrx_word' id='word_1_346' title='bbox 1304 2412 1371 2448; x_wconf 90' lang='lat' dir='ltr'><strong>est</strong></span> <span class='ocrx_word' id='word_1_347' title='bbox 1393 2418 1557 2462; x_wconf 90' lang='lat' dir='ltr'><strong>corpus</strong></span> <span class='ocrx_word' id='word_1_348' title='bbox 1584 2402 1696 2447; x_wconf 92' lang='lat' dir='ltr'><strong>illud</strong></span> <span class='ocrx_word' id='word_1_349' title='bbox 1723 2401 1992 2461; x_wconf 87' lang='lat' dir='ltr'><strong>gloriosum.</strong></span> 
     </span>
    </p>

    <p class='ocr_par' dir='ltr' id='par_1_7' title="bbox 287 2468 2257 3137">
     <span class='ocr_line' id='line_1_34' title="bbox 378 2468 2257 2530; baseline -0.002 -13"><span class='ocrx_word' id='word_1_350' title='bbox 378 2473 455 2517; x_wconf 89' lang='lat' dir='ltr'><strong>AD</strong></span> <span class='ocrx_word' id='word_1_351' title='bbox 481 2485 670 2517; x_wconf 80' lang='lat' dir='ltr'>PRIMUM</span> <span class='ocrx_word' id='word_1_352' title='bbox 710 2485 820 2530; x_wconf 88' lang='lat' dir='ltr'><strong>ergo</strong></span> <span class='ocrx_word' id='word_1_353' title='bbox 849 2471 1110 2525; x_wconf 89' lang='lat' dir='ltr'><strong>dicendum,</strong></span> <span class='ocrx_word' id='word_1_354' title='bbox 1148 2471 1271 2530; x_wconf 92' lang='lat' dir='ltr'><strong>quod</strong></span> <span class='ocrx_word' id='word_1_355' title='bbox 1298 2484 1438 2515; x_wconf 91' lang='lat' dir='ltr'><strong>omne</strong></span> <span class='ocrx_word' id='word_1_356' title='bbox 1465 2470 1588 2529; x_wconf 91' lang='lat' dir='ltr'><strong>quod</strong></span> <span class='ocrx_word' id='word_1_357' title='bbox 1624 2469 1840 2528; x_wconf 89' lang='lat' dir='ltr'><strong>recipitur</strong></span> <span class='ocrx_word' id='word_1_358' title='bbox 1873 2469 1920 2513; x_wconf 91' lang='lat' dir='ltr'><strong>in</strong></span> <span class='ocrx_word' id='word_1_359' title='bbox 1953 2468 2122 2529; x_wconf 88' lang='lat' dir='ltr'><strong>aliquo,</strong></span> <span class='ocrx_word' id='word_1_360' title='bbox 2146 2468 2257 2519; x_wconf 78' lang='lat' dir='ltr'><strong>reci-</strong></span> 
     </span>
     <span class='ocr_line' id='line_1_35' title="bbox 288 2536 2257 2600; baseline -0.002 -16"><span class='ocrx_word' id='word_1_361' title='bbox 288 2540 408 2600; x_wconf 88' lang='lat' dir='ltr'><strong>pitur</strong></span> <span class='ocrx_word' id='word_1_362' title='bbox 432 2540 479 2583; x_wconf 91' lang='lat' dir='ltr'><strong>in</strong></span> <span class='ocrx_word' id='word_1_363' title='bbox 507 2553 562 2584; x_wconf 92' lang='lat' dir='ltr'><strong>eo</strong></span> <span class='ocrx_word' id='word_1_364' title='bbox 589 2539 842 2583; x_wconf 90' lang='lat' dir='ltr'><strong>secundum</strong></span> <span class='ocrx_word' id='word_1_365' title='bbox 874 2539 1067 2582; x_wconf 90' lang='lat' dir='ltr'><strong>modum</strong></span> <span class='ocrx_word' id='word_1_366' title='bbox 1099 2539 1387 2598; x_wconf 88' lang='lat' dir='ltr'><strong>recipientis;</strong></span> <span class='ocrx_word' id='word_1_367' title='bbox 1421 2538 1527 2596; x_wconf 89' lang='lat' dir='ltr'><strong>quia</strong></span> <span class='ocrx_word' id='word_1_368' title='bbox 1557 2537 1694 2596; x_wconf 88' lang='lat' dir='ltr'><strong>igitur</strong></span> <span class='ocrx_word' id='word_1_369' title='bbox 1726 2536 1874 2595; x_wconf 88' lang='lat' dir='ltr'><strong>gloria</strong></span> <span class='ocrx_word' id='word_1_370' title='bbox 1906 2537 2112 2596; x_wconf 85' lang='lat' dir='ltr'><strong>corporis</strong></span> <span class='ocrx_word' id='word_1_371' title='bbox 2143 2536 2257 2581; x_wconf 80' lang='lat' dir='ltr'><strong>deri-</strong></span> 
     </span>
     <span class='ocr_line' id='line_1_36' title="bbox 287 2600 2253 2664; baseline -0.002 -12"><span class='ocrx_word' id='word_1_372' title='bbox 287 2618 420 2652; x_wconf 90' lang='lat' dir='ltr'><strong>vatur</strong></span> <span class='ocrx_word' id='word_1_373' title='bbox 437 2607 490 2650; x_wconf 91' lang='lat' dir='ltr'><strong>ab</strong></span> <span class='ocrx_word' id='word_1_374' title='bbox 518 2606 685 2661; x_wconf 83' lang='lat' dir='ltr'><strong>anima,</strong></span> <span class='ocrx_word' id='word_1_375' title='bbox 704 2617 752 2649; x_wconf 92' lang='lat' dir='ltr'><strong>ut</strong></span> <span class='ocrx_word' id='word_1_376' title='bbox 770 2606 964 2664; x_wconf 87' lang='lat' dir='ltr'><strong>August.</strong></span> <span class='ocrx_word' id='word_1_377' title='bbox 985 2606 1157 2654; x_wconf 86' lang='lat' dir='ltr'><strong>dicitin</strong></span> <span class='ocrx_word' id='word_1_378' title='bbox 1182 2606 1309 2664; x_wconf 91' lang='lat' dir='ltr'><strong>epist.</strong></span> <span class='ocrx_word' id='word_1_379' title='bbox 1329 2606 1384 2649; x_wconf 91' lang='lat' dir='ltr'><strong>ad</strong></span> <span class='ocrx_word' id='word_1_380' title='bbox 1400 2605 1679 2648; x_wconf 90' lang='lat' dir='ltr'><strong>Dioscorum</strong></span> <span class='ocrx_word' id='word_1_381' title='bbox 1696 2600 1821 2663; x_wconf 75' lang='lat' dir='ltr'><strong>(quae</strong></span> <span class='ocrx_word' id='word_1_382' title='bbox 1842 2610 1899 2649; x_wconf 76' lang='lat' dir='ltr'><strong>est</strong></span> <span class='ocrx_word' id='word_1_383' title='bbox 1913 2604 1982 2664; x_wconf 87' lang='lat'><strong>56.</strong></span> <span class='ocrx_word' id='word_1_384' title='bbox 2001 2609 2095 2649; x_wconf 66' lang='lat' dir='ltr'><strong>ante</strong></span> <span class='ocrx_word' id='word_1_385' title='bbox 2109 2603 2253 2663; x_wconf 71' lang='lat' dir='ltr'><strong>mod),</strong></span> 
     </span>
     <span class='ocr_line' id='line_1_37' title="bbox 287 2670 2253 2734; baseline -0.001 -16"><span class='ocrx_word' id='word_1_386' title='bbox 287 2674 454 2734; x_wconf 87' lang='lat' dir='ltr'><strong>fulgor,</strong></span> <span class='ocrx_word' id='word_1_387' title='bbox 481 2688 561 2718; x_wconf 93' lang='lat' dir='ltr'><strong>seu</strong></span> <span class='ocrx_word' id='word_1_388' title='bbox 589 2673 768 2717; x_wconf 87' lang='lat' dir='ltr'><strong>claritas</strong></span> <span class='ocrx_word' id='word_1_389' title='bbox 797 2675 1000 2731; x_wconf 89' lang='lat' dir='ltr'><strong>corporis</strong></span> <span class='ocrx_word' id='word_1_390' title='bbox 1028 2673 1216 2732; x_wconf 88' lang='lat' dir='ltr'><strong>gloriosi</strong></span> <span class='ocrx_word' id='word_1_391' title='bbox 1243 2683 1311 2717; x_wconf 90' lang='lat' dir='ltr'><strong>est</strong></span> <span class='ocrx_word' id='word_1_392' title='bbox 1332 2673 1586 2716; x_wconf 89' lang='lat' dir='ltr'><strong>secundum</strong></span> <span class='ocrx_word' id='word_1_393' title='bbox 1609 2671 1815 2716; x_wconf 88' lang='lat' dir='ltr'><strong>colorem</strong></span> <span class='ocrx_word' id='word_1_394' title='bbox 1832 2672 2040 2716; x_wconf 85' lang='lat' dir='ltr'><strong>humano</strong></span> <span class='ocrx_word' id='word_1_395' title='bbox 2066 2670 2253 2731; x_wconf 80' lang='lat' dir='ltr'><strong>corpori</strong></span> 
     </span>
     <span class='ocr_line' id='line_1_38' title="bbox 287 2737 2256 2798; baseline -0.001 -12"><span class='ocrx_word' id='word_1_396' title='bbox 287 2741 567 2794; x_wconf 84' lang='lat' dir='ltr'><strong>naturalem3</strong></span> <span class='ocrx_word' id='word_1_397' title='bbox 595 2740 710 2784; x_wconf 92' lang='lat' dir='ltr'><strong>sicut</strong></span> <span class='ocrx_word' id='word_1_398' title='bbox 742 2740 910 2782; x_wconf 90' lang='lat' dir='ltr'><strong>vitrum</strong></span> <span class='ocrx_word' id='word_1_399' title='bbox 943 2740 1248 2784; x_wconf 87' lang='lat' dir='ltr'><strong>diversimode</strong></span> <span class='ocrx_word' id='word_1_400' title='bbox 1276 2740 1534 2784; x_wconf 90' lang='lat' dir='ltr'><strong>coloratum</strong></span> <span class='ocrx_word' id='word_1_401' title='bbox 1562 2739 1722 2798; x_wconf 90' lang='lat' dir='ltr'><strong>recipit</strong></span> <span class='ocrx_word' id='word_1_402' title='bbox 1752 2738 2045 2798; x_wconf 89' lang='lat' dir='ltr'><strong>splendorem</strong></span> <span class='ocrx_word' id='word_1_403' title='bbox 2076 2739 2132 2783; x_wconf 67' lang='lat' dir='ltr'><strong>ex</strong></span> <span class='ocrx_word' id='word_1_404' title='bbox 2156 2737 2256 2784; x_wconf 87' lang='lat' dir='ltr'><strong>inu-</strong></span> 
     </span>
     <span class='ocr_line' id='line_1_39' title="bbox 289 2805 2256 2865; baseline -0.002 -12"><span class='ocrx_word' id='word_1_405' title='bbox 289 2810 507 2853; x_wconf 88' lang='lat' dir='ltr'><strong>stratione</strong></span> <span class='ocrx_word' id='word_1_406' title='bbox 535 2807 658 2860; x_wconf 89' lang='lat' dir='ltr'><strong>solis,</strong></span> <span class='ocrx_word' id='word_1_407' title='bbox 686 2806 938 2850; x_wconf 87' lang='lat' dir='ltr'><strong>secundum</strong></span> <span class='ocrx_word' id='word_1_408' title='bbox 966 2807 1157 2850; x_wconf 90' lang='lat' dir='ltr'><strong>modum</strong></span> <span class='ocrx_word' id='word_1_409' title='bbox 1176 2807 1245 2851; x_wconf 90' lang='lat' dir='ltr'><strong>sui</strong></span> <span class='ocrx_word' id='word_1_410' title='bbox 1264 2807 1458 2852; x_wconf 89' lang='lat' dir='ltr'><strong>coloris:</strong></span> <span class='ocrx_word' id='word_1_411' title='bbox 1481 2807 1597 2850; x_wconf 90' lang='lat' dir='ltr'><strong>sicut</strong></span> <span class='ocrx_word' id='word_1_412' title='bbox 1615 2817 1769 2850; x_wconf 89' lang='lat' dir='ltr'><strong>autem</strong></span> <span class='ocrx_word' id='word_1_413' title='bbox 1790 2806 1836 2850; x_wconf 88' lang='lat' dir='ltr'><strong>in</strong></span> <span class='ocrx_word' id='word_1_414' title='bbox 1859 2812 2084 2865; x_wconf 78' lang='lat' dir='ltr'><strong>potestate</strong></span> <span class='ocrx_word' id='word_1_415' title='bbox 2108 2805 2256 2850; x_wconf 89' lang='lat' dir='ltr'><strong>homi-</strong></span> 
     </span>
     <span class='ocr_line' id='line_1_40' title="bbox 289 2874 2254 2935; baseline -0.001 -15"><span class='ocrx_word' id='word_1_416' title='bbox 289 2877 359 2921; x_wconf 92' lang='lat' dir='ltr'><strong>nis</strong></span> <span class='ocrx_word' id='word_1_417' title='bbox 386 2874 629 2935; x_wconf 87' lang='lat' dir='ltr'><strong>glorificati</strong></span> <span class='ocrx_word' id='word_1_418' title='bbox 654 2884 735 2926; x_wconf 89' lang='lat' dir='ltr'><strong>est,</strong></span> <span class='ocrx_word' id='word_1_419' title='bbox 763 2884 811 2917; x_wconf 93' lang='lat' dir='ltr'><strong>ut</strong></span> <span class='ocrx_word' id='word_1_420' title='bbox 838 2887 1002 2932; x_wconf 90' lang='lat' dir='ltr'><strong>corpus</strong></span> <span class='ocrx_word' id='word_1_421' title='bbox 1029 2875 1123 2932; x_wconf 84' lang='lat' dir='ltr'><strong>ejus</strong></span> <span class='ocrx_word' id='word_1_422' title='bbox 1141 2875 1362 2930; x_wconf 87' lang='lat' dir='ltr'><strong>videatur,</strong></span> <span class='ocrx_word' id='word_1_423' title='bbox 1387 2874 1463 2919; x_wconf 92' lang='lat' dir='ltr'><strong>vel</strong></span> <span class='ocrx_word' id='word_1_424' title='bbox 1485 2888 1578 2918; x_wconf 91' lang='lat' dir='ltr'><strong>non</strong></span> <span class='ocrx_word' id='word_1_425' title='bbox 1604 2874 1824 2928; x_wconf 85' lang='lat' dir='ltr'><strong>videatur,</strong></span> <span class='ocrx_word' id='word_1_426' title='bbox 1850 2875 1967 2919; x_wconf 84' lang='lat' dir='ltr'><strong>sicut</strong></span> <span class='ocrx_word' id='word_1_427' title='bbox 1992 2874 2164 2919; x_wconf 88' lang='lat' dir='ltr'><strong>dictum</strong></span> <span class='ocrx_word' id='word_1_428' title='bbox 2186 2883 2254 2919; x_wconf 84' lang='lat' dir='ltr'><strong>est</strong></span> 
     </span>
     <span class='ocr_line' id='line_1_41' title="bbox 290 2940 2252 3002; baseline -0.002 -14"><span class='ocrx_word' id='word_1_429' title='bbox 290 2945 392 3002; x_wconf 85' lang='lat' dir='ltr'><strong>(art.</strong></span> <span class='ocrx_word' id='word_1_430' title='bbox 416 2959 449 2989; x_wconf 86' lang='lat'><strong>1.</strong></span> <span class='ocrx_word' id='word_1_431' title='bbox 477 2942 567 3001; x_wconf 81' lang='lat' dir='ltr'><strong>huj.</strong></span> <span class='ocrx_word' id='word_1_432' title='bbox 590 2956 628 3000; x_wconf 87' lang='lat' dir='ltr'><strong>q.</strong></span> <span class='ocrx_word' id='word_1_433' title='bbox 653 2940 706 2984; x_wconf 83' lang='lat' dir='ltr'><strong>ad</strong></span> <span class='ocrx_word' id='word_1_434' title='bbox 722 2942 782 2997; x_wconf 89' lang='lat'><strong>2.)</strong></span> <span class='ocrx_word' id='word_1_435' title='bbox 798 2956 814 2996; x_wconf 93' lang='lat'><strong>,·</strong></span> <span class='ocrx_word' id='word_1_436' title='bbox 833 2941 894 2984; x_wconf 87' lang='lat' dir='ltr'><strong>ita</strong></span> <span class='ocrx_word' id='word_1_437' title='bbox 921 2940 966 2983; x_wconf 92' lang='lat' dir='ltr'><strong>in</strong></span> <span class='ocrx_word' id='word_1_438' title='bbox 990 2951 1212 2998; x_wconf 90' lang='lat' dir='ltr'><strong>potestate</strong></span> <span class='ocrx_word' id='word_1_439' title='bbox 1241 2943 1336 3000; x_wconf 87' lang='lat' dir='ltr'><strong>ejus</strong></span> <span class='ocrx_word' id='word_1_440' title='bbox 1360 2951 1440 2995; x_wconf 86' lang='lat' dir='ltr'><strong>est,</strong></span> <span class='ocrx_word' id='word_1_441' title='bbox 1465 2941 1586 3000; x_wconf 92' lang='lat' dir='ltr'><strong>quod</strong></span> <span class='ocrx_word' id='word_1_442' title='bbox 1615 2940 1794 2985; x_wconf 89' lang='lat' dir='ltr'><strong>claritas</strong></span> <span class='ocrx_word' id='word_1_443' title='bbox 1817 2942 1913 3000; x_wconf 72' lang='lat' dir='ltr'><strong>eius</strong></span> <span class='ocrx_word' id='word_1_444' title='bbox 1939 2941 2158 2996; x_wconf 85' lang='lat' dir='ltr'><strong>videatur,</strong></span> <span class='ocrx_word' id='word_1_445' title='bbox 2179 2940 2252 2986; x_wconf 84' lang='lat' dir='ltr'><strong>vel</strong></span> 
     </span>
     <span class='ocr_line' id='line_1_42' title="bbox 289 3007 2252 3067; baseline -0.001 -13"><span class='ocrx_word' id='word_1_446' title='bbox 289 3025 383 3055; x_wconf 92' lang='lat' dir='ltr'><strong>non</strong></span> <span class='ocrx_word' id='word_1_447' title='bbox 404 3010 633 3063; x_wconf 83' lang='lat' dir='ltr'><strong>videatur3</strong></span> <span class='ocrx_word' id='word_1_448' title='bbox 661 3008 780 3052; x_wconf 90' lang='lat' dir='ltr'><strong>unde</strong></span> <span class='ocrx_word' id='word_1_449' title='bbox 804 3016 956 3066; x_wconf 90' lang='lat' dir='ltr'><strong>potest</strong></span> <span class='ocrx_word' id='word_1_450' title='bbox 981 3007 1026 3050; x_wconf 90' lang='lat' dir='ltr'><strong>in</strong></span> <span class='ocrx_word' id='word_1_451' title='bbox 1059 3022 1142 3051; x_wconf 92' lang='lat' dir='ltr'><strong>suo</strong></span> <span class='ocrx_word' id='word_1_452' title='bbox 1171 3008 1326 3052; x_wconf 90' lang='lat' dir='ltr'><strong>colore</strong></span> <span class='ocrx_word' id='word_1_453' title='bbox 1354 3009 1450 3052; x_wconf 91' lang='lat' dir='ltr'><strong>sine</strong></span> <span class='ocrx_word' id='word_1_454' title='bbox 1478 3008 1628 3067; x_wconf 90' lang='lat' dir='ltr'><strong>aliqua</strong></span> <span class='ocrx_word' id='word_1_455' title='bbox 1662 3008 1866 3054; x_wconf 80' lang='lat' dir='ltr'><strong>claritate</strong></span> <span class='ocrx_word' id='word_1_456' title='bbox 1898 3008 2065 3063; x_wconf 85' lang='lat' dir='ltr'><strong>videri;</strong></span> <span class='ocrx_word' id='word_1_457' title='bbox 2086 3017 2132 3054; x_wconf 88' lang='lat' dir='ltr'><strong>et</strong></span> <span class='ocrx_word' id='word_1_458' title='bbox 2159 3008 2252 3054; x_wconf 87' lang='lat' dir='ltr'><strong>hoc</strong></span> 
     </span>
     <span class='ocr_line' id='line_1_43' title="bbox 290 3077 1991 3137; baseline 0.001 -15"><span class='ocrx_word' id='word_1_459' title='bbox 290 3079 432 3123; x_wconf 91' lang='lat' dir='ltr'><strong>modo</strong></span> <span class='ocrx_word' id='word_1_460' title='bbox 462 3078 671 3122; x_wconf 91' lang='lat' dir='ltr'><strong>Christus</strong></span> <span class='ocrx_word' id='word_1_461' title='bbox 698 3078 789 3121; x_wconf 88' lang='lat' dir='ltr'><strong>suis</strong></span> <span class='ocrx_word' id='word_1_462' title='bbox 817 3077 1049 3135; x_wconf 87' lang='lat' dir='ltr'><strong>discipulis</strong></span> <span class='ocrx_word' id='word_1_463' title='bbox 1077 3086 1179 3135; x_wconf 92' lang='lat' dir='ltr'><strong>post</strong></span> <span class='ocrx_word' id='word_1_464' title='bbox 1205 3078 1587 3122; x_wconf 88' lang='lat' dir='ltr'><strong>resurrectionem</strong></span> <span class='ocrx_word' id='word_1_465' title='bbox 1614 3092 1744 3122; x_wconf 88' lang='lat' dir='ltr'><strong>suam</strong></span> <span class='ocrx_word' id='word_1_466' title='bbox 1772 3079 1991 3137; x_wconf 78' lang='lat' dir='ltr'><strong>apparuit.</strong></span> 
     </span>
    </p>

    <p class='ocr_par' dir='ltr' id='par_1_8' title="bbox 288 3143 2254 3406">
     <span class='ocr_line' id='line_1_44' title="bbox 379 3143 2252 3205; baseline 0.001 -16"><span class='ocrx_word' id='word_1_467' title='bbox 379 3146 454 3189; x_wconf 84' lang='lat' dir='ltr'><strong>AD</strong></span> <span class='ocrx_word' id='word_1_468' title='bbox 474 3157 734 3190; x_wconf 74' lang='lat' dir='ltr'>SECUNDUM</span> <span class='ocrx_word' id='word_1_469' title='bbox 762 3144 1021 3196; x_wconf 85' lang='lat' dir='ltr'><strong>dicendum,</strong></span> <span class='ocrx_word' id='word_1_470' title='bbox 1049 3144 1171 3201; x_wconf 91' lang='lat' dir='ltr'><strong>quod</strong></span> <span class='ocrx_word' id='word_1_471' title='bbox 1195 3158 1359 3202; x_wconf 88' lang='lat' dir='ltr'><strong>corpus</strong></span> <span class='ocrx_word' id='word_1_472' title='bbox 1388 3145 1571 3203; x_wconf 88' lang='lat' dir='ltr'><strong>aliquod</strong></span> <span class='ocrx_word' id='word_1_473' title='bbox 1592 3145 1755 3189; x_wconf 89' lang='lat' dir='ltr'><strong>dicitur</strong></span> <span class='ocrx_word' id='word_1_474' title='bbox 1771 3159 1870 3189; x_wconf 91' lang='lat' dir='ltr'><strong>esse</strong></span> <span class='ocrx_word' id='word_1_475' title='bbox 1892 3143 2134 3205; x_wconf 86' lang='lat' dir='ltr'><strong>palpabile,</strong></span> <span class='ocrx_word' id='word_1_476' title='bbox 2154 3158 2252 3191; x_wconf 81' lang='lat' dir='ltr'><strong>non</strong></span> 
     </span>
     <span class='ocr_line' id='line_1_45' title="bbox 288 3211 2252 3271; baseline 0.001 -13"><span class='ocrx_word' id='word_1_477' title='bbox 288 3212 440 3258; x_wconf 88' lang='lat' dir='ltr'><strong>solum</strong></span> <span class='ocrx_word' id='word_1_478' title='bbox 466 3213 643 3257; x_wconf 89' lang='lat' dir='ltr'><strong>ratione</strong></span> <span class='ocrx_word' id='word_1_479' title='bbox 677 3211 971 3266; x_wconf 88' lang='lat' dir='ltr'><strong>resistentiae,</strong></span> <span class='ocrx_word' id='word_1_480' title='bbox 1005 3211 1080 3255; x_wconf 92' lang='lat' dir='ltr'><strong>sed</strong></span> <span class='ocrx_word' id='word_1_481' title='bbox 1110 3212 1284 3255; x_wconf 84' lang='lat' dir='ltr'><strong>ratione</strong></span> <span class='ocrx_word' id='word_1_482' title='bbox 1312 3226 1420 3256; x_wconf 86' lang='lat' dir='ltr'><strong>suae</strong></span> <span class='ocrx_word' id='word_1_483' title='bbox 1452 3213 1766 3271; x_wconf 88' lang='lat' dir='ltr'><strong>spissitudinis.</strong></span> <span class='ocrx_word' id='word_1_484' title='bbox 1799 3213 1871 3258; x_wconf 89' lang='lat' dir='ltr'><strong>Ad</strong></span> <span class='ocrx_word' id='word_1_485' title='bbox 1904 3216 2056 3258; x_wconf 86' lang='lat' dir='ltr'><strong>rarum</strong></span> <span class='ocrx_word' id='word_1_486' title='bbox 2084 3223 2252 3270; x_wconf 87' lang='lat' dir='ltr'><strong>autem,</strong></span> 
     </span>
     <span class='ocr_line' id='line_1_46' title="bbox 289 3278 2254 3340; baseline 0.002 -16"><span class='ocrx_word' id='word_1_487' title='bbox 289 3291 333 3324; x_wconf 87' lang='lat' dir='ltr'><strong>et</strong></span> <span class='ocrx_word' id='word_1_488' title='bbox 359 3281 555 3339; x_wconf 90' lang='lat' dir='ltr'><strong>spissum</strong></span> <span class='ocrx_word' id='word_1_489' title='bbox 578 3288 827 3339; x_wconf 89' lang='lat' dir='ltr'><strong>sequuntur</strong></span> <span class='ocrx_word' id='word_1_490' title='bbox 853 3292 1004 3337; x_wconf 89' lang='lat' dir='ltr'><strong>grave,</strong></span> <span class='ocrx_word' id='word_1_491' title='bbox 1033 3288 1076 3322; x_wconf 89' lang='lat' dir='ltr'><strong>et</strong></span> <span class='ocrx_word' id='word_1_492' title='bbox 1099 3278 1211 3332; x_wconf 88' lang='lat' dir='ltr'><strong>leve,</strong></span> <span class='ocrx_word' id='word_1_493' title='bbox 1240 3279 1452 3333; x_wconf 86' lang='lat' dir='ltr'><strong>calidum,</strong></span> <span class='ocrx_word' id='word_1_494' title='bbox 1481 3290 1524 3323; x_wconf 90' lang='lat' dir='ltr'><strong>et</strong></span> <span class='ocrx_word' id='word_1_495' title='bbox 1549 3279 1779 3339; x_wconf 90' lang='lat' dir='ltr'><strong>frigidum,</strong></span> <span class='ocrx_word' id='word_1_496' title='bbox 1811 3290 1855 3325; x_wconf 90' lang='lat' dir='ltr'><strong>et</strong></span> <span class='ocrx_word' id='word_1_497' title='bbox 1881 3279 1968 3325; x_wconf 83' lang='lat' dir='ltr'><strong>alia</strong></span> <span class='ocrx_word' id='word_1_498' title='bbox 1990 3280 2254 3340; x_wconf 82' lang='lat' dir='ltr'><strong>hujusmodi</strong></span> 
     </span>
     <span class='ocr_line' id='line_1_47' title="bbox 290 3345 2252 3406; baseline 0.001 -15"><span class='ocrx_word' id='word_1_499' title='bbox 290 3348 531 3403; x_wconf 87' lang='lat' dir='ltr'><strong>contraria,</strong></span> <span class='ocrx_word' id='word_1_500' title='bbox 576 3359 692 3406; x_wconf 91' lang='lat' dir='ltr'><strong>quae</strong></span> <span class='ocrx_word' id='word_1_501' title='bbox 725 3356 828 3390; x_wconf 90' lang='lat' dir='ltr'><strong>sunt</strong></span> <span class='ocrx_word' id='word_1_502' title='bbox 860 3345 1078 3404; x_wconf 88' lang='lat' dir='ltr'><strong>principia</strong></span> <span class='ocrx_word' id='word_1_503' title='bbox 1113 3345 1416 3403; x_wconf 88' lang='lat' dir='ltr'><strong>corruptionis</strong></span> <span class='ocrx_word' id='word_1_504' title='bbox 1450 3361 1694 3405; x_wconf 90' lang='lat' dir='ltr'><strong>corporum</strong></span> <span class='ocrx_word' id='word_1_505' title='bbox 1728 3347 2098 3402; x_wconf 69' lang='lat' dir='ltr'><strong>elementarium3</strong></span> <span class='ocrx_word' id='word_1_506' title='bbox 2133 3347 2252 3393; x_wconf 90' lang='lat' dir='ltr'><strong>unde</strong></span> 
     </span>
    </p>
   </div>
   <div class='ocr_carea' id='block_1_3' title="bbox 2322 2813 2352 3396">
    <p class='ocr_par' dir='ltr' id='par_1_9' title="bbox 2322 2813 2352 3396">
     <span class='ocr_line' id='line_1_48' title="bbox 2322 2813 2352 3396; textangle 90"><span class='ocrx_word' id='word_1_507' title='bbox 2322 3095 2352 3396; x_wconf 50' lang='lat' dir='ltr'><strong>*rffmstff</strong></span> <span class='ocrx_word' id='word_1_508' title='bbox 2350 3085 2352 3089; x_wconf 80' lang='grc'><strong>,</strong></span> <span class='ocrx_word' id='word_1_509' title='bbox 2346 3071 2352 3078; x_wconf 71' lang='lat'>„</span> <span class='ocrx_word' id='word_1_510' title='bbox 2334 2993 2352 3065; x_wconf 37' lang='grc' dir='ltr'><strong>..η-»μ-</strong></span> <span class='ocrx_word' id='word_1_511' title='bbox 2341 2886 2352 2927; x_wconf 60' lang='lat' dir='ltr'><strong>m.</strong></span> <span class='ocrx_word' id='word_1_512' title='bbox 2336 2859 2352 2867; x_wconf 54' lang='grc' dir='ltr'>ε</span> <span class='ocrx_word' id='word_1_513' title='bbox 2343 2813 2352 2851; x_wconf 51' lang='grc' dir='ltr'><strong>Μ.</strong></span> 
     </span>
    </p>
   </div>
   <div class='ocr_carea' id='block_1_4' title="bbox 290 3411 2252 3474">
    <p class='ocr_par' dir='ltr' id='par_1_10' title="bbox 290 3399 2344 3474">
     <span class='ocr_line' id='line_1_49' title="bbox 290 3411 2252 3474; baseline 0.001 -16"><span class='ocrx_word' id='word_1_514' title='bbox 290 3429 469 3473; x_wconf 88' lang='lat' dir='ltr'><strong>corpus,</strong></span> <span class='ocrx_word' id='word_1_515' title='bbox 505 3414 627 3474; x_wconf 91' lang='lat' dir='ltr'><strong>quod</strong></span> <span class='ocrx_word' id='word_1_516' title='bbox 663 3423 730 3457; x_wconf 89' lang='lat' dir='ltr'><strong>est</strong></span> <span class='ocrx_word' id='word_1_517' title='bbox 762 3411 986 3472; x_wconf 88' lang='lat' dir='ltr'><strong>palpabile</strong></span> <span class='ocrx_word' id='word_1_518' title='bbox 1028 3412 1233 3455; x_wconf 87' lang='lat' dir='ltr'><strong>humano</strong></span> <span class='ocrx_word' id='word_1_519' title='bbox 1276 3422 1415 3465; x_wconf 86' lang='lat' dir='ltr'><strong>tactu,</strong></span> <span class='ocrx_word' id='word_1_520' title='bbox 1453 3423 1520 3457; x_wconf 87' lang='lat' dir='ltr'><strong>est</strong></span> <span class='ocrx_word' id='word_1_521' title='bbox 1560 3413 1825 3459; x_wconf 87' lang='lat' dir='ltr'><strong>naturaliter</strong></span> <span class='ocrx_word' id='word_1_522' title='bbox 1860 3414 2173 3474; x_wconf 81' lang='lat' dir='ltr'><strong>corruptibile3</strong></span> <span class='ocrx_word' id='word_1_523' title='bbox 2212 3414 2252 3459; x_wconf 86' lang='lat' dir='ltr'><strong>si</strong></span> 
     </span>
    </p>
   </div>
   <div class='ocr_carea' id='block_1_5' title="bbox 289 3480 2251 3678">
    <p class='ocr_par' dir='ltr' id='par_1_11' title="bbox 289 3480 2251 3678">
     <span class='ocr_line' id='line_1_50' title="bbox 291 3480 2251 3541; baseline 0.001 -16"><span class='ocrx_word' id='word_1_524' title='bbox 291 3493 443 3527; x_wconf 90' lang='lat' dir='ltr'><strong>autem</strong></span> <span class='ocrx_word' id='word_1_525' title='bbox 470 3483 526 3527; x_wconf 90' lang='lat' dir='ltr'><strong>sit</strong></span> <span class='ocrx_word' id='word_1_526' title='bbox 553 3482 736 3541; x_wconf 87' lang='lat' dir='ltr'><strong>aliquod</strong></span> <span class='ocrx_word' id='word_1_527' title='bbox 765 3494 929 3540; x_wconf 92' lang='lat' dir='ltr'><strong>corpus</strong></span> <span class='ocrx_word' id='word_1_528' title='bbox 951 3480 1162 3524; x_wconf 86' lang='lat' dir='ltr'><strong>resistens</strong></span> <span class='ocrx_word' id='word_1_529' title='bbox 1181 3480 1335 3532; x_wconf 85' lang='lat' dir='ltr'><strong>tactui,</strong></span> <span class='ocrx_word' id='word_1_530' title='bbox 1364 3480 1485 3538; x_wconf 93' lang='lat' dir='ltr'><strong>quod</strong></span> <span class='ocrx_word' id='word_1_531' title='bbox 1504 3495 1596 3524; x_wconf 89' lang='lat' dir='ltr'><strong>non</strong></span> <span class='ocrx_word' id='word_1_532' title='bbox 1625 3482 1680 3525; x_wconf 87' lang='lat' dir='ltr'><strong>sit</strong></span> <span class='ocrx_word' id='word_1_533' title='bbox 1707 3482 1976 3541; x_wconf 89' lang='lat' dir='ltr'><strong>dispositum</strong></span> <span class='ocrx_word' id='word_1_534' title='bbox 1997 3481 2251 3528; x_wconf 85' lang='lat' dir='ltr'><strong>secundum</strong></span> 
     </span>
     <span class='ocr_line' id='line_1_51' title="bbox 289 3547 2249 3610; baseline 0.002 -17"><span class='ocrx_word' id='word_1_535' title='bbox 289 3550 541 3610; x_wconf 86' lang='lat' dir='ltr'><strong>praedictas</strong></span> <span class='ocrx_word' id='word_1_536' title='bbox 559 3549 811 3609; x_wconf 88' lang='lat' dir='ltr'><strong>qualitates,</strong></span> <span class='ocrx_word' id='word_1_537' title='bbox 829 3561 945 3608; x_wconf 86' lang='lat' dir='ltr'><strong>quae</strong></span> <span class='ocrx_word' id='word_1_538' title='bbox 963 3557 1068 3592; x_wconf 90' lang='lat' dir='ltr'><strong>sunt</strong></span> <span class='ocrx_word' id='word_1_539' title='bbox 1085 3547 1265 3607; x_wconf 86' lang='lat' dir='ltr'><strong>propria</strong></span> <span class='ocrx_word' id='word_1_540' title='bbox 1285 3547 1462 3605; x_wconf 87' lang='lat' dir='ltr'><strong>objecta</strong></span> <span class='ocrx_word' id='word_1_541' title='bbox 1479 3558 1625 3593; x_wconf 88' lang='lat' dir='ltr'><strong>tactus</strong></span> <span class='ocrx_word' id='word_1_542' title='bbox 1642 3549 1847 3604; x_wconf 89' lang='lat' dir='ltr'><strong>humani,</strong></span> <span class='ocrx_word' id='word_1_543' title='bbox 1866 3550 1982 3595; x_wconf 87' lang='lat' dir='ltr'><strong>sicut</strong></span> <span class='ocrx_word' id='word_1_544' title='bbox 1998 3559 2068 3595; x_wconf 84' lang='lat' dir='ltr'><strong>est</strong></span> <span class='ocrx_word' id='word_1_545' title='bbox 2083 3561 2249 3610; x_wconf 80' lang='lat' dir='ltr'><strong>corpus</strong></span> 
     </span>
     <span class='ocr_line' id='line_1_52' title="bbox 290 3614 2250 3678; baseline 0.001 -16"><span class='ocrx_word' id='word_1_546' title='bbox 290 3616 502 3671; x_wconf 87' lang='lat' dir='ltr'><strong>coeleste,</strong></span> <span class='ocrx_word' id='word_1_547' title='bbox 528 3617 618 3661; x_wconf 90' lang='lat' dir='ltr'><strong>tale</strong></span> <span class='ocrx_word' id='word_1_548' title='bbox 652 3630 816 3675; x_wconf 86' lang='lat' dir='ltr'><strong>corpus</strong></span> <span class='ocrx_word' id='word_1_549' title='bbox 848 3629 943 3660; x_wconf 92' lang='lat' dir='ltr'><strong>non</strong></span> <span class='ocrx_word' id='word_1_550' title='bbox 974 3624 1125 3675; x_wconf 88' lang='lat' dir='ltr'><strong>potest</strong></span> <span class='ocrx_word' id='word_1_551' title='bbox 1155 3614 1244 3659; x_wconf 87' lang='lat' dir='ltr'><strong>dici</strong></span> <span class='ocrx_word' id='word_1_552' title='bbox 1276 3614 1527 3674; x_wconf 83' lang='lat' dir='ltr'><strong>palpabi1e;</strong></span> <span class='ocrx_word' id='word_1_553' title='bbox 1561 3629 1725 3676; x_wconf 87' lang='lat' dir='ltr'><strong>corpus</strong></span> <span class='ocrx_word' id='word_1_554' title='bbox 1759 3627 1913 3662; x_wconf 85' lang='lat' dir='ltr'><strong>autem</strong></span> <span class='ocrx_word' id='word_1_555' title='bbox 1946 3617 2116 3663; x_wconf 73' lang='lat' dir='ltr'><strong>Christi</strong></span> <span class='ocrx_word' id='word_1_556' title='bbox 2145 3619 2250 3678; x_wconf 58' lang='lat' dir='ltr'><strong>post</strong></span> 
     </span>
    </p>
   </div>
  </div>
 </body>
</html>
