2352 3926
677 219 955 266 QUAESTIO
997 219 1126 259 xvu.
1167 217 1475 258 ARTICULUS
1514 217 1571 256 11.
2002 215 2103 272 177

38 377 50 381 ,q
66 310 75 380 'ss
148 323 313 369 'dicitur
338 336 506 368 unum:
532 321 638 382 quia
653 335 811 375 unum,
824 330 869 365 et
889 335 968 365 ens
987 330 1333 374 convertuntur3
1359 320 1399 364 si
1424 332 1535 378 ergo
1560 319 1608 363 in
1633 317 1819 363 Christo
1845 327 1996 362 essent
2013 317 2104 362 duo

139 400 264 445 asse,
289 400 334 435 et
358 404 453 434 non
477 398 655 434 tantum
681 402 837 444 unum,
861 388 1047 432 Christo
1075 398 1192 432 esset
1214 387 1320 442 duo,
1347 397 1390 432 et
1412 401 1506 431 non
1533 400 1688 430 unum.

147 475 171 501 υ
238 457 526 502 ΒεεΡοΝῡΕο
553 455 812 509 dicendum,
838 455 975 514 quod,
1003 454 1107 513 quia
1132 455 1178 498 in
1206 454 1393 499 Christo
1423 464 1528 499 sunt
1563 454 1679 497 duae
1710 462 1913 507 naturae,
1939 462 1984 497 et
2016 466 2107 497 una

45 563 71 578 Ι.
147 523 417 588 hypostatis,
443 536 630 568 necesse
657 532 738 577 est,
770 521 892 581 quod
920 536 971 566 ea
999 535 1115 581 quae
1144 521 1198 565 ad
1225 531 1435 565 naturam
1460 521 1687 580 pertinent
1711 520 1758 564 in
1785 519 1987 574 Christo,
2019 520 2108 564 sint

38 592 39 595 ’
148 591 268 647 ὤιος
293 605 410 651 quae
429 601 582 636 autem
604 591 829 650 pertinent
851 589 906 633 ad
932 588 1246 648 hypostasim
1235 603 1281 631 m
1295 588 1496 641 Christo,
1519 589 1608 632 sint
1623 602 1765 632 unum
1782 597 1960 632 tantum
1978 602 1987 632 :
2009 601 2108 633 esse

151 668 306 705 autem
331 658 524 718 pertinet
552 668 597 703 et
623 658 678 701 ad
704 666 929 709 naturam,
957 665 1001 700 et
1027 656 1082 699 ad
1109 655 1417 714 hypostasim:
1446 655 1501 698 ad
1528 655 1813 714 hypostasim
1834 654 2033 714 quidem,
2055 655 2110 700 si·

153 735 230 773 cut
254 726 310 771 ad
336 725 380 769 id
407 725 529 785 quod
555 725 694 769 habet
719 738 837 768 esse:
865 724 921 767 ad
946 734 1157 767 naturam
1184 733 1352 776 autem,
1379 723 1495 766 sicut
1517 724 1571 766 ad
1598 723 1643 766 id
1670 737 1761 782 quo
1790 722 1959 783 aliquid
1972 723 2110 768 habet

150 807 262 839 esse.
295 793 469 839 Natura
502 793 624 837 enim
660 791 939 851 significatur
965 805 1043 850 per
1070 790 1261 834 modum
1287 789 1478 842 formae,
1506 804 1621 848 quae
1649 791 1813 834 dicitur
1839 805 1918 835 ens
1952 805 2005 836 ex
2037 805 2109 846 eo,

149 860 273 920 quod
300 874 354 905 ea
379 859 548 919 aliquid
575 868 664 914 est3
691 859 808 903 sicut
834 858 1041 903 albedine
1069 867 1137 902 est
1162 857 1331 916 aliquid
1359 856 1528 910 album,
1556 867 1600 900 et
1624 857 1910 902 humanitate
1938 867 2004 902 est
2031 858 2112 902 ali-

149 928 251 988 quis
275 928 440 972 homo:
469 937 538 972 est
563 937 715 971 autem
739 926 1137 979 considerandum,
1170 925 1292 983 quod
1314 924 1352 968 si
1379 932 1445 968 est
1473 924 1624 982 aliqua
1649 923 1812 978 forma,
1834 925 1907 969 vel
1933 935 2108 980 natura,

150 1009 267 1055 quae
289 1008 383 1039 non
409 994 632 1054 pertineat
657 994 712 1037 ad
740 1007 838 1037 esse
865 991 1105 1051 personale
1131 992 1391 1051 hypostasis
1417 991 1716 1044 subsistentis,
1748 991 1858 1035 illud
1886 1006 1984 1036 esse
2015 1007 2111 1037 non

150 1061 314 1108 dicitur
338 1074 436 1105 esse
462 1059 582 1104 illius
609 1074 830 1119 personae
854 1058 1132 1117 simpliciter,
1161 1058 1239 1102 sed
1267 1058 1519 1102 secundum
1546 1058 1676 1116 quid:
1703 1059 1820 1103 sicut
1842 1073 1938 1103 esse
1957 1059 2111 1104 album

150 1139 220 1174 est
245 1141 343 1173 esse
370 1127 586 1181 Socratis,
612 1141 705 1171 non
732 1127 999 1185 inquantum
1026 1136 1093 1170 est
1120 1125 1347 1179 Socrates,
1374 1126 1452 1169 sed
1478 1125 1748 1183 inquantum
1783 1136 1851 1170 est
1883 1125 2034 1180 albus;
2068 1137 2114 1171 et

149 1194 416 1255 hujusmodi
437 1208 534 1239 esse
560 1193 675 1237 nihil
696 1193 908 1253 prohibet
924 1192 1216 1252 multiplicari
1232 1193 1278 1236 in
1291 1206 1381 1236 una
1397 1192 1647 1252 hypostasi,
1664 1192 1737 1236 vel
1752 1207 1970 1252 persona:
1990 1194 2112 1238 aliud

151 1262 277 1308 enim
308 1272 375 1307 est
401 1276 514 1316 esse,
538 1275 628 1320 quo
652 1261 863 1304 Socrates
882 1270 948 1304 est
972 1259 1113 1314 albus,
1141 1270 1183 1304 et
1205 1273 1296 1318 quo
1316 1259 1527 1305 Socrates
1557 1269 1624 1304 est
1649 1260 1871 1305 musicus:
1897 1261 1975 1304 sed
2001 1260 2112 1304 illud

153 1343 266 1384 esse,
298 1328 420 1388 quod
456 1328 650 1388 pertinet
681 1327 736 1371 ad
767 1327 915 1387 ipsam
940 1327 1240 1386 hypostasim,
1272 1326 1346 1370 vel
1372 1340 1634 1385 personam,
1661 1326 1914 1371 secundum
1940 1342 2002 1381 se,
2033 1328 2115 1371 im-

151 1395 366 1457 possibile
393 1404 461 1440 est
484 1395 531 1438 in
557 1409 646 1438 una
671 1394 921 1454 hypostasi,
938 1393 1011 1437 vel
1028 1408 1222 1453 persona
1249 1392 1565 1452 multiplicari:
1595 1394 1700 1452 quia
1721 1394 2005 1453 impossibile
2031 1405 2114 1449 est,

154 1463 277 1524 quod
303 1462 437 1507 unius
469 1462 532 1506 rei
564 1476 658 1505 non
691 1462 749 1506 sit
780 1475 919 1505 unum
947 1475 1059 1505 esse.
1089 1461 1138 1504 Si
1163 1461 1300 1519 igitur
1325 1461 1528 1505 humana
1553 1471 1714 1505 natura
1741 1462 1974 1506 adveniret
1997 1462 2113 1507 Filio

152 1530 243 1575 Dei
266 1543 361 1574 non
386 1529 686 1589 hypostatice,
703 1527 777 1572 vel
797 1528 1110 1588 personaliter,
1129 1528 1208 1572 sed
1228 1527 1580 1582 accidentaliter,
1607 1528 1723 1572 sicut
1749 1529 1934 1588 quidam
1956 1543 2116 1589 posue-

155 1608 271 1652 runt,
309 1606 538 1657 oporteret
569 1610 739 1656 ponere
764 1596 810 1639 in
838 1595 1024 1640 Christo
1053 1596 1143 1639 duo
1178 1609 1290 1649 esse,
1317 1610 1459 1639 unum
1486 1595 1685 1655 quidem,
1713 1597 1965 1640 secundum
1991 1597 2114 1656 quod

154 1675 222 1710 est
245 1665 396 1718 Deus;
430 1663 550 1707 aliud
584 1673 750 1717 autem,
783 1662 1035 1707 secundum
1062 1663 1183 1722 quod
1208 1672 1274 1706 est
1298 1662 1443 1706 homo
1465 1678 1475 1708 ε
1503 1665 1619 1706 sicut
1643 1663 1689 1706 in
1718 1663 1906 1708 Socrate
1931 1664 2115 1722 ponitur

155 1731 276 1777 aliud
303 1745 416 1785 esse,
443 1729 694 1774 secundum
722 1730 843 1788 quod
862 1739 929 1774 est
947 1729 1087 1783 albus,
1105 1740 1148 1773 et
1165 1728 1300 1783 aliud,
1315 1729 1565 1773 secundum
1584 1730 1706 1788 quod
1730 1740 1798 1774 est
1812 1731 1981 1774 homo:
2009 1731 2116 1790 quia

153 1813 254 1844 esse
273 1797 426 1843 album
452 1812 546 1842 non
573 1797 766 1857 pertinet
783 1797 839 1841 ad
860 1797 1009 1855 ipsum
1028 1811 1126 1840 esse
1149 1796 1387 1856 personale
1415 1797 1641 1841 Socratis:
1665 1811 1763 1842 esse
1782 1807 1934 1841 autem
1954 1798 2117 1856 capita-

153 1877 267 1922 tum,
285 1875 330 1910 et
342 1878 440 1910 esse
467 1878 755 1924 corporeum,
774 1874 819 1907 et
844 1878 941 1908 esse
969 1864 1236 1917 animatum,
1254 1873 1401 1907 totum
1419 1863 1612 1923 pertinet
1638 1865 1693 1908 ad
1712 1879 1851 1908 unam
1869 1879 2114 1923 personam

157 1932 393 1987 Socratis3s
423 1941 469 1976 et
499 1931 603 1976 ideo
637 1944 691 1975 ex
723 1931 935 1975 omnibus
968 1931 1039 1974 his
1070 1945 1165 1974 non
1197 1930 1246 1974 fit
1276 1930 1364 1974 nisi
1395 1945 1537 1974 unum
1570 1945 1668 1975 esse
1696 1932 1740 1975 in
1769 1931 1983 1987 Socrate3
2009 1942 2053 1976 et
2078 1932 2116 1976 si

67 2051 79 2057 ,.
157 1999 456 2064 contingeret,
483 1999 605 2059 quod
631 2007 734 2058 post
760 1998 1134 2042 constitutionem
1167 2011 1388 2056 personae
1417 1997 1618 2042 Socratis
1646 1998 1910 2043 advenirent
1937 1999 2117 2043 Socrati

153 2074 332 2121 manus,
355 2065 431 2110 vel
454 2066 606 2126 pedes,
630 2065 705 2109 vel
737 2065 873 2119 oculi,
900 2066 1015 2109 sicut
1042 2065 1238 2109 accidit
1228 2079 1274 2108 m
1302 2078 1442 2108 caeco
1460 2075 1584 2118 nato,
1603 2079 1656 2108 ex
1672 2065 1744 2109 his
1770 2080 1864 2109 non
1889 2080 2116 2110 accresce-

63 2137 107 2179 ,ξε
132 2143 224 2194 atet
248 2133 429 2179 Socrati
454 2132 576 2177 aliud
609 2146 723 2187 esse,
756 2132 834 2176 sed
866 2132 1017 2176 solum
1044 2131 1204 2176 relatio
1233 2132 1457 2191 quaedam
1486 2132 1541 2176 ad
1573 2132 1866 2191 hujusmodi:
1901 2133 2005 2192 quia
2037 2133 2119 2177 sci-

71 2187 262 2258 “lieet
291 2200 518 2245 diceretur
548 2213 647 2244 esse
679 2214 774 2243 non
806 2199 958 2243 solum
991 2199 1240 2243 secundum
1268 2213 1321 2243 ea
1348 2213 1463 2258 quae
1489 2200 1612 2258 prius
1638 2199 1847 2253 habebat,
1874 2201 1951 2244 sed
1979 2202 2117 2244 etiam

73 2261 408 2321 [secundum
435 2282 488 2312 ea
515 2281 630 2327 quae
658 2267 743 2311 sibi
767 2267 1065 2325 postmodum
1091 2266 1394 2319 advenerunt;
1429 2266 1492 2310 sic
1519 2267 1655 2325 igitur
1681 2281 1786 2310 cum
1813 2267 2017 2312 humana
2042 2282 2117 2311 na-

145 2344 254 2387 ,ulra
281 2336 584 2394 conjungatur
607 2334 722 2379 Filio
749 2334 838 2378 Dei
855 2334 1156 2393 hypostatice,
1178 2333 1253 2377 vel
1278 2333 1590 2392 personaliter,
1613 2344 1662 2378 ut
1687 2349 1823 2393 supra
1851 2335 2023 2379 dictum
2051 2345 2119 2379 est

94 2399 218 2464 (q.
233 2416 277 2448 2.
297 2408 378 2447 art.
391 2417 428 2462 5.
445 2408 482 2447 ei
497 2402 527 2447 6
529 2402 578 2461 .),
598 2411 641 2446 et
657 2415 751 2446 non
778 2401 1130 2454 accidentaliter,
1150 2414 1434 2460 consequens
1453 2411 1520 2445 est
1541 2401 1664 2461 quod
1690 2402 1943 2446 secundum
1960 2402 2118 2446 huma-

0 2485 4 2520 f
47 2417 105 2493 ³³3⁸
153 2482 262 2523 nam
293 2479 504 2514 naturam
534 2468 629 2513 non
662 2468 873 2513 adveniat
903 2469 943 2512 ei
975 2482 1150 2512 novum
1183 2482 1282 2512 esse
1314 2468 1570 2527 personale,
1597 2469 1675 2513 sed
1709 2468 1861 2513 solum
1891 2483 2014 2514 nova
2040 2470 2115 2514 ha-

0 2525 4 2595 ᾗ
156 2532 312 2599 bitudo
339 2550 437 2580 esse
468 2535 720 2595 personalis
742 2535 1082 2595 praeexistentis
1121 2534 1176 2578 ad
1204 2545 1414 2579 naturam
1447 2535 1725 2591 humanam3
1753 2546 1801 2580 ut
1826 2536 2000 2581 scilicet
2024 2551 2120 2596 per-

0 2603 4 2648 Ξ
156 2616 271 2658 sona
295 2602 374 2648 illa
398 2604 491 2662 jam
519 2603 694 2647 dicatur
718 2603 960 2647 subsistere
986 2616 1080 2646 non
1106 2601 1258 2646 solum
1282 2602 1534 2647 secundum
1561 2602 1762 2647 divinam
1788 2614 2015 2658 naturam,
2037 2604 2115 2648 sed

0 2663 3 2737 ᾗ
53 2662 119 2714 ''
157 2669 294 2758 etiam
314 2670 567 2715 secundum
591 2670 858 2714 humanam.

0 2746 3 2752 '
219 2737 325 2782 Al>
351 2750 539 2783 PRIMUM
565 2751 675 2795 ergo
709 2737 968 2790 dicendum,
1001 2737 1131 2796 quod
1155 2749 1253 2780 esse
1287 2737 1577 2795 consequitur
1608 2747 1834 2792 naturam,
1873 2752 1968 2782 non
2001 2738 2119 2783 sicut

94 2796 402 2850 'habentem
427 2818 542 2858 esse,
568 2805 647 2848 sed
673 2805 789 2848 sicut
815 2818 903 2863 qua
930 2803 1099 2863 aliquid
1127 2813 1215 2847 est:
1243 2817 1488 2881 personam
1515 2814 1683 2857 autem,
1716 2805 1810 2849 sive
1831 2805 2117 2865 hypostasim

23 2922 29 2927 ι
57 2892 64 2903 -
99 2869 103 2872 ’
154 2872 460 2931 ednsequitur,
487 2872 604 2916 sicut
627 2871 871 2916 habentem
899 2885 1019 2925 esse;
1047 2883 1092 2915 et
1117 2871 1219 2915 ideo
1247 2871 1393 2930 magis
1419 2871 1580 2916 retinet
1611 2872 1832 2917 unitatem
1864 2873 2118 2917 secundum

24 2852 93 2995 Ξῖ
158 2937 378 2983 unitatem
402 2938 675 2998 hypostasis,
701 2953 840 2998 quam
865 2938 1031 2983 habeat
1056 2938 1322 2982 dualitatem
1348 2939 1599 2983 secundum
1626 2939 1889 2984 dualitatem
1913 2950 2116 2987 naturae.

247 3004 325 3050 An
356 3017 616 3051 SECUNDUM
642 3005 901 3059 dicendum,
928 3005 1050 3065 quod
1076 3004 1186 3049 illud
1221 3019 1318 3050 esse
1351 3016 1586 3050 aeternum
1618 3006 1719 3051 Filii
1759 3007 1862 3060 Dei,
1901 3007 2024 3067 quod
2051 3016 2119 3052 est

158 3070 308 3116 divina
333 3082 508 3126 natura,
533 3072 583 3117 fit
608 3084 705 3117 esse
730 3073 947 3126 hominis,
974 3074 1240 3132 inquantum
1269 3073 1470 3117 humana
1496 3084 1656 3117 natura
1680 3074 1921 3118 assumitur
1944 3088 1968 3117 a
2001 3073 2116 3118 Filio

25 3135 98 3190 effi}
158 3129 248 3183 Dei
276 3138 324 3182 in
355 3138 576 3183 unitatem
608 3153 844 3199 personae.

84 3223 103 3230 ·-
222 3205 325 3249 AD
351 3217 566 3250 TERTIUM
591 3205 850 3260 dicendum,
883 3206 1020 3265 quod,
1053 3194 1167 3250 sicut
1202 3209 1245 3250 in
1285 3221 1319 3250 1.
1354 3207 1524 3251 dictum
1559 3218 1626 3251 est
1663 3208 1723 3265 (q.
1757 3222 1791 3266 3.
1826 3214 1905 3252 art.
1936 3222 1970 3266 3.
2005 3214 2044 3252 et
2074 3221 2116 3265 4.

72 3268 111 3331 ij?
161 3274 202 3315 ot
222 3285 262 3330 q.
281 3285 348 3331 39.
375 3278 456 3317 art·
474 3274 546 3329 1.),
574 3273 677 3332 quia
694 3286 889 3332 persona
914 3273 1066 3317 divina
1085 3283 1152 3317 est
1172 3274 1294 3317 idem
1321 3288 1425 3317 cum
1452 3284 1627 3328 natura,
1655 3275 1699 3316 in
1723 3274 1928 3332 personis
1955 3274 2118 3319 divinis

160 3349 254 3393 non
280 3347 348 3382 est
373 3337 494 3382 aliud
521 3353 618 3383 esse
645 3353 864 3397 personae
890 3351 1064 3399 praeter
1091 3354 1189 3384 esse
1215 3350 1427 3394 naturae3
1456 3351 1499 3384 et
1530 3341 1632 3384 ideo
1660 3350 1749 3384 tres
1777 3354 1998 3399 personae
2023 3355 2117 3386 non

93 3390 119 3419 ³⁸
162 3399 331 3454 hubent
353 3405 441 3449 nisi
465 3419 606 3449 unum
635 3419 755 3450 esse:
778 3406 996 3451 haberent
1023 3417 1174 3450 autem
1197 3406 1358 3466 triplex
1380 3422 1493 3460 esse,
1516 3407 1553 3451 si
1575 3407 1620 3450 in
1645 3407 1707 3451 cis
1735 3418 1851 3450 esset
1874 3406 1994 3451 aliud
2018 3421 2115 3452 esse

72 3468 106 3519 ἐξ
161 3475 399 3532 persopae,
430 3481 476 3516 et
507 3471 649 3515 aliud
660 3476 759 3516 esse
789 3481 991 3517 naturae.

34 3553 118 3596 ,—
162 3555 170 3559 ’·
252 3534 331 3581 ΑΒ
350 3549 591 3588 QUARTUM
617 3534 875 3591 dicendum,
907 3540 1029 3614 quod
1069 3534 1222 3582 anima
1254 3541 1299 3583 in
1341 3539 1528 3584 Christo
1571 3539 1647 3583 dat
1684 3553 1781 3583 esse
1823 3540 2019 3599 corpori,
2055 3541 2118 3585 in·

162 3610 382 3664 quantum
408 3601 516 3647 facit
547 3605 692 3663 ipsum
723 3614 827 3648 actu
860 3605 1137 3659 animatum;
1163 3606 1284 3664 quod
1313 3616 1379 3650 est
1405 3607 1511 3650 dare
1545 3609 1582 3650 ci
1613 3606 2006 3665 complementum
2042 3623 2117 3653 na-

28 3059 46 3096 ,³
57 3063 81 3091 gg,

345 3703 379 3737 S.
406 3703 557 3738 Tuomst
585 3705 712 3737 Summa
746 3705 945 3748 Theologica.
974 3708 1055 3742 Vol.
1084 3708 1142 3743 lv,
1893 3721 1929 3744 12
