2352 3926
292 232 394 287 130
833 231 1111 277 QUAESTIO
1152 231 1247 271 XII.
1287 230 1595 273 ARTICULUS
1635 234 1692 274 11.

373 335 468 380 SED
497 347 692 380 CONTRA
724 343 806 388 est,
838 333 962 393 quod
994 333 1158 379 dicitur
1182 334 1294 380 Luc.
1327 347 1383 390 2.,
1401 335 1524 395 quod
1549 337 1665 394 Jesus
1687 337 1934 396 proficiebat
1956 338 2176 396 sapientia,
2210 345 2249 384 et

282 408 430 458 aetate,
449 409 488 447 et
500 404 641 460 gratia
667 401 780 461 apud
804 402 959 455 Deum,
987 407 1026 446 et
1050 402 1249 455 homines:
1268 411 1313 447 et
1333 403 1605 448 Ambrosius
1623 403 1733 448 dicit
1750 402 1842 460 (lib.
1859 403 1908 448 de
1927 404 2099 449 Incarn.
2115 405 2246 450 Dona.

282 477 374 529 cap.
394 483 431 528 7.
430 469 470 526 ),
490 469 612 527 quod
633 485 655 509 «
673 468 940 527 proficiebat
965 470 1218 517 secundum
1242 470 1513 529 sapientiam
1534 471 1787 515 humanam
1805 487 1846 516 »:
1863 471 2067 516 humana
2094 482 2248 523 autem

280 537 500 595 sapientia
527 546 608 589 est,
635 550 750 594 quae
782 535 988 579 humano
1023 537 1164 581 modo
1203 538 1462 596 acquiritur,
1496 538 1670 582 scilicet
1693 552 1774 595 per
1799 537 1957 582 lumen
1987 537 2245 591 intellectus

282 604 481 662 agentis;
509 617 618 661 ergo
647 603 858 647 Christus
890 603 1141 648 secundum
1167 604 1286 648 hanc
1313 606 1551 649 scientiam
1577 604 1781 663 profecit.

371 671 659 715 RESPONDEO
687 670 947 724 dicendum,
973 671 1096 730 quod
1122 671 1272 731 duplex
1298 682 1366 716 est
1395 671 1624 730 profectus
1661 672 1902 717 scientiae:
1927 687 2035 717 unus
2060 671 2246 731 quidem

278 738 531 782 secundum
553 738 822 792 essentiam3
843 747 979 796 prout
995 738 1169 782 scilicet
1185 739 1281 798 ipse
1307 739 1485 783 habitus
1504 739 1719 784 scientiae
1738 749 1950 798 augetur:
1969 740 2076 784 alius
2091 749 2247 784 autem

278 806 532 849 secundum
555 804 792 860 effectum;
815 814 924 864 puta
949 805 987 850 si
1014 805 1174 864 aliquis
1197 806 1450 850 secundum
1467 807 1681 850 eumdem
1703 817 1747 851 et
1765 806 2005 866 aequalem
2030 807 2248 853 scientiae

277 873 484 916 habitum
511 872 660 931 primo
687 873 868 917 minora
891 872 989 917 aliis
1016 873 1310 926 demonstret,
1334 883 1378 917 et
1402 882 1562 932 postea
1587 875 1778 932 majora,
1805 882 1849 918 et
1873 873 2135 929 subtiliorag
2152 873 2244 918 hoc

278 949 432 984 autem
458 940 660 984 secundo
698 939 840 984 modo
883 939 1175 984 manifestum
1202 950 1283 993 est,
1320 940 1442 998 quod
1470 939 1680 985 Christus
1711 941 1757 984 in
1784 941 1988 995 scientia,
2026 951 2071 985 et
2101 941 2247 1000 gratia

276 1006 483 1066 profecit,
511 1007 628 1052 sicut
653 1017 697 1052 et
721 1007 768 1051 in
795 1016 941 1051 aetate
957 1021 972 1050 -:
1001 1007 1107 1066 quia
1133 1006 1308 1051 scilicet
1328 1006 1580 1051 secundum
1609 1019 1907 1066 augmentum
1923 1009 2089 1053 aetatis
2106 1023 2247 1067 opera

276 1076 452 1132 maiora
473 1073 683 1128 faciebat,
709 1088 828 1133 quae
855 1073 1032 1119 scilicet
1057 1075 1283 1132 majorem
1301 1074 1555 1127 scientiam,
1576 1083 1618 1118 et
1642 1075 1837 1133 gratiam
1855 1075 2244 1127 demonstrabant.

277 1141 368 1185 Sed
387 1151 608 1200 quantum
636 1141 692 1185 ad
708 1141 858 1200 ipsum
878 1141 1086 1185 habitum
1105 1141 1338 1194 scientiae,
1355 1139 1648 1184 manifestum
1666 1150 1747 1195 est,
1765 1141 1887 1200 quod
1908 1142 2088 1187 habitus
2105 1143 2248 1188 scien-

274 1208 364 1252 tiae
386 1207 564 1274 infusae
590 1209 636 1252 in
665 1222 721 1252 eo
748 1222 841 1252 non
876 1218 943 1252 est
975 1217 1319 1266 augmentatus;
1354 1221 1459 1250 cum
1494 1221 1519 1251 a
1551 1208 1773 1267 principio
1806 1208 2008 1268 plenarie
2039 1208 2174 1254 fuerit
2203 1211 2247 1255 ei

276 1276 485 1320 omnium
510 1275 701 1320 scientia
725 1274 897 1330 infusa3
921 1285 966 1319 et
991 1274 1138 1318 multo
1166 1275 1316 1318 minus
1344 1274 1534 1319 scientia
1565 1275 1699 1318 beata
1723 1275 1771 1320 in
1797 1290 1853 1320 eo
1887 1276 2044 1335 augeri
2069 1275 2244 1335 potuit:

281 1343 337 1388 de
364 1343 554 1387 scientia
572 1343 695 1386 enirn
715 1342 880 1397 divina,
905 1342 1027 1401 quod
1053 1356 1148 1385 non
1175 1342 1319 1400 possit
1345 1341 1516 1399 augeri,
1535 1356 1672 1401 supra
1697 1342 1744 1385 in
1767 1356 1802 1386 1.
1822 1343 1996 1388 dictum
2014 1353 2082 1388 est
2102 1344 2163 1402 (q.
2179 1357 2245 1402 14.

267 1417 357 1455 art.
382 1425 438 1469 15.
437 1411 490 1467 );
509 1411 547 1454 si
572 1410 708 1468 igitur
725 1419 901 1469 praeter
927 1409 1134 1453 habitum
1152 1409 1371 1452 scientiae
1390 1407 1605 1462 infusum,
1622 1423 1717 1453 non
1744 1410 1801 1454 sit
1826 1412 1872 1454 in
1899 1411 2054 1455 anima
2071 1411 2244 1456 Christi

275 1476 437 1536 aliquis
463 1477 643 1521 habitus
671 1477 888 1531 scientiae
916 1476 1177 1534 acquisitae,
1206 1486 1253 1519 ut
1271 1475 1543 1534 quibusdam
1568 1475 1760 1530 videtur,
1788 1486 1833 1521 et
1858 1477 1974 1520 mihi
1996 1476 2242 1536 aliquando

274 1547 423 1589 visum
447 1554 515 1588 est
543 1544 594 1603 (3.
623 1546 736 1588 Dist.
755 1558 819 1600 14.
847 1559 885 1602 q.
913 1559 949 1588 I.
975 1549 1055 1587 art.
1078 1558 1114 1602 3.
1143 1558 1181 1601 q.
1203 1543 1280 1601 5.)‚
1305 1542 1431 1586 nulla
1457 1543 1647 1586 scientia
1672 1543 1718 1586 in
1743 1543 1930 1588 Christo
1950 1554 2245 1603 augmentata

274 1611 359 1656 fuit
384 1612 636 1656 secundum
669 1611 928 1664 essentiam,
961 1610 1040 1654 sed
1074 1609 1225 1654 solum
1258 1624 1337 1668 per
1370 1610 1712 1668 experientiam,
1744 1610 1861 1655 idest
1892 1611 2244 1656 conversionem

274 1679 529 1738 specierum
546 1678 900 1736 intelligibilium
928 1677 1174 1720 inditarum
1193 1677 1246 1720 ad
1267 1677 1611 1736 phantasmata;
1630 1688 1674 1721 et
1696 1678 1949 1722 secundum
1966 1677 2057 1723 hoc
2073 1678 2243 1734 dicunt,

278 1747 399 1805 quod
426 1746 618 1790 scientia
641 1745 815 1790 Christi
840 1744 1034 1803 profecit
1065 1744 1317 1788 secundum
1345 1745 1685 1803 experientiam,
1724 1746 2034 1790 convertendo
2070 1745 2245 1791 scilicet

276 1813 449 1872 species
475 1812 783 1870 intelligibiles
810 1812 974 1856 inditas
991 1811 1046 1855 ad
1066 1826 1134 1865 ea,
1156 1826 1272 1870 quae
1291 1811 1345 1855 de
1372 1825 1496 1855 novo
1516 1826 1596 1870 per
1617 1826 1804 1856 sensum
1823 1814 2021 1872 accepit:
2039 1813 2120 1858 sed
2136 1813 2242 1873 quia

272 1881 602 1925 inconveniens
627 1880 819 1933 videtur,
837 1879 960 1938 quod
979 1878 1130 1937 aliqua
1146 1877 1365 1922 naturalis
1384 1880 1503 1922 actio
1522 1879 1818 1938 intelligibilis
1837 1879 2025 1927 Christo
2051 1880 2242 1934 deesset,

273 1962 379 1992 cum
408 1947 642 1991 extrahere
670 1946 844 2005 species
871 1945 1181 2004 intelligibiles
1209 1960 1234 1988 a
1260 1945 1654 2003 phantasmatibus
1687 1947 1743 1990 sit
1770 1947 1998 2006 quaedam
2022 1947 2242 1994 naturalis

272 2015 391 2059 actio
410 2014 612 2058 hominis
634 2013 889 2058 secundum
905 2012 1191 2057 intellectum
1209 2023 1437 2071 agentem,
1457 2014 1734 2058 conveniens
1759 2014 1938 2059 videtur
1962 2014 2082 2066 hanc
2101 2015 2241 2060 etiam

273 2083 504 2127 actionem
530 2082 578 2125 in
605 2081 792 2126 Christo
819 2095 1020 2140 ponere;
1049 2090 1094 2124 et
1119 2094 1172 2123 ex
1199 2080 1288 2124 hoc
1316 2080 1531 2138 sequitur,
1559 2080 1681 2138 quod
1708 2081 1754 2124 in
1783 2082 1936 2126 anima
1963 2081 2138 2127 Christi
2162 2081 2239 2126 ali·

270 2150 370 2209 quis
397 2149 576 2193 habitus
599 2148 816 2192 scientiae
837 2147 984 2201 fuerit,
1013 2147 1090 2205 qui
1115 2160 1196 2206 per
1221 2146 1487 2204 hujusmodi
1513 2147 1867 2192 abstractionem
1892 2148 2149 2206 specierum
2160 2163 2241 2208 po·

267 2217 404 2261 tuerit
430 2215 735 2274 augmentari:
764 2229 817 2259 ex
842 2214 932 2258 hoc
960 2214 1136 2258 scilicet
1162 2213 1285 2272 quod
1311 2213 1567 2257 intellectus
1587 2228 1725 2272 agens
1747 2225 1852 2273 post
1877 2215 2241 2275 primas-species

268 2283 577 2342 intelligibiles
611 2283 858 2327 abstractas
896 2296 922 2326 a
947 2281 1339 2341 phantasmatibus
1372 2290 1550 2340 poterat
1576 2282 1715 2325 etiam
1743 2281 1868 2336 alias,
1910 2292 1955 2326 et
1991 2281 2102 2327 alias
2143 2282 2240 2328 abs-

270 2351 465 2396 trahere.

357 2418 433 2463 An
465 2430 653 2462 PRIMUM
691 2430 800 2476 ergo
843 2415 1102 2469 dicendum,
1136 2415 1258 2474 quod
1290 2425 1385 2459 tam
1427 2414 1616 2459 scientia
1651 2414 1800 2460 infusa
1834 2415 2015 2460 animae
2047 2415 2237 2473 Christi,

269 2500 407 2546 quam
440 2485 630 2529 scientia
657 2484 790 2528 beata
815 2482 900 2527 fuit
927 2482 1115 2527 effectus
1150 2482 1325 2541 agentis
1357 2481 1558 2526 infinitae
1590 2482 1782 2537 virtutis,
1815 2482 1892 2542 qui
1922 2493 2073 2542 potest
2102 2483 2241 2529 simul

268 2563 419 2598 totum
447 2552 646 2612 operari3
675 2562 719 2595 et
743 2551 805 2595 ita
830 2551 878 2594 in
895 2560 1056 2595 neutra
1074 2549 1263 2594 scientia
1281 2549 1490 2594 Christus
1507 2548 1714 2607 profecit,
1737 2550 1815 2593 sed
1844 2564 1869 2593 a
1894 2550 2117 2609 principio
2135 2566 2239 2596 eam

268 2621 519 2681 perfectam
553 2619 733 2662 habuit:
768 2618 847 2662 sed
880 2618 1069 2662 scientia
1102 2617 1323 2676 acquisita
1356 2626 1565 2660 causatur
1598 2616 1651 2660 ab
1685 2616 1918 2662 intellectu
1950 2628 2129 2677 agente,
2161 2618 2239 2682 qui

268 2703 363 2733 non
390 2686 526 2732 simul
551 2698 700 2732 totum
728 2697 954 2747 operatur,
982 2686 1059 2731 sed
1086 2686 1365 2730 successive:
1384 2695 1429 2730 et
1453 2685 1558 2730 ideo
1581 2686 1834 2730 secundum
1856 2686 1975 2731 hanc
1998 2687 2238 2732 scientiam

270 2756 479 2802 Christus
505 2769 600 2799 non
627 2769 653 2798 a
679 2754 901 2814 principio
929 2753 1061 2798 scivit
1087 2753 1258 2807 omnia,
1281 2752 1359 2797 sed
1386 2752 1620 2811 paulatim,
1649 2763 1693 2797 et
1714 2763 1818 2812 post
1834 2753 2021 2814 aliquod
2037 2763 2232 2815 tempus,

269 2823 446 2869 scilicet
469 2822 517 2867 in
543 2821 745 2882 perfecta
768 2831 928 2877 aetate,
956 2820 1078 2879 quod
1106 2829 1231 2879 patet
1257 2834 1310 2864 ex
1337 2820 1443 2874 hoc,
1470 2821 1592 2879 quod
1618 2820 1912 2880 Evangelista
1952 2820 2091 2868 simul
2126 2821 2236 2867 dicit

273 2906 379 2937 eum
402 2890 650 2951 profecisse
677 2889 867 2934 scientia
895 2887 1158 2948 (sapientia),
1187 2898 1232 2932 et
1258 2897 1418 2932 aetate.

359 2959 436 3004 AD
469 2970 731 3004 SECUNDUM
763 2956 1023 3009 dicendum,
1058 2955 1180 3014 quod
1213 2955 1328 3000 haec
1361 2955 1500 2999 etiam
1532 2955 1722 2999 scientia
1756 2956 1805 3000 in
1838 2955 2025 3004 Christo
2053 2970 2237 3016 semper

270 3026 354 3071 fuit
377 3025 581 3086 perfecta
606 3023 858 3070 secundum
885 3033 1089 3081 tempus;
1115 3021 1222 3066 licet
1243 3035 1338 3067 non
1365 3036 1545 3081 semper
1569 3021 1704 3067 fuerit
1730 3022 1931 3082 perfecta
1956 3022 2236 3084 simpliciter,

271 3105 314 3139 et
340 3092 592 3138 secundum
617 3101 852 3144 naturam;
880 3099 925 3134 et
948 3089 1053 3133 ideo
1080 3089 1227 3148 potuit
1253 3089 1420 3134 habere
1449 3099 1762 3148 augmentum.

328 3162 405 3206 AD
432 3172 648 3206 TERTIUM
675 3158 934 3211 dicendum,
966 3157 1088 3215 quod
1114 3157 1305 3200 verbum
1330 3156 1609 3201 Damasceni
1634 3157 1901 3217 intelligitur
1925 3167 2147 3218 quantum
2178 3156 2235 3202 ad

269 3229 388 3283 illos,
414 3229 490 3288 qui
518 3228 672 3272 dicunt
697 3224 966 3284 simpliciter
995 3223 1134 3267 fuisse
1170 3222 1337 3268 factam
1373 3224 1654 3268 additionem
1686 3225 1903 3272 scientiae
1927 3224 2123 3279 Christi,
2154 3224 2240 3277 sei-

270 3298 376 3341 licet
401 3295 653 3340 secundum
678 3306 1014 3352 quamcumque
1038 3291 1133 3349 ejus
1157 3290 1409 3344 scientiam,
1428 3301 1472 3335 et
1494 3292 1735 3350 praecipue
1749 3291 2235 3346 secundum-infusam,

271 3378 386 3423 quae
417 3372 628 3408 causatur
643 3361 690 3405 in
717 3360 869 3404 anima
889 3357 1061 3403 Christi
1083 3372 1135 3402 ex
1159 3357 1327 3402 unione
1351 3358 1407 3403 ad
1425 3358 1654 3404 Verbum:
1677 3373 1771 3403 non
1790 3370 1944 3407 autem
1967 3359 2234 3420 intelligitur

273 3432 327 3482 de
355 3439 603 3490 augmento
629 3427 861 3482 scientiae,
887 3440 1003 3486 quae
1031 3440 1085 3470 ex
1111 3424 1307 3470 naturali
1333 3435 1495 3484 agente
1523 3436 1746 3471 causatur.
