2352 3926
637 194 917 242 Quansrlo
957 195 1051 235 vn.
1093 193 1402 237 aimonius
1441 195 1535 236 x11.
1981 196 2048 251 95

717 463 721 467 ,
770 407 1205 467 ARTICULUS
1245 410 1375 466 ΧΠ.
1871 439 1883 448 1
1999 435 2053 483 54

453 543 646 584 UTRUM
678 544 884 584 GRATIA
916 543 1135 584 CHRISTI
1166 544 1446 584 POTUERIT
1478 546 1700 586 AUGERI.

359 655 414 712 (ι.
441 656 552 701 Dist.
574 669 631 715 35.
658 670 697 715 q.
719 670 756 715 5.
783 662 865 702 art.
892 671 927 702 ι.
954 670 992 715 q.
1019 669 1061 713 4.
1087 662 1127 701 et
1151 656 1261 700 Dist.
1288 669 1351 714 17.
1379 670 1415 714 q.
1440 670 1479 700 2.
1506 663 1587 700 art.
1613 670 1655 713 4.
1683 654 1737 700 ad
1758 670 1794 715 3.

152 728 195 769 et
211 737 248 782 3.
274 723 387 768 Dist.
413 738 469 782 13.
495 738 534 782 q.
560 738 596 768 ι.
622 730 704 768 art.
731 738 771 769 2.
798 739 837 782 q.
858 738 894 783 3.
921 729 957 768 et
982 724 1045 769 18.
1071 729 1154 769 art.
1176 738 1213 782 5.
1241 731 1353 782 corp.
1380 729 1418 767 et
1443 723 1523 767 Isa.
1552 739 1608 767 rr.
1637 724 1724 768 lect.
1748 738 1787 768 2.
1811 721 1992 783 prima).

32 878 35 879 7
182 833 259 879 An
285 846 612 881 nvom-:emma
638 835 703 880 sic
729 836 1002 895 proceditur.
1026 836 1230 891 Videtur,
1254 836 1376 896 quod
1399 836 1543 895 gratia
1567 836 1737 880 Christi
1758 835 1955 895 potuerit
1977 849 2055 880 au-

2 908 45 950 {V
92 901 212 962 geri:
241 902 516 947 omni'enim
541 902 670 947 finito
697 913 847 962 potest
878 902 974 948 fieri
1008 903 1206 948 additio:
1240 903 1318 948 sed
1352 903 1496 963 gratia
1529 902 1702 948 Christi
1726 902 1810 948 fuit
1834 903 1974 957 finita,
2005 911 2056 947 ut

28 984 39 1031 ,ᾗ
92 968 267 1014 dictum
293 978 360 1013 est
387 968 486 1026 (art.
509 977 651 1030 praec.
650 970 704 1028 );
733 984 843 1029 ergo
870 971 1018 1030 potuit
1044 971 1217 1030 augeri.

35 1049 41 1052 ’·
119 1056 142 1074 w
182 1048 223 1081 2.
250 1036 548 1082 PRAETEREA.
574 1037 893 1096 Augmentum
919 1029 1091 1097 gratiae
1123 1038 1174 1082 fit
1204 1053 1286 1098 per
1316 1038 1531 1082 virtutem
1557 1036 1774 1091 divinam,
1801 1035 2052 1081 secundum

31 1095 39 1155 f:
91 1102 204 1149 illud
231 1116 272 1148 2.
299 1103 356 1148 ad
384 1105 494 1150 Cor.
521 1118 586 1164 9.:
620 1105 764 1150 Potens
794 1111 850 1150 est
883 1112 1021 1150 autem
1047 1107 1163 1150 Deus
1193 1121 1356 1150 omnem
1382 1107 1566 1164 gratiam
1599 1104 1811 1148 abundare
1842 1105 1977 1160 facere
2010 1104 2055 1147 in

4 1231 5 1235 Ἰ
31 1189 43 1227 3
91 1171 233 1216 vobis:
257 1170 339 1216 sed
363 1171 506 1216 virtus
531 1171 697 1226 divina,
724 1186 831 1217 cum
857 1173 914 1218 sit
939 1172 1128 1227 infinita,
1154 1172 1282 1217 nullo
1309 1173 1508 1218 termino
1541 1181 1824 1226 coarctatur;
1856 1185 1966 1230 ergo
1992 1170 2055 1214 vi-

92 1238 237 1294 detur,
260 1238 384 1298 quod
409 1239 554 1298 gratia
581 1238 754 1284 Christi
778 1241 977 1299 potuerit
1001 1254 1100 1285 esse
1125 1242 1288 1300 major.

28 1304 51 1363 Jl
156 1332 159 1336 -
183 1319 223 1365 3.
243 1305 542 1352 PRAETEREA.
561 1307 672 1353 Luc.
696 1319 737 1352 2.
755 1307 931 1364 dicitur,
949 1307 1072 1367 quod
1086 1316 1195 1368 puer
1211 1309 1324 1365 Jesus
1338 1308 1587 1368 proficiebat
1604 1308 1820 1367 sapientia,
1846 1311 1883 1351 et
1903 1311 2052 1362 aetate,

90 1380 130 1421 at
146 1376 287 1435 gratia
311 1374 424 1436 apud
447 1376 600 1426 Deum,
629 1381 666 1420 et
690 1376 872 1420 homines
881 1392 898 1428 ‚·
928 1390 1038 1435 ergo
1065 1376 1210 1435 gratia
1238 1375 1410 1421 Christi
1436 1375 1583 1434 potuit
1609 1373 1779 1434 augeri.

14 1436 39 1502 J
182 1441 278 1487 SED
306 1454 502 1488 CONTRA
527 1452 609 1496 est,
635 1442 758 1502 quod
785 1443 948 1487 dicitur
974 1443 1105 1501 Joan.
1137 1457 1199 1487 1.:
1235 1442 1423 1487 Vidimus
1454 1457 1562 1497 eum,
1589 1443 1708 1500 quasi
1739 1442 1998 1500 unigenitum
2029 1455 2056 1486 a

19 1555 22 1563 2
91 1509 234 1564 Patre,
252 1509 423 1569 plenum
445 1510 621 1568 gratiae,
647 1516 684 1554 et
708 1511 924 1555 veritatis:
962 1510 1041 1555 sed
1082 1509 1198 1554 nihil
1233 1519 1384 1569 potest
1409 1523 1522 1564 esse,
1555 1518 1633 1554 aut
1666 1507 1858 1568 intelligi
1889 1509 2053 1567 majus,

93 1590 233 1636 quam
258 1575 381 1636 quod
408 1575 569 1636 aliquis
601 1577 658 1621 sit
683 1577 942 1636 unigenitus
970 1592 996 1621 a
1021 1577 1178 1632 Patre;
1212 1591 1324 1636 ergo
1352 1577 1491 1622 etiam
1522 1591 1616 1621 non
1648 1585 1798 1636 potest
1829 1589 1942 1630 esse,
1974 1573 2048 1620 vel

91 1642 286 1703 intelligi
310 1644 459 1702 major
484 1644 642 1702 gratia,
670 1658 806 1703 quam
834 1644 927 1698 illa,
954 1659 1043 1703 qua
1070 1644 1281 1689 Christus
1306 1643 1390 1689 fuit
1415 1643 1588 1703 plenus.

182 1709 472 1755 RESPONDEO
499 1710 759 1765 dicendum,
781 1711 904 1770 quod
931 1711 1131 1770 aliquam
1151 1710 1352 1756 formam
1373 1726 1465 1756 non
1489 1725 1623 1770 posse
1645 1711 1813 1770 augeri,
1832 1710 2057 1770 contingit

30 1775 31 1778 ’
93 1777 343 1837 dupliciter:
370 1793 452 1822 uno
474 1778 594 1822 modo
618 1792 671 1822 ex
693 1787 818 1837 parte
841 1778 980 1837 ipsius
1003 1778 1212 1837 subjecti:
1235 1780 1318 1823 alio
1336 1778 1457 1823 modo
1481 1793 1535 1823 ex
1550 1788 1675 1838 parte
1693 1778 1833 1837 ipsius
1855 1777 2054 1822 formae:

2 1843 41 1886 ἐξ
93 1857 149 1889 ex
173 1855 299 1903 parte
325 1844 507 1904 quidem
541 1845 745 1903 subjecti,
771 1846 954 1904 quando
981 1846 1236 1905 subjectum
1263 1846 1443 1905 attingit
1469 1846 1523 1890 ad
1551 1845 1762 1890 ultimum
1789 1845 1982 1904 gradum
2007 1846 2055 1889 in

91 1912 439 1972 participatione
464 1912 585 1957 illius
610 1912 786 1957 formae
813 1913 1064 1957 secundum
1091 1928 1224 1957 suum
1251 1913 1470 1957 modum:
1505 1915 1621 1957 sicut
1647 1913 1684 1956 si
1710 1913 1899 1967 dicatur,
1932 1913 2055 1972 quod

95 1993 173 2024 aer
195 1995 291 2025 non
316 1991 465 2040 potest
492 1995 694 2025 crescere
721 1982 766 2024 in
794 1980 1036 2034 caliditate,
1064 1981 1246 2039 quando
1280 1981 1497 2039 pertingit
1528 1980 1583 2023 ad
1617 1979 1829 2024 ultimum
1861 1980 2055 2039 gradum

0 2039 50 2084 *³³
94 2047 276 2102 caloris,
314 2049 392 2108 qui
426 2058 575 2107 potest
608 2047 773 2092 salvari
807 2048 854 2092 in
886 2059 1046 2092 natura
1082 2048 1212 2102 a'e'ris,
1245 2048 1352 2092 licet
1383 2048 1526 2107 possit
1553 2062 1649 2091 esse
1677 2049 1825 2105 major
1857 2048 1984 2092 calor
2009 2049 2056 2092 in

0 2159 2 2175 Ι
89 2127 243 2159 terum
266 2124 443 2169 natura,
468 2115 546 2174 qui
572 2125 640 2160 est
666 2115 793 2160 calor
814 2115 952 2174 ignis:
981 2129 1036 2160 ex
1061 2127 1186 2174 parte
1215 2126 1368 2160 autem
1392 2114 1570 2159 formae
1593 2114 1846 2159 excluditur
1867 2115 2055 2174 possibi-

33 2181 46 2222 ’ᾖ
85 2180 192 2227 litas
216 2181 465 2242 augmenti,
491 2182 674 2242 quando
702 2181 886 2242 aliquod
909 2183 1165 2242 subjectum
1192 2183 1372 2242 attingit
1398 2183 1454 2226 ad
1477 2182 1686 2226 ultimam
1710 2181 2055 2242 perfectionem,

31 2250 50 2293 ἶ
87 2261 232 2310 quam
255 2258 405 2309 potest
429 2248 532 2294 talis
556 2248 704 2294 forma
726 2249 895 2294 habere
921 2250 967 2294 in
993 2259 1181 2295 natura:
1209 2250 1326 2294 sicut
1346 2249 1384 2294 si
1405 2250 1628 2303 dicamus,
1650 2249 1773 2308 quod
1791 2249 1918 2294 calor
1938 2250 2055 2309 ignis

28 2311 49 2368 J
86 2330 185 2363 non
209 2325 358 2377 potest
384 2317 553 2376 augeri,
579 2317 686 2376 quia
710 2331 805 2361 non
830 2326 981 2376 potest
1005 2331 1104 2362 esse
1130 2317 1373 2376 perfectior
1399 2317 1564 2378 gradus
1591 2316 1772 2372 caloris,
1799 2331 1938 2377 quam
1962 2316 2056 2372 ille,

34 2385 44 2443 's
88 2384 148 2430 ad
179 2397 319 2444 quem
350 2385 565 2443 pertingit
594 2385 741 2442 ignis:
775 2384 892 2428 sicut
924 2394 1078 2430 autem
1110 2385 1303 2430 aliarum
1333 2384 1587 2429 formarum
1620 2394 1688 2429 est
1719 2399 1775 2429 ex
1807 2385 1960 2429 divina
1991 2399 2058 2429 sa-

30 2458 36 2498 f'
85 2450 586 2513 -pientia'determinata
611 2452 793 2512 propria
819 2465 1047 2508 mensura,
1072 2452 1135 2498 ita
1162 2463 1206 2498 et
1232 2454 1418 2512 gratiae,
1445 2452 1699 2497 secundum
1724 2451 1837 2496 illud
1865 2452 2054 2511 Sapien-

89 2520 179 2565 tiae
208 2532 300 2564 11.:
331 2519 492 2565 Omnia
515 2521 561 2563 in
586 2534 773 2573 numera,
796 2525 834 2564 et
851 2519 1049 2579 pondere,
1077 2526 1114 2565 et
1138 2533 1334 2565 mensura
1359 2520 1617 2580 disposuisti.-
1653 2533 1869 2564 mensura
1901 2529 2055 2564 autem

38 2584 47 2612 “³
89 2587 333 2645 unicuique
358 2586 534 2631 formae
561 2586 822 2645 praefigitur
846 2601 926 2645 per
952 2588 1349 2646 comparationem
1377 2587 1432 2631 ad
1459 2602 1594 2631 suum
1620 2586 1784 2631 finem:
1813 2587 1930 2631 sicut
1960 2601 2054 2631 non

55 2699 57 2701 ,
90 2663 160 2700 est
183 2654 332 2712 major
358 2654 570 2712 gravitas,
597 2667 735 2712 quam
762 2653 958 2712 gravitas
979 2663 1151 2709 terrae;
1176 2655 1282 2714 quia
1303 2669 1398 2699 non
1420 2663 1570 2714 potest
1591 2668 1691 2698 esse
1711 2653 1900 2698 inferior
1924 2653 2054 2698 locus

42 2730 58 2779 ἦ
89 2719 197 2766 loco
221 2730 392 2765 terrae:
419 2720 521 2765 finis
547 2730 701 2765 autem
727 2721 898 2780 gratiae
925 2731 993 2765 est
1018 2722 1127 2766 unio
1153 2732 1387 2766 creaturae
1412 2721 1648 2766 rationalis
1675 2721 1731 2766 ad
1758 2722 1930 2766 Deum:
1959 2735 2053 2765 non

42 2791 240 2848 ‘epotest
271 2797 423 2833 autem
461 2802 574 2842 esse,
599 2802 684 2832 nec
720 2787 914 2847 intelligi
947 2790 1096 2847 major
1131 2790 1240 2832 unio
1278 2800 1510 2833 creaturae
1543 2788 1777 2833 rationalis
1805 2789 1860 2833 ad
1886 2789 2053 2841 Deum,

7 2903 8 2906 ,
47 2860 55 2920 ‘J
90 2869 230 2915 quam
255 2869 370 2914 quae
397 2865 464 2899 est
488 2855 535 2898 in
561 2869 780 2914 persona;
809 2865 853 2899 et
873 2854 979 2899 ideo
1002 2856 1147 2914 gratia
1171 2855 1343 2901 Christi
1364 2856 1578 2916 pertingit
1601 2855 1656 2900 ad
1678 2870 1909 2900 summam
1931 2869 2055 2899 men-

45 2934 63 2978 ζ-
89 2935 244 2969 suram
270 2922 454 2981 gratiae.
483 2921 558 2966 Sic
585 2922 722 2980 igitur
748 2922 1042 2967 manifestum
1069 2933 1150 2977 est,
1177 2924 1300 2982 quod
1327 2924 1472 2982 gratia
1496 2922 1670 2967 Christi
1691 2937 1785 2967 non
1807 2931 1958 2981 potest
1980 2936 2054 2965 au·

0 3016 4 3052 1,
91 2989 187 3049 geri
212 3002 266 3034 ex
287 2999 412 3049 parte
434 2989 573 3049 ipsius
597 2989 783 3048 gratiae,
801 2990 879 3034 sed
904 3003 1053 3049 neque
1077 2990 1215 3035 etiam
1238 3004 1293 3035 ex
1314 3001 1441 3050 parte
1460 2990 1677 3048 subjecti:
1705 2991 1809 3049 quia
1828 2989 2051 3042 Christus,

0 3079 3 3106 ζ
82 3056 341 3101 {secundum
363 3056 485 3115 quod
507 3056 669 3110 homo,
693 3071 718 3100 a
741 3056 890 3115 primo
908 3056 1091 3102 instanti
1107 3071 1217 3102 suae
1234 3057 1547 3117 conceptionis
1564 3056 1646 3101 fuit
1662 3070 1809 3109 veruS,
1827 3065 1871 3100 et
1893 3054 2052 3114 plenus

0 3156 3 3180 g
50 3127 68 3181 :j-
90 3123 475 3183 comprehensor3
502 3123 620 3167 unde
645 3124 692 3167 in
715 3138 770 3168 eo
797 3138 890 3168 non
917 3124 1065 3182 potuit
1091 3139 1188 3168 esse
1216 3125 1387 3183 gratiae
1416 3134 1729 3182 augmentum,
1752 3123 1869 3167 sicut
1893 3135 1976 3165 nec
2004 3121 2051 3164 in

0 3183 2 3202 ἶ
46 3199 59 3245 ,J
79 3188 189 3235 taliis
213 3189 370 3244 beatis,
396 3204 593 3249 quorum
619 3191 762 3249 gratia
790 3191 945 3250 augeri
970 3205 1064 3235 non
1090 3196 1253 3250 potest,
1281 3206 1336 3235 eo
1364 3192 1487 3250 quod
1514 3201 1618 3235 sunt
1643 3191 1688 3233 in
1714 3189 1935 3233 termino:
1971 3187 2051 3231 ho-

51 3257 267 3303 &minum
291 3270 416 3310 vero,
443 3257 520 3315 qui
542 3267 645 3301 sunt
669 3272 779 3316 pure
800 3258 1012 3311 viatores,
1037 3259 1180 3317 gratia
1203 3269 1353 3318 potest
1375 3258 1555 3315 augeri3
1579 3267 1623 3300 et
1641 3270 1693 3300 ex
1711 3265 1836 3313 parte
1858 3254 2051 3308 formae,

0 3348 2 3373 ς
53 3319 196 3382 ἐιῃιία
219 3336 313 3366 non
340 3324 564 3382 attingunt
589 3338 822 3368 summum
849 3325 1019 3383 gratiae
1047 3326 1264 3384 gradum3
1291 3335 1335 3369 et
1362 3339 1415 3369 ex
1438 3334 1562 3383 parte
1586 3322 1788 3380 subjecti,
1809 3321 1913 3379 quia
1939 3335 2051 3365 non-

92 3389 201 3434 dum
227 3400 529 3448 pervenerunt
554 3391 611 3434 ad
636 3391 898 3435 terminum.

180 3456 257 3501 An
282 3469 471 3501 munim
502 3470 614 3515 ergo
640 3458 900 3512 dicendum,
932 3458 1055 3517 quod
1087 3459 1126 3502 si
1157 3458 1402 3516 loquamur
1433 3457 1488 3500 de
1521 3454 1842 3514 quantitatibus
1874 3454 2050 3499 mathe-

51 3522 286 3579 „ffi,maticis,
313 3521 498 3567 cuilibet
525 3522 678 3568 finitae
704 3525 943 3584 quantitati
981 3534 1130 3583 potest
1156 3524 1251 3568 fieri
1278 3523 1472 3576 additio;
1500 3522 1605 3580 quia
1639 3535 1693 3564 ex
1729 3529 1854 3579 parte
1880 3521 2052 3579 quanti-

44 3587 196 3645 sputis
221 3588 375 3635 finitae
400 3603 494 3634 non
519 3599 588 3635 est
622 3590 807 3649 aliquid,
841 3591 962 3650 quod
989 3600 1211 3650 repugnet
1237 3589 1479 3634 additioni:
1513 3588 1551 3632 si
1577 3601 1685 3631 vero
1719 3586 1962 3646 loquamur
1993 3588 2048 3632 de
