2352 3926
633 212 912 261 QUAEsrro
953 214 1137 254 Lxxtv.
1178 213 1486 255 Ani-tentus
1527 214 1583 254 11.
1971 205 2077 273 647
2125 197 2130 204 ’

207 315 284 360 An
303 327 518 362 TERTmM
541 316 801 371 dicendum,
827 317 951 377 quod
986 317 1201 376 baptismi
1220 326 1561 363 sacramentum
1578 315 1808 378 perficitur
1822 318 1870 363 in
1888 332 1972 364 usu
1990 333 2084 364 ma-

117 381 272 437 teriae,
299 392 343 427 et
366 383 472 428 ideo
507 398 587 443 per
621 383 820 429 formam
856 384 1069 443 baptismi
1105 398 1199 429 non
1225 384 1325 443 plus
1352 385 1408 430 de
1436 399 1553 445 aqua
1589 385 1911 440 sanctificatur,
1943 401 2081 446 quam

116 459 338 508 quantum
363 451 487 496 venit
526 452 573 495 in
600 465 759 496 usum:
789 452 867 496 sed
899 452 991 496 hoc
1029 462 1371 497 sacramentum
1404 453 1634 512 perficitur
1659 453 1705 498 in
1732 454 2081 499 consecratione

117 517 357 573 materiae3
383 527 428 563 et
451 518 556 563 ideo
582 533 676 564 non
703 529 772 565 est
796 519 961 567 simile.
1748 536 1749 541 ¹

806 701 1240 760 ARTICULUS
1275 704 1377 759 111.
1994 733 2083 781 434

277 850 470 890 UTRUM
509 851 860 897 REQUIRATUR
900 852 974 891 AD
1015 853 1302 892 MATERIAM
1343 854 1510 908 HUJUS
1552 855 1918 907 SACRAMENTI,

682 933 842 980 QUOD
884 935 969 973 SIT
1009 935 1164 976 PANIS
1198 935 1508 975 TRITICEUS.

344 1056 405 1115 (4.
423 1058 533 1102 Dist.
554 1073 612 1103 11.
635 1072 673 1116 q.
705 1072 746 1103 2.
773 1063 854 1103 art.
872 1073 912 1104 2.
936 1073 974 1117 q.
993 1075 1028 1104 ι.
1052 1065 1092 1104 et
1111 1060 1221 1105 Dist.
1249 1074 1315 1118 19.
1339 1075 1379 1119 q.
1401 1075 1438 1105 1.
1460 1066 1543 1106 art.
1568 1075 1608 1106 2.
1628 1075 1664 1119 q.
1680 1077 1716 1121 3.
1744 1062 1798 1106 ad
1822 1075 1858 1107 Ι.

441 1130 480 1170 et
501 1125 572 1169 lib.
595 1138 638 1182 4.
659 1125 804 1170 Contr.
829 1140 867 1184 g.
886 1134 979 1186 cap.
1006 1126 1078 1172 68.
1105 1133 1142 1171 et
1167 1142 1207 1171 1.
1232 1126 1332 1171 Cor.
1355 1143 1390 1172 1.
1419 1127 1508 1172 lect.
1532 1140 1570 1186 7.
1585 1130 1764 1187 princ).

205 1251 283 1296 AD
305 1258 522 1297 TERTIUM
554 1252 619 1297 sic
651 1253 923 1312 proceditur.
957 1253 1163 1308 Videtur,
1200 1254 1324 1313 quod
1355 1268 1450 1299 non
1476 1254 1730 1314 requiratur
1756 1256 1813 1300 ad
1839 1256 2081 1302 materiam

114 1318 251 1377 hujus
270 1319 561 1374 sacramenti,
579 1320 702 1379 quod
719 1321 777 1365 sit
802 1321 930 1379 panis
955 1321 1182 1366 triticeus:
1211 1322 1302 1365 hoc
1329 1322 1454 1366 enim
1481 1332 1821 1367 sacramentum
1847 1333 1916 1368 est
1939 1338 2084 1369 reme-

116 1386 395 1430 morativum
419 1387 698 1432 Dominicae
734 1388 984 1446 passionis:
1018 1387 1097 1432 sed
1124 1389 1272 1448 magis
1297 1389 1477 1434 videtur
1503 1403 1602 1435 esse
1640 1404 1898 1435 consonum
1923 1391 2084 1436 Domi-

114 1452 245 1497 nicae
270 1452 472 1511 passioni
502 1454 632 1513 panis
650 1454 957 1515 hordeaceus,
982 1455 1060 1514 qui
1092 1466 1160 1500 est
1186 1456 1403 1515 asperior,
1430 1466 1476 1501 et
1501 1456 1557 1501 de
1583 1471 1675 1516 quo
1703 1458 1842 1502 etiam
1870 1458 2081 1504 Christus

115 1520 240 1579 pavit
262 1520 418 1566 turbas
441 1521 488 1564 in
515 1530 687 1575 monte,
720 1532 770 1567 ut
802 1522 966 1567 dicitur
981 1523 1112 1581 Joan.
1140 1521 1198 1576 6.,
1221 1537 1361 1582 quam
1387 1523 1517 1583 panis
1549 1524 1776 1580 triticeus3
1810 1539 1921 1585 ergo
1954 1526 2084 1585 panis

115 1586 317 1631 triticeus
343 1601 438 1632 non
465 1597 533 1632 est
556 1590 739 1646 propria
766 1590 955 1632 materia
978 1590 1112 1645 hujus
1139 1590 1428 1631 sacramenti.

204 1665 245 1699 2.
271 1653 570 1699 Pau-renna.
596 1654 762 1712 Figura
785 1665 852 1698 est
876 1654 1059 1712 signum
1082 1654 1248 1712 speciei
1275 1653 1323 1697 in
1348 1652 1628 1697 naturalibus
1653 1653 1813 1697 rebus:
1841 1652 1921 1697 sed
1947 1667 2065 1712 quae

115 1720 225 1764 dam
249 1719 480 1766 frumenta
504 1731 622 1775 sunt,
650 1735 767 1780 quae
792 1721 962 1765 habent
987 1721 1185 1764 similem
1212 1719 1408 1779 figuram
1434 1733 1579 1777 grano
1610 1719 1761 1774 tritici,
1796 1721 1913 1764 sicut
1942 1719 2012 1764 far
2037 1730 2083 1766 et

116 1786 275 1847 spelta,
301 1787 358 1832 de
383 1802 473 1847 qua
499 1788 637 1832 etiam
669 1788 716 1831 in
743 1787 1014 1846 quibusdam
1039 1787 1155 1831 locis
1180 1787 1309 1845 panis
1338 1786 1577 1830 conficitur
1609 1787 1664 1830 ad
1697 1801 1832 1831 usum
1858 1787 1993 1845 hujus
2020 1798 2088 1832 sa-

116 1855 362 1908 cramenti;
389 1868 499 1913 ergo
526 1855 656 1914 panis
681 1855 882 1899 triticeus
907 1869 1002 1898 non
1030 1864 1098 1899 est
1122 1854 1305 1913 propria
1332 1855 1525 1898 materia
1550 1854 1684 1912 hujus
1711 1854 1998 1898 sacramenti.

209 1935 247 1981 3.
272 1921 571 1967 PRAETEREA.
598 1922 846 1966 Permixtio
865 1921 1068 1980 speciem
1095 1921 1254 1965 solvit:
1283 1922 1361 1965 sed
1388 1921 1462 1965 vix
1482 1921 1711 1965 invenitur
1727 1920 1874 1964 farina
1895 1921 2086 1976 triticea,

119 2002 237 2048 quae
263 1987 446 2033 alterius
471 1988 687 2034 frumenti
710 1989 1064 2048 permixtionem
1089 2002 1184 2032 non
1209 1988 1390 2042 habeat,
1417 1988 1504 2032 nisi
1528 1987 1645 2032 forte
1669 1988 1724 2032 de
1753 1988 1907 2032 electis
1933 1988 2086 2047 granis

115 2055 318 2100 studiose
346 2055 448 2111 fiat3
473 2070 568 2100 non
594 2070 705 2114 ergo
722 2056 916 2111 videtur,
930 2057 1054 2115 quod
1079 2058 1208 2115 panis
1234 2055 1435 2100 triticeus
1463 2057 1519 2100 sit
1539 2056 1723 2115 propria
1740 2056 1932 2100 materia
1949 2056 2085 2115 hujus

115 2123 405 2167 sacramenti.

204 2201 248 2244 4.
280 2189 579 2234 PRAETEREA.
611 2187 728 2232 Illud
761 2188 884 2248 quod
918 2198 986 2233 est
1018 2197 1298 2247 corruptum,
1329 2187 1508 2231 videtur
1540 2202 1639 2232 esse
1672 2187 1855 2232 alterius
1892 2190 2084 2248 speciei:

115 2256 195 2301 sed
220 2255 361 2316 aliqui
393 2255 642 2301 conficiunt
674 2270 727 2300 ex
760 2270 877 2315 pane
911 2265 1142 2315 corrupto,
1169 2255 1245 2314 qui
1278 2256 1371 2313 jam
1403 2268 1497 2298 non
1532 2255 1709 2299 videtur
1735 2269 1833 2299 esse
1859 2257 1990 2315 panis
2015 2257 2090 2301 tri-

114 2323 284 2379 ticeus;
310 2338 421 2383 ergo
438 2324 628 2377 videtur,
647 2323 770 2382 quod
787 2323 888 2367 talis
906 2323 1036 2382 panis
1052 2336 1147 2366 non
1166 2322 1224 2366 sit
1240 2322 1423 2381 propria
1440 2323 1631 2366 materia
1648 2323 1782 2380 hujus
1799 2325 2088 2371 sacramenti.

207 2390 303 2436 SED
334 2403 531 2436 CONTRA
567 2400 648 2444 est,
685 2390 807 2449 quod
844 2390 890 2434 in
923 2390 1014 2434 hoc
1047 2399 1336 2434 sacramento
1377 2389 1635 2433 continetur
1672 2389 1898 2444 Christus,
1931 2392 2009 2450 qui
2040 2406 2088 2436 se

126 2472 271 2517 grano
302 2457 519 2503 frumenti
550 2467 802 2518 comparat,
827 2457 959 2516 Joan.
999 2471 1080 2512 12.‚
1113 2458 1290 2501 dicens:
1318 2458 1414 2502 Nisi
1436 2471 1620 2515 granum
1635 2458 1847 2517 frumenti
1874 2459 2020 2504 cadens
2044 2461 2090 2504 in

123 2532 280 2572 terram
298 2532 511 2571 mortuum
522 2527 675 2586 fuerit,
697 2528 832 2586 ipsum
852 2526 984 2571 solum
1000 2531 1141 2570 manet
1152 2541 1169 2579 ‚·
1199 2539 1308 2583 ergo
1335 2525 1464 2584 panis
1486 2523 1717 2579 frumenti,
1745 2526 1839 2569 sive
1871 2526 2088 2581 triticeus,

123 2602 192 2639 est
215 2594 404 2638 materia
425 2593 560 2652 hujus
582 2594 869 2638 sacramenti.

209 2660 497 2706 RESPONDEO
517 2660 776 2715 dicendum,
801 2660 937 2720 quod,
953 2660 1068 2705 sicut
1090 2660 1262 2704 dictum
1281 2669 1349 2704 est
1365 2659 1470 2718 (art.
1488 2675 1523 2705 1.
1541 2660 1628 2718 huj.
1648 2675 1685 2718 q.
1704 2666 1740 2704 et
1761 2675 1800 2718 q.
1821 2660 1893 2705 66.
1917 2666 1996 2704 art.
2010 2660 2086 2719 3.),

121 2727 176 2772 ad
203 2741 337 2772 usum
359 2737 753 2772 sacramentorum
780 2727 1025 2772 assumitur
1049 2726 1151 2772 talis
1178 2727 1383 2781 materia,
1402 2741 1518 2786 quae
1546 2727 1838 2771 communius
1862 2727 1980 2785 apud
2007 2727 2087 2771 ho-

123 2794 270 2839 mines
295 2793 342 2837 in
368 2793 508 2838 talem
538 2808 674 2838 usum
707 2795 844 2839 venit.
879 2795 1000 2838 Inter
1035 2793 1149 2838 alios
1185 2804 1339 2838 autem
1376 2808 1517 2853 panes
1551 2794 1843 2838 communius
1875 2793 2089 2839 homines

123 2871 308 2905 utuntur
333 2874 449 2920 pane
474 2860 673 2916 tritice03
691 2875 798 2905 nam
827 2862 904 2906 alii
929 2875 1068 2921 panes
1089 2862 1300 2906 videntur
1327 2875 1426 2906 esse
1451 2861 1700 2905 introducti
1725 2862 1771 2904 in
1797 2861 1930 2918 hujus
1958 2862 2087 2920 panis

121 2927 366 2973 defectum.
394 2927 449 2971 Et
473 2927 578 2972 ideo
606 2927 815 2972 Christus
843 2928 1039 2973 creditur
1063 2929 1110 2972 in
1135 2929 1271 2987 hujus
1297 2929 1426 2987 panis
1453 2931 1603 2987 specie
1630 2928 1721 2972 hoc
1750 2938 2087 2972 sacramentum

121 2994 383 3047 instituisse,
417 2995 493 3052 qui
525 2993 663 3038 etiam
695 2996 822 3052 panis
848 2995 997 3053 magis
1024 2994 1252 3039 confortat
1283 2995 1550 3047 hominem;
1578 3004 1622 3037 et
1651 2994 1713 3037 ita
1741 2993 2087 3038 convenientius

121 3061 349 3121 significat
366 3060 579 3106 effectum
591 3060 725 3119 hujus
742 3062 1039 3108 sacramenti:
1059 3074 1103 3107 et
1123 3063 1227 3107 ideo
1254 3065 1437 3122 propria
1460 3061 1651 3105 materia
1667 3061 1801 3120 hujus
1814 3062 2089 3105 sacramenti

123 3139 191 3175 est
214 3129 344 3188 panis
365 3127 579 3173 triticeus

212 3197 288 3241 An
314 3209 502 3242 PRIMUM
535 3208 644 3254 ergo
673 3195 930 3251 dicendum,
962 3196 1084 3255 quod
1117 3197 1244 3256 panis
1276 3197 1560 3241 hordeaceus
1594 3195 1814 3252 competit
1840 3196 1895 3239 ad
1921 3194 2087 3254 signifi-

129 3264 323 3308 candam
349 3273 448 3307 tum
476 3262 686 3306 duritiem
712 3262 876 3306 veteris
902 3262 1031 3321 legis,
1057 3274 1240 3323 propter
1267 3264 1477 3307 duritiem
1506 3262 1649 3320 paniS,
1675 3272 1771 3305 tum
1800 3262 1938 3306 etiam
1966 3262 2087 3321 quia,

125 3341 175 3375 ut
198 3330 391 3389 August.
419 3330 529 3373 dicit
554 3330 598 3372 in
626 3328 701 3371 lib.
729 3328 798 3387 83.
829 3329 941 3382 QQ.
966 3330 1023 3388 (q.
1057 3330 1122 3375 61.
1157 3333 1255 3375 circ.
1284 3330 1470 3389 priua),
1495 3329 1694 3372 «hordei
1728 3328 1944 3382 medulla,
1971 3343 2088 3388 quae

123 3397 415 3442 tenacissima
446 3397 577 3456 palea
603 3396 783 3453 tegitur,
810 3395 883 3439 vel
908 3396 1055 3454 ipsam
1081 3396 1232 3455 legem
1260 3396 1499 3454 significat,
1532 3410 1647 3454 quae
1680 3396 1742 3438 ita
1769 3395 1872 3439 data
1899 3406 2008 3449 erat,
2040 3407 2090 3440 ut
2112 3427 2116 3430 »

124 3464 173 3508 in
189 3478 244 3508 ea
258 3463 395 3508 vitale
414 3465 592 3514 animae
612 3462 879 3506 alimentum
899 3463 1210 3522 corporalibus
1223 3462 1520 3507 sacramentis
1534 3463 1835 3519 obtegeretur,
1853 3462 1927 3507 vel
1938 3462 2087 3521 ipsum

125 3530 348 3591 populum
373 3531 581 3575 nondum
607 3529 888 3588 expoliatum
921 3530 1092 3574 carnali
1124 3530 1364 3582 desiderio,
1398 3529 1521 3587 quod
1553 3539 1771 3587 tanquam
1798 3530 1930 3588 palea
1962 3530 2089 3574 cordi

127 3599 227 3658 ejus
250 3597 516 3642 inhaerebat
531 3613 573 3640 n.
601 3597 704 3641 Hoc
730 3606 883 3641 autem
909 3607 1248 3642 sacramentum
1264 3596 1458 3655 pertinet
1485 3595 1541 3640 ad
1563 3609 1702 3641 suave
1719 3596 1877 3655 jugum
1902 3595 2088 3652 Christi,
