2352 3926
304 241 411 312 258
820 255 1094 303 QUAEsno
1135 255 1265 295 xxx.
1305 256 1615 297 Alimentus
1654 257 1732 297 111.

305 373 433 404 mum
461 372 604 418 genus
629 357 842 412 visionis;
871 372 981 417 ergo
1007 358 1200 413 videtur,
1226 358 1348 418 quod
1377 359 1564 419 angelus
1591 359 1863 404 annuntians
1885 360 2144 420 apparuerit
2171 361 2270 407 vir-

303 427 398 486 gini
423 427 599 470 visione
625 425 935 469 intellectuali.
1053 431 1056 437 '

398 506 437 538 2.
466 494 766 537 PRAETEREA.
788 492 918 536 Visio
945 493 1218 551 imaginaria
1249 494 1427 539 videtur
1458 495 1596 539 etiam
1623 494 1960 551 esselnobilion
1982 509 2124 555 quam
2152 496 2270 542 visio

304 561 580 620 corporalis:
610 561 727 604 sicut
748 560 1019 619 imaginatio
1052 571 1120 605 est
1149 561 1284 606 altior
1318 563 1536 621 potentia,
1570 577 1709 621 quam
1745 576 1927 607 sensus:
1959 563 2040 608 sed
2079 564 2269 623 angelus

305 629 509 687 apparuit
530 627 702 686 Joseph
729 628 776 670 in
794 627 968 672 somnis
987 628 1240 672 secundum
1255 629 1575 688 imaginariam
1593 629 1833 683 visionem,
1846 640 1896 674 ut
1910 638 2035 689 patet
2048 630 2209 676 Matth.
2231 645 2268 677 1.

303 706 348 740 et
373 708 440 749 2.;
469 709 579 753 ergo
599 695 791 750 videtur,
820 695 943 754 quod
970 695 1108 740 etiam
1131 710 1347 755 apparere
1374 696 1578 741 debuerit
1603 697 1771 741 Beatae
1797 696 1975 756 Virgini
1998 697 2270 757 imaginaria

299 763 489 817 visione,
513 772 558 807 et
581 777 676 806 non
699 762 942 822 corporali.

394 845 431 889 3.
458 831 757 875 PRAETEREA.
787 830 1054 890 Corporalis
1075 830 1191 875 visio
1218 830 1461 889 spiritualis
1486 831 1763 876 substantiae
1778 830 1983 877 videntes
2000 831 2269 892 stupefacit;

301 898 421 942 unde
444 907 489 942 et
524 899 580 942 de
613 898 712 956 ipsa
743 897 934 956 Virgine
972 907 1201 942 cantatur:
1237 899 1490 958 Expavescit
1519 899 1657 958 ‚Virgo
1693 898 1740 943 de
1775 899 1956 944 lumine.-
1992 900 2072 944 sed
2104 899 2268 944 melius

299 964 471 1019 fuisset,
503 965 628 1024 quod
661 980 687 1008 a
718 964 800 1008 tali
828 965 1086 1009 turbatione
1117 978 1250 1009 mens
1285 967 1380 1024 ejus
1416 976 1536 1010 esset
1567 975 1882 1023 praeservata;
1914 980 2010 1011 non
2042 981 2155 1026 ergo
2185 966 2270 1011 fuit

302 1033 595 1087 conveniens,
622 1033 744 1092 quod
771 1032 1038 1091 hujusmodi
1064 1033 1347 1077 annuntiatio
1370 1033 1498 1077 fieret
1521 1048 1602 1092 per
1622 1033 1848 1077 visionem
1875 1033 2177 1094 corporalem.

391 1100 486 1144 SED
515 1113 712 1145 CONTRA
739 1109 819 1154 est,
847 1099 970 1158 quod
997 1100 1192 1159 August.
1219 1099 1266 1143 in
1293 1100 1495 1159 quodam
1522 1114 1734 1144 sermone
1756 1101 1930 1159 (scilicet
1953 1102 2018 1147 18.
2045 1101 2092 1146 de
2126 1101 2268 1161 Temp.

300 1173 394 1213 ante
419 1167 543 1222 med.)
572 1167 746 1211 inducit
768 1167 959 1210 Beatam
976 1166 1218 1225 Virginem
1240 1167 1304 1211 sic
1328 1167 1580 1211 dicentem:
1612 1183 1636 1208 ‹<
1652 1166 1792 1212 Venit
1818 1168 1874 1212 ad
1897 1182 1971 1212 me
1993 1167 2180 1213 Gabriel
2205 1183 2271 1213 ar-

300 1235 551 1294 changelus
576 1235 693 1279 facie
719 1234 923 1288 rutilans,
949 1244 1074 1278 veste
1102 1248 1364 1288 coruscans,
1391 1234 1598 1293 ingressu
1616 1234 1835 1279 mirabilis
1860 1248 1910 1277 »2
1945 1236 2024 1280 sed
2040 1236 2156 1280 haec
2172 1248 2268 1280 non

298 1314 490 1362 possunt
506 1303 730 1361 pertinere
756 1302 846 1346 nisi
871 1301 926 1345 ad
947 1316 1218 1363 corpoream
1241 1301 1492 1356 visionem3
1515 1315 1627 1360 ergo
1645 1316 1869 1366 corporea
1884 1302 2062 1348 visione
2080 1303 2269 1363 angelus

299 1371 571 1414 annuntians
598 1371 648 1413 B.
676 1369 856 1428 Virgini
882 1369 1100 1428 apparuit.

389 1438 679 1482 RESPONDEO
708 1436 967 1490 dicendum,
992 1436 1113 1495 quod
1139 1434 1327 1494 angelus
1352 1435 1623 1479 annuntians
1650 1436 1858 1495 apparuit
1886 1435 2024 1481 Matri
2053 1436 2144 1482 Dei
2175 1451 2271 1482 cor-

297 1519 439 1564 porea
459 1506 660 1558 visione3
689 1514 733 1547 et
763 1504 855 1548 hoc
889 1502 1167 1547 conveniens
1199 1502 1302 1546 fuit:
1329 1504 1475 1562 primo
1509 1503 1693 1561 quidem
1727 1513 1949 1562 quantum
1981 1503 2037 1548 ad
2068 1503 2114 1548 id
2146 1504 2269 1564 quod

299 1573 663 1626 annuntiabatur.
681 1570 883 1614 Venerat
906 1570 1029 1614 enim
1049 1568 1238 1628 angelus
1257 1570 1524 1614 annuntiare
1540 1570 1904 1614 incarnationem
1919 1570 2156 1616 invisibilis
2165 1571 2269 1626 Dei,

297 1654 379 1699 per
404 1653 544 1698 quam
570 1637 760 1682 visibilis
784 1637 935 1692 fieret3
962 1637 1082 1681 unde
1110 1638 1246 1680 etiam
1273 1637 1550 1681 conveniens
1575 1636 1672 1691 fuit,
1699 1647 1748 1682 ut
1774 1638 1830 1681 ad
1861 1638 1996 1696 hujus
2027 1638 2094 1682 rei
2124 1638 2271 1683 decla-

296 1707 525 1751 rationem
550 1704 789 1749 invisibilis
817 1714 1024 1749 creatura
1049 1703 1250 1748 formam
1278 1714 1543 1758 assumeret,
1569 1705 1616 1748 in
1643 1719 1731 1764 qua
1752 1704 1990 1750 visibiliter
2010 1715 2269 1764 appareret3

299 1789 406 1819 cum
448 1774 586 1818 etiam
624 1786 786 1816 omnes
821 1772 1125 1831 apparitiones
1157 1772 1321 1815 veteris
1356 1770 1644 1815 Testamenti
1682 1771 1738 1815 ad
1780 1772 1900 1816 hanc
1937 1773 2269 1832 apparitionem

300 1841 692 1902 praeordinentur,
720 1854 807 1898 qua
828 1838 968 1883 Filius
994 1838 1084 1882 Dei
1109 1838 1155 1882 in
1184 1853 1319 1883 carne
1347 1839 1575 1897 apparuit:
1608 1838 1780 1883 secundo
1811 1838 1895 1883 fuit
1919 1853 2177 1898 congruum
2208 1839 2271 1884 di·-

301 1909 462 1968 gnitati
488 1908 646 1952 Matris
672 1907 775 1961 Dei,
802 1921 919 1966 quae
945 1920 1040 1950 non
1066 1905 1219 1950 solum
1250 1906 1297 1949 in
1330 1916 1499 1960 mente,
1531 1906 1610 1950 sed
1646 1907 1694 1950 in
1728 1920 1952 1966 corporeo
1984 1917 2140 1952 ventre
2173 1918 2271 1952 erat

297 1978 388 2022 Dei
411 1977 580 2021 Filium
605 1986 867 2034 receptura3
894 1985 940 2019 et
963 1974 1067 2019 ideo
1090 1989 1186 2018 non
1212 1973 1365 2018 solum
1390 1989 1520 2018 mens
1554 1975 1664 2033 ejus,
1697 1975 1776 2019 sed
1807 1975 1946 2019 etiam
1977 1989 2136 2020 sensus
2169 1989 2269 2020 cor-

295 2046 424 2105 porei
450 2054 579 2089 erant
598 2044 776 2088 visione
804 2042 1012 2102 angelica
1038 2042 1296 2086 refovendi:
1325 2044 1445 2087 tertio
1473 2043 1685 2101 congruit
1719 2042 1976 2087 certitudini
2006 2044 2118 2102 ejus,
2145 2044 2269 2103 quod
2343 2091 2346 2092 ⁷

297 2113 671 2157 annuntiabatur:
690 2125 744 2155 ea
762 2111 884 2154 enim
903 2124 1020 2169 quae
1037 2119 1142 2153 sunt
1159 2109 1304 2153 oculis
1315 2109 1531 2168 subjecta,
1542 2110 1707 2154 certius
1720 2109 2116 2169 apprehendimus,
2128 2123 2268 2170 quam

297 2195 351 2225 ea
377 2193 492 2239 quae
519 2179 853 2238 imaginamur;
880 2177 1000 2221 unde
1030 2177 1270 2236 Chrysost.
1295 2176 1404 2220 dicit
1424 2191 1560 2234 super
1585 2177 1747 2220 Matth.
1775 2178 1905 2232 (hom.
1931 2191 1974 2234 4.
2001 2183 2094 2223 ante
2123 2177 2267 2237 med),

296 2248 419 2307 quod
464 2262 488 2288 «
527 2246 715 2305 angelus
750 2259 846 2288 non
882 2245 928 2287 in
962 2244 1151 2297 somnis,
1183 2243 1330 2287 immo
1362 2243 1598 2287 visibiliter
1627 2243 1807 2303 Virgini
1839 2243 1991 2299 astitit,
2021 2259 2132 2289 nam
2162 2245 2269 2306 quia

296 2327 517 2372 magnam
556 2312 690 2355 valde
731 2310 1062 2355 revelationem
1105 2310 1357 2369 accipiebat
1388 2311 1442 2354 ab
1476 2310 1658 2369 angelo,
1691 2311 1855 2370 egebat
1885 2321 1990 2356 ante
2020 2322 2175 2357 tantae
2205 2313 2270 2358 rei

297 2390 512 2426 eventum
537 2379 715 2423 visione
742 2377 940 2422 solemni
961 2394 1003 2421 ».

386 2449 462 2492 AD
503 2459 694 2491 ramum
727 2459 838 2504 ergo
872 2445 1134 2499 dicendum,
1167 2444 1290 2504 quod
1322 2444 1642 2489 intellectualis
1673 2446 1791 2490 visio
1823 2456 1892 2491 est
1921 2446 2090 2506 potior,
2129 2457 2268 2507 quam

294 2514 411 2558 visio
438 2513 725 2572 imaginaria,
756 2511 831 2556 vel
864 2511 1132 2571 corporalis,
1160 2511 1199 2555 si
1231 2513 1288 2555 sit
1319 2511 1441 2556 sola:
1475 2512 1553 2556 sed
1586 2512 1684 2571 ipse
1716 2511 1909 2570 August.
1943 2513 2053 2557 dicit
2079 2514 2177 2572 (zib.
2202 2527 2267 2560 12.

246 2595 249 2599 ·
293 2590 382 2641 sup.
414 2582 517 2626 Gen.
546 2580 600 2624 ad
626 2580 686 2624 lit.
714 2587 804 2639 cap.
833 2594 874 2639 9.
902 2581 978 2623 cir.
1007 2578 1152 2635 med),
1177 2578 1299 2637 quod
1319 2578 1613 2622 excellentior
1631 2587 1698 2621 est
1717 2579 1972 2637 prophetia,
1999 2594 2115 2639 quae
2131 2580 2271 2626 habet

295 2648 433 2693 simul
455 2645 828 2699 intellectualem,
859 2655 903 2689 et
919 2645 1241 2703 imaginariam
1259 2644 1500 2696 visionem,
1524 2657 1662 2701 quam
1679 2643 1772 2698 illa,
1791 2659 1907 2703 quae
1922 2646 2062 2691 habet
2076 2646 2268 2692 alteram

294 2726 495 2769 tantum;
523 2715 663 2758 Beata
691 2723 843 2757 autem
878 2712 1022 2765 Virgo
1055 2722 1149 2752 non
1183 2708 1335 2752 solum
1368 2710 1568 2768 percepit
1593 2710 1820 2755 visionem
1855 2713 2155 2773 corporalem,
2187 2715 2267 2760 sed

296 2784 435 2827 etiam
461 2780 817 2825 intellectualem
839 2774 1251 2819 illuminationem:
1271 2776 1390 2820 unde
1407 2776 1509 2820 talis
1527 2777 1753 2835 *apparitio
1770 2778 1968 2824 nobilior
1987 2779 2094 2836 fuit;
2109 2780 2268 2827 fuisset
2334 2792 2339 2829 ζ

294 2849 449 2890 tamen
475 2843 688 2897 nobilior,
716 2843 754 2887 si
775 2843 926 2902 ipsum
954 2841 1170 2901 angelum
1196 2841 1494 2886 intellectuali
1519 2844 1695 2888 visione
1727 2845 1774 2889 in
1805 2859 1887 2890 sua
1919 2847 2170 2894 substantia
2201 2850 2268 2894 vi-

295 2912 454 2956 disset:
483 2911 561 2955 sed
588 2910 679 2954 hoc
707 2924 802 2953 non
828 2909 1082 2968 patiebatur
1108 2918 1249 2953 status
1271 2909 1474 2954 hominis
1497 2911 1697 2966 viatoris,
1724 2912 1847 2971 quod
1875 2913 2090 2973 angelum
2106 2930 2187 2976 per
2203 2929 2268 2961 es·
2319 2938 2341 2963 ρ

294 2979 489 3024 sentiam
514 2977 700 3022 videret.
2336 3014 2337 3017 Ἴ

384 3046 460 3091 AD
478 3057 739 3091 SECUNDUM
753 3042 1013 3097 dicendum,
1031 3044 1154 3103 quod
1172 3043 1440 3102 imaginatio
1459 3054 1525 3088 est
1541 3045 1728 3104 quidem
1747 3045 1881 3091 altior
1892 3048 2109 3106 potentia,
2125 3063 2264 3110 quam

294 3127 453 3159 sensus
482 3112 698 3157 exterior:
726 3111 832 3171 quia
858 3120 1012 3154 tamen
1039 3110 1312 3169 principium
1345 3111 1575 3155 humanae
1609 3113 1884 3172 cognitionis
1916 3125 1983 3160 est
2012 3129 2186 3171 sensu8‚
2217 3116 2264 3161 in

295 3195 351 3225 eo
379 3179 588 3224 consistit
613 3179 813 3223 maxima
848 3178 1090 3222 certitudo:
1126 3178 1230 3236 quia
1264 3191 1445 3237 semper
1477 3189 1672 3237 oportet,
1706 3180 1829 3239 quod
1861 3181 2081 3242 principia
2113 3183 2266 3243 cogni·

294 3248 430 3293 tionis
457 3247 547 3292 sint
573 3246 790 3290 certiora:
820 3255 864 3289 et
889 3244 994 3289 ideo
1017 3245 1203 3304 Joseph,
1232 3245 1305 3288 cui
1333 3245 1521 3304 angelus
1543 3246 1589 3290 in
1616 3247 1791 3292 somnis
1823 3251 2044 3308 apparuit,
2074 3262 2171 3296 non
2201 3249 2267 3295 ita
2306 3242 2352 3307 3:ss

295 3314 596 3360 excellentem
623 3313 957 3373 apparitionem
983 3312 1154 3366 habuit,
1183 3312 1299 3356 sicut
1325 3313 1374 3356 B.
1402 3312 1560 3372 Virgo.

385 3383 461 3427 An
489 3394 706 3427 Tannum
733 3379 992 3434 dicendum,
1021 3379 1158 3439 quod,
1187 3381 1304 3423 sicut
1329 3379 1544 3425 Ambros.
1574 3382 1683 3427 dicit
1709 3396 1841 3443 super
1861 3382 1974 3429 Luc.
1993 3388 2263 3446 (capa-sup.
2300 3390 2313 3431 »ὲ

294 3450 421 3494 illud:
450 3450 665 3510 Apparuit
698 3448 761 3493 illi
800 3447 1017 3507 angelus).·
1050 3462 1073 3488 «
1105 3446 1443 3503 Perturbamur‚
1477 3458 1521 3493 et
1553 3463 1578 3493 a
1610 3460 1768 3494 nostro
1800 3450 2052 3497 alienamur
2083 3451 2277 3515 affectu,
2347 3502 2349 3504 ,

295 3518 477 3576 quando
491 3516 839 3576 perstringimur
858 3514 1046 3573 alicujus
1067 3515 1312 3574 superioris
1331 3517 1564 3574 potestatis
1584 3531 1776 3562 occursu
1797 3535 1838 3563 n.
1860 3517 1917 3563 Et
1930 3518 2022 3564 hoc
2037 3519 2263 3581 contingit
2337 3521 2352 3585 f¹

294 3599 387 3628 non
403 3584 555 3628 solum
569 3585 615 3628 in
628 3584 804 3629 visione
818 3581 1060 3642 corporali,
1075 3582 1151 3626 sed
1165 3582 1303 3625 etiam
1321 3582 1365 3625 in
1380 3583 1557 3627 visione
1570 3583 1854 3643 imaginaria3
1870 3585 1990 3631 unde
2007 3585 2176 3632 Genes.
2194 3601 2210 3632 1
2222 3601 2260 3647 ς.
2332 3582 2352 3640 J„

295 3651 472 3712 dicitur,
500 3653 623 3718 quod
649 3666 744 3700 cum
769 3651 830 3697 sol
849 3650 1112 3704 occubuisset,
1137 3656 1261 3710 sopor
1286 3651 1416 3695 irruit
1439 3658 1563 3711 super
1584 3652 1807 3699 Abraham
1814 3668 1832 3707 ,·
1849 3659 1889 3700 et
1903 3653 2261 3716 horrormagmffi
