2352 3926
687 194 962 242 Quasssno
1001 195 1074 234 νι.
1114 194 1424 236 armemus
1462 194 1535 236 v1.
2004 179 2068 235 81

206 298 285 344 AD
310 310 572 344 SECUNDUM
597 296 857 351 dicendum,
879 296 1001 356 quod
1020 296 1173 342 anima
1189 307 1257 343 est
1277 296 1495 358 perfectio
1517 293 1827 342 substantialis
1849 295 2076 355 corporis;

19 358 42 379 ⁴·
117 365 262 425 gratia
286 379 397 410 vero
423 373 491 410 est
517 363 733 424 perfectio
761 363 942 408 animae
968 363 1260 408 accidentalis
1283 363 1379 422 (vel
1405 362 1592 409 melius:
1619 364 1784 409 Anima
1808 369 1863 408 est
1875 363 2076 422 perfectio

116 432 409 488 substantialis,
435 446 518 491 qua
527 432 744 491 perficitur
761 439 908 490 corpus
919 445 937 489 ;
953 431 1093 489 gratia
1108 445 1224 484 vern,
1240 432 1439 490 perfectio
1461 431 1743 489 accidentalis,
1761 444 1845 490 qua
1857 430 2079 491 perficitur

13 481 24 534 .ss
38 527 42 537 η·
118 499 308 556 minnah
335 508 381 544 et
404 499 508 543 ideo
535 498 680 557 gratia
703 511 798 542 non
825 507 974 556 potest
996 497 1205 542 ordinare
1230 500 1432 542 animam
1455 498 1511 542 ad
1534 499 1752 543 unionem
1769 496 2076 558 personalem,

117 579 234 625 quae
258 579 354 611 non
379 575 447 610 est
472 563 779 618 accidentalis,
805 564 921 609 sicut
948 564 1115 618 anima,
1143 574 1188 609 et
1213 578 1391 623 corpus.

207 633 284 678 AD
307 645 523 679 TERTmM
549 631 810 685 dicendum,
836 631 957 690 quod
983 632 1173 676 verbum
1199 642 1408 676 nostrum
1435 632 1586 676 unitur
1610 632 1717 676 voci
1742 631 1972 677 mediante
1993 631 2082 692 spi-

48 693 55 700 ”
118 699 221 755 ritu,
245 714 341 745 non
366 699 552 759 quidem
577 699 694 744 sicut
718 698 872 743 medio
898 698 1097 753 formali,
1130 698 1210 743 sed
1236 700 1353 742 sicut
1384 713 1463 758 per
1489 700 1693 744 medium
1725 713 1943 744 movens:
1969 713 2079 745 nam

119 780 175 812 ex
199 767 340 812 verbo
367 775 590 826 concepto
616 765 804 810 interius
830 765 1037 825 procedit
1067 765 1264 824 spiritus,
1291 779 1345 808 ex
1378 780 1469 824 quo
1501 764 1725 810 formatur
1749 780 1864 822 vox3
1891 775 1938 811 et
1958 765 2082 813 sirni-

119 833 222 879 liter
246 848 302 879 ex
326 834 480 879 Verbo
507 844 692 877 aeterno
711 832 918 891 procedit
940 832 1133 891 Spiritus
1153 832 1362 885 Sanctus,
1386 832 1464 891 qui
1479 831 1695 877 formavit
1712 846 1876 892 corpus
1893 832 2080 888 Christi,

119 910 173 946 ut
199 900 315 945 infra
340 900 508 960 patebit
534 901 595 959 (q.
617 915 682 959 32.
708 906 788 944 art.
815 900 900 957 1.).·
922 913 1017 944 non
1045 909 1197 943 autem
1225 913 1279 944 ex
1304 899 1395 943 hoc
1423 899 1638 959 sequitur,
1666 900 1787 959 quod
1814 900 1958 959 gratia
1985 899 2082 960 Spi-

120 967 231 1015 ritus
257 967 416 1014 Sancti
440 967 497 1012 sit
520 966 714 1012 formale
741 966 947 1011 medium
972 968 1018 1011 in
1046 967 1216 1011 unione
1241 966 1484 1026 praedicta.

976 1165 1219 1172 ——-—-

792 1347 1239 1426 QUAESTIO
1289 1347 1422 1408 vn.

163 1504 244 1547 DE
277 1502 502 1544 GRATIA
532 1502 786 1553 CHRISTI,
821 1502 1018 1543 PROUT
1047 1503 1155 1543 EST
1187 1502 1426 1554 QUIDAM
1459 1501 1816 1544 SINGULARIS
1850 1501 2044 1553 HOMO,

592 1590 657 1631 IN
686 1591 993 1632 TREDECIM
1026 1591 1355 1633 ARTICULOS
1388 1592 1608 1633 DIVISA.

216 1769 394 1815 Deinde
419 1768 799 1815 considerandum
817 1779 884 1814 est
899 1770 954 1814 de
982 1770 1281 1830 coassumptis
1297 1785 1323 1815 a
1342 1769 1459 1815 Filio
1484 1769 1574 1814 Dei
1598 1769 1644 1813 in
1666 1769 1870 1814 humana
1893 1777 2076 1814 natura:

128 1847 173 1883 et
190 1839 335 1898 primo
353 1837 408 1883 de
424 1837 496 1882 his
514 1851 630 1897 quae
647 1838 871 1896 pertinent
897 1837 952 1880 ad
979 1838 1328 1896 perfectionem:
1354 1837 1528 1883 secundo
1554 1837 1608 1881 de
1625 1837 1696 1881 his
1717 1850 1833 1895 quae
1858 1836 2083 1896 pertinent
2102 1869 2104 1871 »

29 1899 41 1950 ἶῖ
118 1903 185 1949 ad
209 1903 463 1950 defectum:
490 1904 611 1948 circa
628 1906 819 1963 primum
847 1904 1176 1948 consideranda
1202 1915 1307 1948 sunt
1332 1906 1443 1949 tria:
1468 1906 1612 1964 primo
1639 1904 1694 1948 de
1721 1903 1864 1962 gratia
1891 1902 2087 1948 Christi:

125 1970 297 2019 secundo
319 1971 375 2016 de
393 1971 583 2016 scientia
601 1972 722 2029 ejus:
749 1972 868 2016 tertio
887 1971 942 2015 de
969 1971 1172 2030 potentia
1187 1971 1348 2030 ipsius:
1377 1971 1433 2015 de
1456 1971 1599 2030 gratia
1617 1980 1771 2014 autem
1790 1969 1962 2014 Christi
1979 1984 2085 2014 con-

0 2022 49 2041 g
124 2027 414 2085 siderandum
441 2048 508 2083 est
531 2037 774 2098 dupliciter:
802 2040 943 2098 primo
971 2038 1155 2097 quidem
1187 2038 1243 2082 de
1275 2038 1420 2097 gratia
1446 2040 1556 2097 eJus‚
1583 2038 1836 2082 secundum
1862 2037 1984 2096 quod
2011 2046 2079 2081 est

125 2104 311 2167 quidam
335 2104 577 2165 singularis
607 2105 776 2149 homo:
809 2105 981 2150 secundo
1014 2105 1069 2149 de
1102 2105 1247 2164 gratia
1278 2106 1388 2163 ejus,
1421 2104 1674 2149 secundum
1707 2105 1829 2164 quod
1855 2114 1920 2149 est
1948 2113 2086 2164 caput

0 2158 2 2201 ὲ
22 2160 54 2211 ’γΔ
123 2170 378 2219 Ecclesiae:
404 2186 514 2219 nam
539 2172 595 2218 de
621 2172 766 2232 gratia
791 2172 973 2217 unionis
997 2173 1092 2231 jam
1114 2172 1288 2217 dictum
1313 2182 1381 2217 est
1409 2172 1466 2232 (q.
1489 2174 1568 2231 2.)-

673 2282 802 2329 Circa
822 2286 1015 2345 primum
1040 2290 1299 2344 quaeruntur
1325 2284 1529 2329 tredecim.

211 2373 385 2420 Primo.
411 2373 579 2419 Utrum
603 2373 651 2417 in
673 2374 826 2418 anima
853 2373 1027 2420 Christi
1049 2373 1184 2418 fuerit
1209 2373 1360 2433 aliqua
1383 2374 1529 2433 gratia
1554 2373 1812 2420 habitualis.

202 2440 445 2488 Secundo.
474 2441 641 2486 Utrum
665 2441 714 2485 in
739 2441 926 2486 Christo
951 2441 1120 2486 fuerint
1142 2441 1343 2486 virtutes.

214 2506 390 2554 Tertio.
417 2508 584 2553 Utrum
608 2508 656 2552 in
682 2522 740 2554 eo
765 2508 901 2554 fuerit
924 2509 1049 2554 fides.

217 2574 412 2629 Quarto.
438 2576 607 2621 Utrum
631 2576 766 2622 fuerit
789 2577 837 2621 in
860 2591 915 2622 eo
942 2591 1058 2637 spes.

218 2642 410 2696 Quinto.
442 2643 609 2688 Utrum
633 2643 681 2687 in
707 2642 895 2689 Christo
919 2643 1086 2689 fuerint
1107 2643 1242 2690 dona.

190 2748 193 2752 .
217 2709 372 2757 Sexto.
398 2710 566 2755 Utrum
591 2710 639 2754 in
665 2710 852 2756 Christo
877 2710 1011 2756 fuerit
1034 2711 1213 2755 timoris
1239 2710 1428 2757 donum.

218 2777 441 2837 Septimo.
468 2777 637 2822 Utrum
663 2778 710 2822 in
732 2778 919 2823 Christo
945 2777 1113 2823 fuerint
1138 2779 1309 2837 gratiae
1336 2779 1476 2838 gratis
1502 2779 1648 2825 datae.

218 2845 418 2891 Octavo.
445 2845 613 2890 Utrum
638 2845 686 2889 in
713 2844 899 2890 Christo
924 2845 1059 2890 fuerit
1083 2845 1337 2904 prophetia.

216 2911 370 2958 Nono.
394 2911 562 2957 Utrum
586 2912 633 2956 in
660 2926 716 2957 eo
742 2911 877 2957 fuerit
901 2911 1137 2972 plenitudo
1165 2913 1350 2971 gratiae.

217 2979 430 3025 Decimo.
457 2979 624 3024 Utrum
648 2979 750 3024 talis
777 2979 1010 3039 plenitudo
1037 2979 1094 3024 sit
1119 2980 1301 3039 propria
1329 2979 1513 3025 Christi.

218 3046 493 3091 Undecimo.
521 3047 688 3091 Utrum
715 3046 888 3092 Christi
915 3046 1059 3106 gratia
1085 3047 1140 3091 sit
1166 3046 1354 3091 infinita.

219 3113 524 3159 Duodecimo.
553 3114 719 3158 Utrum
746 3114 943 3173 potuerit
969 3114 1136 3173 augeri.

223 3178 582 3229 Tertiodecimo.
610 3180 821 3234 Qualiter
846 3181 961 3225 haec
988 3183 1132 3240 gratia
1158 3195 1205 3226 se
1233 3181 1479 3242 habeatjad
1508 3182 1739 3226 unionem.

317 3662 354 3697 S.
381 3662 534 3696 Tirenus
561 3662 692 3696 Summa
713 3662 914 3708 Theologica.
940 3662 1022 3698 Vol.
1047 3662 1109 3698 lv.
1887 3656 1909 3688 ⁶
