2352 3926
627 234 906 284 Quasno
947 234 1168 275 Lxxxtv.
1209 233 1519 275 Alimentus
1558 222 1631 272 Ν.
2005 218 2106 289 783

156 351 263 384 cum
293 338 575 399 plenitudine
605 339 793 399 requirit
823 352 988 384 manus
1017 337 1377 399 impositionem,
1409 337 1531 398 quod
1564 336 1758 398 pertinet
1786 337 1843 382 ad
1875 336 2116 383 confirma-

155 405 345 453 tionem.

192 506 193 509 =
243 473 320 519 AD
348 487 564 520 TERTIUM
601 474 861 529 dicendum,
898 473 1022 534 quod
1048 473 1095 518 in
1129 474 1440 528 sacramentis,
1478 487 1595 533 quae
1628 471 1921 532 perficiuntur
1952 472 1999 516 in
2030 486 2115 517 usu

155 541 389 596 materiae,
416 541 620 586 minister
644 541 782 586 habet
804 541 1004 602 aliquem
1031 551 1185 586 actum
1212 540 1502 601 corporalem
1525 553 1736 585 exercere
1763 539 1884 584 circa
1900 553 2022 594 eum,
2039 539 2117 599 qui

154 609 341 669 suscipit
378 620 731 664 sacramentum,
768 609 884 654 sicut
908 610 956 653 in
988 610 1230 668 baptismo,
1264 618 1309 654 et
1341 608 1704 662 confirmatione,
1737 618 1782 652 et
1812 617 2014 652 extrema
2040 621 2117 651 un·

154 676 329 723 ctione:
353 679 433 723 sed
458 678 548 722 hoc
575 688 914 722 sacramentum
941 692 1036 722 non
1063 676 1269 721 consistit
1292 676 1339 720 in
1366 691 1449 720 usu
1473 676 1663 734 alicujus
1681 675 1899 719 materiae
1922 674 2117 719 exterius

154 744 414 804 appositae3
441 744 521 790 sed
548 744 652 789 loco
686 745 904 788 materiae
930 758 979 788 se
1010 744 1181 788 habent
1207 758 1276 797 ea,
1299 757 1414 802 quae
1440 753 1545 787 sunt
1577 757 1630 787 ex
1663 752 1790 801 parte
1816 741 2115 800 poenitentis:

152 811 272 856 unde
297 812 415 856 sicut
439 812 486 856 in
514 811 799 856 Eucharistia
815 810 1029 855 sacerdos
1052 810 1151 855 sola
1170 810 1428 868 prolatione
1447 810 1691 854 verborum
1719 822 1856 868 super
1870 808 2115 853 materiam

150 877 327 938 perficit
352 887 706 932 sacramentum,
732 878 794 922 ita
821 878 960 922 etiam
986 876 1085 921 sola
1110 877 1248 920 verba
1274 877 1526 921 sacerdotis
1552 875 1829 920 absolventis
1851 890 1986 935 super
2010 889 2119 935 poe-

150 945 373 990 nitentem
398 945 637 1004 perficiunt
654 944 952 989 absolutionis
975 954 1332 988 sacramentum.
1360 943 1429 997 Et,
1457 945 1493 987 si
1520 943 1683 1002 aliquis
1709 953 1837 987 actus
1865 942 2115 1002 corporalis

152 1022 275 1057 esset
298 1027 353 1057 ex
377 1022 504 1072 parte
531 1011 780 1056 sacerdotis
805 1011 1102 1071 necessarius,
1129 1024 1224 1054 non
1251 1010 1401 1053 minus
1429 1020 1712 1069 competeret
1728 1010 1875 1054 crucis
1901 1010 2112 1068 signatio,

150 1090 269 1140 quae
287 1078 524 1124 adhibetur
547 1080 592 1122 in
619 1078 916 1131 Eucharistia,
942 1092 1081 1136 quam
1107 1091 1270 1121 manus
1295 1077 1529 1135 impositio
1555 1078 1602 1120 in
1629 1078 1826 1135 signum,
1867 1077 1990 1136 quod
2032 1091 2113 1136 per

148 1145 418 1205 sanguinem
445 1146 591 1190 crucis
618 1145 790 1190 Christi
815 1145 1104 1189 remittuntur
1130 1154 1341 1203 peccata3
1369 1154 1414 1188 et
1438 1154 1593 1188 tamen
1618 1158 1712 1187 non
1746 1154 1813 1188 est
1839 1145 1894 1189 de
1919 1143 2114 1189 necessi-

147 1221 243 1260 tate
265 1213 400 1272 hujus
424 1213 713 1267 sacramenti,
738 1212 855 1257 sicut
878 1226 965 1256 nec
993 1212 1048 1256 de
1073 1211 1343 1256 necessitate
1369 1211 1695 1255 Eucharistiae.

875 1390 1311 1449 ARTICULUS
1350 1391 1420 1446 V.
2033 1408 2115 1463 51⁶4

272 1510 466 1566 U'fRUM
506 1526 625 1566 HOC
665 1526 1073 1566 SACRAMENTUM
1114 1527 1199 1565 SIT
1223 1528 1307 1587 ‘DE
1346 1525 1723 1566 NECESSITATE
1759 1525 2002 1564 SALUTIS.

149 1635 298 1696 (Supr.
325 1650 364 1695 q.
392 1636 455 1696 65.
482 1643 563 1682 art.
590 1653 626 1683 ι.
653 1645 767 1697 corp.
793 1644 831 1682 et
854 1644 936 1683 art.
963 1652 1003 1683 2.
1030 1637 1084 1682 ad
1109 1651 1151 1694 4.
1178 1644 1216 1682 et
1241 1644 1321 1682 art.
1348 1651 1391 1695 4.
1414 1644 1526 1697 corp.
1545 1642 1581 1681 et
1596 1649 1638 1694 4.
1657 1637 1768 1681 Dist.
1786 1651 1852 1694 14.
1870 1650 1909 1695 q.
1926 1651 1963 1682 ι.
1981 1641 2064 1681 art.
2078 1650 2115 1694 5.

533 1711 571 1750 et
592 1706 638 1749 in
656 1707 794 1765 princ.
820 1713 914 1766 exp.
942 1705 1002 1750 lit.
1030 1711 1068 1750 et
1092 1705 1163 1750 lib.
1190 1718 1232 1762 4.
1264 1705 1412 1750 Contr.
1435 1719 1474 1763 g.
1504 1712 1596 1764 cap.
1623 1703 1723 1764 17.).

237 1814 315 1860 An
341 1827 567 1866 Qum'rum
593 1815 658 1860 sic
673 1816 958 1876 proceditur.
1003 1816 1210 1871 Videtur,
1252 1816 1375 1876 quod
1407 1815 1499 1860 hoc
1542 1825 1883 1860 sacramentum
1922 1829 2017 1860 non
2058 1816 2116 1860 sit

148 1881 205 1926 de
229 1882 499 1927 necessitate
525 1882 698 1939 salutis,
728 1884 834 1943 quia
851 1897 985 1943 super
1001 1883 1113 1928 illud
1130 1883 1248 1928 Psal.
1273 1896 1391 1940 125.:
1413 1884 1502 1940 Qui
1516 1885 1724 1928 seminant
1739 1885 1784 1927 in
1801 1883 2010 1942 lacrymis,
2028 1893 2113 1928 etc.

148 1948 258 1994 dicit
283 1948 435 1994 Gloss.
461 1950 618 2008 (interl.
644 1952 797 2010 Aug.):
826 1964 850 1994 <t
876 1951 984 1996 Noli
1011 1965 1109 1996 esse
1130 1951 1282 2004 tristis,
1303 1951 1341 1995 si
1364 1951 1480 1995 adsit
1500 1951 1579 1994 tibi
1601 1951 1723 1995 bona
1742 1949 1972 2005 voluntas,
1995 1951 2114 1995 unde

149 2015 331 2060 metitur
370 2031 457 2076 pax
491 2032 542 2061 »:
585 2017 665 2062 sed
704 2018 883 2063 tristitia
925 2029 992 2063 est
1033 2019 1087 2062 de
1128 2019 1305 2063 ratione
1346 2018 1668 2077 poenitentiae,
1711 2018 1964 2063 secundum
2002 2017 2114 2062 illud

149 2097 191 2130 2.
218 2084 327 2130 Cor.
354 2097 418 2143 7.:
447 2086 568 2143 Quae
591 2086 814 2131 seeundum
839 2087 980 2132 Deum
1002 2093 1056 2131 est
1083 2088 1269 2140 tristitia,
1305 2087 1605 2145 poenitentiam
1641 2087 1686 2129 in
1720 2085 1895 2130 salutem
1923 2085 2114 2130 stabilem

146 2159 344 2213 operatur
352 2169 370 2206 ,·
398 2167 508 2213 ergo
533 2154 655 2198 bona
680 2153 891 2198 voluntas
916 2154 1015 2199 sine
1041 2154 1320 2214 poenitentia
1346 2153 1510 2198 sufficit
1537 2154 1591 2197 ad
1618 2153 1828 2197 salutem.

236 2233 285 2283 2.
302 2220 601 2267 PRAETEREA.
627 2221 841 2266 Proverb.
874 2234 939 2267 10.
967 2222 1152 2266 dicitur:
1184 2223 1391 2266 Universa
1407 2220 1554 2265 delicta
1571 2222 1701 2280 operit
1717 2221 1912 2275 charitas,
1933 2230 1977 2265 et
1998 2220 2115 2265 infra

147 2301 246 2347 cap.
275 2300 367 2346 15.:
396 2288 475 2332 Per
499 2288 845 2342 misericordiam,
873 2294 910 2333 et
929 2288 1053 2347 fidem
1070 2294 1313 2348 purgantur
1332 2294 1531 2347 peccata.-
1560 2287 1638 2332 sed
1660 2287 1750 2331 hoc
1774 2297 2113 2332 sacramentum

144 2368 237 2399 non
264 2365 333 2400 est
356 2356 440 2399 nisi
469 2356 525 2399 ad
551 2356 840 2415 purgandum
865 2365 1078 2415 peccata3
1108 2370 1218 2414 ergo
1245 2355 1458 2400 habendo
1487 2355 1771 2408 charitatem,
1809 2364 1854 2399 et
1888 2354 2043 2409 fidem,
2071 2365 2115 2399 et

145 2422 522 2478 misericordiam,
548 2433 698 2482 potest
723 2424 913 2483 quisque
946 2423 1141 2468 salutem
1169 2423 1389 2483 consequi
1416 2423 1554 2468 etiam
1581 2422 1677 2466 sine
1703 2422 2013 2482 poenitentiae
2049 2436 2115 2466 sa-

145 2500 396 2535 eramento.

238 2569 276 2615 3.
301 2557 600 2603 Primnum..
627 2558 926 2602 Sacramenta
951 2557 1186 2602 Ecclesiae
1218 2557 1397 2601 initium
1416 2556 1586 2601 habent
1603 2557 1657 2600 ab
1675 2556 1959 2601 institutione
1983 2555 2114 2601 Chri-

146 2624 226 2670 sti:
252 2625 346 2679 sed,
371 2625 488 2670 sicut
512 2625 676 2685 legitur
695 2625 826 2684 Joan.
849 2626 905 2681 8.,
927 2625 1134 2670 Christus
1161 2624 1402 2668 mulierem
1430 2623 1679 2669 adulteram
1710 2623 1903 2668 absolvit
1945 2623 2112 2682 absque

146 2691 450 2751 poenitentia;
475 2705 586 2751 ergo
612 2692 802 2747 videtur,
829 2692 951 2751 quod
978 2693 1259 2750 poenitentia
1284 2706 1379 2736 non
1405 2692 1462 2736 sit
1488 2691 1545 2736 de
1570 2691 1842 2736 necessitate
1870 2689 2041 2734 salutis.

236 2757 333 2803 SED
360 2771 556 2805 CONTRA
581 2769 662 2813 est,
695 2760 817 2818 quod
842 2759 1071 2804 Dominus
1097 2759 1221 2808 dicit,
1247 2760 1356 2804 Luc.
1376 2759 1441 2803 8.:
1463 2759 1511 2804 82·
1530 2760 1830 2819 poenitentiam
1855 2772 1939 2801 non
1965 2758 2112 2802 habue-

147 2826 254 2879 ritis,
279 2841 415 2870 omnes
434 2826 558 2870 simul
575 2827 778 2886 peribitis.

235 2892 525 2938 Responm-:o
551 2893 810 2947 dicendum,
833 2893 954 2952 quod
978 2892 1146 2953 aliquid
1165 2903 1232 2938 est
1249 2893 1559 2938 necessarium
1579 2892 1634 2936 ad
1653 2891 1848 2936 salutem
1865 2892 2111 2952 dupliciter:

145 2975 228 3005 uno
255 2960 374 3005 modo
401 2959 627 3014 absolute;
654 2960 738 3004 alio
764 2960 884 3004 modo
912 2974 966 3004 ex
992 2961 1319 3020 suppositione.
1348 2960 1570 3004 Absolute
1592 2960 1778 3018 quidem
1800 2960 2111 3004 necessarium

147 3036 217 3072 est
240 3028 298 3071 ad
324 3026 516 3071 salutem
544 3026 671 3080 illud,
697 3027 794 3071 sine
821 3041 912 3086 quo
938 3027 1088 3072 nullus
1114 3028 1307 3073 salutem
1349 3028 1567 3085 consequi
1609 3036 1772 3085 potest,
1813 3026 1930 3071 sicut
1969 3027 2114 3086 gratia

147 3094 333 3147 Christi,
360 3105 404 3139 et
429 3104 767 3139 sacramentum
793 3094 1018 3154 baptismi,
1045 3109 1125 3154 per
1150 3096 1271 3155 quod
1296 3095 1456 3154 aliquis
1478 3095 1524 3138 in
1549 3094 1734 3139 Christo
1757 3095 2021 3139 renascitur.
2045 3095 2112 3139 Ex

146 3162 458 3221 suppositione
484 3170 637 3206 autem
665 3171 732 3205 est
755 3162 1064 3206 necessarium
1081 3172 1420 3207 sacramentum
1439 3161 1769 3220 poenitentiae;
1786 3162 1909 3220 quod
1927 3162 2112 3221 quidem

146 3239 215 3274 est
252 3228 563 3274 necessarium
604 3242 697 3272 non
740 3229 968 3283 omnibus,
1008 3229 1086 3274 sed
1129 3240 1319 3289 peccato
1367 3229 1716 3287 subjacentibus.
1765 3229 1946 3273 Dicitur
1988 3230 2113 3274 enim

147 3308 187 3340 2.
215 3295 360 3341 Paral.
378 3295 456 3340 ult.
477 3296 540 3353 (in
567 3302 678 3341 orat.
695 3295 922 3353 Manass.):
948 3296 1026 3350 Tu,
1044 3297 1227 3341 Domine
1244 3298 1357 3340 Deus
1372 3298 1600 3354 justorum,
1619 3310 1702 3339 non
1717 3297 1890 3355 posuisti
1904 3299 2115 3356 poeniten-

140 3365 251 3408 tiam
273 3365 411 3421 iustis,
439 3362 676 3417 Abraham,
702 3363 837 3416 Isaac,
862 3369 899 3407 et
916 3363 1062 3420 Jacob,
1090 3370 1127 3407 et
1153 3364 1214 3407 his
1239 3365 1310 3421 qui
1337 3364 1413 3407 tibi
1438 3377 1520 3406 non
1543 3369 1836 3422 peceaverunt.
1863 3362 2112 3408 Peccatum

149 3439 315 3483 autem,
341 3445 436 3475 cum
463 3435 793 3475 consummatum
810 3430 964 3489 fuerit,
987 3437 1157 3489 generat
1181 3436 1370 3483 mortem,
1398 3439 1447 3474 ut
1472 3429 1635 3474 dicitur
1654 3430 1810 3487 Jacob.
1844 3444 1906 3485 1.;
1937 3441 1982 3475 et
2008 3430 2111 3475 ideo

147 3497 458 3542 necessarium
483 3507 550 3550 est
575 3497 630 3541 ad
657 3496 852 3541 salutem
888 3498 1157 3555 peccatoris,
1194 3497 1317 3556 quod
1359 3504 1600 3556 peccatum
1629 3507 1920 3541 removeatur
1946 3498 1998 3542 ab
2027 3510 2111 3552 eo;

149 3563 269 3622 quod
294 3563 478 3623 quidem
504 3577 599 3608 non
624 3574 775 3623 potest
800 3563 895 3608 fieri
921 3564 1017 3608 sine
1043 3564 1350 3623 poenitentiae
1377 3573 1681 3618 sacramento,
1706 3564 1753 3607 in
1779 3577 1872 3623 quo
1898 3575 2112 3624 operatur

146 3629 288 3676 virtus
312 3630 536 3691 passionis
563 3630 736 3676 Christi
761 3645 839 3691 per
866 3630 1203 3677 absolutionem
1231 3630 1480 3676 sacerdotis
1506 3630 1643 3676 simul
1669 3644 1774 3676 cum
1802 3645 1938 3691 opere
1955 3635 2112 3692 poeni⁴
