2352 3926
300 204 406 259 802
792 214 1070 262 QUAESTIO
1111 213 1334 251 Lxxxv1.
1376 201 1686 250 Alimentus
1726 210 1781 248 11.

1017 401 1453 462 ARTICULUS
1489 401 1561 456 II.
1975 447 1980 451 .
2167 426 2262 480 55²7

482 522 676 561 UTRUM
709 521 830 559 SINE
863 518 1243 558 POENITENTIA
1273 515 1574 555 PECCATUM
1603 513 1834 554 REMITTI
1865 513 2075 552 POSSIT·
2168 515 2175 524 ¹

412 619 543 677 (Infr.
577 623 657 662 art.
685 631 722 676 3.
755 624 866 675 corp.
900 622 939 660 et
970 630 1008 674 q.
1041 615 1110 674 87.
1143 620 1226 659 art.
1258 630 1294 660 1.
1327 620 1440 672 corp.
1473 618 1510 657 et
1539 625 1582 669 4.
1614 611 1729 656 Dist.
1761 624 1827 668 14.
1859 625 1898 670 q.
1931 624 1972 655 a.
2005 615 2088 654 art.
2116 622 2153 668 5.

883 689 922 728 et
952 683 1064 727 Dist.
1098 682 1165 727 16.
1198 696 1237 741 q.
1268 697 1304 726 1.
1336 686 1417 726 art.
1449 694 1490 726 2.
1524 694 1563 738 q.
1595 678 1670 736 1.).

384 788 461 832 An
501 794 763 831 SECUNDUM
789 783 854 828 sic
886 783 1163 843 procediturss
1200 781 1407 836 Videtur,
1433 780 1557 841 quod
1589 780 1687 824 sine
1718 777 1998 839 poenitentia
2022 785 2264 838 peccatum

298 855 468 900 remitti
501 853 670 912 possit:
708 866 803 896 non
840 852 964 896 enim
999 860 1066 895 est
1102 852 1254 894 minor
1285 850 1427 893 virtus
1459 847 1549 892 Dei
1584 847 1706 891 circa
1743 845 1937 900 adultos,
1971 857 2111 904 quam
2143 843 2265 888 circa

300 936 486 982 pueros:
514 920 593 964 sed
621 919 772 979 pueris
798 928 986 979 peccata
1013 918 1198 962 dimittit
1220 916 1317 962 sine
1342 915 1646 976 poenitentia3
1673 927 1785 972 ergo
1812 912 1952 957 etiam
1979 911 2156 956 adultis.

386 1002 427 1033 2.
450 988 752 1033 PRAETEREA.
778 986 907 1031 Deus
932 985 1146 1030 virtutem
1173 998 1305 1028 suam
1330 982 1629 1028 sacramentis
1660 995 1755 1025 non
1790 979 1994 1040 alligavit
2009 993 2034 1023 :1
2053 978 2133 1024 sed
2158 985 2264 1037 poe-

299 1055 491 1102 nitentia
518 1065 585 1099 est
611 1053 841 1114 quoddam
860 1061 1223 1106 sacramentum;
1250 1064 1361 1110 ergo
1382 1049 1548 1094 virtute
1570 1049 1722 1093 divina
1743 1056 1935 1107 possunt
1954 1053 2144 1107 peccata
2164 1043 2264 1090 sine

298 1122 577 1182 poenitentia
603 1121 783 1165 dimitti.

391 1205 429 1249 3.
457 1190 756 1234 PRAETEREA.
782 1188 933 1246 Maior
959 1197 1027 1231 est
1051 1185 1367 1230 misericordia
1392 1184 1495 1238 Dei,
1521 1197 1661 1243 quam
1687 1180 2004 1227 misericordia
2033 1178 2261 1225 hominis:

298 1256 376 1302 sed
402 1257 547 1301 homo
584 1256 813 1300 interdum
845 1254 1035 1298 remittit
1071 1252 1294 1297 offensam
1316 1265 1463 1303 ,suam
1489 1249 1670 1294 homini
1701 1249 1841 1293 etiam
1876 1261 1972 1292 non
1997 1246 2265 1307 poenitenti,

297 1324 416 1369 unde
444 1334 489 1369 et
523 1324 620 1383 ipse
655 1323 884 1367 Dominus
919 1320 1107 1364 mandat
1130 1319 1293 1363 Matth.
1319 1330 1387 1374 4:
1415 1318 1592 1376 Diligite
1618 1318 1813 1361 inimicos
1841 1321 2012 1369 vestros,
2045 1314 2269 1374 benefacite

297 1392 358 1436 his
383 1394 454 1451 qui
481 1391 655 1436 oderunt
675 1405 776 1442 vos;
807 1402 917 1447 ergo
945 1387 1091 1432 multo
1115 1386 1263 1445 magis
1290 1386 1417 1430 Deus
1444 1385 1631 1429 dimittit
1657 1382 1883 1427 offensam
1908 1395 2041 1427 suam
2071 1380 2267 1426 homini-

297 1459 380 1502 bus
412 1473 507 1502 non
539 1457 890 1517 poenitentibus.

389 1525 484 1569 SED
518 1537 714 1570 CONTRA
742 1533 824 1578 est,
858 1522 980 1582 quod
998 1521 1230 1566 Dominus
1257 1519 1367 1564 dicit
1392 1519 1596 1563 Hierem.
1627 1518 1714 1562 18.:
1742 1518 1790 1563 Si
1807 1518 2111 1577 poenitentiam
2142 1517 2270 1576 egerit

298 1606 393 1651 gens
414 1592 490 1636 illa
515 1605 542 1636 a
567 1591 679 1635 malo
702 1590 810 1649 quod
826 1591 946 1648 feeit,
976 1603 1100 1647 agam
1122 1594 1158 1632 et
1175 1602 1244 1646 ego
1256 1587 1561 1647 poenitentiam
1585 1594 1711 1645 super
1731 1585 1862 1640 malo,
1888 1582 1998 1644 quod
2018 1584 2201 1643 cogitavi
2220 1589 2270 1629 ut

287 1660 476 1719 facerem
501 1660 551 1703 ei.
575 1657 632 1702 Et
656 1658 721 1702 sic
749 1672 773 1701 e
795 1656 1027 1700 contrario
1060 1655 1239 1699 videtur
1269 1654 1393 1714 quod
1419 1654 1459 1698 si
1482 1653 1628 1698 homo
1661 1651 1994 1711 poenitentiam
2017 1664 2114 1696 non
2146 1661 2267 1710 agat,

297 1727 423 1770 Deus
450 1725 493 1770 ei
516 1739 612 1769 non
637 1724 837 1768 remittat
863 1722 1101 1767 offensam.
2175 1712 2177 1714 ’

388 1792 679 1837 RESPONDEO
707 1790 968 1844 dicendum,
1003 1789 1126 1849 quod
1162 1787 1446 1849 impossibile
1484 1796 1564 1842 est,
1590 1796 1832 1846 peccatum
1868 1785 2047 1831 actuale
2072 1783 2268 1831 mortale

304 1859 402 1904 sine
427 1858 708 1919 poenitentia
733 1858 917 1911 remitti,
943 1857 1177 1916 loquendo
1204 1856 1260 1900 de
1286 1855 1569 1915 poenitentia
1595 1868 1711 1914 quae
1734 1863 1802 1898 est
1819 1853 1976 1898 virtus.
2000 1851 2125 1898 Cum
2146 1851 2270 1896 enim

300 1937 542 1986 peccatum
569 1927 626 1970 sit
661 1925 751 1969 Dei
789 1924 978 1979 offensa,
1016 1937 1072 1968 eo
1108 1923 1252 1967 modo
1284 1923 1411 1967 Deus
1448 1931 1690 1982 peccatum
1727 1921 1931 1975 remittit,
1957 1931 2049 1980 quo
2080 1918 2270 1963 remittit

302 1993 526 2038 offensam
552 1993 599 2036 in
626 2007 674 2037 se
701 1992 1014 2036 commissam.
1035 1990 1227 2036 Offensa
1246 2000 1398 2035 autem
1417 1990 1586 2034 directe
1610 1987 1857 2048 opponitur
1882 1986 2078 2047 gratiae:
2101 1996 2157 2030 ex
2176 1985 2268 2030 hoc

301 2062 425 2105 enim
452 2061 615 2105 dicitur
641 2059 803 2119 aliquis
831 2059 960 2103 alteri
987 2072 1085 2103 esse
1113 2057 1329 2113 offensus,
1357 2056 1480 2117 quod
1498 2056 1676 2116 repellit
1692 2069 1799 2100 eum
1817 2069 1843 2099 a
1859 2054 2005 2114 gratia
2022 2062 2117 2099 sua.
2140 2051 2272 2097 Sicut
2302 2105 2307 2110 ³

301 2137 454 2173 autem
480 2127 685 2172 habitum
715 2136 783 2171 est
808 2126 855 2170 in
882 2138 923 2170 2.
953 2126 1050 2182 (1-2.
1073 2141 1111 2184 q.
1144 2140 1233 2170 110.
1273 2131 1353 2169 art.
1381 2125 1455 2183 1.),
1482 2123 1573 2168 hoc
1600 2124 1788 2168 interest
1812 2122 1936 2173 inter
1955 2121 2150 2181 gratiam
2165 2119 2269 2174 Dei,

301 2205 346 2239 et
372 2195 568 2254 gratiam
593 2193 811 2247 hominis,
839 2193 963 2252 quod
990 2193 1136 2251 gratia
1164 2192 1368 2236 hominis
1393 2205 1489 2236 non
1512 2200 1683 2245 causat,
1710 2189 1789 2234 sed
1806 2187 2132 2249 praesupponit
2145 2186 2272 2232 boni-

299 2273 442 2307 tatem
468 2275 641 2315 veram‚
665 2259 741 2304 vel
768 2270 1061 2319 apparentem
1087 2260 1135 2303 in
1160 2260 1350 2303 homine
1377 2268 1533 2318 grato:
1561 2258 1640 2302 sed
1667 2257 1813 2316 gratia
1837 2256 1926 2311 Dei
1959 2264 2118 2300 causat
2140 2254 2273 2300 boni·
2347 2292 2350 2294 .

300 2339 443 2373 tatem
475 2329 521 2372 in
547 2328 738 2372 homine
767 2337 914 2386 grat0,
938 2341 993 2371 eo
1021 2327 1144 2386 quod
1175 2326 1297 2371 bona
1322 2326 1535 2370 voluntas
1561 2326 1664 2378 Dei,
1687 2337 1804 2384 quae
1829 2322 2096 2377 innomine,
2110 2322 2269 2381 gratia,
2333 2374 2335 2377 p

300 2396 584 2455 intelligitur,
612 2404 680 2439 est
705 2408 843 2439 causa
870 2394 1020 2438 omnis
1045 2394 1157 2438 boni
1175 2393 1336 2437 creati:
1367 2393 1488 2437 unde
1505 2401 1655 2451 potest
1673 2391 1956 2449 contingere,
1981 2387 2269 2449 quodhomo

302 2464 504 2508 remittat
521 2461 761 2517 offensam,
788 2475 876 2520 qua
904 2460 1106 2505 offensus
1133 2470 1200 2505 est
1226 2460 1376 2514 alicui,
1405 2460 1574 2519 absque
1593 2458 1744 2518 aliqua
1765 2456 2087 2503 immutatione
2112 2454 2272 2507 volun-

299 2531 404 2575 tatis
431 2532 551 2589 ejus:
578 2543 673 2573 non
700 2537 854 2572 autem
881 2530 1146 2587 contingere
1173 2537 1338 2587 potest,
1365 2527 1487 2586 quod
1510 2527 1637 2570 Deus
1660 2525 1862 2570 remittat
1887 2520 2114 2569 offensam
2127 2518 2272 2572 'alicui

304 2599 473 2657 absque
490 2595 813 2640 immutatione
838 2594 1086 2639 voluntatis
1115 2595 1224 2652 ejus.
1255 2593 1447 2639 Offensa
1466 2604 1619 2637 autem
1637 2594 1812 2651 peccati
1834 2589 2044 2636 mortalis
2064 2589 2271 2651 procedit

302 2680 356 2709 ex
381 2664 488 2718 hoc,
517 2663 639 2723 quod
665 2661 877 2707 voluntas
903 2662 1106 2706 hominis
1134 2671 1203 2706 est
1230 2675 1387 2705 aversa
1415 2675 1440 2705 a
1465 2661 1569 2704 Deo
1606 2674 1686 2719 per
1722 2659 2074 2705 conversionem
2107 2657 2163 2703 ad
2196 2657 2273 2703 ali-

302 2733 425 2792 quod
450 2732 626 2776 bonum
653 2728 1003 2784 commutabile;
1031 2729 1150 2773 unde
1175 2729 1417 2788 requiritur
1435 2728 1490 2772 ad
1508 2728 1829 2772 remissionem
1854 2726 2036 2772 divinae
2052 2724 2272 2780 offensae,

302 2799 425 2859 quod
450 2798 663 2843 voluntas
688 2796 891 2841 hominis
906 2796 982 2852 ‚sic
1019 2796 1300 2849 immutetur,
1337 2805 1387 2839 ut
1413 2805 1707 2840 convertatur
1745 2795 1800 2839 ad
1826 2795 1980 2839 Deum
2007 2806 2114 2839 cum
2143 2791 2273 2838 dete-

302 2868 498 2912 statione
535 2865 847 2910 conversionis
885 2864 1157 2923 praedictae,
1193 2874 1238 2908 et
1270 2863 1509 2923 proposito
1547 2862 1794 2917 emendae3
1825 2860 1951 2922 quod
1982 2860 2179 2921 pertinet
2213 2857 2271 2904 ad

302 2934 528 2979 rationem
557 2931 879 2993 poenitentiae,
916 2931 1171 2976 secundum
1207 2930 1330 2990 quod
1363 2940 1431 2974 est
1462 2932 1617 2974 virtus.
1651 2929 1708 2974 Et
1738 2929 1844 2974 ideo
1874 2926 2272 2989 impossibile-eet,

303 3002 425 3061 quod
452 3011 695 3060 peccatum
722 2998 859 3043 alicui
884 2999 1139 3044 remittatur
1164 2997 1261 3042 sine
1287 2998 1582 3056 poenitentia,
1604 2997 1860 3042 secundum
1880 2995 2007 3058 quod
2028 2994 2270 3055 est'virtus.

305 3069 658 3114 Sacramentum
685 3076 839 3111 autem
865 3066 1189 3128 poenitentiae,
1216 3065 1333 3109 sicut
1359 3079 1493 3124 supra
1520 3065 1693 3109 dictum
1715 3074 1784 3110 est
1805 3068 1864 3124 (q.
1887 3065 1960 3122 84.
1983 3067 2065 3109 art.
2079 3063 2156 3123 3),
2176 3075 2274 3123 per·

304 3135 453 3180 ficitur
487 3149 567 3194 per
603 3133 808 3179 officium
840 3133 1092 3178 sacerdotis
1129 3132 1326 3192 ligantis,
1362 3143 1406 3177 et
1441 3131 1675 3187 solventis,
1712 3132 1810 3177 sine
1844 3144 1939 3192 quo
1970 3139 2122 3191 potest
2144 3129 2275 3176 Deus
2341 3172 2352 3182 ,

306 3212 546 3262 peccatum
564 3202 809 3255 remittere,
828 3202 944 3245 sicut
960 3200 1134 3245 remisit
1145 3199 1353 3245 Christus
1371 3199 1550 3244 mulieri
1568 3199 1814 3254 adulterae,
1825 3208 1876 3244 ut
1889 3194 2196 3258 legiturJoan.
2211 3196 2272 3251 8.,

302 3280 347 3314 et
371 3269 628 3329 peccatrici,
655 3279 704 3313 ut
725 3269 889 3327 legitur
914 3269 1025 3312 Luc.
1045 3281 1110 3326 7.;
1133 3268 1294 3326 quibus
1327 3277 1482 3311 tamen
1514 3282 1608 3312 non
1641 3267 1816 3311 remisit
1841 3274 2037 3326 peccate
2059 3264 2159 3310 sine
2187 3264 2276 3308 vir·
2346 3263 2352 3288 '³

302 3347 397 3381 tute
425 3337 755 3396 poenitentiae;
772 3350 895 3389 nam,
914 3335 1030 3380 sicut
1048 3334 1186 3393 Greg.
1206 3334 1316 3378 dicit
1332 3334 1377 3378 in
1395 3335 1523 3380 hom.
1541 3335 1616 3395 (33.
1635 3337 1679 3379 in
1695 3335 1862 3395 Evang.
1876 3341 2036 3394 parum
2050 3345 2079 3378 a
2088 3332 2271 3392 princ),
2348 3335 2352 3380 ζ

309 3420 332 3444 ι(
361 3419 439 3462 per
467 3403 661 3462 gratiam
684 3403 818 3447 traxit
834 3403 954 3447 intus
977 3400 1174 3460 (scilicet
1196 3401 1251 3445 ad
1279 3401 1631 3460 poenitentiam)
1649 3415 1789 3461 quam
1806 3414 1886 3461 per
1906 3398 2272 3445 misericordiam
2340 3402 2352 3450 ΔΣ.

306 3471 504 3531 suscepit
528 3470 637 3514 foris
655 3487 696 3514 >›.
2029 3493 2031 3495 ·

394 3538 469 3581 AD
498 3550 685 3582 PRlMUM
712 3551 824 3595 ergo
852 3537 1110 3591 dicendum,
1137 3536 1260 3595 quod
1286 3535 1332 3579 in
1360 3536 1509 3594 pueris
1532 3549 1625 3581 non
1654 3545 1722 3580 est
1746 3535 1834 3580 nisi
1864 3543 2107 3595 peccatum
2138 3531 2274 3592 origi-

302 3603 422 3658 nale,
450 3604 571 3663 quod
598 3617 693 3652 non
719 3604 926 3648 consistit
950 3604 997 3647 in
1027 3602 1194 3648 actuali
1226 3602 1572 3648 deordinatione
1605 3602 1868 3657 voluntatis,
1894 3600 1974 3647 sed
1998 3601 2046 3646 in
2070 3599 2270 3661 quadam
