2352 3926
0 453 6 484 --.
0 379 11 449 *vm*

643 248 926 296 Qumrto
964 248 1169 290 Lxxxv.
1205 245 1515 289 ARTICULus
1551 245 1588 285 1.
1964 245 2067 301 793

205 363 246 395 2.
271 350 568 398 PRAETEREA.
596 351 862 398 Secundum
886 351 1223 413 Philosophum
1248 363 1291 407 4.
1317 349 1464 395 Ethic.
1484 348 1593 410 (cap.
1610 348 1726 407 ult),
1753 363 1777 390 «
1799 347 2074 391 verecundia

114 430 210 463 non
231 427 299 463 est
318 419 457 463 virtus
479 435 522 473 >›,
543 428 642 463 tum
666 419 772 479 quia
794 430 862 464 est
881 420 1034 479 passio
1061 419 1235 464 habens
1258 416 1547 477 corporalem
1564 414 1948 468 immutationem,
1974 424 2074 458 tum

114 483 254 530 etiam
279 485 384 545 quia
404 499 498 530 non
525 495 593 530 est
618 486 853 546 dispositio
879 485 1080 545 perfecti,
1107 500 1214 530 cum
1240 485 1298 530 sit
1319 485 1375 529 de
1396 483 1516 543 turpi
1544 489 1662 537 actu,
1680 481 1802 543 quod
1820 496 1915 526 non
1936 481 2076 526 habet

114 550 271 596 locum
296 553 342 597 in
368 552 557 597 homine
584 553 810 598 virtuoso:
839 555 917 598 sed
944 553 1151 598 similiter
1176 552 1457 611 poenitentia
1484 561 1552 595 est
1578 550 1805 610 quaedam
1831 549 1982 609 passio
1999 549 2077 592 ha-

52 627 59 632 “
114 618 226 663 bens
253 619 542 679 corporalem
567 620 954 675 immutationem,
971 620 1146 665 scilicet
1170 619 1415 679 ploratum,
1438 618 1555 663 sicut
1573 617 1712 677 Greg.
1740 617 1847 661 dicit
1865 617 1995 675 (hom.
2008 629 2075 675 34.

114 688 159 731 in
178 687 342 747 Evang.
366 689 474 732 inter
488 687 592 732 med.
611 694 647 732 et
656 689 723 747 fin
728 689 776 747 .),
802 688 924 748 quod
951 688 1225 748 «poenitere
1244 695 1310 731 est
1326 695 1516 746 peccata
1533 685 1773 744 praeterita
1790 683 2006 744 plangere
2024 698 2076 728 »z

115 762 184 798 est
208 754 345 799 etiam
372 755 427 799 de
453 755 656 813 turpibus
681 753 828 810 factis,
853 754 1029 799 scilicet
1055 755 1110 799 de
1136 754 1351 814 peccatis,
1379 767 1495 812 quae
1521 767 1615 797 non
1642 753 1812 797 habent
1843 750 2039 796 locum
2028 765 2075 794 in

113 820 305 870 homine
329 821 558 876 virtuoso3
586 835 695 881 ergo
718 821 998 882 poenitentia
1022 836 1117 866 non
1145 832 1212 866 est
1236 821 1392 865 virtus.

207 902 246 948 3.
270 888 567 935 Pium-mm.
592 888 855 934 Secundum
877 889 1051 934 Philos.
1073 901 1115 944 4.
1139 889 1285 933 Ethic.
1304 889 1418 947 (cap.
1431 903 1467 947 3.
1473 886 1564 933 ἐίν.
1586 887 1768 948 priua),
1797 903 1822 929 ‹<
1842 885 1994 932 nullus
2012 893 2079 931 est

114 954 278 1001 stultus
302 969 478 1010 eorum,
505 956 583 1015 qui
607 966 711 1001 sunt
734 956 988 1001 secundum
1013 956 1227 1001 virtutem
1250 970 1301 999 »ε
1335 955 1414 999 sed
1440 955 1629 999 stultum
1646 955 1823 999 videtur
1844 953 2000 999 dolere
2022 954 2078 999 de

58 1062 63 1073 .
117 1023 369 1072 commisso
395 1024 655 1082 praeterito,
677 1023 800 1083 quod
821 1037 915 1068 non
937 1033 1087 1082 potest
1107 1037 1201 1067 non
1219 1037 1334 1077 esse,
1357 1022 1480 1082 quod
1501 1032 1658 1067 tamen
1680 1022 1876 1082 pertinet
1897 1020 1952 1065 ad
1974 1033 2079 1080 poe-

114 1090 381 1146 nitentianu
406 1105 518 1150 ergo
542 1091 823 1151 poenitentia
847 1105 942 1136 non
969 1101 1038 1136 est
1062 1092 1217 1135 virtus.

204 1157 300 1204 SED
328 1171 524 1204 CONTRA
551 1168 633 1213 est,
660 1158 783 1218 quod
808 1167 1049 1219 praecepta
1074 1157 1189 1218 legis
1221 1158 1383 1203 dantur
1410 1157 1465 1202 de
1505 1157 1678 1202 actibus
1704 1156 1939 1211 virtutum,
1972 1155 2078 1215 quia

119 1241 143 1268 et
163 1224 399 1286 legislator
423 1225 617 1272 intendit
641 1226 763 1271 cives
788 1224 940 1271 facere
965 1226 1194 1271 virtuosos
1215 1243 1257 1280 »‚
1280 1235 1330 1270 ut
1355 1225 1518 1270 dicitur
1544 1238 1585 1270 2.
1611 1224 1758 1269 Ethic.
1786 1225 1899 1284 (cap.
1927 1240 1961 1270 r.
1986 1228 2081 1269 ante

113 1292 266 1352 mam:
279 1293 360 1338 sed*
370 1304 666 1354 praeceptum
678 1294 859 1340 divinae
872 1293 987 1353 legis
1002 1305 1069 1339 est
1078 1295 1133 1339 de
1146 1293 1441 1354 poenitentia,
1454 1293 1708 1338 secundum
1725 1293 1836 1337 illud
1847 1292 2009 1338 Matth.
2021 1303 2079 1348 4:

116 1362 420 1409 Paenitentiam
439 1363 564 1422 agite,
591 1371 702 1416 etc.;
730 1376 840 1421 ergo
867 1362 1148 1420 poenitentia
1174 1372 1243 1407 est
1266 1360 1421 1407 virtus.

203 1427 492 1476 Rnsronmso
518 1429 779 1484 dicendum,
811 1429 949 1489 quod,
976 1431 1091 1475 sicut
1117 1444 1171 1474 ex
1197 1429 1327 1474 dictis
1353 1438 1477 1489 patet
1501 1429 1570 1488 (in
1602 1443 1691 1488 arg.
1718 1443 1757 1474 2.
1792 1434 1832 1474 et
1861 1443 1900 1488 q.
1929 1435 2074 1488 praec.

115 1502 196 1542 art.
227 1511 293 1543 ro.
318 1495 374 1541 ad
397 1497 478 1554 4.),
505 1497 738 1555 poenitere
765 1507 832 1542 est
867 1496 923 1542 de
961 1496 1114 1556 aliquo
1150 1497 1274 1556 prius
1301 1510 1327 1541 a
1353 1510 1401 1540 se
1426 1495 1549 1540 facto
1586 1496 1770 1551 dolere;
1805 1496 1978 1540 dictum
2012 1504 2081 1540 est

115 1573 270 1609 autem
293 1577 429 1623 supra
457 1570 513 1623 (q.
533 1572 683 1623 praec.
708 1570 789 1609 art.
817 1564 894 1624 9.)‚
920 1565 1042 1624 quod
1069 1563 1217 1619 dolor,
1244 1562 1318 1608 vel
1343 1563 1522 1608 tristitia
1543 1563 1764 1623 dupliciter
1789 1564 1973 1609 dicitur:
1999 1577 2082 1607 uno

115 1631 256 1685 modo,
279 1631 533 1677 secundum
560 1632 683 1691 quod
705 1642 772 1677 est
795 1632 950 1691 passio
968 1632 1195 1691 quaedam
1214 1631 1438 1691 appetitus
1455 1631 1687 1686 sensitivi;
1715 1641 1759 1675 et
1785 1641 2008 1690 quantum
2028 1629 2083 1673 ad

114 1699 207 1744 hoc
232 1700 512 1758 poenitentia
536 1713 631 1744 non
658 1709 726 1744 est
749 1699 907 1754 virtus,
934 1699 1012 1745 sed
1039 1699 1215 1758 passio:
1250 1699 1335 1743 alio
1369 1698 1506 1753 modo,
1541 1698 1794 1743 secundum
1821 1698 1944 1758 quod
1977 1710 2084 1741 con-

115 1767 233 1812 sistit
255 1767 303 1811 in
327 1766 586 1822 voluntate3
615 1777 659 1812 et
683 1767 774 1811 hoc
800 1767 942 1811 modo
971 1777 1038 1811 est
1060 1781 1166 1810 cum
1193 1766 1390 1826 quadam
1418 1766 1667 1811 electione:
1697 1781 1813 1825 quae
1837 1765 2022 1825 quidem
2045 1764 2084 1809 si

113 1834 172 1880 sit
194 1844 332 1889 recta,
356 1848 544 1879 necesse
570 1844 638 1879 est
662 1834 784 1893 quod
811 1835 868 1879 sit
893 1845 1019 1879 actus
1045 1835 1244 1879 virtutis:
1275 1834 1439 1878 dicitur
1465 1834 1588 1878 enim
1610 1834 1656 1877 in
1680 1847 1720 1877 2.
1745 1834 1847 1879 Eth.
1871 1834 1983 1893 (cap.
2003 1833 2081 1889 6.),

116 1902 238 1961 quod
263 1902 403 1945 virtus
430 1911 499 1946 est
522 1901 702 1946 habitus
721 1901 939 1947 electivus
961 1902 1214 1946 secundum
1240 1902 1468 1946 rationem
1484 1913 1678 1946 rectam:
1713 1901 1907 1961 pertinet
1929 1910 2083 1944 autem

113 1969 171 2014 ad
191 1970 417 2015 rationem
442 1979 629 2023 rectam,
655 1979 704 2014 ut
729 1969 891 2029 aliquis
917 1969 1084 2024 doleat,
1111 1970 1167 2014 de
1193 1983 1284 2029 quo
1313 1969 1563 2013 dolendum
1586 1980 1667 2022 est,
1695 1979 1738 2013 et
1766 1983 1821 2013 eo
1848 1969 2007 2022 modo,
2035 1978 2080 2012 et

114 2035 221 2091 fine,
247 2051 338 2096 qno
364 2035 614 2083 dolendum
640 2047 727 2083 est:
751 2037 874 2097 quod
901 2038 1086 2097 quidem
1113 2038 1379 2082 observatur
1400 2037 1447 2080 in
1469 2037 1764 2096 poenitentia,
1782 2037 1836 2080 de
1854 2050 1943 2095 qua
1960 2049 2081 2079 nunc

115 2102 362 2164 loquimur,
382 2118 491 2149 nam
516 2104 754 2163 poenitens
773 2105 964 2151 assumit
978 2105 1270 2149 moderatum
1288 2103 1500 2149 dolorem
1527 2105 1582 2148 de
1609 2104 1807 2162 peccatis
1833 2102 2085 2162 praeteritis

116 2184 225 2217 cum
249 2170 504 2216 intentione
534 2171 805 2216 removendi
842 2186 920 2226 ea;
957 2172 1078 2217 unde
1112 2170 1407 2216 manifestum
1434 2181 1517 2226 est,
1551 2171 1674 2231 quod
1700 2171 1996 2231 poenitentia,
2029 2170 2085 2215 de

115 2251 206 2298 qua
228 2251 351 2285 nunc
378 2237 624 2298 loquimur,
650 2237 725 2283 vel
749 2249 818 2284 est
842 2239 998 2294 virtus,
1025 2237 1100 2283 vel
1125 2248 1252 2283 actus
1278 2239 1469 2283 virtutis.

205 2304 283 2352 AD
309 2318 497 2351 PRmUM
522 2319 633 2365 ergo
666 2306 926 2361 dicendum,
953 2306 1092 2366 quod,
1119 2306 1236 2351 sicut
1261 2305 1434 2350 dictum
1462 2315 1529 2351 est
1554 2306 1614 2365 (q.
1635 2313 1779 2365 praec.
1807 2311 1888 2351 art.
1914 2321 1950 2351 1.
1974 2304 2029 2350 ad
2050 2321 2085 2351 r.

115 2378 154 2419 et
179 2378 260 2418 art.
286 2387 326 2419 2.
352 2378 389 2418 et
413 2372 489 2432 3.),
517 2372 565 2418 in
590 2384 881 2419 sacramento
913 2373 1221 2433 poenitentiae
1256 2372 1552 2418 materialiter
1580 2387 1628 2418 se
1654 2373 1824 2418 habent
1856 2383 1983 2418 actus
2008 2373 2088 2417 hu·

115 2440 266 2495 mani3
291 2439 415 2500 quod
440 2453 536 2484 non
562 2440 787 2499 contingit
810 2441 859 2486 in
879 2441 1123 2500 baptismo,
1140 2439 1216 2484 vel
1233 2439 1607 2485 confirmatione:
1628 2450 1672 2485 et
1688 2440 1793 2485 ideo
1822 2454 1928 2484 cum
1945 2440 2087 2484 virtus

114 2506 175 2555 sit
196 2506 470 2567 principium
496 2506 688 2567 alicujus
714 2517 857 2562 actus,
884 2507 1036 2567 potius
1067 2507 1350 2568 poenitentia
1382 2517 1451 2553 est
1480 2508 1638 2563 virtus,
1663 2508 1739 2552 vel
1771 2522 1877 2553 curn
1903 2508 2084 2562 virtute,

116 2586 257 2634 quam
280 2573 546 2634 baptismus,
573 2589 652 2620 seu
679 2574 985 2620 confirmatio.

206 2641 285 2687 AD
310 2653 571 2687 SECUNDUM
597 2642 858 2697 dicendum,
890 2643 1013 2702 quod
1039 2642 1335 2701 poenitentia,
1368 2643 1620 2687 secundum
1654 2643 1778 2702 quod
1815 2652 1883 2687 est
1917 2641 2085 2702 passi0,

42 2708 47 2711 ’
117 2717 297 2757 nonest
310 2709 465 2762 virtus,
491 2718 541 2754 ut
565 2708 737 2754 dictum
765 2720 835 2754 est
861 2708 925 2767 (in
950 2717 1064 2770 corp.
1091 2709 1213 2767 art.):
1233 2710 1298 2755 sic
1317 2720 1471 2755 autem
1487 2710 1627 2755 habet
1643 2709 1931 2769 corporalem
1948 2719 2087 2753 trans-

36 3262 38 3267 ,.
26 3085 48 3258 «μ.φῡπρξῗρᾏ
24 3053 33 3068 ”’
29 3045 33 3047 ³
25 2992 40 3007 :7
25 2976 27 2979 ’
23 2920 28 2930 “’

21 2786 58 2817 {⁴
119 2775 421 2821 mutationem
447 2775 729 2833 adjunctam:
758 2786 826 2821 est
849 2787 1006 2822 tamen
1030 2777 1188 2832 virtus,
1211 2777 1464 2822 secundum
1489 2778 1611 2837 quod
1634 2778 1771 2821 habet
1793 2791 1847 2821 ex
1868 2786 1993 2836 parte
2010 2791 2087 2821 vo-

118 2843 303 2893 luntatis
327 2841 604 2887 electionem
627 2853 825 2888 rectam:
864 2843 988 2904 quod
1023 2854 1179 2889 tamen
1215 2844 1363 2904 magis
1401 2855 1551 2903 potest
1577 2845 1668 2888 dici
1704 2845 1759 2888 de
1791 2843 2085 2903 poenitentia,

120 2923 258 2970 quam
290 2908 347 2954 de
371 2909 668 2965 verecundia3
691 2924 802 2955 nam
826 2912 1104 2956 verecundia
1125 2912 1309 2971 respicit
1333 2922 1461 2971 turpe
1489 2912 1661 2955 factum
1683 2921 1732 2956 ut
1757 2925 1985 2970 praesens,
2002 2925 2084 2970 pro

119 2991 211 3037 quo
236 2978 368 3022 timet
392 2975 633 3031 confundi3
659 2978 939 3037 poenitentia
964 2993 1074 3024 vero
1102 2990 1152 3024 ut
1172 2980 1489 3038 praeteritum:
1519 2990 1585 3023 est
1613 2988 1765 3023 autem
1800 2989 1959 3023 contra
1990 2993 2086 3038 per·

120 3044 367 3090 sectionem
399 3042 589 3097 virtutis,
623 3045 744 3103 quod
778 3044 939 3105 aliquis
975 3046 1021 3090 in
1058 3047 1284 3106 praesenti
1317 3047 1483 3091 habeat
1515 3056 1643 3105 turpe
1680 3044 1867 3100 factum,
1905 3046 1960 3091 de
1995 3060 2086 3105 quo

118 3120 329 3172 oporteat
354 3124 460 3156 eum
476 3111 802 3156 verecundari:
829 3126 924 3157 non
951 3123 1020 3158 est
1047 3123 1201 3159 autem
1222 3123 1381 3158 contra
1402 3112 1735 3172 perfectionem
1752 3113 1943 3167 virtutis,
1962 3113 2085 3172 quod

121 3178 282 3238 aliquis
308 3177 430 3237 prius
456 3177 741 3223 commiserit
765 3179 913 3238 turpia
938 3179 1072 3236 facta,
1099 3181 1155 3225 de
1173 3181 1334 3240 quibus
1353 3190 1563 3238 oporteat
1580 3194 1687 3225 eum
1714 3180 1963 3240 poenitere,
1981 3195 2087 3226 cum

121 3260 178 3292 ex
200 3245 368 3290 vitioso
394 3243 473 3288 fiat
499 3243 660 3303 aliquis
685 3245 928 3292 virtuosus.

211 3314 287 3360 An
309 3325 526 3358 TERTIUM
552 3312 810 3367 dicendum,
833 3316 954 3373 quod
981 3315 1136 3361 dolere
1160 3315 1214 3360 de
1251 3329 1307 3359 eo
1345 3314 1468 3374 quod
1495 3314 1617 3375 prius
1651 3313 1825 3360 factum
1858 3325 1940 3370 est,
1980 3329 2085 3360 cum

121 3380 373 3428 intentione
401 3379 599 3424 conandi
625 3379 680 3424 ad
706 3380 796 3424 hoc
824 3381 947 3440 quod
963 3381 1134 3428 factum
1159 3397 1253 3427 non
1280 3382 1426 3432 fuerit,
1445 3393 1566 3429 esset
1580 3381 1786 3427 stultum.
1813 3383 1915 3428 Hoc
1932 3393 2086 3428 autem

122 3463 219 3495 non
244 3447 436 3494 intendit
468 3446 730 3523 poenitens:
756 3447 835 3492 sed
867 3448 1001 3494 dolor
1031 3452 1128 3509 ejus
1161 3461 1229 3495 est
1260 3449 1559 3527 displicentia,
1585 3463 1665 3495 seu
1691 3450 1948 3509 reprobatio
1980 3450 2089 3496 facti

126 3514 357 3576 praeteriti
380 3527 486 3559 cum
511 3513 762 3560 intentione
789 3516 1055 3561 removendi
1088 3516 1358 3576 sequelam
1346 3516 1503 3576 ipsius,
1528 3516 1705 3562 scilicet
1729 3516 1954 3603 offensam
1985 3518 2088 3573 Dei,

125 3592 171 3628 et
186 3592 367 3629 reatum
384 3593 585 3641 poenae:
614 3590 659 3626 et
682 3580 773 3627 hoc
801 3595 896 3627 non
921 3592 991 3628 est
1013 3582 1216 3630 stultum.
