2352 3926
246 202 355 256 714
741 195 1020 243 QUAESTIO
1062 196 1247 234 Lxxnt.
1282 183 1589 235 ART1cuLus
1628 195 1724 234 vn.

338 314 377 345 2.
406 301 702 345 PRAETEREA.
737 297 936 342 Effectus
962 298 1098 356 hujus
1124 297 1400 342 sacramenti
1431 306 1498 341 est
1525 296 1707 355 adeptio
1730 296 1918 356 gratiae,
1941 306 1987 342 et
2018 296 2206 357 gloriae,

247 378 292 412 et
317 368 527 412 remissio
557 367 716 423 culpae
745 365 799 408 ad
828 367 978 408 minus
1003 363 1219 418 venialis3
1246 364 1283 407 si
1311 377 1423 422 ergo
1448 364 1539 408 hoc
1573 373 1912 408 sacramentum
1937 363 2210 409 haberet'ef·

245 435 416 479 fectum
434 435 479 477 in
508 433 620 486 aliis,
638 446 777 490 quam
803 432 849 474 in
876 431 1174 486 sumentibus,
1198 441 1353 490 posset
1371 431 1786 490 contingere'quod
1805 431 1967 491 aliquis
1995 432 2211 492 adipisce-

246 512 368 545 retur
396 510 439 545 et
465 500 674 558 gratiam,
702 509 746 542 et
774 498 985 557 gloriam,
1013 508 1058 542 et
1091 498 1412 542 remissionem
1440 498 1615 557 culpae,
1641 499 1809 558 absque
1832 499 2028 554 actione,
2055 502 2212 559 etp'as—

246 568 374 612 sione
401 566 598 625 propria,
626 565 716 609 alio
744 575 966 618 sumente,
993 564 1067 608 vel
1093 564 1312 609 offerente
1339 566 1429 609 hoc
1458 575 1812 610 sacramentum.

339 648 375 692 3.
409 633 707 677 PRAETEREA.
744 631 1049 691 Multiplicata
1087 646 1239 687 causa,
1276 632 1854 692 multiplicatur‘effectus3
1896 633 1936 678 si
1974 647 2086 693 ergo
2118 632 2209 677 hoc

245 710 585 745 sacramentum
612 698 849 758 prodesset
871 699 985 754 aliis,
1011 713 1150 758 quam
1177 700 1474 754 sumentibus,
1501 710 1764 759 sequeretur
1790 701 1913 760 quod
1939 701 2087 760 magis
2111 714 2237 761 pro--

246 768 398 811 desset
425 765 575 821 alicui,
594 766 630 810 si
657 766 788 810 multi
806 762 1151 811 sumerent'hoc
1171 777 1525 822 sacramentum,
1542 767 1697 812 multis
1719 768 1881 813 hostiis
1901 769 1950 813 in
1965 782 2055 813 una
2072 768 2213 812 missa

246 834 549 888 consecratis;
570 833 692 892 quod
717 847 812 878 non
837 833 977 878 habet
998 833 1232 880 Ecclesiae
1256 836 1556 890 consuetudo,
1579 845 1628 880 ut
1654 835 1830 881 scilicet
1854 835 1986 881 multi
2009 849 2239 881 commun

245 902 401 946 nicent
422 915 505 961 pro
534 901 725 960 alicujus
748 900 918 957 salute3
944 915 1039 946 non
1061 916 1172 962 ergo
1198 902 1391 957 videtur,
1425 903 1548 963 quod
1579 903 1672 947 hoc
1705 913 2047 949 sacramentum
2070 902 2215 963 prosit

245 969 334 1013 nisi
361 968 574 1013 sumenti.

339 1036 433 1080 SED
468 1047 665 1080 CONTRA
692 1044 774 1090 est,
807 1035 931 1094 quod
957 1035 1004 1079 in
1037 1035 1344 1081 celebratione
1380 1037 1515 1096 hujus
1547 1038 1825 1083 sacramenti
1856 1037 1914 1083 sit
1942 1050 2026 1098 pro
2057 1035 2213 1082 multis

248 1103 347 1147 aliis
381 1103 657 1162 deprecatio,
698 1102 821 1162 quod
854 1102 1018 1146 frustra
1047 1102 1188 1157 fieret,
1220 1105 1307 1148 nisi
1338 1104 1429 1148 hoc
1458 1114 1796 1150 sacramentum
1829 1104 1930 1151 aliis
1954 1101 2213 1165 prodessen

244 1170 336 1215 hoc
361 1185 474 1229 ergo
502 1180 842 1215 sacramentum
869 1184 963 1214 non
992 1169 1143 1214 solum
1171 1171 1454 1215 sumentibus
1482 1172 1677 1231 prodest.

337 1237 630 1283 REsponn-sso
658 1236 917 1291 dicendum,
945 1238 1082 1296 quod,
1106 1238 1222 1282 sicut
1247 1238 1370 1296 prius
1398 1238 1571 1282 dictum
1599 1249 1667 1284 est
1693 1240 1798 1298 (art.
1825 1253 1862 1299 5.
1896 1239 1985 1299 huj.
2011 1240 2088 1299 q.),
2120 1238 2213 1284 hoc

248 1315 588 1350 sacramentum
619 1318 714 1349 non
748 1304 899 1348 solum
938 1314 1006 1348 est
1037 1306 1393 1361 sacramentum,
1427 1306 1505 1350 sed
1551 1306 1689 1350 etiam
1721 1317 1790 1352 est
1821 1306 2121 1385 sacrificium:
2151 1305 2217 1350 in·-
2245 1312 2250 1319 '

247 1384 468 1433 quantum
497 1373 619 1417 enim
646 1372 692 1416 in
719 1372 810 1416 hoc
837 1382 1126 1416 sacramento
1160 1383 1524 1431 repraesentatur
1550 1374 1700 1432 passio
1730 1373 1919 1430 Christi,
1945 1373 2051 1434 quia
2083 1372 2215 1418 Chri·

247 1451 341 1485 stus
369 1441 517 1486 obtulit
541 1455 578 1484 se
604 1440 781 1484 hostiam
811 1440 919 1493 Deo,
947 1448 998 1483 ut
1023 1439 1186 1483 dicitur
1213 1439 1379 1499 Ephes.
1403 1453 1441 1496 ς.
1432 1473 1458 1495 .,
1480 1440 1618 1484 habet
1644 1439 1871 1485 rationem
1897 1439 2126 1486 sacrificii:
2152 1439 2218 1498 in-

248 1518 470 1568 quantum
497 1521 607 1551 vero
630 1507 676 1550 in
697 1506 789 1550 hoc
816 1516 1106 1550 sacramento
1132 1507 1324 1551 traditur
1339 1506 1575 1551 invisibilis
1594 1507 1738 1567 gratia
1760 1508 1842 1552 sub
1859 1507 2025 1552 visibili
2047 1506 2215 1567 specie,

245 1576 385 1620 habet
410 1574 638 1619 rationem
660 1574 956 1628 sacramenti;
984 1575 1047 1618 sic
1081 1588 1193 1633 ergo
1225 1574 1317 1618 hoc
1352 1585 1691 1619 sacramentum
1718 1574 2001 1620 sumentibus
2031 1573 2216 1635 quidem

249 1643 447 1703 prodest,
476 1652 519 1686 et
545 1657 625 1700 per
650 1641 843 1685 modum
867 1643 1158 1696 sacramenti,
1181 1651 1226 1686 et
1255 1657 1337 1702 per
1357 1642 1551 1686 modum
1578 1642 1801 1697 sacrificii,
1837 1642 2049 1702 quiapro
2075 1642 2220 1687 om'fii-

244 1712 327 1755 bus
355 1709 637 1755 sumentibus
657 1708 857 1753 offertur.
884 1709 1065 1753 Dicitur
1086 1710 1208 1753 enim
1236 1709 1283 1753 in
1311 1723 1488 1754 canone
1515 1709 1706 1754 missae:
1737 1726 1762 1751 t<
1781 1709 2025 1770 Quotquot
2046 1723 2101 1755 ex
2124 1709 2215 1754 hac

251 1778 404 1822 altaris
430 1776 778 1837 participatione
805 1786 1150 1820 sacrosanctum
1172 1776 1274 1820 Filii
1298 1777 1365 1821 tui
1397 1791 1576 1836 corpus,
1600 1787 1644 1822 et
1675 1777 1945 1836 sanguinem·
1978 1775 2218 1837 sumpseri-

250 1860 368 1900 mus,
396 1844 525 1890 omni
549 1844 869 1889 benedictione
903 1843 1106 1898 coelesti,
1141 1854 1185 1889 et
1206 1845 1352 1904 gratia
1383 1844 1643 1904 repleamur
1673 1863 1714 1888 >›.
1740 1844 1831 1890 Sed
1858 1843 1972 1900 aliis,
2005 1844 2083 1905 qui
2118 1849 2216 1890 non

252 1923 450 1968 sumunt,
476 1913 661 1972 prodest
682 1926 761 1971 per
788 1911 980 1956 modum
1004 1911 1230 1967 sacrificii,
1253 1912 1522 1972 inquantum
1541 1927 1624 1972 pro
1651 1912 1795 1957 salute
1822 1925 1984 1957 eorum
2005 1910 2216 1967 offertur;

251 1982 371 2025 unde
399 1991 442 2025 et
468 1981 514 2024 in
538 1993 716 2024 canone
743 1979 910 2023 missae
934 1979 1117 2024 dicitur:
1156 1996 1179 2021 «
1201 1980 1453 2034 Memento,
1472 1981 1689 2034 Domine,
1715 1978 2013 2034 famulorum,
2028 1978 2220 2041 famula-

250 2063 444 2108 rumque
467 2058 664 2101 tuarum,
689 2061 772 2106 pro
800 2046 961 2105 quibus
994 2047 1074 2091 tibi
1102 2046 1353 2102 offerimus,
1378 2047 1452 2092 vel
1486 2048 1563 2106 qui
1589 2047 1670 2091 tibi
1696 2046 1895 2092 offerunt
1926 2047 2019 2092 hoc
2051 2045 2221 2091 sacrifi-

252 2117 374 2161 cium
400 2115 561 2169 laudis,
584 2129 666 2174 pro
700 2128 762 2169 se,
786 2115 969 2174 suisque
997 2115 1225 2169 omnibus,
1258 2129 1340 2173 pro
1372 2115 1690 2174 redemptione
1729 2115 1985 2159 animarum
2017 2113 2218 2175 suarum,

249 2198 331 2243 pro
370 2196 449 2242 spe
486 2181 658 2236 salutis,
697 2191 742 2226 et
775 2181 1106 2225 incolumitatis
1138 2196 1247 2226 suae
1288 2199 1329 2226 ».
1358 2183 1415 2227 Et
1446 2192 1690 2242 utrumque
1722 2181 1925 2233 modum,
1947 2180 2217 2242 proficiendi

245 2251 477 2295 Dominus
505 2249 736 2309 expressit,
760 2249 915 2293 dicens
942 2248 1103 2293 Matth.
1133 2247 1202 2293 26.
1232 2259 1278 2294 et
1304 2250 1414 2294 Luc.
1442 2261 1527 2294 22.:
1557 2251 1648 2307 Qui
1671 2257 1755 2309 pro
1781 2250 1916 2305 vobis,
1943 2248 2120 2323 scilicet
2148 2248 2220 2293 su-

246 2317 488 2370 mentibus,
512 2322 548 2361 et
560 2324 642 2375 pro
670 2316 824 2370 multis,
854 2315 1029 2360 scilicet
1056 2316 1169 2372 aliis,
1196 2317 1460 2375 effundetur‘
1444 2333 1489 2361 m
1511 2319 1790 2362 remissionem
1805 2319 2095 2376 peccatorum·

333 2385 408 2429 AD
426 2396 615 2429 PRIMUM
642 2396 753 2442 ergo
781 2383 1039 2438 dicendum,
1067 2383 1189 2442 quod
1211 2384 1302 2428 hoc
1322 2394 1661 2428 sacramentum
1678 2398 1786 2443 prae
1805 2382 1903 2428 aliis
1919 2383 2072 2439 habet,
2090 2383 2215 2444 quod

244 2461 313 2497 est
338 2450 637 2504 sacrificium3
665 2460 710 2494 et
734 2450 839 2494 ideo
866 2464 961 2494 non
989 2460 1057 2494 est
1082 2450 1243 2495 similis
1269 2452 1400 2498 ratio.

334 2519 410 2564 AD
429 2530 692 2563 SECUNDUM
710 2516 970 2571 dicendum,
989 2517 1111 2576 quod
1139 2517 1255 2562 sicut
1276 2517 1427 2577 passio
1454 2518 1624 2563 Christi
1650 2518 1834 2577 prodest
1859 2517 2046 2578 quidem
2073 2517 2219 2562 omni-

242 2588 324 2632 bus
351 2595 572 2646 quantum
600 2585 654 2628 ad
682 2583 1017 2637 sufficientiam,
1036 2595 1080 2628 et
1101 2584 1156 2628 ad
1184 2585 1503 2629 remissionem
1531 2585 1706 2643 culpae,
1734 2595 1778 2629 et
1805 2585 2099 2644 adeptionem
2120 2598 2220 2644 gra-

243 2655 348 2709 tiae,
367 2665 411 2699 et
427 2653 615 2713 gloriae,
642 2651 720 2696 sed
740 2650 954 2696 effectum
971 2666 1065 2695 non
1083 2651 1234 2706 habet,
1253 2652 1339 2696 nisi
1356 2653 1402 2695 in
1420 2652 1509 2697 illis
1525 2653 1603 2711 qui
1621 2652 1822 2712 passioni
1841 2653 2012 2698 Christi
2031 2653 2218 2712 conjun-

244 2732 411 2782 guntur
436 2735 515 2780 per
540 2719 693 2773 fidem,
721 2730 765 2762 et
791 2719 1085 2772 charitatem;
1112 2718 1174 2762 ita
1202 2729 1246 2763 et
1271 2719 1361 2763 hoc
1389 2719 1679 2774 sacrificium,
1700 2719 1822 2779 quod
1850 2729 1918 2765 est
1943 2718 2216 2765 memoriale

244 2789 520 2836 Dominicae
546 2785 785 2846 passionis,
812 2799 906 2829 non
933 2785 1070 2829 habet
1093 2784 1321 2840 effectum,
1343 2787 1429 2830 nisi
1457 2787 1503 2830 in
1531 2786 1618 2830 illis
1645 2788 1720 2846 qui
1750 2787 2091 2847 conjunguntur
2109 2786 2217 2831 huic

244 2865 534 2901 sacramento
562 2868 642 2913 per
668 2853 820 2906 fidem,
848 2862 891 2897 et
919 2853 1213 2907 charitatem3
1241 2854 1361 2897 unde
1389 2864 1433 2899 et
1459 2854 1742 2913 Augustinus
1769 2854 1879 2899 dicit
1906 2855 1961 2900 ad
1989 2854 2218 2900 Renatum

247 2925 342 2983 (lib.
365 2939 399 2969 r.
427 2923 473 2967 de
497 2923 671 2975 Anima,
695 2928 733 2966 et
758 2923 844 2980 ejus
870 2921 975 2979 orig.
1004 2928 1096 2979 cap.
1125 2935 1164 2980 9.
1194 2935 1219 2964 a
1233 2923 1424 2980 princ.):
1455 2938 1478 2963 «
1509 2921 1626 2974 Quis
1654 2921 1816 2966 offerat
1842 2934 2007 2982 corpus
2032 2921 2219 2977 Christi,

244 2991 331 3035 nisi
356 3004 439 3051 pro
466 2990 536 3034 his
555 2989 631 3048 qui
647 2998 752 3033 sunt
778 2987 984 3031 membra
1004 2987 1207 3032 Christi?
1235 3005 1258 3030 »
1279 2988 1412 3032 Unde
1430 2999 1473 3032 et
1491 2990 1534 3032 in
1560 3002 1737 3034 canone
1756 2990 1922 3035 missae
1948 3002 2042 3034 non
2059 2998 2215 3035 oratur

243 3074 325 3118 pro
352 3059 424 3102 his
451 3059 526 3117 qui
554 3067 658 3101 sunt
683 3066 807 3100 extra
833 3054 1113 3110 Ecclesiam;
1140 3054 1228 3100 illis
1255 3053 1409 3100 tamen
1435 3057 1622 3116 prodest
1643 3056 1850 3117 plus,vei
1871 3057 2037 3112 minus,
2056 3070 2219 3103 secun·

245 3127 354 3170 dum
382 3125 574 3170 modum
602 3123 860 3168 devotionis
887 3136 1062 3167 eorum.
2004 3175 2006 3178 Α

334 3192 410 3236 An
439 3204 656 3237 TERTmM
690 3191 949 3245 dicendum,
977 3189 1098 3249 quod
1126 3190 1327 3249 sumptio
1355 3191 1548 3248 pertinet
1581 3192 1636 3235 ad
1663 3191 1890 3236 rationem
1916 3190 2216 3236 sacramenti:

244 3260 322 3305 sed
350 3259 521 3303 oblatio
549 3259 742 3318 pertinet
760 3258 815 3302 ad
833 3259 1059 3302 rationem
1085 3257 1317 3302 sacrificii:
1348 3268 1391 3302 et
1417 3258 1522 3302 ideo
1550 3273 1602 3303 ex
1630 3260 1719 3303 hoc
1748 3258 1871 3318 quod
1901 3258 2064 3319 aliquis
2081 3258 2220 3304 sumit

247 3342 410 3387 corpus
439 3327 625 3382 Christi,
652 3326 726 3370 vel
754 3325 890 3370 etiam
920 3324 1085 3384 plures,
1110 3339 1204 3368 non
1233 3326 1451 3369 accrescit
1479 3326 1577 3369 aliis
1602 3325 1786 3386 aliquod
1808 3323 2149 3384 juvamentum3
2166 3326 2220 3370 si·

246 3395 413 3439 militer
440 3395 578 3439 etiam
606 3408 659 3438 ex
685 3394 776 3437 hoc
810 3393 933 3452 quod
966 3391 1178 3437 sacerdos
1206 3391 1356 3451 plures
1388 3393 1561 3437 hostias
1600 3402 1841 3438 consecrat
1866 3392 1911 3437 in
1944 3405 2035 3438 una
2059 3393 2214 3448 missa,

245 3476 339 3506 non
367 3461 696 3521 multiplicatur
722 3460 909 3505 effectus
941 3460 1076 3519 hujus
1103 3460 1390 3514 sacramenti,
1419 3460 1524 3519 quia
1550 3474 1644 3504 non
1672 3470 1740 3505 est
1766 3460 1853 3505 nisi
1879 3472 2022 3517 unum
2052 3456 2220 3505 sacrifi·

248 3530 394 3584 cium3
422 3529 538 3574 nihil
564 3529 687 3573 enim
714 3528 814 3588 plus
841 3537 909 3573 est
932 3528 1074 3572 virtus
1102 3527 1148 3571 in
1175 3525 1329 3571 multis
1357 3527 1518 3572 hostiis
1546 3527 1838 3583 consecratis,
1865 3540 2004 3588 quam
2030 3528 2077 3572 in
2108 3535 2216 3583 una,

248 3611 354 3641 cum
382 3597 461 3642 sub
485 3596 713 3651 omnibus,
737 3606 782 3641 et
804 3596 884 3640 sub
909 3609 999 3639 una
1019 3608 1113 3639 non
1141 3595 1196 3639 sit
1220 3594 1305 3638 nisi
1332 3604 1454 3640 totus
1473 3595 1707 3649 Christus;
1734 3594 1854 3640 unde
1879 3608 1963 3640 nec
1991 3594 2029 3640 si
2055 3593 2217 3655 aliquis

2304 3302 2324 3328 ja,
2331 3313 2334 3325 4

2306 3329 2328 3353 *a

2316 3360 2336 3393 ἴῃ
