2352 3926
626 226 901 272 QUAEsno
941 225 1163 264 Lxxxvr.
1203 224 1512 264 Aru-mutus
1554 225 1610 263 11.
2007 209 2108 281 803

147 326 366 373 habituali
394 326 741 372 deordinatione
765 337 969 382 naturae,
995 337 1045 372 ut
1070 328 1116 372 in
1144 340 1185 372 2.
1221 326 1430 371 habitum
1455 337 1524 372 est
1549 327 1648 385 (1-2.
1679 342 1717 386 q.
1751 327 1821 373 82.
1854 333 1935 373 art.
1963 328 2035 386 1.),
2070 337 2115 372 et

146 393 252 439 ideo
278 394 520 439 remittitur
545 394 609 438 eis
635 389 877 453 peccatum
905 408 1012 438 cum
1032 393 1254 439 habituali
1278 395 1600 439 immutatione
1626 409 1707 453 per
1722 393 1999 439 infusionem
2018 408 2114 454 gra-

146 461 252 515 tiae,
279 471 323 506 et
342 461 577 515 virtutum,
602 474 696 505 non
722 471 876 505 autem
903 474 1010 505 cum
1038 459 1230 505 actuali:
1269 460 1349 506 sed
1382 460 1555 515 adulto,
1588 461 1635 505 in
1662 474 1755 521 quo
1781 471 1887 506 sunt
1917 460 2113 506 actualia

63 526 69 533 ’
147 537 350 588 peccata,
377 541 494 587 quae
522 527 776 572 consistunt
800 527 847 571 in
864 527 1213 572 deordinatione
1237 526 1405 572 actuali
1421 526 1685 582 voluntatis,
1702 542 1797 572 non
1823 529 2114 573 remittuntur

147 605 349 654 peccata,
377 595 515 639 etiam
542 595 588 639 in
613 594 857 655 baptismo,
875 595 973 639 sine
993 593 1162 639 actuali
1181 594 1503 640 immutatione
1519 594 1791 650 voluntatis;
1817 595 1942 655 quod
1963 595 2014 640 fit
2034 609 2115 655 per

148 663 491 723 poenitentiam.

237 730 313 774 An
340 742 605 775 SECUNDUM
631 728 890 783 dicendum,
917 729 1041 788 quod
1067 728 1183 774 ratio
1209 727 1288 782 illa
1318 729 1527 789 procedit
1552 729 1608 774 de
1635 729 1932 788 poenitentia,
1958 743 2115 775 secun-

147 797 258 846 dum
284 797 407 856 quod
433 807 502 841 est
527 805 882 842 sacramentum.
951 791 958 796 ’

236 863 312 908 AD
336 876 553 909 TERTIUM
579 863 838 916 dicendum,
864 863 986 922 quod
1003 862 1318 907 misericordia
1342 862 1433 907 Dei
1458 871 1526 907 est
1550 863 1739 921 majoris
1764 863 1956 918 virtutis,
1974 877 2112 923 quam

147 930 462 975 misericordia
486 930 688 974 hominis
714 929 761 973 in
785 930 893 983 hoc,
912 929 1035 988 quod
1051 929 1267 973 immutat
1282 928 1569 974 voluntatem
1587 930 1788 975 hominis
1806 931 1863 975 ad
1880 931 2115 990 poeniten-

147 998 272 1053 dum,
298 997 421 1057 quod
447 996 760 1042 misericordia
782 997 985 1041 hominis
1010 995 1160 1041 facere
1187 1009 1285 1045 non
1308 1006 1470 1056 potest.

782 1159 1314 1218 ARTICULUS
1370 1160 1491 1216 III.
1893 1167 1897 1170 ’
2030 1176 2112 1234 528

344 1297 541 1336 UTRUM
580 1295 774 1336 POSSIT
812 1297 913 1336 PER
951 1296 1368 1337 POENITENTIAM
1407 1296 1566 1337 UNUM
1606 1296 1908 1336 PECCATUM

841 1379 962 1418 SINE
1002 1379 1134 1417 ALIO
1175 1379 1424 1418 REMITTI.

202 1488 309 1547 (1-2.
336 1503 375 1547 q.
404 1501 463 1548 73.
489 1494 570 1534 art.
597 1504 632 1534 1.
660 1494 697 1547 et
716 1504 753 1549 3.
777 1489 889 1534 Dist.
911 1488 979 1548 36.
1007 1494 1087 1533 art.
1110 1503 1148 1548 5.
1174 1494 1211 1533 et
1235 1502 1277 1546 4.
1305 1489 1418 1534 Dist.
1440 1502 1496 1548 15.
1524 1503 1562 1549 q.
1585 1505 1621 1534 1.
1649 1495 1731 1534 art.
1748 1503 1786 1548 5.
1813 1504 1852 1548 q.
1879 1504 1915 1535 1.
1941 1497 2058 1550 corp.

294 1561 333 1600 et
356 1555 469 1602 Dist.
492 1555 558 1602 16.
581 1570 620 1615 q.
642 1570 683 1602 2.
706 1561 788 1602 art.
810 1571 848 1602 1.
871 1570 909 1615 q.
931 1570 971 1601 2.
994 1563 1109 1615 corp.
1137 1562 1173 1601 et
1195 1556 1307 1600 Dist.
1330 1557 1393 1602 18.
1418 1570 1457 1616 q.
1479 1571 1516 1602 1.
1539 1562 1621 1602 art.
1638 1570 1676 1616 5.
1699 1571 1738 1616 q.
1755 1571 1792 1617 3.
1816 1555 1869 1601 ad
1889 1555 1962 1610 1.).

235 1666 312 1711 AD
335 1679 552 1712 TERTIUM
578 1666 642 1711 sic
663 1666 937 1726 proceditur.
960 1665 1166 1720 Videtur,
1193 1667 1315 1725 quod
1338 1667 1482 1726 possit
1508 1681 1588 1726 per
1613 1667 1944 1726 poenitentiam
1970 1681 2113 1712 unum

150 1743 390 1793 peccatum
416 1733 514 1778 sine
537 1732 629 1778 alio
651 1733 842 1779 remitti:
869 1732 1033 1777 dicitur
1051 1733 1175 1778 enim
1201 1734 1350 1778 Amos
1374 1746 1442 1789 4.:
1461 1734 1695 1794 Pluisuper
1721 1748 1851 1778 unam
1883 1736 2111 1789 civitatem,

147 1807 186 1846 et
213 1809 336 1860 super
359 1800 536 1846 alteram
562 1801 775 1846 civitatem
805 1815 889 1845 non
914 1801 1038 1860 plui:
1061 1807 1164 1860 pars
1189 1815 1276 1845 una
1308 1801 1518 1860 compluta
1541 1807 1609 1855 est,
1637 1808 1676 1846 et
1693 1810 1812 1861 pars,
1833 1803 1956 1861 super
1986 1816 2113 1860 quam

146 1882 230 1912 non
256 1867 384 1927 pluit,
428 1868 572 1912 aruit:
605 1867 728 1926 quod
755 1881 987 1926 exponens
1009 1866 1203 1926 Gregor.
1242 1881 1376 1927 super
1408 1868 1573 1912 Ezech.
1601 1868 1732 1926 (hom.
1765 1883 1830 1914 10.
1857 1869 1933 1914 cir.
1967 1868 2111 1927 med),

147 1934 275 1979 dicit:
306 1950 331 1976 α
357 1934 480 1979 Cum
506 1933 599 1988 ille,
617 1935 693 1994 qui
709 1934 973 1993 proximum
999 1934 1110 1988 odit,
1129 1934 1183 1978 ab
1203 1934 1301 1979 aliis
1317 1934 1438 1979 vitiis
1464 1949 1513 1979 se
1532 1935 1732 1994 corrigit,
1749 1949 1840 1979 una
1862 1935 2113 1995 eademque

146 2001 304 2047 civitas
330 2015 383 2045 ex
410 2011 535 2061 parte
561 2001 854 2060 compluitur,
881 2011 926 2045 et
943 2015 997 2045 ex
1013 2011 1141 2060 parte
1160 2001 1286 2045 arida
1313 2011 1483 2057 manet,
1516 2003 1622 2061 quia
1640 2011 1744 2046 sunt
1760 2002 1837 2061 qui
1857 2016 1964 2046 cum
1982 2016 2115 2061 quae-

145 2068 251 2113 dam
275 2067 386 2112 vitia
410 2077 632 2123 resecant,
654 2068 701 2111 in
729 2067 828 2112 aliis
855 2068 1051 2127 graviter
1075 2067 1322 2127 perdurant
1342 2084 1384 2123 »3
1411 2083 1521 2128 ergo
1539 2078 1691 2129 potest
1706 2083 1850 2113 unum
1871 2079 2113 2128 peccatum

146 2148 227 2196 per
250 2134 581 2195 poenitentiam
608 2134 775 2179 dimitti
799 2134 896 2179 sine
930 2134 1036 2178 alio.

234 2213 275 2247 2.
302 2201 600 2246 PRAETEREA.
617 2201 849 2256 Ambros.,
867 2215 1002 2260 super
1020 2201 1163 2246 Psal.:
1189 2203 1310 2247 Beati
1333 2203 1599 2248 immaculati
1625 2205 1670 2247 in
1694 2205 1770 2247 via
1793 2202 1899 2263 (post
1919 2203 2113 2263 explicat.

141 2281 277 2314 versu·
303 2270 456 2314 Exitus
503 2283 728 2327 aquarum,
765 2270 877 2327 eta),
921 2269 1044 2323 dicit,
1081 2269 1204 2328 quod
1235 2285 1259 2310 «
1296 2269 1444 2329 prima
1482 2269 1738 2314 consolatio
1773 2280 1854 2324 est,
1881 2270 1987 2329 quia
2018 2285 2114 2315 non

143 2335 426 2382 obliviscitur
444 2336 662 2381 miserere
683 2336 832 2381 Deus:
851 2336 1053 2380 secunda
1070 2350 1150 2395 per
1166 2336 1469 2395 punitionem,
1488 2337 1565 2381 ubi
1582 2338 1666 2381 etsi
1682 2337 1794 2382 fides
1812 2337 1941 2392 desit,
1963 2351 2114 2396 poena

143 2401 373 2458 satisfacit,
400 2412 446 2447 et
470 2402 643 2447 relevat
659 2418 710 2446 1)·
698 2413 879 2462 ‚potest
895 2417 1007 2462 ergo
1030 2402 1192 2462 aliquis
1210 2403 1403 2448 relevari
1421 2404 1475 2448 ab
1499 2403 1654 2464 aliquo
1672 2414 1879 2509 peccato,
1897 2415 2113 2450 manente

144 2479 335 2530 peccato
362 2469 654 2515 infidelitatis.

235 2550 274 2595 3.
304 2535 603 2582 PRAETEREA.
629 2535 818 2590 Eorum,
845 2550 962 2596 quae
987 2551 1082 2581 11011
1106 2551 1296 2582 necesse
1319 2548 1388 2583 est
1408 2552 1508 2583 esse
1531 2537 1682 2594 simul,
1705 2553 1847 2582 unum
1869 2548 2019 2597 potest
2042 2552 2115 2582 au-

142 2602 249 2648 ferri
272 2603 370 2647 sine
397 2602 513 2648 alio.
539 2603 618 2648 sed
644 2613 848 2662 peccata,
875 2614 925 2648 ut
944 2604 991 2647 in
1016 2616 1058 2648 2.
1084 2604 1291 2648 habitum
1325 2615 1394 2650 est
1426 2605 1484 2662 (1·
1468 2620 1523 2651 -2.
1542 2620 1581 2664 q.
1605 2619 1664 2665 73.
1686 2613 1769 2651 art.
1788 2607 1861 2663 1.),
1888 2619 1984 2649 11011
2009 2614 2115 2650 sunt

144 2684 366 2723 connexa,
393 2679 438 2714 et
461 2669 525 2714 ita
549 2684 692 2714 unum
719 2684 879 2715 eorum
896 2681 1047 2730 potest
1062 2685 1161 2716 esse
1190 2671 1289 2717 sine
1323 2672 1440 2727 alio3
1475 2686 1586 2732 ergo
1619 2673 1757 2717 etiam
1780 2687 1925 2716 unum
1951 2686 2112 2717 eorum

144 2746 296 2797 potest
320 2736 491 2781 remitti
515 2736 612 2781 sine
638 2736 730 2781 alio
755 2752 836 2796 per
861 2738 1205 2796 poenitentiam.

231 2815 274 2859 4.
300 2803 597 2848 PRAETEREA.
623 2803 820 2848 Peccata
846 2814 951 2848 sunt
971 2805 1155 2859 debita,
1158 2819 1275 2864 quae
1297 2773 1429 2851 nobis
1462 2806 1656 2851 relaxari
1689 2805 1899 2864 petimus,
1924 2819 2031 2850 cum
2052 2805 2115 2849 di-

145 2870 291 2915 cimus
314 2870 362 2915 in
389 2870 597 2915 oratione
621 2870 894 2916 Dominica:
922 2873 1102 2918 Dimitte
1116 2875 1233 2918 nobis
1249 2872 1388 2919 debita
1404 2880 1559 2926 nostra,
1583 2883 1689 2918 etc.:
1711 2873 1790 2917 sed
1808 2873 1954 2918 homo
1977 2887 2115 2932 quan-

142 2937 295 2997 doque
319 2937 504 2982 dimittit
528 2951 671 2981 unum
697 2938 899 2982 debitum
930 2939 1027 2984 sine
1054 2938 1171 2994 alio;
1213 2954 1326 2999 ergo
1353 2941 1494 2985 etiam
1520 2941 1646 2984 Deus
1672 2954 1755 2999 per
1781 2940 2113 2999 poenitentiam

144 3003 329 3049 dimittit
353 3018 495 3048 unum
522 3014 762 3062 peccatum
787 3005 885 3049 sine
911 3005 1017 3050 alio.

236 3083 273 3128 5.
300 3070 599 3116 PRAETEREA.
625 3070 713 3115 Per
738 3070 1030 3116 dilectionem
1055 3073 1145 3118 Dei
1168 3073 1426 3118 relaxantur
1447 3073 1713 3117 hominibus
1734 3083 1936 3133 peccata,
1958 3087 2110 3118 secun·

144 3137 254 3182 dum
279 3137 390 3181 illud
418 3137 619 3182 Hierem.
649 3150 739 3197 31.:
766 3138 819 3183 In
832 3139 1043 3185 charitate
1062 3147 1270 3200 perpetua
1294 3140 1422 3185 dilexi
1448 3146 1485 3185 te
1500 3155 1517 3192 ,·
1550 3139 1639 3184 ideo
1658 3142 1816 3185 attraxi
1833 3142 2113 3186 temiserans:

142 3204 222 3250 sed
245 3204 361 3248 nihil
387 3204 611 3263 prohibet,
638 3204 748 3263 quin
773 3205 900 3250 Deus
927 3205 1087 3265 diligat
1112 3206 1355 3250 hominem
1382 3216 1603 3265 quantum
1645 3206 1702 3250 ad
1734 3221 1892 3262 unum,
1919 3217 1964 3252 et
1989 3208 2047 3252 sit
2072 3207 2116 3252 ei

142 3270 342 3316 offensus
369 3281 591 3330 quantum
618 3271 674 3315 ad
701 3271 845 3326 aliud3
870 3271 989 3318 sicut
1011 3284 1305 3333 peccatorem
1339 3272 1486 3332 diligit
1525 3283 1747 3333 quantum
1789 3274 1845 3318 ad
1886 3284 2113 3328 naturam,

144 3338 242 3383 odit
265 3348 417 3382 autem
444 3347 663 3397 quantum
693 3338 750 3382 ad
777 3337 980 3398 culpam;
1007 3353 1118 3399 ergo
1144 3340 1322 3384 videtur
1346 3339 1578 3399 possibile,
1605 3340 1728 3399 quod
1750 3340 1878 3386 Deus
1898 3355 1979 3401 per
2009 3355 2116 3402 poe-

141 3405 380 3449 nitentiam
406 3405 607 3449 remittat
631 3418 774 3448 unum
800 3415 1040 3464 peccatum
1066 3407 1163 3451 sine
1191 3407 1297 3451 alio.

233 3471 329 3516 SED
356 3484 553 3517 CONTRA
580 3482 662 3525 est,
689 3473 812 3531 quod
838 3472 1033 3531 August.
1061 3473 1171 3518 dicit
1196 3473 1242 3516 in
1270 3472 1347 3520 lib.
1373 3473 1430 3517 de
1455 3474 1745 3519 Poenitentia
1776 3475 1866 3532 (seu
1896 3476 1965 3520 De
1992 3489 2112 3531 vera,

144 3543 182 3583 et
195 3537 312 3597 falsa
330 3540 486 3597 poenit.
514 3542 605 3598 cap.
633 3553 675 3598 9.
702 3540 802 3583 circ.
829 3539 982 3593 med.).·
1014 3555 1038 3581 α
1067 3539 1183 3584 Sunt
1210 3539 1377 3599 plures,
1404 3554 1520 3599 quos
1546 3541 1752 3600 poenitet
1777 3556 2008 3600 peccasse,
2034 3543 2115 3588 sed

143 3617 238 3649 non
270 3604 476 3659 omnin0‚
503 3615 784 3650 reservantes
810 3605 894 3650 sibi
921 3606 1161 3665 quaedam,
1188 3607 1235 3650 in
1261 3607 1423 3665 quibus
1450 3606 1874 3663 delectantur‚·non
1911 3609 2116 3654 animad-
