2352 3926
243 163 351 232 546
785 173 1065 221 QUAEsrro
1107 173 1581 217 va.ART1<:ULus
1619 173 1657 217 1.

238 278 476 324 Perficitur
511 287 665 325 autem
696 276 842 335 homo
875 275 922 319 in
955 274 1113 320 ordine
1146 274 1203 318 ad
1234 283 1383 323 totam
1412 276 1795 321 communitatem
1825 275 2078 336 dupliciter.-
2116 293 2202 326 uuo

239 346 359 390 modo
392 360 471 404 per
502 345 608 398 hoc,
635 325 756 401 quod
791 332 956 401 accipit
986 350 1260 400 potestatem
1294 341 1481 400 regendi
1513 332 1869 396 multitudinem,
1893 354 1939 391 et
1960 346 2205 400 exercendi

240 423 366 457 actus
392 411 627 472 publicos:
657 420 701 454 et
725 409 832 452 loco
858 409 1026 466 hujus
1016 423 1062 452 1n
1087 407 1308 467 spirituali
1333 409 1426 453 vita
1453 417 1520 457 est
1557 419 1895 454 sacramentum
1922 403 2139 474 ordinis,
2138 427 2205 459 se-

240 480 438 524 cundum
469 477 581 521 illud
615 476 750 520 Hebr.
771 489 826 536 7.,
859 475 982 535 quod
1013 475 1237 520 sacerdotes
1269 475 1420 520 hostz'as
1453 476 1627 536 offerunt
1659 491 1744 520 non
1773 477 1909 521 solum
1935 486 2020 539 pro
2051 483 2107 539 sa,
2134 480 2204 532 ud

239 548 365 592 etiam
379 554 456 604 pro
472 544 626 604 populo
637 559 653 595 ,·
676 543 850 587 secundo
877 552 1097 602 quantum
1125 543 1180 587 ad
1205 542 1462 587 naturalem
1480 543 1883 602 propagationem:
1912 545 2035 604 quod
2055 545 2106 591 fit
2124 561 2205 609 per

241 612 584 656 matrimonium
603 621 698 654 tam
717 611 762 653 in
781 610 1024 669 corporali,
1043 625 1181 668 quam
1199 610 1245 652 in
1264 609 1483 668 spirituali
1507 611 1620 663 vita3
1649 624 1704 653 eo
1722 611 1845 669 quod
1863 621 1930 656 est
1944 626 2040 656 non
2053 612 2205 661 solum

238 690 592 730 sacramentum,
619 678 698 722 sed
725 688 913 721 naturae
946 676 1161 721 officium.
1191 677 1258 721 Ex
1283 677 1354 721 his
1382 677 1520 720 etiam
1546 686 1670 735 patet
1701 688 2094 727 sacramentorum
2128 672 2207 723 nu-

239 762 405 801 merus,
423 747 677 791 secundum
704 747 826 804 quod
854 746 1120 791 ordinantur
1146 756 1306 789 contra
1332 745 1560 790 defectum
1586 746 1784 804 peccati;
1818 760 1927 791 nam
1953 747 2205 807 baptismus

240 816 472 859 ordinatur
499 824 655 858 contra
680 814 928 858 carentiam
950 813 1070 857 vitae
1094 813 1359 872 spiritualis:
1390 812 1677 856 confirmatio
1711 824 1870 858 contra
1895 813 2205 861 infirmitatem

240 883 393 937 animi,
422 895 537 940 quae
570 882 616 924 in
643 895 787 940 nuper
818 881 935 925 natis
967 881 1222 924 invenitur:
1256 880 1541 924 Eucharistia
1574 890 1734 924 contra
1765 879 2032 939 labilitatem
2066 883 2209 930 animi

239 951 295 995 ad
322 949 634 1009 peccandum:
663 948 942 1007 poenitentia
971 958 1128 992 contra
1162 947 1338 993 actuale
1365 958 1607 1006 peccatum
1641 957 1744 1006 post
1768 947 2047 1007 baptismum
2078 961 2206 993 com-

238 1015 457 1059 missum:
487 1025 690 1059 extrema
718 1015 872 1059 unctio
906 1025 1065 1059 contra
1082 1014 1293 1073 reliquias
1320 1025 1629 1072 peccatorum,
1649 1027 1763 1072 quae
1789 1011 1968 1062 scilicet
1991 1028 2086 1061 non
2101 1025 2208 1063 sunt

238 1081 513 1126 sufficienter
538 1096 618 1141 per
644 1082 973 1140 poenitentiam
1001 1081 1220 1134 sublatae,
1248 1091 1324 1124 aut
1351 1095 1406 1124 ex
1427 1081 1724 1138 negligentia,
1752 1090 1829 1124 aut
1852 1095 1906 1125 ex
1926 1081 2205 1141 ignorantia:

238 1149 351 1193 ordo
379 1159 539 1193 contra
564 1148 915 1193 dissolutionem
941 1148 1266 1192 multitudinis:
1297 1148 1644 1191 matrimonium
1679 1147 1727 1191 in
1763 1148 2019 1195 remedium
2047 1159 2207 1198 contra

238 1217 660 1276 concupiscentiam
678 1215 983 1275 personalem,
995 1226 1038 1260 et
1056 1225 1215 1259 contra
1235 1214 1460 1259 defectum
1481 1214 1796 1269 multitudinis,
1815 1215 1892 1274 qui
1911 1229 1991 1273 per
2006 1226 2206 1261 mortem

240 1284 416 1328 accidit
446 1283 650 1336 Quidam
677 1297 785 1327 vero
814 1284 1043 1342 accipiunt
1064 1297 1310 1328 numerum
1332 1293 1726 1326 sacramentorum
1748 1296 1828 1341 per
1850 1282 2081 1341 quandam
2108 1283 2210 1343 ada-

236 1351 488 1411 ptationem
522 1351 578 1395 ad
609 1351 811 1404 virtutes,
845 1361 889 1395 et
921 1351 976 1394 ad
1009 1349 1211 1394 defectus
1245 1349 1498 1407 culparum,
1532 1359 1576 1392 et
1606 1348 1953 1412 poenalitatum,
1974 1349 2203 1413 dicentes,

239 1418 361 1477 quod
401 1418 506 1461 fidei
541 1419 785 1494 respondet
817 1418 1093 1476 baptismus;
1137 1426 1181 1460 et
1223 1417 1457 1459 ordinatur
1500 1426 1659 1459 contra
1692 1415 1875 1475 culpam
1907 1408 2209 1475 originalem:

242 1486 339 1563 spei
371 1497 571 1529 extrema
603 1486 784 1539 uncti03
812 1495 856 1529 et
885 1485 1118 1529 ordinatur
1146 1493 1306 1527 contra
1326 1483 1508 1542 culpam
1524 1483 1778 1531 venialem:
1809 1484 2017 1533 charitati
2033 1477 2211 1550 Eucha-

240 1553 394 1607 ristia;
438 1563 483 1597 et
519 1553 753 1597 ordinatur
786 1562 946 1596 contra
972 1551 1300 1628 poenalitatem
1328 1550 1559 1594 malitiae.
1588 1550 1852 1610 prudentiae
1880 1542 2027 1613 ord93
2056 1561 2105 1613 et
2135 1566 2210 1601 or-

241 1620 419 1664 dinatur
445 1629 605 1664 contra
642 1620 979 1678 ignorantiam:
1013 1619 1210 1678 justitiae
1238 1619 1539 1678 poenitentia;
1573 1628 1617 1662 et
1649 1619 1882 1663 ordinatur
1918 1612 2078 1674 contra
2095 1614 2211 1696 pec-

243 1698 395 1732 catum
434 1687 653 1732 mortale:
685 1687 1013 1746 temperantiae
1047 1686 1416 1740 matrimonium;
1460 1696 1504 1729 et
1545 1686 1778 1730 ordinatur
1805 1695 1966 1734 contra
1999 1685 2211 1753 concupi-

241 1757 480 1800 scentiam:
511 1754 765 1806 fortitudini
793 1754 1105 1808 confirmati03
1134 1764 1179 1798 et
1205 1754 1438 1797 ordinatur
1465 1764 1624 1797 contra
1649 1753 1977 1799 infirmitatem.

326 1823 402 1867 AD
429 1836 616 1868 PRIMUM
644 1836 754 1880 ergo
783 1822 1044 1875 dicendum,
1077 1822 1199 1880 quod
1234 1821 1357 1865 idem
1390 1835 1530 1879 agens
1561 1819 1812 1879 principale
1845 1821 1983 1869 utitur
2016 1808 2205 1870 diversis

237 1890 547 1935 instrumentis
574 1890 630 1933 ad
658 1891 863 1934 diversos
890 1889 1092 1943 effectus,
1119 1889 1372 1933 secundum
1400 1889 1751 1947 congruentiam
1778 1902 1994 1946 operum:
2022 1897 2066 1936 et
2087 1888 2210 1935 simi·

236 1957 339 2002 liter
363 1958 504 2002 virtus
526 1958 694 2012 divina,
718 1966 761 2001 et
778 1957 926 2015 passio
948 1957 1120 2002 Christi
1137 1966 1382 2014 operantur
1397 1956 1444 1999 in
1462 1956 1593 2000 nobis
1611 1970 1690 2014 per
1713 1956 1891 2001 diversa
1907 1965 2209 2012 sacramenta,

238 2026 367 2084 quasi
392 2039 472 2084 per
499 2025 676 2069 diversa
702 2025 1016 2069 instrumenta.

324 2093 400 2136 AD
434 2105 696 2137 SECUNDUM
723 2092 983 2145 dicendum,
1017 2092 1140 2150 quod
1174 2090 1321 2150 culpa,
1346 2100 1390 2135 et
1422 2105 1571 2167 poena
1604 2090 1915 2135 diversitatem
1946 2089 2130 2144 habent,
2163 2098 2210 2136 et

236 2159 488 2204 secundum
513 2159 728 2218 speciem,
754 2159 1023 2218 inquantum
1044 2169 1149 2203 sunt
1165 2158 1370 2202 diversae
1388 2158 1563 2217 species
1592 2157 1846 2215 culparum,
1874 2167 1919 2203 et
1938 2170 2210 2216 poenarum,

237 2237 282 2271 et
305 2227 555 2271 secundum
584 2227 785 2270 diversos
811 2227 1057 2270 hominum
1097 2235 1252 2278 status,
1302 2235 1347 2270 et
1387 2225 1688 2270 habitudines.
1730 2225 1786 2269 Et
1825 2225 2079 2275 secundum
2117 2224 2210 2275 hoc

237 2294 439 2354 oportuit
464 2292 753 2353 multiplicari
779 2304 1079 2346 sacramenta,
1107 2303 1156 2337 ut
1183 2308 1238 2337 ex
1265 2292 1395 2337 dictis
1422 2303 1546 2351 patet
1573 2292 1638 2349 (in
1664 2299 1776 2351 corp.
1803 2292 1924 2351 (νὴ).
2062 2285 2066 2291 ἕ

326 2363 403 2407 An
431 2374 647 2407 TERTIUM
674 2362 933 2415 dicendum,
960 2361 1083 2420 quod
1109 2361 1156 2404 in
1183 2361 1436 2405 actionibus
1463 2360 1757 2404 hierarchicis
1796 2358 2141 2409 considerantur
2166 2367 2213 2403 et

237 2439 439 2489 agentes,
466 2439 511 2473 et
535 2429 819 2487 recipientes,
848 2439 892 2473 et
919 2429 1135 2472 actiones.
1169 2427 1373 2487 Agentes
1408 2437 1559 2470 autem
1593 2436 1700 2470 sunt
1731 2426 1925 2471 ministri
1958 2423 2210 2481 Ecclesiae,

241 2497 297 2541 ad
328 2510 443 2556 quos
470 2496 664 2554 pertinet
694 2496 865 2540 ordinis
907 2504 1270 2540 sacramentum:
1312 2494 1579 2553 recipientes
1622 2502 1775 2537 autem
1809 2503 1914 2538 sunt
1944 2491 2011 2542 illi
2045 2492 2125 2553 qui
2155 2492 2211 2541 ad

237 2573 574 2609 sacramentum
602 2563 838 2615 accedunt,
866 2562 943 2622 qui
968 2562 1278 2621 producuntur
1305 2575 1385 2620 per
1412 2561 1781 2604 matrimonium:
1811 2560 2031 2616 actiones,
2053 2569 2209 2620 autem

236 2641 341 2676 sunt
364 2630 589 2690 purgatio,
616 2629 907 2683 illuminatio,
935 2639 978 2673 et
1004 2627 1245 2687 perfectio:
1273 2628 1351 2672 sed
1389 2626 1487 2671 sola
1530 2627 1741 2686 purgatio
1781 2641 1877 2671 non
1921 2636 2071 2686 potest
2111 2640 2210 2675 esse

235 2708 575 2744 sacramentum
601 2711 749 2742 novae
777 2696 903 2755 legis,
932 2696 1054 2755 quod
1082 2696 1274 2754 gratiam
1294 2694 1495 2748 confert3
1514 2695 1592 2739 sed
1611 2694 1804 2753 pertinet
1821 2694 1877 2738 ad
1897 2695 2123 2756 quaedam
2144 2708 2212 2742 sa·

239 2764 548 2818 eramentalia,
575 2779 690 2823 quae
717 2774 820 2808 sunt
847 2763 1166 2817 catechismus,
1210 2772 1252 2806 et
1291 2762 1599 2806 exorcismus:
1641 2762 1851 2820 purgatio
1897 2772 2065 2816 autem,
2093 2771 2139 2807 et
2162 2759 2212 2806 il-

236 2833 476 2878 luminatio
509 2831 660 2885 simul,
694 2832 944 2875 secundum
971 2830 1249 2889 Dionysium
1275 2829 1382 2888 (cap.
1398 2845 1432 2887 3.
1455 2830 1605 2874 Eccles.
1626 2830 1804 2875 Hierar.
1815 2838 1974 2890 parum
1991 2844 2017 2873 a
2026 2828 2207 2889 priua),

236 2901 463 2959 pertinent
489 2899 545 2944 ad
570 2899 872 2958 baptismum;
901 2908 944 2942 et
971 2907 1154 2956 propter
1180 2897 1432 2941 recidivum
1460 2896 1732 2941 secundario
1760 2897 1985 2956 pertinent
2015 2896 2072 2945 ad
2105 2910 2211 2956 poe-

237 2968 490 3021 nitentiam,
516 2977 560 3012 et
587 2976 838 3012 extremam
865 2966 1152 3009 unctionem:
1191 2964 1408 3023 perfectio
1453 2974 1620 3018 autem,
1665 2974 1885 3023 quantum
1914 2964 1969 3009 ad
1996 2959 2211 3010 virtutem

237 3035 437 3095 quidem,
464 3048 578 3094 quae
606 3043 674 3079 est
700 3034 827 3093 quasi
854 3031 1070 3092 perfectio
1090 3030 1310 3084 formalis,
1330 3033 1522 3090 pertinet
1540 3031 1594 3075 ad
1616 3031 2041 3090 confirmationem3
2075 3043 2212 3091 quan·-

237 3114 335 3148 tum
363 3113 516 3147 autem
543 3102 599 3147 ad
626 3101 1002 3146 consecutionem
1030 3099 1145 3153 finis,
1172 3100 1366 3158 pertinet
1394 3099 1448 3143 ad
1476 3099 1824 3145 Eucharistiam.
2023 3134 2026 3137 ,

327 3171 402 3215 AD
436 3182 674 3221 QUARTUM
700 3168 958 3223 dicendum,
986 3166 1145 3226 quod
1135 3182 1179 3210 m
1207 3177 1496 3211 sacramento
1521 3165 1881 3214 confirmationis
1911 3154 2043 3216 datur
2073 3159 2212 3225 ple-m,-

238 3238 348 3282 tudo
377 3237 569 3314 Spiritus
598 3236 755 3285 Sancti
782 3235 837 3280 ad
855 3234 1014 3279 robur:
1034 3234 1080 3277 in
1100 3245 1302 3277 extrema
1321 3244 1472 3278 autem
1492 3234 1708 3278 unctione
1731 3243 2039 3293 praeparatur
2048 3228 2211 3288 homo,

239 3316 287 3350 ut
308 3305 498 3363 recipiat
520 3303 784 3348 immediate
804 3301 1021 3362 gloriam:
1043 3315 1238 3360 quorum
1257 3312 1468 3344 neutrum
1489 3300 1707 3360 competit
1723 3299 1866 3345 veteri
1883 3293 2210 3346 Testamenta..
2290 3350 2291 3353 Ἴ

241 3382 285 3416 et
308 3372 412 3416 idco
439 3371 554 3415 nihil
579 3371 726 3431 potuit
752 3371 822 3414 his
850 3369 1146 3413 sacramentis
1173 3367 1218 3410 in
1244 3368 1385 3411 veteri
1423 3368 1525 3427 lege
1568 3368 1869 3425 respondere.
1910 3364 2210 3416 nihilominus
2277 3376 2279 3379 ’

239 3451 393 3483 tamen
420 3449 704 3484 sacramenta
731 3438 777 3482 in
804 3436 944 3481 veteri
969 3435 1071 3494 lege
1098 3434 1225 3495 plura
1253 3433 1434 3479 fuerunt
1459 3449 1667 3488 numero,
1694 3444 1878 3494 propter
1902 3427 2211 3484 diversitatem

241 3506 585 3560 sacrificiorum,
614 3516 658 3551 et
686 3505 1094 3550 caeremoniarum
1587 3495 1617 3520 ‘

330 3574 406 3617 AD
432 3586 660 3624 QU1NTUM
687 3571 949 3635 dicendum,
975 3567 1096 3630 quod
1126 3578 1285 3613 contra
1310 3567 1732 3627 concupiscentiam
1754 3578 2058 3618 venereotum
2069 3578 2211 3636 opor
