2352 3926
282 186 388 241 628
772 201 1051 248 QuAsssrro
1092 201 1258 241 Lxxu.
1298 183 1606 243 Ani-mutus
1645 203 1720 243 vr.

276 303 635 348 confirmationis
661 303 895 347 ordinatur
927 302 984 347 ad
1016 302 1329 348 confitendum
1360 304 1570 363 pubblice
1600 304 1741 350 fidem
1774 305 1975 352 Christi:
2000 307 2080 353 sed
2104 307 2247 353 multi

278 371 417 415 etiam
449 380 551 414 ante
583 370 862 427 baptismum
894 381 998 414 sunt
1029 370 1167 414 fidem
1194 369 1367 415 Christi
1391 370 1572 429 publice
1607 371 1818 427 confessi,
1844 374 2116 433 sanguinem
2147 372 2247 419 fun-

277 438 434 482 dentes
459 451 542 495 pro
568 436 681 490 fide;
709 450 819 495 ergo
846 437 1083 481 character
1100 437 1461 482 confirmationis
1477 452 1572 482 non
1588 439 1915 499 praesupponit
1930 441 2243 490 characmm

278 503 614 563 baptismalem.

369 583 409 614 2.
435 570 733 614 PRAETEREA.
750 570 822 614 De
841 569 1061 647 apostolis
1077 585 1172 615 non
1194 570 1373 630 legitur,
1391 571 1514 630 quod
1529 571 1695 616 fuerint
1717 572 1955 631 baptizati3
1976 544 2245 636 praesertim

281 651 386 681 cum
412 636 587 679 dicatur
606 636 736 693 Joan.
763 649 806 691 4.
839 637 963 696 quod
994 637 1092 696 ipse
1120 637 1329 682 Christus
1354 652 1449 682 non
1479 639 1749 697 baptizabat,
1775 639 1855 684 sed
1887 639 2096 699 discipuli
2127 641 2246 698 eius;

279 713 323 747 et
347 713 502 747 tamen
528 713 687 762 postea
710 703 890 748 fuerunt
917 704 1173 749 confirmati
1189 719 1269 764 per
1294 705 1541 749 adventurn
1564 705 1756 765 Spiritus
1779 706 1958 762 Sancti3
1984 720 2117 766 ergo
2122 706 2245 751 simi-

276 770 379 815 liter
405 771 482 814 alii
507 780 697 829 possunt
723 770 999 825 confirmari,
1027 781 1272 830 antequam
1294 772 1591 831 baptizentur.

371 853 408 897 3.
435 839 732 883 PRAETEREA.
759 837 864 882 Act.
901 851 966 882 10.
995 838 1172 892 dicitur,
1206 839 1328 897 quod
1354 839 1488 883 adhuc
1515 839 1700 898 loquente
1730 841 1870 895 Petr0,
1892 839 2037 886 cecidit
2063 840 2245 900 Spiritus

277 905 451 950 Sanctus
473 913 595 964 super
615 919 694 958 eos,
718 906 791 963 qui
811 904 1038 950 audiebant
1057 906 1260 958 verbum;
1284 912 1323 950 et
1344 906 1568 950 audiebant
1585 921 1650 950 eos
1667 906 1872 965 loquentes
1897 907 2076 966 linguis:
2103 915 2150 951 et
2168 920 2246 966 po-

275 981 372 1016 stea
393 972 553 1016 Petrus
570 971 699 1029 jussit
716 985 795 1016 eos
811 972 1049 1030 baptizari3
1068 986 1178 1031 ergo
1197 972 1295 1031 pari
1312 973 1488 1016 ratione
1504 983 1697 1032 possunt
1723 972 1799 1017 alii
1814 974 1938 1033 prius
1965 972 2244 1028 confirmari,

277 1053 414 1098 quam
440 1039 734 1097 baptizentur.

369 1106 463 1150 SED
491 1118 688 1151 CONTRA
719 1115 800 1160 est,
828 1106 949 1164 quod
975 1106 1187 1150 Rabanus
1217 1106 1326 1151 dicit
1349 1107 1396 1150 in
1414 1106 1489 1151 lib.
1523 1121 1559 1151 1.
1587 1107 1641 1151 de
1666 1107 1809 1151 Instit.
1838 1106 2005 1156 Cleric.
2033 1107 2147 1167 (cap.
2176 1121 2243 1166 30.

278 1173 324 1216 in
342 1175 467 1232 princ
472 1173 529 1231 ..·)
566 1172 868 1218 «Novissime
903 1187 929 1216 a
961 1187 1144 1217 summo
1177 1174 1414 1218 sacerdote
1446 1188 1525 1232 per
1556 1174 1902 1232 impositionem
1928 1188 2091 1219 manus
2112 1174 2245 1218 Para-

278 1239 421 1284 cletus
457 1240 647 1284 traditur
687 1240 928 1299 baptizato,
962 1250 1010 1283 ut
1058 1240 1299 1284 roboretur
1346 1254 1426 1299 per
1460 1241 1680 1299 Spiritum
1714 1241 1934 1285 Sanctum
1969 1242 2026 1286 ad
2069 1241 2245 1301 praedi-

283 1307 481 1352 candum
497 1324 539 1350 ».
595 1327 598 1330 ⁴

368 1375 657 1419 RESPONDEo
685 1374 942 1428 dicendum,
967 1373 1090 1432 quod
1114 1374 1350 1418 character
1368 1373 1728 1418 confirmationis
1755 1387 1809 1418 ex
1833 1374 2102 1419 necessitate
2122 1387 2248 1434 prae-

280 1442 496 1502 supponit
522 1443 836 1486 characterem
859 1441 1205 1499 baptismalem:
1233 1441 1295 1484 ita
1320 1440 1496 1484 scilicet
1512 1440 1634 1499 quod
1653 1441 1691 1485 si
1708 1439 1870 1500 aliquis
1885 1454 1981 1485 non
1995 1441 2245 1501 baptizatus

281 1509 640 1562 confirmaretur,
663 1507 778 1551 nihil
803 1508 1047 1566 reciperet;
1074 1507 1153 1552 sed
1172 1517 1404 1566 oporteret
1420 1508 1582 1551 iterato
1600 1508 1751 1566 ipsum
1769 1507 2032 1552 confirmari
2051 1511 2154 1568 post
2167 1508 2246 1553 ba-

280 1577 513 1635 ptismum.
537 1575 680 1633 Cujus
699 1575 814 1619 ratio
843 1585 931 1618 est:
961 1574 1066 1633 quia
1088 1575 1150 1618 ita
1167 1588 1214 1619 se
1241 1574 1378 1618 habet
1409 1574 1698 1619 confirmatio
1726 1575 1782 1619 ad
1807 1575 2102 1634 baptismum,
2127 1575 2247 1620 sicut

281 1652 579 1702 augmentum
607 1643 662 1685 ad
689 1642 1049 1699 generationem,
1076 1651 1125 1685 ut
1151 1657 1206 1686 ex
1231 1641 1500 1700 supradictis
1526 1651 1649 1701 patet
1677 1641 1778 1698 (art.
1809 1658 1846 1687 1.
1877 1642 1964 1701 huj.
1996 1642 2074 1701 q.).
2098 1641 2247 1687 Mani-

278 1711 446 1755 festum
473 1721 540 1754 est
566 1719 733 1762 autem,
761 1709 882 1767 quod
907 1709 1059 1760 nullus
1085 1718 1236 1767 potest
1259 1709 1523 1767 promoveri
1554 1710 1600 1753 in
1634 1719 1832 1754 aetatem
1862 1708 2127 1769 perfectam,
2156 1709 2246 1755 nisi

281 1779 431 1838 primo
457 1776 592 1821 fuerit
615 1786 772 1820 natus:
801 1785 845 1819 et
870 1775 1078 1832 similiter
1103 1776 1189 1820 nisi
1214 1776 1364 1835 primo
1398 1775 1558 1835 aliquis
1589 1775 1723 1821 fuerit
1751 1776 2017 1836 baptizatus,
2041 1790 2136 1822 non
2166 1790 2245 1836 po-

280 1855 368 1890 test
393 1853 732 1889 sacramentum
761 1843 1121 1887 confirmationis
1146 1843 1366 1902 accipere.

370 1912 446 1956 AD
467 1924 656 1956 PRIMUM
676 1924 785 1968 ergo
799 1910 1056 1964 dicendum,
1075 1909 1197 1968 quod
1213 1909 1354 1953 virtus
1371 1909 1523 1954 divina
1539 1924 1634 1954 non
1651 1920 1718 1954 est
1733 1909 1917 1969 alligata
1932 1910 2242 1961 sacramentis.
2325 1951 2338 1956 ,,

282 1979 418 2024 Unde
451 1988 600 2037 potest
625 1977 821 2021 conferri
844 1977 1025 2031 hom-ini
1051 1976 1281 2036 spirituale
1307 1977 1444 2021 robur
1470 1978 1526 2021 ad
1553 1977 1863 2021 confitendum
1894 1977 2074 2036 publice
2104 1976 2244 2023 fidem
2315 1998 2328 2013 ³

282 2047 455 2091 Christi
480 2045 647 2103 absque
673 2054 961 2088 sacramento
981 2044 1366 2098 confirmationis3
1393 2044 1510 2088 sicut
1526 2045 1665 2088 etiam
1691 2054 1840 2103 potest
1855 2043 2076 2103 consequi
2090 2045 2244 2090 remis-

281 2114 460 2158 sionem
486 2121 782 2170 peccatorum
809 2111 906 2155 sine
931 2111 1172 2169 baptismo.
1197 2111 1325 2156 Sicut
1349 2121 1505 2155 tamen
1530 2110 1681 2156 nullus
1714 2111 2005 2170 consequitur
2029 2109 2244 2156 effectum
2312 2109 2322 2157 j-

279 2181 506 2241 baptismi,
523 2180 619 2223 sine
634 2179 848 2238 baptismi
878 2189 1011 2232 voto;
1038 2180 1100 2222 ita
1134 2177 1284 2222 nullus
1320 2178 1613 2239 consequitur
1635 2178 1848 2222 effectum
1883 2177 2245 2224 confirmationis
2312 2180 2323 2231 j

282 2248 379 2292 sine
404 2258 515 2291 voto
541 2247 704 2305 ipsius3
731 2246 853 2305 quod
879 2256 1029 2304 potest
1053 2244 1206 2289 baberi
1232 2245 1369 2289 etiam
1397 2254 1500 2289 ante
1526 2245 1863 2304 susceptionem
1886 2245 2114 2304 baptismi.
2307 2283 2317 2287 r,

373 2315 449 2359 AD
475 2327 734 2358 SECUNDUM
758 2313 1016 2366 dicendum,
1045 2313 1181 2371 quod,
1202 2313 1317 2356 sicut
1343 2312 1536 2370 August.
1560 2312 1669 2356 dicit
1692 2312 1824 2372 (epist.
1851 2313 1948 2358 108.
1969 2326 1998 2356 a
2020 2311 2164 2371 med),
2188 2327 2243 2357 ex
2307 2310 2313 2364 s

284 2383 375 2426 hoc
399 2381 521 2440 quod
546 2381 776 2424 Dominus
802 2380 1050 2437 dicitJoan.
1076 2394 1165 2438 13.:
1196 2380 1285 2436 Qui
1302 2379 1406 2423 lotus
1421 2386 1491 2432 est,
1525 2394 1609 2423 non
1625 2379 1781 2438 indiget
1803 2380 1885 2423 nisi
1905 2384 1951 2423 ut
1969 2379 2091 2439 pedes
2117 2379 2242 2436 lavet,
2298 2425 2304 2434 ἢ

285 2448 637 2506 «intelligimus,
655 2447 841 2491 Petrum
867 2456 912 2491 et
939 2447 1051 2490 alios
1079 2446 1251 2491 Christi
1272 2445 1518 2504 discipulos
1538 2445 1676 2490 fuisse
1701 2446 1966 2503 baptizatos,
1993 2446 2088 2491 sive
2102 2446 2245 2507 bapti·
2307 2449 2313 2499 Ῑ

283 2530 385 2561 smo
411 2515 599 2573 Joannis
641 2515 779 2571 (sicut
809 2513 1018 2557 nonnulli
1064 2513 1369 2569 arbitrantur),
1412 2513 1507 2556 sive
1541 2513 1684 2571 (quod
1718 2512 1865 2571 magis
1898 2513 2112 2558 credibile
2152 2514 2240 2572 est)
2295 2527 2313 2563 J·

279 2583 508 2642 baptismo
529 2581 723 2635 Christi;
740 2594 887 2639 neque
905 2581 1028 2624 enim
1050 2580 1198 2624 renuit
1224 2579 1526 2623 ministerium
1547 2579 1818 2639 baptizandi,
1836 2589 1885 2624 ut
1898 2579 2088 2626 haberet
2103 2590 2149 2627 et
2167 2581 2243 2626 ba-
2300 2615 2302 2617 -

283 2651 475 2711 ptizatos
501 2663 657 2694 servos
682 2663 762 2708 per
788 2661 902 2706 quos
929 2657 1134 2691 caeteros
1166 2647 1469 2705 baptizaret».
2294 2688 2300 2705 3

373 2718 449 2762 AD
477 2729 691 2762 TERTIUM
717 2715 975 2768 dicendum,
999 2714 1120 2772 quod
1149 2714 1380 2757 audientes
1407 2713 1796 2771 praedicationem
1822 2714 1944 2759 Petri
1969 2724 2242 2774 acceperunt
2293 2715 2302 2734 ³

282 2784 497 2829 effectum
524 2782 883 2827 confirmationis
906 2780 1194 2834 miraculose,
1221 2794 1314 2824 non
1331 2790 1486 2824 tamen
1504 2781 1866 2826 confirmationis
1882 2791 2240 2828 sacramentum.
2285 2799 2302 2830 f*

283 2852 473 2896 Dictum
506 2860 572 2895 est
604 2859 758 2894 autem
789 2850 893 2907 (art.
915 2863 955 2893 2.
983 2848 1068 2906 huj.
1097 2863 1134 2906 q.
1163 2847 1216 2891 ad
1241 2863 1275 2892 ι.
1303 2854 1342 2891 et
1366 2853 1446 2891 art.
1473 2861 1516 2904 4.
1538 2847 1592 2892 ad
1616 2849 1692 2906 L),
1719 2848 1842 2907 quod
1867 2847 2056 2899 effectus
2078 2849 2241 2895 confit-⁴

281 2918 498 2963 mationis
529 2926 679 2977 potest
711 2916 846 2960 alicui
878 2914 1073 2959 conferri
1106 2924 1209 2958 ante
1240 2914 1532 2972 baptismum,
1569 2929 1664 2959 non
1707 2925 1861 2960 autem
1899 2925 2243 2961 sacramentum
2267 2959 2290 2966 ,Ἰ

283 2984 659 3030 confirmationis.
689 2984 818 3028 Sicut
849 2982 971 3027 enirn
1005 2980 1190 3025 effectus
1223 2981 1599 3036 confirmationis,
1628 2982 1705 3041 qui
1737 2992 1804 3027 est
1828 2982 1966 3027 robur
1990 2981 2240 3042 spirituale,
2280 3004 2289 3041 ς4
2343 2975 2346 3010 i

281 3052 607 3113 praesupponit
632 3050 845 3095 effectum
875 3048 1103 3107 baptismi,
1130 3048 1207 3106 qui
1233 3057 1298 3092 est
1323 3048 1608 3106 justificati03
1630 3049 1693 3093 ita
1715 3058 2055 3095 sacramentum
2079 3048 2241 3095 confir·

282 3121 496 3166 mationis
522 3117 845 3180 praesupponit
870 3125 1206 3162 sacramentum
1230 3115 1455 3174 baptismi.
2291 3118 2295 3121 '
2338 3123 2343 3133 ⁴
