2352 3926
304 227 413 295 796
807 237 1086 284 QUAESTIO
1126 237 1334 277 Lxxxv.
1365 236 1675 277 ARTICULUS
1713 236 1790 277 111.

302 341 415 387 illud
440 340 560 386 Psal.
593 352 711 384 122.:
737 339 853 384 Sicut
885 339 994 384 oculi
1022 354 1241 384 servorum
1267 339 1314 384 in
1337 339 1533 384 manibus
1557 338 1827 383 dominorum
1850 353 2038 394 suorum,
2064 340 2129 386 ita
2157 339 2268 386 oculi

301 411 435 455 nostri
465 409 519 453 ad
550 409 785 453 Dominum
815 408 958 452 Deum
988 413 1194 462 nostrum,
1227 406 1352 451 donec
1383 407 1628 451 misereatur
1651 407 1815 451 nostri:
1843 415 1888 450 et
1914 405 2032 451 sicut
2061 405 2181 456 filius
2210 406 2267 452 ad

303 486 494 535 patrem,
521 475 773 520 secundum
798 473 911 517 illud
937 474 1048 518 Luc.
1073 487 1161 532 15.:
1184 474 1326 529 Pater,
1337 475 1513 533 peccavi
1528 475 1573 518 in
1595 474 1768 528 coelum,
1785 480 1824 519 et
1842 487 1986 518 coram
2003 479 2069 520 te:
2087 482 2133 518 et
2151 473 2270 520 sicut

305 558 417 587 uxor
444 543 499 586 ad
525 542 689 596 virum,
716 541 968 586 secundum
994 540 1106 585 illud
1134 541 1338 585 Hierem.
1369 555 1429 600 3.:
1455 542 1688 586 Fornicata
1712 556 1750 586 es
1771 556 1866 586 cum
1883 541 2142 587 amatoribus
2161 541 2270 586 mul-

304 613 371 663 tis;
400 616 536 654 tamen
563 615 766 653 revertere
793 608 846 652 ad
868 623 945 662 me,
968 607 1069 652 dicit
1094 609 1318 653 Dominus.

391 678 467 721 AD
500 690 689 721 PRIMUM
717 689 827 735 ergo
855 675 1115 730 dicendum,
1142 675 1281 735 quod,
1307 675 1425 720 sicut
1449 675 1496 719 in
1525 688 1564 732 ς.
1591 674 1737 720 Ethic.
1768 674 1886 753 (cap-⁸
1903 691 1940 722 Ι.
1956 674 2187 735 vers.fin.),
2210 675 2271 720 di-

303 745 430 799 citur,
456 744 626 803 justitia
652 753 722 788 est
741 744 882 787 virtus
910 741 965 787 ad
993 741 1207 788 alterum:
1235 742 1313 787 ille
1341 752 1509 798 autem,
1536 742 1593 786 ad
1619 757 1757 802 quem
1783 752 1852 787 est
1875 742 2059 802 justitia,
2084 756 2179 787 non
2207 742 2269 788 di-

304 812 420 856 citur
446 826 544 856 esse
571 810 765 855 materia
790 810 1001 869 justitiae,
1034 810 1113 854 sed
1145 810 1294 870 magis
1326 825 1412 864 res,
1444 824 1561 869 quae
1595 810 1934 865 distribuuntur,
1959 809 2036 855 vel
2067 823 2272 855 commu-

300 889 475 933 tantur3
498 878 618 922 unde
651 888 696 922 et
726 877 918 921 materia
947 868 1255 936 poenitentiae
1280 891 1375 922 non
1402 887 1470 922 est
1486 877 1627 931 Deus,
1645 877 1724 922 sed
1744 887 1872 922 actus
1887 876 2094 932 humani,
2109 876 2272 937 quibus

303 948 428 990 Deus
447 944 703 1002 offenditur,
720 944 795 989 vel
812 944 1043 1004 placatur:
1071 945 1149 989 sed
1167 945 1294 990 Deus
1320 959 1369 990 se
1394 945 1548 999 habet,
1575 944 1691 989 sicut
1715 944 1808 999 ille,
1831 944 1890 989 ad-
1913 956 2051 1004 quem
2068 944 2273 1003 estiusti-

302 1015 388 1068 t1a;
416 1027 469 1057 ex
496 1027 587 1072 quo
615 1021 751 1072 patet,
778 1013 900 1072 quod
926 1012 1207 1071 poenitentia
1227 1026 1323 1057 non
1351 1022 1419 1056 est
1434 1012 1574 1057 virtus
1592 1011 1875 1071 theologica,
1902 1011 2009 1072 quia
2022 1024 2121 1057 non
2134 1011 2274 1093 Habet

302 1082 456 1125 Deum
483 1094 566 1139 pro
594 1080 790 1139 objecto,
814 1079 889 1124 vel
911 1080 1115 1124 materia.

391 1149 467 1193 AD
485 1161 747 1193 SECUNDUM
765 1147 1025 1202 dicendum,
1040 1147 1162 1206 quod
1188 1146 1394 1191 medium
1419 1147 1615 1206 justitiae
1641 1148 1709 1192 est
1734 1145 1999 1207 aequalitas,
2023 1157 2146 1207 quae
2164 1158 2271 1192 eon-

301 1215 497 1261 stituitur
521 1215 639 1260 inter
663 1214 783 1269 illos,
809 1216 925 1259 inter
953 1228 1067 1274 quos
1091 1225 1157 1259 est
1182 1214 1366 1273 justitia,
1399 1223 1447 1259 ut
1479 1214 1643 1259 dicitur
1661 1215 1708 1259 in
1736 1227 1772 1273 5.
1796 1214 1948 1259 Ethic.-
1967 1213 2079 1275 (cap.
2091 1228 2127 1261 r.
2141 1219 2181 1260 ot
2183 1214 2242 1275 5.)
2251 1229 2269 1268 ;

301 1284 348 1328 in
374 1283 646 1343 quibusdam
673 1293 826 1327 autem
851 1296 946 1326 non
962 1292 1114 1342 potest
1134 1279 1334 1341 perfecta
1361 1281 1611 1341 aequalitas
1637 1282 1852 1326 constitui
1877 1291 2063 1341 propter
2084 1280 2272 1327 atterius
2350 1326 2352 1330 .

302 1350 646 1404 excellentiam3
673 1350 790 1394 sicut
814 1350 933 1395 inter
958 1359 1148 1408 patrem,
1176 1359 1222 1394 et
1245 1347 1407 1404 filium,
1435 1358 1513 1393 aut
1535 1349 1654 1394 inter
1677 1350 1845 1404 Deum,
1871 1358 1918 1394 et
1940 1348 2199 1404 hominem,
2222 1356 2275 1394 'ut
2348 1344 2352 1376 2

300 1418 473 1462 Philos.
501 1418 610 1462 dicit
626 1418 673 1461 in
691 1418 731 1462 8.
751 1417 898 1462 Ethic.
921 1417 1031 1477 (cap.
1052 1418 1147 1476 ult.)
1161 1432 1177 1470 ;
1202 1416 1320 1461 unde
1338 1417 1385 1460 in
1405 1416 1570 1461 talibus
1595 1416 1674 1461 ille
1701 1417 1779 1476 qui
1799 1425 1867 1461 est
1887 1415 2274 1472 deficiens‚'d‘ebu
2346 1430 2352 1442 ³

300 1486 451 1530 facere
477 1485 695 1544 quidquid
720 1495 893 1544 potest:
919 1499 1005 1530 nec
1031 1495 1188 1529 tamen
1219 1484 1311 1529 hoc
1338 1485 1421 1529 erit
1446 1483 1674 1529 sufficiens
1699 1483 1982 1544 simpliciter,
2007 1484 2088 1530 s'ed
2104 1484 2268 1532 *solum
2344 1491 2352 1546 ἦ

302 1552 559 1598 secundum
591 1553 958 1612 acceptationem
990 1551 1259 1612 superioris:
1293 1561 1337 1597 et
1367 1552 1461 1597 hoc
1492 1551 1773 1611 significatur
1803 1565 1884 1612 per
1914 1564 2168 1608 excessum,
2193 1551 2272 1614 qui
2340 1590 2352 1613 3.

306 1621 559 1665 attribuitur
584 1620 906 1680 poenitentiae.
2343 1614 2352 1673 ἶ

392 1689 469 1732 AD
497 1700 715 1732 TERTIUM
741 1687 1002 1742 dicendum,
1021 1686 1144 1747 quod
1163 1687 1281 1732 sicut
1302 1696 1370 1732 est
1393 1688 1695 1732 commutatio
1716 1686 1944 1747 quaedam
1959 1686 2008 1732 in
2021 1685 2272 1742 beneficiis,
2342 1708 2352 1752 ἑ

305 1769 412 1800 cum
444 1755 618 1800 scilicet
650 1755 811 1814 aliquis
843 1769 925 1815 pro
957 1754 1182 1799 beneficio
1218 1765 1403 1814 recepto
1447 1755 1640 1813 gratiam
1680 1755 1901 1814 rependit,
1924 1754 2000 1799 ita
2033 1754 2172 1801 etiam
2201 1764 2274 1800 est
2342 1751 2352 1814 Ξ

304 1823 607 1868 commutatio
635 1823 680 1866 in
707 1821 908 1877 offensis,
942 1836 1049 1866 cum
1084 1822 1246 1881 aliquis
1282 1836 1365 1881 pro
1403 1821 1577 1866 offensa
1608 1822 1656 1866 in
1688 1822 1882 1866 alterum
1914 1822 2166 1867 commissa
2189 1820 2270 1866 vel

305 1890 469 1935 invitus
496 1890 679 1949 punitur
705 1890 850 1949 (quod
882 1890 1077 1948 pertinet
1109 1890 1164 1933 ad
1190 1889 1514 1933 vindicativam
1542 1889 1799 1948 justitiam),
1824 1888 1900 1934 vel
1923 1887 2182 1934 voluntarie
2205 1901 2271 1933 re-

305 1968 573 2017 compensat
584 1958 858 2001 emendam·
849 1957 1001 2016 ‚quod
1020 1958 1214 2015 pertinet
1231 1957 1286 2001 ad
1309 1957 1656 2016 poenitentiam,
1674 1970 1791 2016 quae
1816 1956 2002 2016 respicit
2022 1969 2269 2016 personam
2345 1991 2352 2004 .

305 2025 573 2084 peccatoris,
601 2026 716 2070 sicut
740 2025 910 2083 justitia
934 2024 1211 2068 vindicativa
1237 2038 1483 2083 personam
1508 2024 1694 2083 judicis;
1721 2023 1842 2068 unde
1868 2022 2163 2069 manifestum
2188 2032 2271 2106 est,
2332 2016 2352 2083 32²³

306 2092 429 2151 quod
457 2104 645 2151 utraque
671 2092 752 2136 sub
779 2092 949 2150 justitia
975 2093 1307 2136 commutativa
1333 2091 1604 2135 continetur.
2256 2120 2258 2122 -
2334 2088 2342 2106 ³

393 2160 470 2204 AD
493 2172 732 2210 QUARTUM
755 2159 1014 2213 dicendum,
1031 2159 1153 2218 quod
1171 2158 1454 2218 poenitentia
1469 2158 1577 2203 licet
1593 2158 1651 2202 sit
1672 2157 1842 2203 directe
1862 2157 2038 2217 speeies
2058 2156 2271 2218 justitiae,

303 2227 652 2287 comprehendit
675 2237 832 2271 tamen
854 2226 1202 2286 quodammodo
1226 2240 1295 2278 ea,
1319 2240 1434 2285 quae
1461 2227 1688 2286 pertinent
1713 2226 1770 2269 ad
1796 2239 1959 2270 omnes
1981 2226 2193 2271 virtutes:
2205 2224 2275 2270 in»

303 2305 524 2353 quantum
558 2295 681 2339 enim
712 2304 780 2352 ,est
810 2295 980 2354 Justitia
1013 2293 1239 2353 quaedam
1270 2293 1472 2338 hominis
1505 2292 1562 2337 ad
1587 2293 1756 2349 Deum,
1783 2302 1966 2353 oportet
1990 2293 2117 2353 quod
2138 2292 2273 2353 parti·

304 2363 424 2421 cipet
449 2377 518 2417 ea,
545 2376 661 2422 quae
687 2371 791 2407 sunt
815 2362 1035 2406 virtutum
1059 2361 1444 2420 theologicarum,
1467 2375 1584 2420 quae
1600 2361 1772 2405 habent
1787 2361 1941 2405 Deum
1964 2371 2051 2420 pro
2073 2356 2272 2420 objecto.
2302 2354 2338 2417 73²

305 2429 440 2474 Unde
466 2430 746 2489 poenitentia
772 2438 838 2474 est
865 2443 972 2473 curn
993 2429 1082 2473 fide
1103 2429 1327 2487 passionis
1347 2428 1533 2483 Christi,
1551 2442 1632 2488 per
1647 2441 1787 2488 quam
1811 2427 2157 2487 justificamura
2169 2440 2272 2488 μσς

302 2498 429 2552 catis,
443 2507 488 2541 et
514 2511 620 2541 cum
646 2511 726 2556 spe
742 2497 918 2551 veniae,
938 2505 981 2541 et
1000 2510 1106 2540 cum
1133 2496 1241 2540 odio
1266 2495 1498 2549 vitiorum,
1525 2496 1648 2555 quod
1675 2496 1869 2554 pertinet
1893 2495 1951 2539 ad
1978 2493 2273 2542 charitatem
2285 2487 2327 2553 ‘3³2

301 2565 575 2624 inquantum
605 2578 715 2608 vero
750 2574 818 2608 est
848 2563 988 2608 virtus
1021 2562 1224 2618 moralis,
1267 2563 1507 2621 participat
1538 2561 1709 2622 aliquid
1741 2562 2023 2622 prudentiae,
2055 2574 2179 2622 quae
2201 2557 2327 2608 est*

303 2632 519 2677 directiva
546 2631 755 2676 omnium
788 2630 1035 2674 moralium
1066 2631 1297 2675 virtutum.
1327 2629 1419 2674 Sed
1446 2644 1500 2674 ex
1526 2630 1624 2689 ipsa
1649 2629 1826 2674 ratione
1851 2629 2049 2689 iustitiae
2074 2642 2170 2674 non
2194 2620 2330 2676 stef*

302 2699 400 2743 lum
425 2699 564 2743 habet
587 2699 648 2754 id,
675 2697 796 2758 quod
822 2698 1019 2758 justitiae
1037 2707 1116 2751 est,
1136 2697 1214 2742 sed
1243 2697 1382 2742 etiam
1400 2711 1453 2741 ea
1471 2711 1587 2756 quae
1614 2707 1719 2741 sunt
1742 2697 2086 2758 temperantiae,
2111 2706 2163 2742 et
2175 2690 2327 2752 ’ᾈῑο14ι

302 2766 518 2821 titudinis,
536 2767 807 2826 inquantum
826 2765 999 2810 scilicet
1022 2779 1076 2809 ea
1098 2778 1213 2823 quae
1241 2763 1595 2809 delectationem
1623 2775 1812 2809 causant
1838 2764 1895 2809 ad
1918 2748 2335 2827 temperantiam*

302 2835 541 2894 pertinent,
568 2833 642 2878 vel
674 2844 896 2878 terrorem
927 2833 1165 2886 incutiunt,
1193 2846 1330 2891 quem
1357 2831 1574 2876 fortitudo
1602 2833 1880 2887 moderatur,
1905 2832 1954 2876 in
1982 2826 2338 2887 communlfflss

302 2917 411 2947 nem
435 2902 634 2959 iustitiae
659 2901 868 2946 veniunt:
897 2911 943 2945 et
967 2899 1220 2945 secundum
1245 2899 1336 2943 hoc
1365 2899 1420 2943 ad
1447 2900 1667 2958 justitiam
1690 2900 1883 2976 pertinet
1913 2909 1960 2944 et
1988 2893 2221 2944 abstinero
2236 2889 2345 2960 {232⁵}

304 2969 661 3024 delectabilibus,
688 2968 811 3028 quod
837 2968 1031 3028 pertinet
1063 2967 1118 3011 ad
1151 2966 1516 3026 temperantiam,
1549 2977 1593 3012 et
1624 2967 1848 3012 sustinere
1869 2967 1995 3023 dura,
2028 2965 2151 3026 quod
2171 2961 2335 3036 ·''{·'·²‘

301 3038 414 3082 tinet
440 3038 495 3082 ad
522 3033 2304 3081 fortitudinem.

1008 3183 1441 3242 ARTICULUS
1486 3185 1582 3241 IV.
2132 3257 2134 3259 .
2208 3261 2230 3266 ,

414 3308 610 3348 UTRUM
646 3307 942 3347 VOLUNTAS
984 3306 1069 3346 εῖτ
1108 3306 1337 3345 PROPRIE
1377 3305 1691 3360 sussJEcTuM
1729 3271 2162 3346 Ponut'rssurm.

702 3405 763 3462 (4·
791 3405 901 3448 Dm·
929 3416 993 3461 14·
1021 3418 1059 3463 q·
1086 3417 1127 3448 2·
1153 3407 1233 3447 “rt-
1258 3417 1293 3461 3·
1315 3409 1396 3461 per
1421 3407 1490 3447 tot·
1518 3409 1555 3448 et
1582 3417 1620 3462 q·
1647 3416 1689 3460 4·
1717 3401 1874 3463 corp).
2108 3382 2119 3386 ''
2167 3381 2171 3384 ⁴

304 3577 360 3620 sit
385 3577 566 3636 proprie
590 3576 827 3622 voluntas:
860 3575 1142 3635 poenitentia
1167 3575 1291 3619 'enirn
1325 3584 1391 3618 est
1421 3574 1628 3619 tristitiae
1659 3574 1857 3634 species:
1884 3572 1982 3618 sed
1993 3571 2190 3619 tristitia

303 3643 352 3687 in
379 3643 736 3704 concupiscibili,
762 3644 879 3689 sicut
905 3653 950 3688 et
966 3641 1204 3703 gaudium3
1233 3654 1344 3701 ergo
1370 3640 1653 3701 poenitentia
1678 3650 1747 3686 est
1770 3640 1817 3685 in
1843 3632 2289 3699 concuptsetbfflffl
2308 3678 2352 3708 4
