2352 3926
2335 166 2352 214 rma„
2318 0 2352 155 wia-2444}

304 200 414 269 654
781 209 1060 256 QUAEs’no
1101 209 1286 248 Lxxxv.
1326 179 1635 248 Aarrcutus
1673 207 1790 248 vm.

301 313 441 359 bilem
468 313 848 358 consuetudinem
880 310 1115 356 Ecclesiae
1148 310 1374 385 generalis
1405 310 1544 371 plus
1531 325 1579 355 m
1603 310 1704 371 ipso
1731 310 1790 355 sit
1814 309 1871 356 de
1895 310 2020 367 vino,
2046 323 2186 371 quam
2212 309 2269 355 de

304 396 420 440 aqua
446 380 711 440 ponendum
734 396 775 422 >›.

392 448 679 492 RESPONDEO
708 445 967 499 dicendum,
990 445 1112 504 quod
1141 445 1262 489 circa
1289 459 1456 504 aquam
1486 444 1744 503 adjunctam
1771 437 2032 499 vino‚sicut
2051 444 2272 494 Indbcen-
2349 494 2352 504 ἶ

301 516 388 559 tius
416 515 492 557 III.
520 514 655 557 dicit
645 527 691 557 m
709 513 907 571 quadam
924 511 1157 556 Decretali
1176 511 1315 571 (cap..-
1338 511 1447 556 Cum
1466 512 1677 566 Marthae,
1697 512 1763 556 De
1784 512 1942 557 Celebr.
1961 513 2104 571 Mis),
2116 512 2272 573 triplex

302 591 370 626 est
395 581 577 638 opinio:
605 579 775 639 quidam
803 579 927 623 enim
949 579 1119 635 dicunt,
1137 581 1259 638 quod
1287 593 1403 638 aqua
1430 579 1641 637 adjuncta
1672 578 1781 622 vino
1802 593 1880 638 per
1902 592 1950 623 se
1971 587 2140 634 manet,
2156 579 2272 623 vino
2346 617 2350 638 3

303 661 528 691 converso
555 647 602 690 in
628 647 922 705 sanguinem3
949 645 1030 690 sed
1057 646 1171 690 haec
1190 646 1348 706 opinio
1367 656 1486 690 stare
1503 659 1597 690 non
1614 654 1777 705 potest,
1795 646 1900 704 quia
1921 646 1967 689 in
1985 640 2274 691 sacramento
2342 653 2352 701 ’ξς

302 714 454 758 altaris
487 724 590 773 post
616 714 1011 758 consecrationem
1046 713 1162 758 nihil
1197 724 1266 758 est
1300 714 1384 758 nisi
1424 726 1605 772 corpus,
1632 722 1677 758 et
1702 713 1886 772 sanguis
1920 712 2120 770 Christi3
2154 713 2274 758 sicut

303 782 425 826 enim
450 781 666 826 Ambros.
693 782 802 825 dicit
826 782 873 826 in
899 780 976 825 lib.
1004 782 1060 826 de
1085 780 1265 827 Officiis
1292 782 1411 838 (hain
1425 783 1470 825 in
1487 780 1559 825 lib.
1586 780 1633 825 de
1658 779 1860 825 Initiand.
1894 787 1983 840 cap.
2010 794 2052 841 9.
2079 794 2107 826 a
2127 780 2272 839 med),

306 858 455 893 «ante
496 848 866 893 benedictionem
900 847 989 892 alia
1028 848 1203 908 species
1239 849 1519 903 nominatur,
1561 858 1664 907 post
1697 847 2069 892 benedictionem
2107 860 2273 908 corpus
2344 855 2352 902 ξ

303 915 475 960 Christi
496 915 776 974 significatur
797 931 845 971 »ς
873 915 1077 975 alioquin
1097 930 1193 960 non
1218 926 1368 960 totum
1397 915 1660 960 adoraretur
1684 914 1981 959 veneratione
2011 914 2196 960 latriae:
2229 924 2274 960 et

233 990 236 992 “
302 983 406 1027 ideo
433 983 509 1027 alii
531 982 753 1037 dixerunt,
780 983 903 1042 quod
929 985 1046 1028 sicut
1069 983 1231 1027 vinum
1263 983 1543 1028 convertitur
1563 983 1611 1026 in
1636 984 1923 1041 sanguinem,
1941 982 2004 1026 ita
2029 995 2148 1042 aqua
2167 995 2276 1040 con-
2339 1019 2344 1023 ,

302 1050 490 1094 vertitur
514 1050 561 1093 in
588 1064 770 1109 aquam,
785 1064 909 1109 quae
935 1050 991 1093 de
1025 1049 1166 1094 latere
1194 1050 1368 1094 Christi
1403 1049 1556 1094 fluxit.
1583 1049 1663 1094 sed
1698 1063 1783 1093 nec
1816 1048 1908 1094 hoc
1946 1047 2275 1094 rationabiliter
2333 1070 2342 1094 -;

303 1117 394 1161 dici
417 1127 592 1176 potest3
625 1117 731 1176 quia
763 1117 1016 1166 secundum
1049 1117 1141 1161 hoc
1174 1131 1292 1175 aqua
1322 1131 1532 1161 seorsum
1566 1126 1911 1161 consecraretur
1941 1129 1968 1160 a
1998 1115 2124 1178 vino,
2147 1115 2274 1161 sicut
2334 1112 2352 1180 ff}

303 1184 461 1228 vinum
503 1199 529 1228 a
569 1198 700 1243 pane.
727 1183 784 1228 Et
808 1183 930 1238 ideo,
967 1185 1084 1228 sicut
1120 1187 1216 1243 ipse
1253 1184 1362 1228 dicit
1387 1185 1563 1242 (scilicet
1593 1185 1805 1229 Innocent.
1838 1183 1915 1228 loc.
1948 1179 2054 1241 cit),
2087 1183 2271 1229 aliorum

305 1252 462 1311 opinio
498 1251 778 1311 probabilior
813 1261 893 1305 est,
930 1251 1008 1310 qui
1043 1251 1212 1306 dicunt,
1250 1265 1417 1328 aquarn
1455 1251 1659 1295 converti
1684 1250 1731 1294 in
1756 1250 1932 1304 vinum,
1964 1258 2010 1294 et
2038 1249 2200 1294 vinum
2223 1250 2271 1294 in
2350 1299 2352 1302 ,

305 1319 600 1377 sanguinem:
627 1319 718 1363 hoc
741 1328 895 1362 autem
920 1318 1018 1362 fieri
1043 1332 1138 1362 non
1164 1328 1332 1377 posset,
1364 1318 1452 1362 nisi
1479 1318 1594 1362 adeo
1620 1317 1859 1361 modicum
1885 1325 2191 1376 apponeretur
2217 1316 2275 1361 de

306 1400 442 1445 aqua,
470 1386 592 1445 quod
617 1395 956 1430 converteretur
975 1385 1022 1429 in
1049 1386 1229 1430 vinum:
1258 1395 1302 1429 et
1326 1385 1431 1429 ideo
1455 1398 1636 1444 semper
1652 1384 1791 1428 tutius
1818 1393 1887 1428 est
1906 1397 2068 1443 parum
2086 1383 2143 1429 de
2158 1396 2276 1444 aqua
2332 1340 2352 1476 3

304 1467 547 1512 apponere,
576 1462 620 1496 et
644 1453 887 1511 praecipue
905 1452 942 1495 si
958 1452 1117 1495 vinum
1134 1453 1191 1496 sit
1213 1451 1376 1506 debile,
1404 1452 1510 1511 quia
1528 1452 1566 1495 si
1581 1460 1706 1495 tanta
1728 1450 1857 1495 fieret
1872 1450 2100 1510 appositio
2116 1461 2278 1514 aquae,

303 1528 351 1563 ut
372 1518 624 1563 solveretur
641 1521 813 1577 species
830 1519 939 1572 vini,
961 1533 1056 1562 non
1078 1528 1233 1578 posset
1248 1518 1404 1577 perfici
1422 1527 1786 1572 sacramentum3
1803 1517 1924 1561 unde
1939 1516 2086 1575 Julius
2102 1517 2135 1562 I.
2154 1523 2270 1577 ‘papa
2330 1527 2337 1543 ²

304 1585 371 1642 (in
393 1585 501 1629 decr.
521 1599 559 1644 7.
582 1586 729 1629 Concil
732 1586 767 1643 .)
790 1587 1080 1644 reprehendit
1096 1586 1334 1645 quosdam,
1353 1587 1431 1645 qui
1448 1596 1651 1645 pannum
1668 1585 1842 1629 lineum
1859 1594 2013 1630 musto
2030 1585 2274 1631 intinctum
2323 1479 2352 1694 ἓ

304 1666 385 1710 per
410 1661 559 1695 totum
587 1666 759 1695 annum
790 1662 986 1707 servant,
1013 1662 1058 1696 et
1082 1652 1129 1696 in
1155 1663 1363 1712 tempore
1395 1652 1604 1698 sacrificii
1631 1666 1747 1712 aqua
1772 1661 1950 1712 partem
1982 1653 2079 1711 ejus
2104 1652 2274 1708 lavant,

304 1728 349 1763 et
373 1719 438 1763 sic
465 1717 674 1763 offerunt.

395 1787 471 1831 AD
504 1800 694 1831 PRIMUM
721 1801 831 1846 ergo
860 1787 1119 1841 dicendum,
1146 1787 1269 1846 quod
1305 1786 1471 1831 sufficit
1507 1787 1563 1831 ad
1591 1785 1868 1831 sacramenti
1892 1784 2028 1844 hujus
2053 1785 2280 1845 significa·
2336 1768 2352 1843 Ξ

304 1854 496 1911 tionem,
523 1855 647 1912 quod
673 1854 893 1898 sentiatur
919 1868 1050 1913 aqua,
1079 1869 1184 1899 cum
1212 1855 1454 1914 apponitur
1478 1855 1612 1900 vino:
1639 1867 1735 1898 non
1762 1862 1915 1898 autem
1942 1862 2137 1912 oportet,
2152 1853 2277 1915 quod

305 1920 363 1965 sit
387 1920 613 1965 sensibilis
635 1930 739 1979 post
765 1922 1049 1966 mixtionem.

396 1988 473 2033 AD
507 2001 772 2033 SECUNDUM
798 1980 1059 2043 dicendum,
1087 1989 1211 2048 quod
1254 1989 1292 2034 si
1319 2003 1435 2047 aqua
1473 1988 1664 2032 omnino
1691 2001 1786 2032 non
1824 1996 2141 2046 apponeretur,
2165 1996 2280 2032 tota-
2316 2025 2332 2055 ἑ

307 2054 408 2099 liter
435 2054 751 2099 excluderetur
771 2055 1070 2114 significatio:
1099 2056 1179 2100 sed
1206 2070 1312 2099 cum
1340 2070 1458 2114 aqua
1483 2056 1530 2099 in
1551 2056 1710 2099 vinum
1738 2054 2030 2109 convertitur,
2055 2053 2280 2114 significa·
2321 2089 2348 2117 Δ»,

308 2132 395 2176 tur,
422 2122 543 2180 quod
570 2121 765 2179 populus
794 2122 980 2179 Christo
1002 2123 1335 2180 incorporatur.
2337 2158 2345 2174 s

399 2188 474 2231 AD
502 2200 718 2232 TERTmM
746 2187 1006 2242 dicendum,
1034 2188 1157 2247 quod
1197 2189 1235 2232 si
1268 2203 1384 2247 aqua
1413 2199 1717 2248 apponeretur
1743 2187 1885 2243 dolio,
1922 2202 2018 2233 non
2051 2186 2280 2233 sufficeret

311 2254 367 2298 ad
393 2253 778 2312 significationem
806 2254 940 2313 hujus
967 2255 1266 2300 sacramenti:
1296 2255 1384 2312 *sed
1412 2266 1594 2316 oportet
1618 2270 1788 2315 aquam
1815 2256 1924 2302 vino
1956 2255 2126 2316 apponi
2158 2255 2280 2301 circa
2325 2251 2342 2307 ‘1³

307 2322 454 2379 ipsam
479 2319 836 2365 celebrationem
863 2322 1137 2366 sacramenti
2327 2326 2331 2330 “

906 2596 1355 2720 QUAESTIO
1416 2644 1682 2704 LXXV.
1969 2662 1972 2666 <
2061 2694 2082 2703 ,

751 2797 831 2838 DE
879 2797 1300 2839 CONVERSIONE
1347 2799 1538 2849 PANIS,
1591 2800 1666 2840 ET
1712 2800 1844 2840 V1N1

544 2887 620 2926 IN
683 2885 984 2937 CORPUS,
1051 2888 1139 2928 ET
1200 2888 1652 2929 SANGUINEM
1711 2885 2045 2942 CHRIST1,‘

832 2976 897 3016 IN
946 2976 1101 3017 OCTO
1148 2978 1477 3019 ARTICULOS
1525 2979 1747 3020 DIVISA.

399 3146 578 3191 Deinde
602 3146 987 3191 considerandum
1013 3156 1081 3191 est
1107 3147 1161 3191 de
1189 3149 1490 3193 conversione
1508 3149 1652 3209 panis,
1671 3159 1716 3194 et
1738 3149 1833 3195 vini
1850 3149 1897 3195 in
1918 3161 2100 3211 corpus3
2118 3158 2164 3196 et

312 3214 499 3273 guinem
527 3213 714 3259 Christi.
2246 3218 2257 3227 a
2274 3220 2311 3235 -,

921 3297 978 3342 Et
1003 3297 1118 3342 circa
1155 3297 1229 3342 hoc
1257 3304 1515 3357 quaeruntur
1541 3306 1647 3344 octo.

402 3393 573 3438 Primo.
603 3393 771 3438 Utrum
788 3394 835 3437 in
851 3393 943 3439 hoc
969 3403 1258 3438 sacramento
1282 3396 1338 3439 sit
1360 3408 1525 3454 corpus
1554 3395 1722 3441 Christi
1745 3394 1999 3477 secundum
2019 3395 2165 3442 verita
2256 3404 2262 3413 ”

315 3476 371 3505 an
399 3460 550 3506 solum
578 3461 830 3506 secundum
857 3460 1051 3519 figuram
1077 3459 1152 3504 vel
1178 3461 1293 3505 sicut
1319 3462 1364 3505 in
1391 3462 2238 3522 signo.

404 3528 633 3573 Secundo.
672 3528 876 3573 Utrum
864 3542 911 3572 111
937 3527 1028 3573 hoc
1055 3539 1343 3573 sacramento
1370 3539 1604 3575 remaneat
1644 3529 1894 3576 substantia
1919 3529 2066 3591 panis,
2104 3536 2159 3577 et
2170 3513 2307 3577 *ffl‘

314 3605 418 3655 post
444 3595 858 3642 consecrationem.
2097 3614 2100 3616 ’
2180 3590 2300 3643 Aizi&
