2352 3926
624 241 920 294 QUAOEsTlo
960 242 1094 287 xxu.
1134 246 1443 287 ARTICULUS
1481 244 1554 284 v1.
1970 244 2071 282 211

41 406 59 411 Α
215 365 253 411 3.
274 350 574 395 Pinarum.
606 348 722 393 Heb.
749 355 790 407 7.
818 346 994 404 dicitur,
1017 349 1140 408 quod
1167 359 1234 394 est
1259 350 1348 395 Rex
1370 350 1506 409 pacis,
1539 350 1624 393 sine
1650 353 1787 407 patre,
1818 347 1904 391 sine
1929 352 2077 399 matre,

117 418 204 472 sine
225 416 482 476 genealogia,
518 430 645 474 neque
678 417 850 461 initium
875 415 1051 469 dierum,
1083 430 1208 474 neque
1229 416 1362 474 finem
1392 417 1503 460 vitae
1532 415 1709 459 habens.-
1741 426 1858 472 quae
1894 412 2079 471 quidem

117 483 397 530 conveniunt
422 482 510 526 soli
541 481 656 526 Filio
676 482 787 536 Dei;
814 495 925 539 ergo
951 495 1046 525 non
1068 481 1202 525 debet
1232 482 1321 525 dici
1355 482 1565 526 Christus
1588 479 1799 524 sacerdos
1827 479 2081 524 secundum

90 549 329 600 ‚sorditiem
355 548 712 603 Melchisedech,
733 558 971 607 tamquam
995 548 1231 606 cujusdam
1258 547 1456 601 alterius,
1489 547 1568 592 sed
1595 546 1847 592 secundum
1873 545 2080 590 ordinem

118 614 190 663 sui
212 616 365 677 ipsius.

209 683 305 728 SED
337 696 533 729 CONTRA
560 692 642 736 est,
673 681 796 741 quod
822 677 1021 725 dicitur
1009 694 1057 725 m
1082 680 1155 724 Ps.
1188 693 1308 737 107..
1340 680 1405 724 Tu
1436 696 1473 725 es
1496 682 1684 726 sacerdos
1709 683 1753 725 in
1779 687 1994 726 aeternum
2022 693 2082 724 se-

118 749 301 796 cundum
334 750 520 794 ordinem
552 748 856 795 Melchisedech.

33 864 47 875 A
207 816 498 862 Responnsso
525 816 784 870 dicendum,
810 814 948 874 quod,
966 814 1081 858 sicut
1098 828 1232 872 supra
1255 813 1428 857 dictum
1446 823 1514 858 est
1537 814 1636 870 (art.
1659 829 1701 871 4.
1721 815 1806 872 huj.
1830 829 1868 872 q.
1895 827 1987 872 arg.
2003 811 2079 872 3.),

34 877 47 945 ᾖ
113 882 267 943 *legale
304 883 613 928 sacerdotium
645 882 730 927 fuit
760 881 906 939 figura
937 881 1180 926 sacerdotii
1217 879 1405 933 Christi,
1440 894 1534 924 non
1567 881 1751 939 quidem
1783 881 1912 940 quasi
1954 880 2084 925 adae·

102 952 264 1010 ‘quatis
288 949 544 1004 veritatem,
572 949 651 994 sed
672 949 870 993 multum
907 947 961 991 ab
990 961 1043 992 ea
1078 946 1316 992 deficiens:
1342 955 1440 990 tum
1467 947 1573 1006 quia
1605 947 1912 991 sacerdotium
1933 945 2084 1005 legale

89 1039 93 1041 >
116 1017 213 1065 hon
228 1016 479 1061 mundabat
494 1027 705 1076 peccata:
723 1027 822 1060 tum
845 1015 983 1059 etiam
1009 1013 1115 1074 quia
1140 1028 1235 1058 non
1252 1023 1348 1057 erat
1371 1023 1620 1068 aeternum,
1638 1014 1754 1058 sicut
1775 1013 2083 1057 sacerdotium

118 1083 314 1131 Christi:
347 1083 446 1143 ipsa
483 1093 635 1127 autem
672 1082 940 1127 excellentia
972 1080 1215 1126 sacerdotii
1247 1080 1420 1124 Christi
1436 1080 1492 1124 ad
1509 1080 1815 1125 sacerdotium
1848 1080 2083 1124 leviticum

31 1150 54 1206 ‘j
100 1148 419 1209 ffiit'fi'gurata
441 1150 488 1193 in
514 1150 771 1194 sacerdotio
794 1148 1150 1201 Melchisedech,
1178 1147 1255 1206 qui
1287 1147 1341 1190 ab
1371 1148 1609 1192 Abraham
1643 1148 1844 1191 decimas
1876 1147 2082 1206 sumpsit,

102 1216 510 1275 i*in*emitis‘lumbis
542 1216 794 1261 decimatus
828 1227 896 1260 est
927 1214 1273 1275 quodammodo
1307 1214 1403 1274 ipse
1437 1214 1652 1259 sacerdos
1684 1213 1868 1273 legalis:
1903 1223 1947 1257 et
1978 1213 2082 1257 ideo

115 1283 391 1330 sacerdotium
411 1284 569 1329 Christi
588 1283 747 1329 dicitur
771 1298 847 1328 esse
867 1282 1086 1328 secundum
1109 1283 1296 1327 ordinem
1315 1281 1623 1335 Melchisedech,
1655 1290 1839 1341 propter
1866 1278 2086 1325 excellen-

47 1351 57 1400 -ζ
87 1349 231 1397 *ziam
254 1350 350 1395 veri
377 1350 622 1395 sacerdotii
642 1350 704 1394 ad
730 1349 921 1409 figurale
944 1349 1251 1394 sacerdotium
1277 1350 1406 1409 legis.

38 1459 57 1476 „
87 1420 91 1424 ’
209 1416 492 1462 ADPRIMUM
509 1431 620 1476 ergo
637 1417 897 1471 dicendum,
919 1417 1041 1476 quod
1069 1417 1278 1462 Christus
1304 1431 1399 1460 non
1426 1416 1590 1460 dicitur
1616 1429 1713 1460 esse
1739 1414 1994 1459 secundum
2017 1427 2085 1457 or-

29 1479 46 1524 ²<
117 1483 276 1528 dinem
301 1484 660 1538 Melchisedech,
687 1484 817 1543 quasi
831 1483 1163 1543 principalioris
1184 1484 1448 1537 sacerdotis,
1475 1483 1555 1527 sed
1589 1482 1718 1542 quasi
1738 1481 2083 1540 praefigurantis

118 1543 441 1596 excellentiam
466 1550 710 1595 sacerdotii
741 1550 913 1595 Christi
935 1551 991 1594 ad
1019 1551 1326 1595 sacerdotium
1347 1550 1596 1594 leviticum.

42 1614 47 1663 s
210 1617 288 1663 AD
316 1628 578 1663 SECUNDUM
600 1616 860 1671 dicendum,
893 1617 1015 1676 quod
1041 1619 1087 1661 in
1114 1618 1369 1662 sacerdotio
1403 1617 1577 1661 Christi
1607 1617 1687 1661 duo
1719 1624 1910 1676 possunt
1941 1615 2086 1659 consi-

33 1714 53 1738 „2
121 1683 295 1739 derari3
322 1683 498 1729 scilicet
537 1686 627 1744 ipsa
658 1685 813 1729 oblatio
847 1683 1033 1738 Christi,
1067 1694 1112 1728 et
1133 1686 1409 1744 participatio
1443 1685 1562 1742 ejus:
1600 1693 1821 1742 quantum
1856 1683 1911 1726 ad
1936 1682 2085 1741 ipsam

42 1771 50 1778 Δ
105 1750 423 1804 fricationem,
449 1751 703 1810 expressius
727 1749 951 1809 figurabat
975 1751 1283 1795 sacerdotium
1308 1750 1482 1795 Christi
1508 1750 1815 1795 sacerdotium
1837 1748 1985 1825 legale
2006 1762 2086 1806 per

2 1868 7 1877 J
45 1857 48 1860 .
128 1817 363 1876 'sanguinis
388 1816 676 1871 effusionem,
703 1831 842 1876 quam
867 1817 1174 1861 sacerdotium
1200 1817 1557 1871 Melchisedech,
1582 1818 1629 1860 in
1656 1831 1748 1875 quo
1775 1816 1959 1875 sanguis
1990 1829 2085 1860 non

3 1916 5 1921 .
38 1903 67 1929 τ»,
106 1882 459 1939 *effundebaturz
486 1885 566 1928 sed
592 1894 814 1943 quantum
848 1884 903 1927 ad
929 1884 1326 1942 participationem
1357 1885 1492 1943 hujus
1524 1884 1748 1938 sacrificii,
1781 1893 1825 1927 et
1857 1884 1952 1941 ejus
1985 1881 2087 1926 effe-

3 1949 6 1959 '
83 1950 263 2004 etum,
288 1951 336 1994 in
362 1964 453 2010 quo
479 1951 723 2010 praecipue
749 1951 993 1996 attenditur
1018 1949 1286 1995 excellentia
1313 1950 1556 1995 sacerdotii
1590 1951 1764 1995 Christi
1797 1951 1852 1994 ad
1878 1949 2088 1994 sacerdo-

64 2056 73 2067 κ
91 2017 238 2062 fitium
261 2016 426 2076 legale,
458 2017 715 2077 expressius
751 2017 1139 2077 praefigurabatur
1169 2032 1249 2076 ΡΕΓ
1279 2016 1588 2062 sacerdonum
1620 2015 2087 2075 Melch1sedech,qui

42 2074 342 2145 JJJR-Jqffl'er'ebat
365 2094 547 2145 panem,
585 2094 630 2129 et
671 2085 833 2128 vinum
859 2085 1153 2144 significantia,
1180 2094 1230 2128 ut
1252 2085 1446 2143 August.
1480 2085 1589 2128 dicit
1614 2085 1760 2142 (tract.
1791 2085 1862 2129 26.
1895 2085 1939 2127 in
1963 2084 2088 2140 Joan.

47 2150 170 2202 a&
180 2149 307 2204 med.‚·
326 2150 414 2195 vid
436 2153 561 2196 etiam
593 2158 719 2211 cap„-
741 2152 858 2209 Quia
880 2159 1039 2228 passus,
1058 2151 1104 2195 de
1140 2151 1377 2196 Consecrat.
1395 2153 1509 2211 epist
1542 2151 1632 2209 2)
1665 2167 1688 2192 (ε
1715 2150 2086 2195 Ecclesiasticam

59 2233 61 2235 ·
80 2217 359 2272 unitatem,
384 2231 524 2278 quam
551 2218 783 2263 constituit
807 2218 1092 2277 participatio
1111 2218 1321 2262 sacrificii
1340 2218 1709 2272 Christ1»,unde
1737 2218 1876 2262 etiam
1901 2217 1948 2260 in
1964 2230 2086 2260 nova

133 2307 181 2324 «-
174 2284 226 2339 ,ἑ
251 2296 414 2330 verum
461 2284 635 2330 Christi
672 2285 947 2331 sacrificium
979 2286 1345 2330 communicatur
1385 2285 1592 2330 fidelibus
1624 2286 1705 2329 sub
1748 2299 1901 2344 spi-“3¹e
1941 2298 2086 2342 Pams’

35 2341 48 2399 ,¹
55 2339 176 2407 J'ffl
173 2351 298 2396 ’νὶηἰ.

6 2463 8 2465 r
208 2418 288 2465 ‘AD
326 2425 544 2464 TER'rmM
585 2419 846 2474 dicendum,
872 2412 994 2479 quo'd
1034 2418 1377 2464 Melchisedech
1410 2419 1555 2463 dictus
1583 2429 1650 2463 est
1673 2421 1757 2464 sine
1774 2425 1911 2478 patre,
1940 2425 1978 2463 et
2001 2420 2088 2463 sine

32 2479 272 2541 Me,
299 2493 338 2531 et
357 2487 442 2531 sine
456 2486 711 2545 genealogia,
730 2493 766 2531 et
782 2486 889 2545 quod
913 2499 996 2531 non
1018 2486 1139 2531 habet
1158 2488 1327 2530 initium
1353 2486 1529 2540 dierum,
1548 2501 1674 2544 neque
1684 2487 1831 2545 finem,
1859 2499 1953 2529 non
1980 2485 2085 2544 quia

63 2550 205 2608 gista
221 2566 316 2597 non
331 2552 556 2606 habuerit,
582 2552 662 2598 sed
688 2553 793 2612 quia
817 2553 865 2597 in
893 2552 1125 2612 Scriptura
1143 2552 1284 2597 Sacra
1300 2554 1387 2597 ista
1405 2553 1460 2601 de
1487 2567 1543 2597 eo
1560 2567 1655 2596 non
1682 2552 1922 2611 leguntur:
1946 2562 1992 2596 et
2007 2566 2086 2611 per

111 2621 209 2664 ν’ὥς
232 2618 398 2697 ipsum,
424 2629 474 2664 ut
499 2619 748 2695 Apostolus
773 2619 941 2663 ibidem
969 2619 1091 2674 dicit,
1119 2619 1391 2664 assimilatus
1414 2630 1483 2664 est
1507 2619 1623 2664 Filio
1645 2621 1748 2674 Dei,
1781 2620 1859 2679 qui
1883 2620 1929 2663 in
1955 2619 2084 2663 terris

0 2733 81 2757 ζ
94 2664 191 2731 *at
226 2686 324 2731 sine
364 2695 506 2745 patre,
549 2695 595 2730 et
624 2687 671 2729 in
703 2685 845 2731 coelis
871 2685 968 2730 sine
993 2696 1154 2741 matre,
1182 2697 1225 2730 et
1252 2687 1348 2731 sine
1376 2685 1662 2745 genealogia,
1696 2686 1948 2730 secundum
1974 2685 2084 2729 illud

74 2745 223 2803 1⁸71
235 2757 325 2812 '533
344 2753 665 2798 Generationem
682 2755 768 2812 ejus
785 2755 875 2812 quis
897 2754 1148 2798 enarrabit?
1164 2763 1210 2797 et
1225 2755 1479 2798 secundum
1501 2754 1785 2798 divinitatem
1803 2767 1952 2812 neque
1970 2755 2086 2812 prin-

65 2817 306 2879 apium,
330 2833 479 2879 neque
510 2819 650 2864 finem
677 2819 854 2864 dierum
878 2819 1030 2864 habet.

699 3156 701 3159 ,
749 3097 1197 3180 QUAESTI'O
1249 3103 1478 3164 xxm.

208 3237 290 3289 DE
321 3241 665 3290 ADOPTIONE
697 3222 950 3299 CHRISTI,
971 3250 1053 3290 *IN
1086 3250 1376 3302 QUATUOR
1409 3250 1739 3291 ARTICULOS
1771 3248 1990 3289 DIVISA.

190 3367 389 3424 ,Deinde
416 3378 800 3424 considerandum
825 3389 908 3434 est,
935 3393 991 3424 an
1019 3380 1204 3438 adoptio
1232 3380 1420 3424 Christo
1449 3378 1706 3424 conveniat.

699 3468 755 3512 Et
785 3469 901 3512 circa
925 3468 999 3513 hoc
1022 3475 1280 3527 quaeruntur
1303 3474 1502 3526 quatuor.

85 3522 158 3602 ¹
191 3502 383 3584 Primo.
410 3539 577 3584 Utrum
601 3540 704 3585 Deo
730 3541 975 3586 conveniat
995 3542 1212 3601 adoptare
1239 3542 1371 3586 filios

43 3603 122 3660 ‘'³-
164 3666 167 3668 η
214 3604 443 3651 Secundo.
469 3606 636 3651 Utrum
660 3606 753 3652 hoc
780 3608 1023 3652 conveniat
1043 3608 1133 3652 soli
1157 3609 1259 3652 Deo
1286 3608 1421 3652 Patri.
