2352 3926
278 233 389 288 424
870 229 1147 275 QUAESTIO
1190 228 1239 266 L.
1282 200 1589 266 Alimentus
1630 227 1665 267 1.

974 532 1421 611 QUAESTIO
1471 533 1539 592 L.

524 691 605 731 DE
636 689 841 730 MORTE
874 688 1126 738 CHRISTI,
1163 689 1228 728 IN
1260 688 1370 729 SEX
1402 687 1733 728 ARTICULOS
1766 678 1988 729 DIVISA.
2024 739 2027 741 K
2098 678 2101 680 ’
2151 686 2154 689 ’
2197 675 2199 677 ’

367 870 544 914 Deinde
572 868 956 913 considerandum
982 877 1050 912 est
1071 867 1125 912 de
1153 876 1302 911 morte
1330 865 1515 910 Christi.

923 981 979 1025 Et
1004 981 1119 1024 circa
1145 979 1219 1023 hoc
1247 984 1505 1037 quaeruntur
1525 993 1604 1022 sex.

367 1070 539 1114 Primo.
569 1069 734 1113 Utrum
761 1069 1039 1113 conveniens
1064 1067 1198 1112 fuerit
1225 1067 1462 1112 Christum
1489 1065 1621 1110 mori.

368 1137 596 1181 Secundo.
624 1137 791 1180 Utrum
818 1151 898 1195 per
924 1146 1120 1179 mortem
1148 1135 1282 1178 fuerit
1307 1143 1513 1193 separata
1540 1132 1748 1176 divinitas
1777 1146 1802 1175 a
1828 1145 1978 1176 carne.

368 1203 541 1248 Tertio.
565 1204 733 1248 Utrum
757 1203 891 1247 fuerit
916 1213 1124 1262 separata
1150 1202 1359 1246 divinitas
1383 1201 1436 1243 ab
1463 1202 1630 1243 anima.

369 1271 562 1324 Quarto.
594 1271 758 1315 Utrum
786 1271 996 1315 Christus
1024 1270 1070 1312 in
1096 1269 1246 1312 triduo
1273 1267 1434 1311 mortis
1460 1266 1594 1310 fuerit
1622 1266 1783 1309 homo.

369 1339 559 1391 Quinto.
587 1339 755 1382 Utrum
782 1351 947 1396 corpus
982 1338 1077 1395 ejus
1102 1336 1238 1379 fuerit
1261 1335 1383 1378 idem
1410 1332 1604 1377 numero
1630 1332 1803 1386 vivum,
1829 1341 1875 1376 et
1897 1341 2146 1377 mortuum.

367 1406 520 1450 Sexto.
549 1406 716 1450 Utrum
743 1419 867 1449 mors
895 1405 991 1462 ejus
1019 1404 1075 1447 sit
1102 1402 1271 1461 aliquid
1299 1410 1486 1460 operata
1515 1401 1570 1444 ad
1596 1405 1802 1443 no'stram
1829 1396 2039 1445 salutern'.
2059 1411 2063 1422 ³
2123 1417 2125 1420 ·

991 1580 1427 1638 ARTICULUS
1471 1580 1513 1634 Ι.
2088 1549 2242 1651 ''⁴27z

589 1718 781 1757 UTRUM
822 1717 1168 1757 CONVENIENS
1209 1715 1407 1754 FUERIT
1450 1713 1728 1753 CHRISTUM
1769 1712 1924 1752 MORI.

340 1829 468 1889 (Infr.
492 1844 530 1888 q.
552 1842 617 1888 52.
645 1834 728 1873 art.
755 1844 790 1873 1.
818 1835 929 1887 corp.
957 1833 993 1871 et
1010 1828 1080 1871 lzb
1103 1840 1145 1884 4.
1166 1825 1311 1870 Contr.
1329 1840 1367 1884 g.
1387 1833 1475 1884 cap.
1494 1838 1551 1883 55.
1579 1830 1618 1868 et
1635 1822 1790 1881 Quodl.
1813 1837 1853 1868 2.
1880 1827 1963 1868 art.
1989 1836 2033 1867 2
2041 1818 2168 1882 corp.

484 1903 522 1941 et
547 1904 684 1956 opusc.
705 1911 744 1940 2.
751 1903 862 1955 cap.
886 1908 923 1954 7
951 1901 990 1939 et
1011 1902 1101 1954 cap.
1128 1907 1218 1952 234.
1246 1900 1284 1938 et
1304 1894 1391 1953 238.
1417 1893 1490 1949 fin.
1515 1898 1553 1937 et
1577 1899 1713 1950 opusc.
1737 1890 1808 1936 60.
1835 1897 1928 1956 cap.
1954 1889 2037 1952 92).
2116 1888 2153 1960 *
2343 1909 2352 1956 1

369 2008 445 2052 AD
471 2020 660 2052 PRIMUM
687 2007 750 2050 sic
768 2006 1042 2065 proceditur.
1060 2005 1265 2058 Videtur,
1288 2004 1410 2063 quod
1428 2018 1522 2047 non
1548 2003 1684 2046 fuerit
1709 2001 1988 2046 conveniens
2006 1999 2243 2050 Christum

279 2075 422 2119 mori:
450 2075 561 2118 illud
589 2075 726 2127 enirn,
753 2073 875 2132 quod
903 2083 971 2116 est
995 2073 1192 2131 primum
1227 2071 1499 2130 principium
1520 2073 1566 2114 in
1595 2070 1748 2128 aliquo
1772 2081 1952 2127 genere,
1976 2081 2075 2114 non
2097 2067 2246 2127 dispo-

278 2143 399 2186 nitur
426 2157 504 2201 per
527 2141 652 2195 illud,
679 2141 801 2199 quod
825 2150 892 2183 est
919 2140 1199 2183 contrarium
1217 2138 1282 2181 illi
1300 2138 1479 2196 generi:
1503 2138 1620 2181 sicut
1645 2137 1776 2194 ignis,
1795 2136 1871 2194 qui
1886 2148 1955 2180 est
1971 2134 2244 2194 principium

280 2209 457 2263 caloris,
485 2222 720 2267 nunquam
748 2217 897 2266 potest
923 2221 1020 2250 esse
1047 2206 1262 2265 frigidus:
1287 2207 1364 2249 sed
1392 2204 1532 2248 Filius
1559 2205 1648 2248 Dei
1676 2213 1743 2247 est
1764 2202 1882 2257 fons,
1905 2212 1952 2248 et
1970 2201 2244 2261 principium

279 2277 430 2321 omnis
455 2276 591 2329 vitae,
618 2276 868 2319 secundum
898 2274 1009 2317 illud
1036 2273 1156 2317 Psal
1188 2286 1278 2332 35..
1307 2273 1434 2348 Apud
1460 2280 1497 2317 te
1529 2278 1583 2316 est
1604 2272 1705 2330 fons
1736 2273 1875 2322 vitam
1908 2281 2022 2329 ergo
2046 2268 2244 2322 videtur,

277 2345 399 2403 quod
427 2357 519 2387 non
542 2342 678 2386 fuerit
704 2342 982 2385 conveniens
1010 2341 1248 2384 Christum
1275 2340 1408 2384 mori.

368 2425 407 2455 2.
426 2412 723 2455 PRAETEREA.
749 2410 896 2467 Major
924 2419 991 2453 est
1017 2408 1218 2452 defectus
1237 2408 1411 2460 mortis,
1438 2422 1575 2466 quam
1604 2406 1776 2459 morbi3
1798 2405 1905 2464 quia
1930 2418 2010 2464 per
2030 2402 2244 2452 morbum

277 2478 536 2538 pervenitur
563 2477 618 2521 ad
646 2486 868 2520 mortem:
897 2476 973 2519 sed
1001 2490 1095 2518 non
1121 2474 1204 2518 fuit
1232 2475 1509 2519 conveniens
1528 2474 1766 2518 Christum
1793 2472 1946 2531 aliquo
1971 2471 2147 2519 morbo
2151 2470 2246 2515 lan·

278 2559 509 2605 guescere,
537 2554 586 2587 ut
619 2544 858 2602 ChrysOSt.
887 2543 994 2586 dicit
1029 2542 1145 2600 (vide
1176 2550 1263 2601 sup.
1298 2557 1335 2600 q
1363 2542 1436 2599 46.
1466 2548 1546 2586 art.
1579 2557 1615 2600 3.
1644 2540 1697 2585 ad
1722 2541 1807 2599 2)
1837 2553 1964 2599 ergo
1985 2539 2124 2585 etiam
2140 2550 2243 2583 non

276 2613 360 2657 fuit
386 2611 662 2656 conveniens
691 2610 927 2654 Christum
951 2610 1084 2653 mori.
2093 2626 2095 2631 ‹

373 2693 410 2739 3.
444 2679 742 2723 PRAETEREA.
784 2677 1013 2721 Dominus
1049 2677 1156 2720 dicit
1189 2677 1319 2734 Joan.
1359 2689 1447 2720 1o.:
1476 2677 1564 2734 Ego
1595 2676 1707 2728 veni,
1740 2681 1788 2719 ut
1816 2675 1954 2719 vitam
1981 2673 2175 2728 habeant,
2206 2678 2244 2717 et
2327 2718 2338 2723 Α

276 2747 556 2792 abundantius
577 2746 782 2790 habeant:
806 2744 884 2788 sed
909 2744 1172 2802 oppositum
1189 2758 1282 2787 non
1301 2743 1507 2802 perducit
1530 2742 1585 2786 ad
1610 2741 1900 2802 oppositum3
1912 2753 2027 2800 ergo
2051 2734 2243 2794 videtur,
2323 2748 2327 2773 ῖ-

277 2814 400 2882 quod
423 2826 516 2858 non
541 2812 674 2856 fuerit
700 2811 978 2855 conveniens
1008 2810 1243 2854 Christum
1270 2810 1401 2853 mori.
2323 2804 2326 2809 ’

367 2881 462 2925 SED
490 2891 685 2924 CONTRA
714 2888 793 2932 est,
822 2878 942 2936 quod
971 2877 1133 2921 dicitur
1153 2877 1283 2935 Joan.
1317 2891 1403 2922 10.:
1431 2877 1614 2936 Expedit
1633 2877 1765 2929 vobis,
1798 2880 1843 2919 ut
1871 2888 1978 2921 unus
1993 2874 2133 2920 homo
2151 2885 2244 2919 mo·

275 2950 417 2993 riatur
445 2956 524 3006 pro
551 2946 723 3006 populo,
749 2952 784 2989 et
821 2960 903 2988 non
938 2950 1023 2988 tota
1052 2959 1148 3002 <ens
1172 2951 1341 3003 pereat:
1370 2944 1491 3002 quod
1529 2943 1713 3003 quidem
1752 2941 1965 3001 Caiphas
1976 2940 2243 3001 prophetice

276 3016 399 3068 dixit,
427 3024 476 3058 ut
502 3012 791 3071 Evangelista
817 3022 1019 3055 testatur.

366 3082 654 3126 Rsssponnsso
672 3080 930 3132 dicendum,
949 3079 1069 3136 quod
1091 3080 1366 3121 conveniens
1385 3077 1469 3121 fuit
1489 3078 1726 3122 Christum
1744 3075 1882 3126 mori:
1896 3076 2040 3136 primo
2057 3074 2243 3135 quidem

279 3150 332 3192 ad
362 3147 725 3192 satisfaciendum
750 3160 831 3205 pro
852 3146 1057 3189 humano
1086 3159 1267 3202 genere,
1292 3146 1415 3203 quod
1443 3155 1537 3190 erat
1563 3146 1699 3188 morti
1726 3142 2033 3203 adjudicatum
2059 3151 2258 3203 propter·

276 3226 532 3276 peccatum,
552 3214 803 3259 secundum
827 3213 936 3256 illud
959 3211 1074 3256 Gen.
1095 3225 1149 3254 2.:
1171 3213 1443 3270 Quacumque
1465 3212 1527 3256 die
1550 3211 1821 3265 comederitis,
1838 3215 1969 3256 morte
1984 3210 2241 3258 moriemini:

278 3294 344 3328 est
371 3293 523 3327 autem
559 3281 836 3326 conveniens
868 3278 1173 3324 satisfaciendi
1207 3293 1288 3337 pro
1318 3278 1407 3322 alio
1443 3279 1620 3327 modus,
1655 3292 1760 3323 cum
1787 3277 2035 3338 aliquis-se
2060 3276 2245 3335 subjicit

277 3365 467 3410 poenae,
495 3363 633 3408 quam
662 3347 774 3392 alius
803 3347 989 3400 meruit;
1018 3356 1062 3389 et
1088 3345 1209 3389 idem
1235 3345 1445 3390 Christus
1479 3346 1598 3389 mori
1623 3345 1783 3399 voluit,
1810 3354 1860 3390 ut
1883 3341 2126 3392 moriendo
2156 3356 2240 3403 pro

276 3419 406 3461 nobis
433 3415 725 3469 satisfaceret,
752 3414 1000 3459 secundum
1030 3412 1139 3456 illud
1165 3426 1198 3455 1.
1227 3412 1322 3455 Pet.
1356 3426 1417 3469 3..
1449 3412 1637 3457 Christus
1653 3411 1773 3458 semel
1791 3420 1872 3471 pro
1895 3411 2076 3471 peccatis
2090 3411 2243 3457 nostris

276 3491 462 3529 mortuus
484 3491 564 3528 est:
587 3483 761 3527 secundo
785 3482 857 3526 ad
864 3479 1196 3525 ostendendum
1214 3479 1451 3523 veritatem
1474 3490 1661 3523 naturae
1681 3488 1962 3539 assumptae;
1979 3477 2098 3524 sicut
2117 3477 2244 3528 enim.

278 3551 496 3595 Eusebius
523 3550 631 3594 dicit
650 3550 715 3608 (in
739 3550 925 3593 oratione
943 3547 989 3592 de
1006 3546 1222 3591 Laudibus
1242 3545 1526 3601 Constantini,
1550 3549 1658 3591 inter
1674 3545 1778 3590 med.
1796 3546 1924 3606 etfin.
1945 3560 2014 3591 seu
2030 3542 2239 3604 cap-13..·)
2289 3583 2330 3607 ,

281 3634 303 3659 «
332 3619 377 3662 Si
407 3617 535 3662 aliter
560 3627 664 3675 post
690 3615 1089 3661 conversationem
1117 3627 1221 3657 cum
1249 3612 1513 3657 hominibus
1542 3626 1834 3667 evanescens,
1861 3612 2010 3657 subito
2036 3609 2240 3657 evolaret
2285 3610 2337 3660 ἐξ
