2352 3926
709 219 986 267 Quffls'rlo
1025 221 1076 259 X.
1117 220 1426 261 ARTICULUS
1464 219 1537 260 IV.
1986 218 2081 259 121

115 324 401 384 virescentis,
428 322 670 367 attenditur
694 322 947 367 secundum
972 322 1240 381 potentiam,
1267 321 1342 367 vel
1370 322 1605 377 habiturn;
1637 330 1680 366 et
1710 319 1817 366 inde
1849 329 1932 375 est,
1964 319 2087 380 quod

36 395 76 451 ft„
126 390 265 439 etiam
291 390 407 435 inter
430 390 642 434 homines
667 403 748 449 per
779 403 923 433 unum
955 389 1160 433 medium
1192 403 1308 434 unus
1340 388 1583 449 perfectius
1617 387 1856 447 cognoscit
1888 386 2088 447 aliquam

112 457 487 511 conclusionem,
514 470 654 516 quam
679 455 818 511 alius3
845 466 890 500 et
915 470 994 514 per
1025 456 1146 500 hunc
1174 456 1366 500 modum
1400 457 1551 500 anima
1579 455 1767 510 Christi,
1798 467 1916 515 quae
1948 454 2090 498 abun·

114 523 322 570 -dantiori
347 523 546 584 repletur
575 523 764 577 lumine,
797 522 1037 582 perfectius
1065 523 1305 582 cognoscit
1331 523 1533 567 divinam
1560 522 1820 577 essentiam,
1846 535 1986 582 quam
2014 520 2090 565 alii

109 590 268 637 abeati:
295 591 402 636 licet
427 605 588 636 omnes
614 591 761 650 ipsam
786 590 876 635 Dei
901 591 1145 635 essentiam
1170 590 1354 634 videant
1374 605 1455 649 per
1480 590 1691 648 seipsam.

36 683 63 718 <7
110 683 114 687 >
212 659 291 704 AD
312 662 574 704 SECUNDUM
600 657 859 711 dicendum,
876 657 998 716 quod
1020 657 1135 701 visio
1163 657 1343 701 divinae
1370 657 1592 701 essentiae
1621 656 1796 702 excedit
1831 655 2087 702 naturalem

102 725 378 787 ‘fpotentiam
404 724 643 784 cujuslibet
668 734 915 778 creaturae,
943 734 992 768 ut
1011 724 1059 768 in
1086 739 1122 769 1.
1141 724 1313 768 dictum
1342 732 1408 768 est
1437 723 1493 782 (q.
1511 739 1574 769 12.
1593 730 1674 769 art.
1692 725 1775 782 4.)‚·
1800 734 1846 770 et
1869 723 1974 768 ideo
1993 737 2091 784 gra·

111 792 210 838 :dus
232 792 280 837 in
304 792 404 852 ipsa
430 792 720 837 attenduntur
736 791 884 851 magis
907 791 1159 836 secundum
1182 790 1391 835 ordinem
1414 790 1600 849 gratiae,
1616 791 1662 834 in
1686 805 1777 850 quo
1795 790 2006 836 Christus
2021 800 2091 835 est

41 864 50 912 j
109 858 543 914 excellentissimus,
570 873 708 919 quarn
735 858 987 904 secundum
1013 858 1223 903 ordinem
1249 868 1452 911 naturae,
1479 857 1732 902 secundum
1758 872 1896 918 quem
1926 867 2089 903 natura

40 949 65 984 13
124 926 330 987 angelica
355 925 603 986 praefertur
628 926 873 970 humanae.

39 999 56 1045 J
211 993 290 1039 An
312 1006 527 1039 'rmmum
549 993 809 1047 dicendum,
822 993 960 1052 quod,
971 992 1090 1037 sicut
1106 1006 1241 1052 supra
1258 991 1432 1036 dictum
1450 1000 1516 1037 est
1534 991 1589 1036 de
1608 992 1753 1051 gratia
1764 993 1874 1053 (q.7.
1888 998 1972 1037 art.
1984 993 2086 1051 12.)‚

113 1059 246 1121 quod
270 1074 365 1105 non
396 1069 546 1120 potest
577 1074 675 1105 esse
706 1061 857 1119 maior
888 1059 1046 1119 gratia,
1080 1073 1219 1119 quam
1252 1060 1397 1118 gratia
1424 1058 1598 1104 Christi
1628 1074 1708 1119 per
1739 1069 1997 1118 respectum
2030 1058 2086 1102 ad

38 1122 55 1182 ἶ
122 1128 342 1173 unionem
366 1127 521 1183 Verbi,
559 1128 680 1172 idem
709 1128 846 1171 etiam
874 1127 1120 1172 dicendum
1143 1138 1211 1171 est
1227 1136 1271 1171 et
1289 1126 1343 1171 de
1370 1126 1650 1186 perfectione
1674 1126 1852 1171 divinae
1873 1126 2085 1170 visionis.

119 1195 232 1246 licet
255 1195 462 1241 absolute
489 1196 836 1250 considerando,
867 1198 1010 1256 possit
1042 1210 1140 1240 esse
1166 1195 1335 1255 aliquis
1367 1195 1532 1254 gradus
1565 1194 1804 1240 sublimior
1835 1194 2087 1239 secundum

108 1263 393 1309 infinitatem
424 1263 604 1308 divinae
629 1264 875 1323 potentiae.

806 1577 1254 1657 QUAESTIO
1304 1576 1413 1639 XI.

254 1735 336 1776 DE
381 1733 657 1776 SCIENTIA
703 1734 934 1786 1ND1TA,
986 1736 1103 1777 VEL
1148 1735 1368 1777 INFUSA
1413 1735 1652 1776 ANIMAE
1699 1734 1952 1786 CHRISTI,

671 1825 738 1864 IN
778 1825 888 1866 SEX
933 1825 1264 1866 ARTICULOS
1311 1825 1532 1866 DIVISA.

207 2000 386 2046 Deinde
412 2000 794 2046 considerandum
821 2011 889 2046 est
914 2001 969 2046 de
995 2002 1186 2047 scientia
1210 2002 1368 2057 indita,
1394 2001 1469 2046 vel
1493 2001 1643 2047 infusa
1670 2002 1851 2046 animae
1870 2001 2055 2046 Christi.

767 2114 820 2159 Et
845 2115 960 2159 circa
984 2114 1059 2160 hoc
1085 2121 1346 2173 quaeruntur
1374 2129 1455 2160 sex.

163 2203 379 2249 Primo.
406 2203 574 2248 Utrum
600 2203 853 2249 secundum
879 2204 998 2248 hanc
1023 2205 1267 2249 scientiam
1293 2204 1503 2250 Christus
1530 2205 1644 2249 sciat
1675 2204 1846 2248 omnia.

118 2307 125 2311 ..
208 2270 436 2316 Secundo.
464 2271 631 2316 Utrum
656 2271 744 2316 hac
771 2271 961 2317 scientia
993 2273 1059 2316 uti
1090 2272 1289 2332 potuerit
1319 2286 1415 2317 non
1449 2272 1763 2317 convertendo
1791 2285 1839 2316 se
1866 2270 1922 2315 ad
1948 2271 2089 2330 phan-

83 2346 329 2384 minata.

210 2404 384 2451 Tertio.
411 2406 580 2451 Utrum
604 2406 721 2451 haec
747 2406 937 2451 scientia
961 2405 1097 2451 fuerit
1122 2406 1351 2452 collativa.

133 2497 137 2507 .,
210 2471 404 2525 Quarto.
430 2473 502 2518 De
529 2474 874 2533 comparatione
901 2473 1035 2533 hujus
1061 2475 1278 2520 scientiae
1306 2475 1362 2520 ad
1388 2475 1628 2520 scientiam
1655 2473 1926 2534 angelicam.

209 2538 401 2592 Quinto.
428 2540 596 2586 Utrum
621 2540 756 2586 fuerit
777 2541 966 2586 scientia
991 2541 1248 2587 habitualis.

60 2610 98 2646 ‘ff
209 2605 365 2652 Sexto.
391 2607 558 2653 Utrum
583 2607 719 2653 fuerit
743 2608 955 2653 distincta
980 2623 1061 2668 per
1086 2609 1290 2655 diversos
1314 2609 1509 2655 habitus.

830 2772 1265 2831 ARTICULUS
1309 2775 1351 2830 1.
2027 2803 2081 2849 72

514 2907 707 2946 UTRUM
747 2908 1050 2948 SECUNDUM
1092 2875 1684 2961 SCIENTIAM⁰1ND1TAM,

407 2989 531 3027 VEL
585 2989 879 3028 INFUSAM
935 2991 1255 3031 CHRISTUS
1311 2992 1519 3031 OMNIA
1573 2993 1783 3032 SCIAT.

212 3094 342 3154 (Infr.
368 3110 407 3156 q.
434 3109 497 3142 12.
524 3104 607 3143 art.
633 3114 668 3143 ι.
695 3104 731 3143 et
751 3113 787 3157 3.
814 3100 927 3144 Dist.
954 3115 1019 3157 14.
1051 3108 1134 3146 art.
1157 3117 1192 3161 3.
1221 3116 1259 3160 q.
1286 3117 1321 3147 ι.
1348 3108 1388 3147 et
1411 3117 1450 3161 q.
1476 3116 1519 3159 4.
1546 3111 1659 3162 corp.
1686 3109 1724 3148 et
1748 3118 1787 3162 q.
1809 3117 1846 3162 5.
1875 3101 1930 3146 ad
1953 3117 1993 3147 2.

554 3171 591 3211 et
625 3166 734 3211 Veri.
762 3181 800 3225 q.
827 3181 897 3212 20.
924 3173 1006 3212 art.
1034 3168 1076 3213 6.
1104 3175 1139 3214 et
1165 3177 1300 3228 opusc.
1327 3183 1368 3215 2.
1394 3178 1486 3229 cap.
1514 3170 1653 3228 216).

208 3272 286 3319 An
310 3287 499 3321 PRIMUM
524 3277 588 3321 sic
615 3278 887 3336 proceditur.
910 3278 1115 3334 Videtur,
1134 3281 1258 3339 quod
1281 3282 1534 3326 secundum
1559 3282 1679 3327 hanc
1698 3281 1936 3326 scientiam
1955 3280 2086 3326 Chri·

120 3347 216 3385 stus
239 3353 335 3385 non
361 3343 631 3400 cognoverit
655 3345 833 3390 omnia:
859 3346 974 3390 haec
1003 3347 1125 3391 enim
1154 3348 1344 3392 scientia
1375 3348 1515 3392 indita
1543 3358 1611 3393 est
1637 3348 1824 3392 Christo
1857 3347 1913 3391 ad
1945 3347 2086 3407 perfe-

121 3406 321 3452 ctionem
342 3409 572 3486 possibilis·
591 3410 846 3457 intellectus
870 3415 989 3471 ejus·
1014 3415 1092 3459 sed
1114 3414 1370 3459 intellectus
1396 3414 1622 3474 possibilis
1644 3415 1824 3458 animae
1850 3414 2081 3460 humanae

19 3479 67 3543 εἰ,
119 3485 215 3518 non
239 3474 414 3519 videtur
439 3489 536 3520 esse
561 3476 610 3520 in
640 3480 843 3536 potentia
869 3479 926 3524 ad
952 3481 1109 3524 omnia
1141 3481 1422 3540 simpliciter,
1449 3482 1526 3525 sed
1554 3482 1609 3525 ad
1643 3481 1720 3524 illa
1747 3480 1859 3534 sola,
1885 3481 1932 3525 in
1965 3496 2081 3541 quae

121 3548 272 3598 potest
300 3540 499 3586 reduci
486 3557 535 3587 m
559 3553 713 3588 actum
736 3558 816 3603 per
839 3545 1125 3591 intellectum
1158 3558 1384 3606 agentem,
1411 3548 1488 3606 qui
1514 3557 1583 3591 est
1613 3549 1848 3606 proprium
1881 3549 2080 3593 activum

22 3614 89 3646 Α
121 3603 286 3664 ipsium
309 3621 428 3666 quae
453 3608 639 3667 quidem
658 3620 764 3656 sunt
787 3612 1117 3670 cognoscibilia
1133 3614 1386 3658 secundum
1412 3614 1639 3659 rationem
1663 3613 1943 3669 naturalem3
1969 3629 2080 3675 ergo
