2352 3926
622 187 902 236 QUAEST10
942 188 1128 227 LxxVI.
1167 187 1476 228 Ani-mums
1515 187 1588 226 tv.
1994 174 2095 243 673

140 299 290 337 toturn
317 304 481 350 corpus
508 290 681 336 Christi
707 290 964 338 continetur
989 290 1071 335 sub
1095 289 1295 350 qualibet
1324 299 1450 349 parte
1475 289 1654 334 hostiae
1676 297 1994 335 consecratae:
2023 289 2101 334 sed

140 355 266 403 nulla
291 357 517 417 quantitas
544 357 796 402 dimensiva
817 367 913 402 tota
946 359 1204 402 continetur
1229 358 1274 402 in
1299 357 1451 416 aliquo
1478 366 1591 410 toto,
1619 366 1663 400 et
1686 356 1735 400 in
1761 354 1961 415 qualibet
1976 366 2102 414 parte

141 425 266 485 ejus;
293 438 403 483 ergo
445 435 512 470 est
543 423 838 484 impossibile,
872 425 994 484 quod
1030 434 1126 469 tota
1153 423 1379 484 quantitas
1412 423 1666 468 dimensiva
1698 422 1903 483 corporis
1931 422 2102 467 Christi

140 490 428 537 contineatur
452 491 498 535 in
525 491 616 535 hoc
639 501 943 536 sacramento.

230 571 271 603 2.
298 557 594 604 Pus-ream.
628 558 915 617 Impossibile
953 567 1021 603 est
1062 559 1172 602 duas
1211 557 1484 617 quantitates
1519 554 1795 603 dimensivas
1829 570 1927 602 esse
1953 555 2104 610 simul,

140 624 321 670 etiamsi
346 639 436 669 una
461 625 519 670 sit
549 637 770 685 separata,
788 635 832 670 et
858 624 946 668 alia
971 625 1017 668 in
1036 639 1227 684 corpore
1243 624 1452 679 naturali,
1469 634 1518 668 ut
1534 634 1658 684 patet
1671 639 1751 684 per
1767 622 2105 684 Philosophum

140 691 187 736 in
217 706 254 751 3.
279 692 535 752 Metaphys.
561 693 661 750 (tex.
690 693 779 751 9.).·
807 692 886 735 sed
917 691 963 734 in
997 692 1087 735 hoc
1121 701 1410 735 sacramento
1443 701 1649 736 remanet
1675 691 1902 751 quantitas
1935 691 2107 736 dimen-

141 758 237 803 siva
262 759 407 818 panis,
433 769 482 803 ut
514 773 648 804 sensu
681 768 891 818 apparet3
918 771 1012 801 non
1031 772 1141 817 ergo
1175 768 1244 802 est
1269 758 1329 801 ibi
1361 758 1587 817 quantitas
1614 757 1868 803 dimensiva
1901 758 2106 818 corporis

143 824 328 871 Christi.
1549 867 1553 871 .

198 923 204 928 -
234 906 272 951 3.
304 892 602 937 PRAETEREA.
636 892 686 936 Si
716 891 832 936 duae
866 892 1138 951 quantitates
1177 891 1459 936 dimensivae
1491 891 1753 951 inequaeles
1785 893 1909 951 juxta
1949 906 1998 937 se
2030 906 2108 950 po-

141 969 321 1015 nantur,
347 959 783 1019 maj0r⁴extenditur
809 959 924 1004 ultra
962 960 1218 1003 minorem:
1254 959 1332 1003 sed
1360 961 1586 1018 quantitas
1614 959 1869 1004 dimensiva
1902 958 2108 1019 corporis

142 1026 316 1072 Christi
340 1037 409 1072 est
432 1026 579 1071 multo
607 1029 769 1086 major,
796 1041 935 1086 quam
963 1026 1189 1086 quantitas
1226 1026 1482 1070 dimensiva
1500 1026 1687 1070 hostiae
1716 1037 2012 1071 consecratae
2039 1040 2107 1071 se-

142 1094 343 1140 cundum
369 1108 558 1139 ornnem
575 1094 934 1140 dimensionem:
954 1096 991 1138 si
1009 1108 1120 1153 ergo
1133 1094 1178 1137 in
1196 1094 1287 1138 hoc
1307 1103 1596 1137 sacramento
1615 1094 1672 1137 sit
1688 1094 1915 1152 quantitas
1938 1093 2110 1138 dimen-

140 1162 236 1207 siva
262 1162 464 1222 corporis
493 1160 665 1206 Christi
691 1175 798 1205 cum
824 1161 1074 1220 quantitate
1109 1160 1363 1205 dimensiva
1384 1160 1578 1214 hostiae,
1605 1161 1832 1219 quantitas
1852 1160 2107 1205 dimensiva

143 1228 347 1288 corporis
374 1228 546 1272 Christi
588 1229 851 1273 extendetur
876 1228 993 1272 ultra
1025 1229 1325 1288 quantitatem
1352 1228 1553 1282 hostiae3
1581 1242 1698 1287 quae
1736 1237 1891 1272 tamen
1917 1242 2012 1272 non
2040 1238 2108 1272 est

142 1295 239 1341 sine
265 1295 516 1340 substantia
543 1296 748 1355 corporis
776 1296 968 1349 Christi3
997 1310 1107 1355 ergo
1134 1295 1384 1340 substantia
1403 1295 1610 1354 corporis
1637 1294 1810 1339 Christi
1838 1295 1921 1339 erit
1945 1295 1992 1339 in
2017 1295 2108 1339 hoc

0 1361 5 1378 ἒ
79 1394 82 1397 -
141 1372 446 1417 sacramento,
472 1363 610 1407 etiam
636 1372 814 1422 praeter
839 1363 1014 1423 species
1040 1365 1191 1423 panis:
1227 1363 1350 1421 quod
1387 1372 1455 1407 est
1495 1362 1842 1416 inconveniens,
1877 1376 1984 1406 cum
2011 1362 2110 1406 sub-

141 1430 307 1476 stantia
332 1431 537 1490 corporis
565 1430 738 1475 Christi
762 1445 857 1476 non
884 1431 939 1475 sit
965 1431 1012 1474 in
1038 1431 1129 1475 hoc
1157 1439 1463 1484 sacramento,
1490 1430 1575 1474 nisi
1603 1444 1686 1489 per
1712 1431 2110 1474 consecrationem

142 1497 285 1557 paniS,
321 1507 371 1542 ut
410 1497 583 1541 dictum
609 1505 677 1542 est
716 1497 820 1556 (art.
852 1513 888 1543 r.
914 1499 1000 1556 huj.
1028 1498 1119 1556 q.)‚·
1161 1496 1446 1556 impossibile
1489 1510 1600 1555 ergo
1637 1496 1830 1551 videtur,
1863 1496 1987 1556 quod
2012 1505 2110 1540 tota

142 1564 369 1625 quantitas
395 1564 648 1608 dimensiva
681 1564 885 1623 corporis
914 1564 1086 1609 Christi
1112 1565 1169 1608 sit
1198 1564 1244 1608 in
1271 1564 1362 1609 hoc
1390 1573 1691 1608 sacramento.

233 1630 333 1677 SED
365 1643 562 1677 CONTRA
589 1641 671 1686 est,
699 1632 821 1691 quod
855 1632 1081 1691 quantitas
1109 1632 1362 1675 dimensiva
1395 1631 1601 1690 corporis
1633 1630 1824 1689 alicujus
1855 1644 1950 1674 non
1982 1643 2111 1689 sepa-

141 1708 264 1743 ratur
288 1698 542 1743 secundum
568 1713 665 1743 esse
689 1713 714 1743 a
740 1699 988 1743 substantia
1022 1700 1141 1757 ejus:
1169 1699 1247 1743 sed
1277 1699 1323 1742 in
1351 1698 1442 1742 hoc
1478 1707 1768 1742 sacramento
1796 1708 1865 1742 est
1885 1707 1983 1742 tota
2014 1697 2113 1742 sub-

141 1765 307 1811 stantia
327 1765 532 1824 corporis
559 1765 745 1820 Christi,
767 1775 817 1810 ut
841 1780 976 1825 supra
993 1766 1200 1810 habiturn
1224 1775 1291 1809 est
1315 1766 1418 1822 (art.
1426 1766 1590 1825 praec.)
1596 1780 1612 1818 ;
1632 1779 1743 1824 ergo
1761 1774 1857 1809 tota
1885 1764 2111 1824 quantitas

144 1832 398 1878 dimensiva
417 1833 629 1892 corporis
658 1832 830 1878 Christi
863 1842 930 1877 est
960 1833 1007 1876 in
1033 1833 1124 1877 hoc
1152 1843 1454 1877 sacramento.

232 1900 521 1946 stponnno
539 1900 799 1954 dicendum,
817 1900 954 1959 quod,
972 1901 1088 1944 sicut
1103 1914 1238 1959 supra
1251 1900 1425 1944 dictum
1443 1908 1509 1943 est
1521 1900 1624 1956 (art.
1642 1911 1676 1943 1.
1697 1899 1783 1958 huj.
1797 1914 1835 1958 q.
1833 1898 1876 1957 )‚
1890 1898 2114 1958 dupliciter

143 1967 312 2027 aliquid
338 1966 513 2012 Christi
538 1977 607 2012 est
626 1967 674 2011 in
699 1977 1014 2022 sacramento;
1042 1982 1123 2011 uno
1150 1967 1270 2011 modo
1295 1981 1348 2011 ex
1374 1966 1419 2010 vi
1450 1966 1753 2010 sacramenti:
1787 1966 1871 2010 alio
1905 1965 2026 2009 modo
2055 1979 2109 2009 ex

142 2033 255 2079 reali
280 2034 661 2078 concomitantia:
690 2048 744 2078 ex
775 2034 822 2077 vi
846 2034 1031 2092 quidem
1058 2034 1333 2078 sacramenti
1364 2033 1590 2092 quantitas
1618 2033 1872 2077 dimensiva
1899 2032 2104 2092 corporis

145 2099 319 2147 Christi
333 2114 428 2144 non
453 2110 523 2145 est
546 2100 593 2144 in
613 2100 704 2144 hoc
731 2110 1036 2154 sacramento,
1069 2115 1122 2145 ex
1148 2101 1194 2144 vi
1226 2102 1348 2145 enirn
1376 2101 1652 2144 sacramenti
1679 2111 1746 2145 est
1770 2101 1818 2144 in
1849 2101 1941 2145 hoc
1968 2114 2114 2145 sacra-

145 2177 303 2213 mento
327 2166 454 2221 illud,
480 2168 527 2211 in
553 2169 676 2227 quod
712 2167 882 2212 directe
920 2168 1161 2212 conversio
1203 2168 1496 2212 terminatur:
1531 2168 1772 2211 conversio
1801 2178 1968 2223 autem,
1995 2181 2113 2227 quae

144 2233 194 2280 fit
217 2234 265 2278 in
290 2234 381 2279 hoc
407 2244 711 2288 sacramento,
724 2234 892 2279 directe
913 2235 1183 2279 terminatur
1202 2235 1257 2278 ad
1278 2234 1578 2279 substantiam
1592 2234 1795 2294 corporis
1814 2234 2001 2289 Christi,
2018 2249 2112 2279 non

145 2310 299 2346 autem
340 2301 397 2345 ad
430 2301 740 2346 dimensiones
768 2302 879 2359 ejus,
905 2302 1028 2361 quod
1060 2311 1183 2361 patet
1211 2316 1265 2346 ex
1292 2302 1399 2355 hoc,
1438 2301 1560 2361 quod
1603 2302 1829 2360 quantitas
1857 2302 2112 2346 dimensiva

143 2369 274 2429 panis
304 2379 524 2423 remanet,
564 2369 685 2413 facta
718 2370 1079 2426 consecratione,
1117 2369 1217 2414 sola
1243 2370 1493 2414 substantia
1531 2370 1660 2428 panis
1691 2379 1974 2415 transeunte:
2009 2372 2113 2430 quia

143 2446 299 2481 tamen
325 2436 575 2481 substantia
602 2437 807 2496 corporis
837 2436 1010 2482 Christi
1036 2437 1217 2482 realiter
1242 2451 1337 2482 non
1365 2437 1580 2481 dividitur
1612 2452 1638 2481 a
1664 2451 1746 2481 sua
1778 2440 2027 2497 quantitate
2056 2438 2117 2482 di-

145 2503 367 2558 mensiva,
393 2513 439 2549 et
463 2504 518 2548 ab
546 2503 644 2548 aliis
672 2504 994 2559 accidentibus,
1021 2505 1126 2548 inde
1162 2515 1230 2549 est
1256 2505 1379 2564 quod
1407 2519 1459 2549 ex
1493 2505 1538 2548 vi
1570 2505 1703 2549 realis
1726 2505 2114 2550 concomitantiae

145 2580 215 2616 est
238 2571 285 2615 in
308 2569 399 2615 hoc
426 2580 716 2616 sacramento
753 2581 851 2620 tota
889 2572 1114 2631 quantitas
1142 2572 1395 2616 dimensiva
1434 2572 1641 2631 corporis
1669 2572 1855 2630 Christi,
1884 2583 1929 2618 et
1955 2572 2111 2617 omnia

149 2637 403 2682 accidentia
421 2638 531 2695 ejus,

239 2705 315 2749 AD
351 2717 542 2750 PRIMUM
572 2718 682 2763 ergo
709 2705 967 2760 dicendum,
994 2706 1116 2765 quod
1144 2705 1309 2750 modus
1339 2706 1519 2751 essendi
1552 2706 1790 2764 cujuslibet
1815 2707 1880 2750 rei
1906 2706 2115 2751 determi-

149 2782 282 2818 natur
308 2772 563 2816 secundum
590 2772 634 2816 id
660 2773 781 2831 quod
809 2782 877 2817 est
902 2773 945 2817 ei
970 2787 1049 2832 per
1075 2788 1137 2827 se,
1163 2787 1258 2818 non
1286 2784 1439 2818 autem
1466 2773 1720 2818 secundum
1746 2773 1791 2817 id
1817 2774 1939 2832 quod
1973 2783 2041 2817 est
2073 2773 2115 2817 ei

149 2853 230 2899 per
252 2838 464 2883 accidens
483 2853 493 2882 2
521 2838 636 2883 sicut
654 2831 820 2898 corpus
847 2849 915 2884 est
938 2839 985 2884 in
1010 2840 1125 2894 visu,
1143 2840 1396 2885 secundum
1419 2839 1542 2899 quod
1570 2850 1637 2884 est
1659 2839 1826 2893 album,
1849 2854 1942 2884 non
1961 2850 2115 2884 autem

150 2905 404 2952 secundum
431 2905 554 2964 quod
576 2914 643 2949 est
670 2905 818 2959 dulce,
837 2905 944 2951 licet
970 2907 1092 2951 idern
1112 2922 1276 2967 corpus
1298 2908 1355 2952 sit
1372 2907 1542 2962 album,
1562 2917 1606 2950 et
1632 2905 1765 2950 dulce
1783 2921 1792 2949 :
1821 2906 1941 2950 unde
1961 2918 2006 2951 et
2022 2906 2116 2951 ‹lul-

151 2972 267 3018 cedo
295 2982 364 3017 est
387 2972 434 3015 in
459 2971 559 3016 visu
586 2972 837 3016 secundum
864 2973 1055 3017 modum
1083 2973 1318 3028 albedinis,
1344 2989 1438 3018 non
1467 2973 1719 3018 secundum
1746 2973 1937 3017 modum
1966 2972 2116 3018 dulce-

151 3039 282 3085 dinis.
312 3039 436 3092 Quia
461 3039 598 3098 igitur
624 3053 679 3084 ex
704 3039 751 3083 vi
782 3039 916 3098 hujus
953 3042 1228 3086 sacramenti
1265 3051 1333 3086 est
1369 3044 1415 3086 in
1453 3040 1583 3085 altari
1619 3040 1868 3084 substantia
1911 3041 2117 3100 corporis

153 3105 342 3160 Christi,
369 3106 594 3165 quantitas
621 3115 774 3150 autem
798 3106 1050 3151 dimensiva
1073 3109 1168 3166 ejus
1196 3119 1263 3153 est
1294 3109 1357 3152 ibi
1384 3107 1762 3160 concomitanter,
1796 3117 1841 3151 et
1874 3108 2005 3167 quasi
2035 3122 2116 3167 per

153 3173 379 3228 accidens,
405 3174 510 3217 ideo
538 3173 764 3233 quantitas
791 3173 1044 3219 dimensiva
1071 3176 1276 3235 corporis
1305 3175 1478 3220 Christi
1505 3183 1574 3218 est
1598 3173 1644 3217 in
1682 3174 1773 3218 hoc
1811 3186 2116 3231 sacramento,

152 3254 248 3285 non
273 3241 526 3286 secundum
553 3242 786 3300 proprium
813 3241 1006 3286 modum
1037 3243 1108 3300 (ut
1133 3243 1308 3286 scilicet
1335 3242 1391 3286 sit
1408 3251 1505 3285 tota
1528 3241 1575 3284 in
1596 3250 1711 3295 toto,
1729 3250 1774 3285 et
1789 3241 1995 3300 singulae
2021 3257 2118 3302 par-

152 3317 220 3353 tes
245 3307 293 3351 in
319 3307 508 3366 singulis
536 3308 773 3367 partibus),
800 3308 876 3351 sed
900 3322 979 3367 per
1002 3309 1193 3354 modum
1221 3309 1514 3363 substantiae,
1542 3307 1668 3366 cujus
1686 3318 1846 3352 natura
1873 3319 1940 3354 est
1955 3319 2050 3355 tota
2067 3311 2115 3355 in

153 3383 269 3428 toto,
302 3383 347 3419 et
371 3383 467 3419 tota
492 3375 539 3418 in
566 3373 766 3434 qualibet
791 3384 930 3433 parte.

245 3441 322 3487 AD
349 3455 609 3487 SECUNDUM
627 3441 887 3495 dicendum,
914 3442 1037 3500 quod
1063 3442 1178 3487 duae
1207 3442 1480 3502 quantitates
1504 3441 1783 3486 dimensivae
1805 3456 1899 3486 non
1926 3455 2116 3503 possunt

156 3507 419 3553 naturaliter
444 3507 583 3552 simul
609 3522 706 3553 esse
733 3508 780 3551 in
807 3509 986 3562 eodem,
1006 3509 1069 3554 ita
1094 3511 1216 3569 quod
1240 3520 1427 3568 utraque
1450 3509 1506 3553 sit
1530 3509 1591 3553 ibi
1613 3509 1865 3553 secundum
1881 3511 2115 3570 proprium

157 3573 350 3620 modum
374 3574 636 3635 quantitatis
663 3574 959 3620 dimensivae.
990 3575 1044 3620 In
1068 3576 1159 3622 hoc
1186 3585 1339 3621 autern
1365 3585 1656 3621 sacramento
1683 3577 1909 3636 quantitas
1945 3577 2118 3624 dimen-

339 3675 375 3711 S.
400 3675 554 3711 Trione
581 3676 712 3710 Summa
733 3676 934 3722 Theologica.
959 3676 1042 3714 vol.
1064 3676 1129 3731 JV.
1897 3691 1936 3723 43
