2352 3926
663 233 942 280 QUAESTIO
983 231 1126 272 LXVI.
1167 229 1477 272 ARTICULUS
1516 228 1590 274 IX·
1999 213 2099 281 565

141 351 272 398 guam
304 338 419 390 Datu-
451 336 585 381 unius
627 346 780 381 autem
820 349 915 380 non
946 345 1014 379 est
1042 334 1131 379 nisi
1161 347 1251 378 una
1292 331 1551 391 generatim
1591 339 1637 374 et
1674 328 1780 375 ideo
1820 341 1914 376 non
1956 338 2107 387 potest

140 404 393 465 baptismus
423 403 589 458 iterari,
614 403 732 448 sicut
765 416 849 447 nec
877 400 1070 446 carnalis
1097 400 1355 460 generatio;
1383 399 1502 443 unde
1525 396 1808 455 Augustinus
1833 409 1967 455 super
1992 394 2104 438 illud

136 470 267 530 Joan.
300 484 363 529 5.:
390 470 608 529 Numquid
634 476 764 530 potest
795 470 915 514 homo
947 471 990 513 in
1021 475 1205 514 ventrem
1231 469 1379 512 matris
1403 480 1498 510 suae
1530 466 1679 509 iterato
1713 464 1904 517 introire,
1926 469 1962 506 et
1986 476 2107 507 rena-

140 539 231 584 sci?
256 538 366 582 dicit
396 538 544 595 (tract.
580 552 638 583 11.
670 538 715 581 in
742 537 867 592 Joan.
900 541 993 580 ante
1025 534 1179 591 med.).·
1211 549 1234 575 (ε
1268 534 1343 577 Sic
1376 543 1423 577 tu
1457 531 1661 588 intellige
1701 529 1985 574 nativitatem
2017 529 2102 588 spi-

142 605 268 659 ritus,
310 604 546 664 quomodo
585 603 807 647 intellexit
846 602 1128 646 Nicodemus
1170 600 1453 644 nativitatem
1495 598 1666 642 carnis:
1710 596 1946 656 quomodo
1980 595 2104 640 enim

142 681 294 716 uterus
320 685 416 715 non
441 680 591 730 potest
615 670 771 729 repeti,
796 669 862 714 sic
884 682 969 712 nec
996 668 1244 726 baptismus
1267 683 1290 709 ›>
1311 683 1320 711 :
1345 665 1535 719 secundo,
1563 664 1668 724 quia
1694 664 1739 707 in
1763 673 1911 708 morte
1929 662 2102 708 Christi

141 738 435 798 baptizamur,
461 751 542 797 per
571 751 710 796 quam
742 736 964 781 morimur
994 744 1200 793 peccato,
1227 743 1270 777 et
1296 732 1573 790 resurgimus
1601 733 1646 775 in
1670 731 1923 775 novitatem
1948 729 2094 783 vitae;

142 804 350 850 Christus
381 814 536 849 autem
567 802 710 849 semel
741 812 919 847 tantum
951 812 1157 845 mortuus
1198 810 1278 853 est,
1312 809 1356 843 et
1396 799 1501 843 ideo
1535 798 1783 856 baptismus
1823 796 1976 841 iterari
2005 810 2102 840 non

141 871 298 926 debet;
323 881 507 932 propter
539 870 661 929 quod
694 869 831 914 Hebr.
859 867 1087 912 6.'contra
1120 866 1343 925 quosdam
1376 865 1641 924 rebaptizari
1672 863 1879 909 volentes
1911 863 2096 909 dicitur:

143 939 300 984 Rursus
331 939 608 997 crucifigentes
637 937 893 994 sibimetipsis
924 934 1083 979 Filium
1110 934 1221 985 Dei;
1250 932 1326 975 ubi
1355 931 1506 976 Gloss.
1534 931 1692 989 (ordin.
1725 939 1844 990 super
1875 929 2006 975 illud:
2031 931 2103 976 Re-

139 1006 298 1050 novari
325 1006 488 1063 rursus)
516 1004 644 1048 dicit:
675 1019 699 1044 «
726 1002 830 1046 Una
858 1001 1029 1046 Christi
1055 1014 1180 1044 mors
1207 1013 1349 1043 unum
1382 999 1606 1057 baptisma
1640 998 1925 1042 consecravit
1948 1011 1995 1040 »t
2025 1003 2102 1042 ter-

141 1073 216 1127 tio,
235 1072 339 1131 quia
364 1071 614 1130 baptismus
640 1069 860 1128 imprimit
886 1069 1213 1120 characterem,
1232 1066 1308 1125 qui
1335 1076 1403 1110 est
1426 1064 1695 1118 indelebilis,
1715 1075 1758 1109 et
1776 1079 1879 1108 cum
1903 1065 2099 1123 quadam

138 1137 483 1183 consecratione
508 1137 652 1191 datur,
669 1135 788 1180 unde
806 1136 923 1180 sicut
944 1134 1060 1179 aliae
1084 1133 1451 1179 consecrationes
1470 1146 1564 1176 non
1581 1132 1798 1175 iterantur
1816 1133 1861 1174 in
1878 1130 2099 1186 Ecclesia,

137 1204 201 1250 ita
231 1218 317 1250 nec
341 1203 614 1263 baptismus:
643 1213 687 1247 et
710 1203 802 1247 hoc
831 1211 911 1256 est,
939 1202 1062 1262 quod
1084 1201 1366 1260 Augustinus
1394 1199 1500 1244 dicit
1519 1213 1558 1244 2.
1582 1209 1741 1243 contra
1769 1199 1895 1258 epist.
1921 1197 2104 1242 Parme-

139 1272 266 1316 niani
286 1273 397 1331 (cap.
415 1286 470 1331 13.
493 1286 519 1315 a
535 1271 639 1316 med.
637 1270 678 1328 ),
698 1270 820 1329 quod
847 1285 870 1311 «
889 1269 1124 1313 character
1140 1267 1346 1312 militaris
1364 1281 1458 1311 non
1481 1267 1748 1326 repetitur»,
1766 1275 1811 1309 et
1827 1265 1948 1324 quod
1975 1282 1998 1306 «
2010 1279 2104 1310 non

138 1338 288 1383 minus
314 1338 473 1383 haeret
492 1347 831 1382 sacramentum
859 1336 1044 1390 Christi,
1073 1349 1210 1395 quam
1238 1333 1487 1394 corporalis
1519 1334 1634 1377 haec
1667 1342 1792 1386 nota,
1820 1346 1925 1375 cum
1952 1332 2100 1376 videa-

138 1420 241 1450 mus
265 1419 351 1450 nec
377 1414 606 1465 apostatas
633 1418 786 1448 carere
817 1403 1104 1462 baptismate,
1122 1402 1282 1461 quibus
1299 1401 1453 1460 utique
1472 1408 1550 1459 per
1568 1399 1898 1459 poenitentiam
1917 1399 2103 1443 redeun-

137 1473 255 1517 tibus
280 1485 375 1516 non
400 1472 645 1516 restituitur
668 1485 718 1514 »ε
745 1477 909 1529 quarm,
939 1470 1043 1529 quia
1069 1469 1318 1528 baptismus
1346 1467 1653 1527 principaliter
1675 1468 1806 1512 datur
1824 1476 1986 1512 contra
2019 1467 2104 1510 ori-

139 1538 291 1599 ginale
317 1549 581 1598 peccatum3
614 1538 794 1582 et-ideo
826 1537 943 1581 sicut
975 1536 1197 1595 originale
1241 1545 1480 1595 peccatum
1512 1549 1606 1579 non
1638 1534 1844 1590 iteratur,
1860 1533 1929 1588 ita
1959 1534 2100 1579 etiam

136 1620 222 1650 nec
247 1605 498 1665 baptismus
523 1606 730 1649 iteratur:
758 1604 878 1663 quia,
912 1613 960 1648 ut
991 1603 1153 1647 dicitur
1178 1603 1313 1647 Rom.
1347 1615 1403 1660 5.:
1433 1603 1550 1647 Sicut
1574 1610 1654 1661 per
1678 1603 1800 1646 unius
1831 1601 2025 1659 delictum
2056 1602 2101 1646 in

138 1687 277 1718 omnes
297 1673 479 1717 homines
502 1674 548 1717 in
570 1672 964 1724 condemnationem,
982 1673 1038 1716 sic
1048 1680 1129 1731 per
1144 1673 1266 1715 unius
1277 1671 1487 1730 justitiam
1504 1672 1549 1715 in
1565 1684 1702 1714 omnes
1723 1670 1904 1716 homines
1919 1671 1965 1714 in
1979 1670 2104 1728 justi-

129 1740 371 1800 ficationem
402 1741 530 1784 vitae.

226 1806 304 1851 An
324 1819 513 1852 mmm(
535 1820 645 1865 ergo
672 1805 931 1858 dicendum,
955 1804 1078 1864 quod
1103 1804 1354 1863 baptismus
1379 1814 1592 1864 operatur
1617 1804 1663 1847 in
1685 1803 1849 1848 virtute
1875 1803 2099 1862 passionis

139 1872 325 1928 Christi,
351 1873 469 1918 sicut
493 1887 628 1932 supra
654 1873 826 1917 dictum
854 1882 921 1917 est
937 1874 1037 1930 (art.
1055 1887 1095 1917 2.
1113 1872 1199 1930 huj.
1218 1872 1304 1930 q.).·
1331 1881 1376 1916 et
1391 1871 1495 1916 ideo
1514 1872 1630 1916 sicut
1647 1880 1833 1929 peccata
1859 1871 2097 1930 sequentia

136 1940 351 1984 virtutem
376 1940 600 1999 passionis
628 1939 800 1984 Christi
824 1953 918 1983 non
945 1938 1166 1992 auferunt,
1202 1939 1263 1983 ita
1291 1940 1428 1982 etiam
1455 1953 1549 1982 non
1573 1937 1782 1982 auferunt
1806 1938 2100 1997 baptismum,

138 2016 189 2051 ut
210 2021 398 2053 necesse
424 2007 481 2051 sit
505 2009 653 2066 ipsum
676 2007 849 2061 iterari;
868 2006 945 2051 sed
965 2006 1243 2065 poenitentia
1268 2006 1614 2064 superveniente
1639 2005 1813 2057 tollitur
1837 2015 2095 2065 peccatum,

137 2073 266 2134 quod.
285 2073 562 2133 impediebat
587 2073 799 2118 effectum
825 2074 1050 2131 baptismi.

227 2140 303 2185 AD
330 2153 590 2185 SECUNDUM
608 2140 867 2194 dicendum,
884 2141 1021 2199 quod,
1038 2140 1154 2184 sicut
1171 2140 1453 2198 Augustinus
1473 2139 1581 2184 dicit
1606 2153 1740 2199 super
1760 2138 1871 2183 illud
1883 2139 2013 2197 Joan.
2038 2152 2095 2184 1.:

138 2206 217 2253 Sed
246 2221 317 2266 ego
350 2209 578 2252 nesciebam
610 2223 703 2252 eum
737 2208 884 2264 (tract.
914 2222 950 2267 5.
983 2210 1028 2252 in
1052 2208 1177 2264 Joan.
1209 2223 1315 2252 vers.
1338 2209 1469 2266 fin.).·
1508 2223 1531 2247 «
1564 2207 1684 2251 Ecce
1725 2217 1829 2266 post
1865 2206 2095 2265 Joannem

136 2273 411 2334 baptizatum
437 2285 518 2329 est,
558 2284 661 2333 post
698 2275 981 2326 homicidam
1021 2289 1115 2319 non
1158 2285 1225 2320 est
1260 2275 1562 2334 baptizatum3
1590 2275 1696 2334 quia
1731 2275 1930 2332 Joannes
1972 2274 2108 2319 dedit·

134 2340 410 2400 baptismum
446 2355 604 2395 suum;
630 2342 863 2386 homicida
899 2342 1022 2386 dedit
1057 2342 1332 2401 baptismum
1367 2342 1564 2396 Christi3
1598 2341 1721 2401 quod
1757 2351 2096 2386 sacramentum

134 2417 231 2453 tam
255 2418 464 2452 sanctum
491 2418 572 2463 est,
599 2419 646 2453 ut
671 2423 756 2453 nec
784 2409 1016 2453 homicida
1043 2409 1328 2454 ministrante
1355 2408 1646 2468 polluatur».

145 2490 150 2497 ·
171 2479 174 2499 s
221 2474 299 2520 An
320 2486 537 2520 TER’HUM
563 2475 821 2530 dicendum,
844 2476 965 2535 quod
983 2475 1204 2529 Pauliam',
1222 2487 1267 2520 et
1293 2476 1615 2535 Cataphrygae
1627 2490 1722 2520 non
1738 2475 2025 2535 baptizabant
2047 2477 2095 2520 in

134 2541 324 2587 nomine
341 2540 599 2597 Trinitatis;
626 2542 745 2588 unde
765 2542 1014 2602 Gregorius
1032 2543 1140 2587 dicit
1157 2544 1357 2588 scribens
1386 2543 1582 2596 Quirino
1611 2543 1826 2602 episcopo
1848 2545 1912 2600 (in
1939 2545 2088 2602 Regist.

138 2607 209 2652 lib.
234 2622 276 2668 9.
301 2610 416 2668 epist.
441 2609 506 2654 61.
528 2617 682 2668 parum
708 2625 733 2654 a
757 2612 941 2669 princ.):
981 2626 1004 2651 α
1017 2610 1077 2654 Hi
1102 2611 1334 2665 haeretici,
1361 2612 1437 2670 qui
1464 2611 1508 2654 in
1538 2610 1771 2655 Trinitatis
1794 2611 1981 2655 nomine
2015 2611 2096 2654 mi-

137 2675 261 2719 nime
284 2674 576 2734 baptizantur,
602 2677 719 2722 sicut
733 2687 837 2722 sunt
853 2677 1115 2731 Bonosiani,
1135 2688 1179 2721 et
1203 2677 1523 2737 Cataphrygae
1551 2678 1649 2737 (qui
1666 2678 1841 2722 scilicet
1856 2678 1978 2722 idem
1995 2692 2092 2722 sen-

136 2741 307 2786 tiebant
334 2755 439 2785 cum
466 2742 732 2797 Paulianis),
751 2738 856 2803 quia
883 2754 927 2789 et
942 2744 1007 2788 illi
1027 2744 1263 2789 Christum
1281 2746 1433 2789 Deum
1452 2759 1546 2788 non
1565 2745 1765 2799 credunt,
1785 2745 2091 2789 existimantes

137 2809 287 2867 ipsum
312 2807 486 2854 scilicet
510 2823 608 2856 esse
634 2825 797 2869 purum
823 2812 1077 2866 hominem,
1101 2821 1144 2856 et
1169 2812 1241 2856 isti
1271 2812 1468 2869 (scilicet
1485 2812 1845 2871 Cataphrygae),
1873 2812 2092 2871 Spiritum

0 2871 30 2904 ’Ἴ
71 2934 78 2939 ·
138 2874 359 2919 Sanctum
383 2889 594 2934 perverso
620 2891 754 2923 sensu
781 2893 879 2923 esse
908 2879 1134 2937 quendam
1154 2893 1345 2937 pravum
1361 2879 1900 2933 hominem,Montanum
1919 2877 2093 2923 scilicet

138 2941 326 2986 credunt
338 2956 349 2986 :
361 2940 488 2996 tales,
506 2957 611 2987 cum
635 2945 689 2988 ad
709 2956 913 2989 sanctam
931 2945 1186 2990 Ecclesiam
1203 2947 1404 3000 veniunt,
1421 2947 1724 3006 baptizantur:
1748 2947 1853 3004 quia
1868 2945 2093 3004 baptisma

135 3022 231 3054 non
255 3007 352 3062 fuit,
375 3008 496 3067 quod
523 3009 568 3053 in
595 3024 747 3055 errore
774 3012 909 3070 positi
935 3013 980 3056 in
1013 3023 1197 3058 sanctae
1234 3012 1471 3058 Trinitatis
1503 3013 1691 3057 nomine
1725 3012 1913 3056 minime
1940 3026 2092 3071 perce-

136 3087 364 3136 perunt»:
392 3076 486 3129 sed,
511 3076 625 3121 sicut
649 3078 695 3121 in
722 3078 908 3137 Regulis
934 3079 1108 3124 Eccles.
1138 3081 1308 3137 (scilicet
1333 3083 1377 3124 in
1403 3081 1475 3125 lib.
1502 3080 1547 3124 da
1564 3080 1716 3125 Ecclas.
1741 3080 1893 3137 Dogm.
1914 3086 2002 3138 cap.
2020 3093 2088 3137 52,

136 3146 246 3189 inter
266 3151 390 3203 opera
416 3144 617 3202 August.)
645 3144 828 3190 dicitur:
861 3146 951 3191 «Si
977 3147 1052 3206 qui
1079 3148 1194 3205 apud
1227 3147 1331 3191 illos
1353 3148 1608 3191 haereticos
1642 3145 1853 3204 baptizati
1880 3156 1998 3198 sunt,
2017 3146 2095 3205 qui

136 3210 182 3255 in
202 3219 384 3255 sanctae
414 3208 648 3254 Trinitatis
665 3210 951 3257 confessione
968 3213 1268 3271 baptizabant,
1288 3224 1331 3259 et
1362 3214 1551 3258 veniunt
1572 3213 1627 3256 ad
1646 3211 1923 3257 chatolicam
1940 3210 2093 3271 fidem,

134 3277 405 3336 recipiantur
431 3285 479 3320 ut
496 3277 707 3335 baptizati
724 3294 765 3322 n.

229 3345 306 3389 AD
333 3356 567 3394 QUARTUM
595 3344 852 3400 dicendum,
878 3347 1015 3405 quod,
1046 3348 1162 3392 sicut
1199 3348 1308 3392 dicit
1342 3348 1523 3392 Decret.
1560 3345 1690 3390 Alex.
1726 3345 1804 3389 III.
1840 3345 1963 3404 (qum²
1995 3346 2090 3391 hab.

137 3419 228 3471 cap.
250 3411 318 3455 De
345 3411 505 3469 quibus,
538 3425 578 3456 2.
605 3411 671 3455 De
693 3412 850 3471 Raptis.
876 3418 915 3458 et
939 3416 1025 3471 ejus
1049 3415 1205 3472 effec.).·
1239 3431 1262 3456 ι(
1280 3416 1351 3458 De
1372 3414 1532 3473 quibus
1555 3413 1742 3456 dubium
1765 3422 1846 3466 est,
1873 3425 1929 3455 an
1956 3411 2096 3471 bapti·

136 3478 226 3523 zati
254 3476 432 3531 fuerint,
470 3477 765 3536 baptizentur,
801 3478 872 3524 his
905 3480 1053 3524 verbis
1088 3481 1361 3540 praemissis.
1391 3481 1441 3524 Si
1467 3479 1717 3538 baptizatus
1744 3493 1805 3531 es,
1823 3492 1910 3538 ego
1932 3493 2027 3524 non
2048 3490 2092 3524 te

137 3544 341 3604 baptizo:
368 3544 447 3589 sed
472 3545 510 3589 si
523 3543 744 3595 mondum
768 3544 1015 3604 baptizatus
1042 3561 1105 3602 es,
1123 3562 1211 3607 ego
1235 3558 1278 3592 te
1296 3548 1492 3606 baptizo,
1519 3556 1621 3599 etc.,
1647 3559 1741 3590 non
1768 3545 1891 3590 enim
1917 3547 2094 3592 videtur

137 3611 306 3667 iterari,
332 3611 453 3671 quod
487 3611 685 3656 nescitur
710 3625 809 3657 esse
835 3610 1007 3657 factum
1023 3630 1064 3658 n.
