2352 3926
656 212 933 259 QUAESTIO
973 211 1088 252 vm.
1130 212 1437 253 ARTICULUS
1477 211 1550 251 1v.
1984 210 2080 266 103

143 330 178 354 vt»
213 313 501 359 Rnsponnso
528 312 788 367 dicendum,
805 314 943 373 quod,
959 313 1077 358 sicut
1102 313 1274 358 dictum
1302 323 1370 359 est
1398 313 1497 371 (art.
1524 328 1559 358 r.
1588 312 1675 371 huj.
1694 325 1733 371 q.
1752 311 1807 357 ad
1822 312 1899 370 2.)‚
1924 312 2003 356 ubi
2021 320 2088 356 est

42 379 75 437 g]
122 394 268 429 unum
294 394 473 439 corpus,
498 394 684 425 necesse
718 390 786 425 est
816 394 988 439 ponere
1020 394 1163 424 unum
1197 391 1355 440 caput:
1384 395 1528 424 unum
1557 389 1709 423 autern
1742 392 1906 440 corpus
1933 377 2088 422 simili-

44 444 95 500 {Q
123 446 345 493 tudinarie
372 446 535 491 dicitur
560 461 649 491 una
676 446 920 491 multitudo
947 447 1155 491 ordinata
1173 447 1219 491 in
1238 462 1395 501 unum,
1413 447 1667 491 secundum
1685 445 1923 491 distinctos
1943 456 2085 500 actus,

65 506 81 546 Ὗ
122 513 219 559 sive
243 512 416 559 officia:
442 513 736 558 manifestum
763 523 831 558 est
856 523 1024 567 autern,
1052 514 1174 572 quod
1208 513 1262 557 ad
1296 528 1438 557 unum
1466 513 1620 567 finem,
1654 513 1731 572 qui
1763 522 1832 558 est
1857 511 2003 571 gloria
2026 513 2087 556 di-

124 579 255 626 vinae
285 579 524 635 fruitionis,
557 581 823 625 ordinantur
853 590 897 625 et
929 580 1157 635 homines,
1200 590 1243 624 et
1277 580 1455 638 angeli3
1499 582 1618 624 unde
1653 594 1819 640 corpus
1850 578 2085 625 Ecclesiae

121 647 370 707 mysticum
401 661 496 692 non
527 646 679 692 solum
713 648 920 692 consistit
951 662 1006 692 ex
1037 647 1318 701 hominibus,
1351 648 1429 690 sed
1463 647 1601 690 etiam
1636 662 1689 691 ex
1718 645 1916 705 angelis:
1943 646 2082 691 totius

46 711 62 751 ἶ
122 723 274 759 autem
300 714 435 773 hujus
461 714 760 759 multitudinis
789 714 999 759 Christus
1034 725 1101 759 est
1129 725 1287 773 caput:
1317 714 1422 773 quia
1448 714 1744 773 propinquius
1779 728 1826 758 se
1858 713 1997 758 habet
2027 713 2084 757 ad

47 824 59 836 „
111 780 290 836 Deum,
316 792 359 826 et
385 782 625 841 perfectius
650 782 887 842 participat
918 782 1040 826 dona
1071 782 1228 841 ipsius,
1260 795 1355 825 non
1387 780 1540 824 solum
1574 795 1711 839 quam
1744 781 1973 835 homines,
2005 781 2085 826 sed

52 876 54 878 -
109 848 259 893 κτῑίεω
285 863 424 907 quam
451 848 623 908 angeli:
652 859 696 893 et
722 849 777 892 de
804 850 901 907 ejus
927 848 1162 893 influentia
1186 862 1281 893 non
1308 846 1461 892 solum
1492 847 1706 892 homines
1733 848 1972 906 recipiunt,
2005 847 2084 892 sed

110 914 258 960 ,etiam
286 915 458 974 angeli:
493 916 655 960 dicitur
680 916 803 960 enim
829 915 995 975 Ephes.
1029 929 1063 960 1.
1098 915 1220 975 quod
1254 915 1465 960 constituit
1497 930 1605 969 eum,
1639 914 1815 958 scilicet
1846 914 2084 959 Christum

37 1004 51 1032 ,ε
113 981 245 1028 :Deus
280 981 429 1037 Pater,
463 982 517 1028 ad
540 982 751 1028 dexteram
786 996 906 1027 suam
931 984 976 1027 in
994 983 1230 1028 coelestibus
1258 990 1392 1042 supra
1411 996 1574 1026 omnem
1608 982 1870 1035 Potestatem,
1900 988 1940 1027 et
1963 982 2086 1026 Prin-

35 1048 60 1108 ξ
109 1050 320 1110 α’ραίιιηι,
353 1057 391 1095 et
425 1050 642 1103 Virtutem,
670 1056 707 1095 et
727 1051 1078 1095 Dominationem
1095 1056 1131 1095 et
1148 1065 1267 1094 omne
1287 1064 1436 1093 nomen
1459 1049 1569 1107 quod
1585 1051 1832 1110 nominatur
1848 1064 1931 1092 non
1951 1049 2083 1093 solum

116 1117 164 1161 in
188 1115 264 1161 hoc
288 1116 465 1171 saeculo,
497 1116 564 1162 sed
594 1119 719 1163 etiam
751 1119 797 1161 in
813 1118 990 1176 futuro:
1022 1124 1061 1162 et
1092 1119 1236 1161 omnia
1260 1118 1432 1175 subjecit
1457 1118 1528 1160 sub
1554 1115 1728 1175 pedibus
1753 1118 1841 1174 ejus
1851 1130 1870 1173 ;
1904 1125 1948 1159 et
1978 1115 2082 1159 ideo

118 1181 328 1228 Christus
364 1197 458 1228 non
494 1184 647 1229 solum
683 1195 750 1229 est
787 1194 922 1244 caput
956 1185 1215 1238 hominum,
1255 1183 1334 1228 sed
1369 1184 1506 1227 etiam
1551 1182 1850 1242 angelorum;
1882 1182 2003 1226 unde
2040 1192 2084 1226 et

110 1248 279 1295 ⁴Matth.
302 1262 344 1305 4.
371 1250 551 1309 legitur,
577 1251 700 1310 quod
727 1258 980 1297 accesserunt
1003 1252 1153 1310 angeli,
1180 1258 1218 1296 et
1242 1252 1539 1295 ministrabant
1563 1252 1613 1294 ei.

205 1317 284 1362 An
309 1317 498 1362 'PR1MUM
525 1332 636 1377 ergo
663 1319 922 1372 dicendum,
949 1319 1071 1378 quod
1096 1318 1333 1363 influentia
1365 1317 1540 1362 Christi
1562 1331 1697 1376 super
1722 1316 1936 1361 homines
1963 1316 2083 1375 prin-

119 1383 326 1444 cipaliter
347 1385 532 1444 quidem
550 1395 619 1431 est
638 1395 858 1444 quantum
878 1386 933 1430 ad
957 1387 1146 1439 animas,
1164 1385 1418 1430 secundum
1441 1399 1552 1443 quas
1569 1384 1785 1428 homines
1803 1383 2082 1429 conveniunt

116 1465 222 1495 cum
250 1451 424 1511 angelis
451 1452 497 1496 in
518 1462 679 1497 natura
705 1453 900 1511 generis,
926 1453 1034 1497 licet
1058 1467 1153 1497 non
1178 1453 1225 1496 in
1251 1462 1414 1496 natura
1436 1451 1632 1511 speciei3
1660 1461 1705 1495 et
1737 1451 1912 1495 ratione
1943 1450 2080 1510 hujus

114 1517 447 1563 conformitatis
474 1518 684 1564 Christus
708 1530 856 1579 potest
873 1519 963 1564 dici
979 1529 1116 1579 caput
1132 1518 1418 1578 angelorum,
1444 1518 1552 1563 licet
1577 1517 1757 1563 deficiat
1780 1516 2079 1563 conformitas

36 1588 41 1646 ἠ
113 1596 336 1644 quantum
361 1585 418 1630 ad
445 1600 623 1644 corpus.
688 1620 691 1622 .

201 1652 279 1698 AD
310 1665 571 1698 SECUNDUM
603 1652 861 1708 dicendum,
889 1653 1011 1712 quod
1038 1653 1245 1698 Ecclesia
1271 1652 1523 1698 secundum
1542 1662 1710 1697 statum
1743 1651 1846 1697 viae
1872 1661 1942 1697 est
1974 1665 2080 1696 con-

47 1710 50 1720 ³
112 1719 320 1781 gregatio
347 1719 576 1765 fidelium:
599 1720 680 1764 sed
706 1721 956 1765 secundum
984 1730 1152 1765 statum
1173 1721 1345 1779 patriae
1367 1730 1435 1765 est
1456 1720 1755 1779 congregatio
1779 1719 2078 1778 comprehen-

112 1786 346 1831 dentium:
373 1786 585 1832 Christus
612 1797 766 1831 autern
791 1801 886 1831 non
912 1787 1065 1832 solum
1091 1787 1176 1832 fuit
1200 1788 1363 1842 viator,
1385 1787 1464 1832 sed
1487 1787 1871 1847 comprehensor;
1898 1796 1944 1831 et
1972 1786 2078 1830 ideo

3 1870 5 1874 ’
32 1856 49 1904 ’ᾖ
110 1866 205 1898 non
230 1852 384 1898 solum
408 1852 628 1908 fidelium,
656 1854 734 1898 sed
761 1854 900 1899 etiam
928 1855 1418 1914 comprehendentium
1444 1864 1513 1899 est
1544 1864 1694 1913 caput,
1726 1863 1883 1914 utpote
1916 1852 2079 1912 plenis-

36 1907 42 1918 λ’
111 1921 225 1966 sime
245 1920 418 1966 habens
445 1921 654 1980 gratiam,
682 1931 726 1965 et
751 1921 959 1980 gloriam.

198 1988 275 2033 AD
297 2001 515 2033 TERTIUM
547 1988 806 2043 dicendum,
839 1989 961 2048 quod
987 1989 1183 2048 August.
1214 1989 1278 2034 ibi
1307 1989 1509 2049 loquitur
1541 1988 1794 2033 secundum
1827 1980 2076 2047 quamdam

111 2054 489 2101 assimilationem
508 2069 672 2100 causae
687 2056 743 2100 ad
759 2055 994 2111 effectum3
1012 2066 1147 2116 prout
1164 2057 1340 2102 scilicet
1357 2071 1428 2101 res
1447 2056 1698 2116 corporalis
1721 2056 1816 2114 agit
1832 2057 1877 2099 in
1896 2069 2075 2113 corpus,

96 2132 247 2169 ,etfres
273 2122 519 2182 spiritualis
543 2123 590 2167 in
616 2137 688 2168 res
709 2123 986 2183 spirituales:
1014 2134 1171 2169 tamen
1195 2125 1457 2169 humanitas
1486 2123 1660 2168 Christi
1677 2137 1732 2167 ex
1762 2122 1927 2167 virtute
1953 2122 2077 2180 spiri-

106 2189 243 2237 tualis
266 2200 471 2245 naturae,
489 2189 664 2236 scilicet
680 2190 873 2246 divinae,
890 2201 1042 2251 potest
1068 2191 1237 2251 aliquid
1266 2206 1454 2236 causare
1480 2205 1575 2235 non
1602 2190 1754 2235 solum
1771 2190 1818 2234 in
1844 2190 2073 2250 spiritibus

106 2257 367 2313 hominum,
392 2258 473 2302 sed
499 2260 637 2302 etiam
667 2257 714 2303 in
738 2258 967 2318 spiritibus
995 2258 1281 2319 angelorum,
1303 2270 1488 2318 propter
1510 2259 1761 2302 maximam
1788 2256 2073 2317 conjunctio·

106 2338 216 2371 nem
241 2325 337 2384 ejus
370 2325 427 2370 ad
452 2325 622 2380 Deum,
647 2324 823 2371 scilicet
848 2326 1102 2371 secundum
1128 2327 1348 2371 unionem
1372 2326 1680 2386 personalem.

794 2476 1230 2535 ARTICULUS
1269 2477 1340 2532 v.
1952 2447 1959 2450 ”
2012 2486 2071 2534 60

105 2609 301 2651 UTRUM
341 2611 547 2651 GRATIA
586 2611 825 2665 cnmsrt,
864 2613 1168 2654 SECUNDUM
1201 2613 1360 2659 QUAM
1398 2613 1501 2652 EST
1536 2612 1716 2651 CAPUT
1749 2610 2067 2662 ECCLESIAE,

473 2695 559 2733 SIT
597 2695 786 2734 EADEM
825 2696 942 2735 CUM
982 2696 1186 2735 GRATIA
1226 2695 1527 2734 HABITUALI
1566 2695 1706 2750 EJUS,

341 2776 640 2816 SECUNDUM
680 2777 838 2823 QUOD
878 2779 979 2817 EST
1023 2778 1244 2825 QUIDAM
1283 2777 1446 2816 HOMO
1490 2776 1828 2817 SINGULARIS.

194 2886 249 2946 (3.
282 2887 392 2931 Dist.
419 2902 475 2946 13.
507 2901 545 2945 q.
566 2901 603 2947 3.
630 2893 710 2932 art.
732 2902 772 2933 2.
799 2903 837 2947 q.
865 2904 899 2933 1.
933 2895 970 2933 et
999 2903 1040 2934 2.
1067 2894 1103 2933 et
1127 2904 1169 2946 4.
1203 2889 1316 2934 Dist.
1346 2903 1381 2948 5.
1411 2904 1448 2948 q.
1476 2903 1511 2934 r.
1545 2895 1628 2934 art.
1655 2903 1692 2948 3.
1720 2903 1757 2947 q.
1791 2902 1831 2933 2.
1865 2887 1919 2932 ad
1939 2903 1977 2948 3.

57 2951 66 3021 *J
105 2957 147 2998 et
178 2952 286 2999 Veri.
313 2969 352 3013 q.
375 2969 445 2999 20.
479 2959 561 3000 art.
586 2968 626 2999 2.
653 2954 768 2999 etad
799 2956 841 3000 6.
864 2961 901 3000 et
932 2964 1067 3015 opusc.
1094 2971 1134 3001 2.
1169 2964 1261 3016 cap.
1294 2968 1394 3013 214.
1427 2962 1464 3000 et
1484 2970 1567 3015 215.
1601 2962 1640 3001 et
1659 2956 1782 3012 Joan.
1802 2970 1838 3015 3.
1867 2955 1952 2999 lect.
1987 2953 2066 3012 6.).

94 3088 117 3105 .-
194 3065 271 3111 AD
307 3078 536 3117 QUlNTUM
573 3066 638 3111 sic
664 3068 936 3126 proceditur.
973 3067 1179 3122 Videtur,
1217 3067 1340 3127 quod
1376 3082 1471 3112 non
1503 3068 1562 3112 sit
1592 3067 1752 3112 eadem
1786 3067 1944 3126 gratia,
1977 3079 2066 3123 qua

0 3141 3 3190 ξ
63 3130 316 3195 fftchristus
342 3143 412 3178 est
437 3142 572 3192 caput
594 3133 844 3189 Ecclesiae,
872 3149 978 3179 cum
1001 3136 1146 3193 gratia
1164 3135 1382 3194 singulari
1408 3135 1529 3179 illius
1556 3135 1781 3179 hominis:
1810 3133 1916 3177 dicit
1942 3131 2065 3176 enim

63 3196 357 3259 3¹:Apostolus
380 3213 438 3277 53:
459 3201 505 3244 si
525 3202 648 3246 unius
663 3200 805 3246 delicto
822 3203 947 3247 multi
969 3204 1126 3246 mortui
1142 3209 1249 3257 sunt,
1267 3203 1396 3247 multo
1419 3204 1549 3261 magis
1564 3204 1704 3261 gratia
1723 3203 1820 3254 Dei,
1849 3206 1885 3244 et
1910 3199 2064 3243 donum

63 3265 149 3318 ,sin
169 3269 311 3325 gratia
335 3269 457 3311 unius
472 3267 650 3312 hominis
667 3268 765 3325 Jesu
783 3268 944 3315 Christi
969 3271 1013 3313 in
1030 3270 1172 3328 plures
1203 3270 1467 3314 abundavit:
1503 3270 1581 3314 sed
1601 3269 1720 3312 aliud
1740 3278 1807 3312 est
1823 3275 2064 3326 peccatum

63 3333 316 3400 1-actuale'
305 3334 445 3392 ipsius
471 3333 616 3388 Adae,
643 3344 687 3379 et
712 3334 834 3379 aliud
859 3346 1100 3395 peccatum
1133 3336 1371 3395 originale,
1399 3337 1521 3396 quod
1543 3335 1764 3379 traduxit
1754 3349 1799 3377 m
1826 3343 2061 3391 posteros;

70 3411 213 3458 aergo
245 3400 335 3444 alia
366 3410 434 3444 est
464 3401 608 3459 gratia
640 3402 905 3460 personalis,
937 3417 1053 3462 quae
1086 3413 1155 3448 est
1186 3404 1368 3463 propria
1398 3404 1540 3462 ipsius
1578 3402 1764 3454 Christi,
1798 3411 1843 3444 et
1875 3399 1963 3443 alia
1995 3408 2064 3444 est

65 3467 247 3525 gratia
271 3467 383 3525 ejus,
406 3467 675 3526 inquantum
701 3479 769 3514 est
794 3479 931 3529 caput
955 3469 1206 3525 Ecclesiae,
1233 3484 1350 3529 quae
1382 3471 1435 3514 ab
1463 3470 1564 3528 ipso
1592 3469 1648 3512 ad
1677 3467 1791 3511 alios
1819 3466 2060 3512 derivatur.

191 3546 233 3577 2.
254 3533 551 3579 PRAETEREA.
574 3534 764 3580 Habitus
783 3536 1120 3614 distinguuntur
1137 3537 1391 3581 secundum
1410 3546 1559 3580 actus:
1577 3535 1656 3580 sed
1675 3535 1730 3579 ad
1749 3534 1891 3578 alium
1908 3544 2061 3578 actum

63 3598 368 3645 ordinatur
358 3615 404 3645 m
432 3600 618 3647 Christo
644 3602 788 3661 gratia
814 3605 910 3662 ejus
936 3603 1205 3662 personalis,
1224 3603 1400 3647 scilicet
1423 3603 1478 3646 ad
1498 3601 1910 3647 sanctificationem
1936 3601 2057 3645 illius
