<?xml version="1.0" encoding="UTF-8"?>
<!DOCTYPE html PUBLIC "-//W3C//DTD XHTML 1.0 Transitional//EN"
    "http://www.w3.org/TR/xhtml1/DTD/xhtml1-transitional.dtd">
<html xmlns="http://www.w3.org/1999/xhtml" xml:lang="en" lang="en">
 <head>
  <title>
</title>
<meta http-equiv="Content-Type" content="text/html;charset=utf-8" />
  <meta name='ocr-system' content='tesseract 3.04.00' />
  <meta name='ocr-capabilities' content='ocr_page ocr_carea ocr_par ocr_line ocrx_word'/>
</head>
<body>
  <div class='ocr_page' id='page_1' title='image "./divithomaeaquina04thom_0480.png"; bbox 0 0 2352 3926; ppageno 0'>
   <div class='ocr_carea' id='block_1_1' title="bbox 298 209 1707 278">
    <p class='ocr_par' dir='ltr' id='par_1_1' title="bbox 298 209 1707 278">
     <span class='ocr_line' id='line_1_1' title="bbox 298 209 1707 278; baseline -0.001 -16"><span class='ocrx_word' id='word_1_1' title='bbox 298 210 410 278; x_wconf 89' lang='lat'><strong>476</strong></span> <span class='ocrx_word' id='word_1_2' title='bbox 842 223 1120 267; x_wconf 64' lang='lat' dir='ltr'><strong>Qum-:sno</strong></span> <span class='ocrx_word' id='word_1_3' title='bbox 1161 222 1289 261; x_wconf 83' lang='lat' dir='ltr'><strong>Lvn.</strong></span> <span class='ocrx_word' id='word_1_4' title='bbox 1323 209 1631 262; x_wconf 74' lang='lat' dir='ltr'><strong>ARTICULus</strong></span> <span class='ocrx_word' id='word_1_5' title='bbox 1671 222 1707 262; x_wconf 87' lang='lat'><strong>1.</strong></span> 
     </span>
    </p>
   </div>
   <div class='ocr_carea' id='block_1_2' title="bbox 384 323 1890 451">
    <p class='ocr_par' dir='ltr' id='par_1_2' title="bbox 384 323 1890 451">
     <span class='ocr_line' id='line_1_2' title="bbox 384 323 1441 382; baseline 0 -14"><span class='ocrx_word' id='word_1_6' title='bbox 384 324 558 368; x_wconf 91' lang='lat' dir='ltr'><strong>Tertio.</strong></span> <span class='ocrx_word' id='word_1_7' title='bbox 583 324 749 368; x_wconf 90' lang='lat' dir='ltr'>Utrum</span> <span class='ocrx_word' id='word_1_8' title='bbox 775 323 958 382; x_wconf 90' lang='lat' dir='ltr'><strong>propria</strong></span> <span class='ocrx_word' id='word_1_9' title='bbox 983 323 1148 368; x_wconf 89' lang='lat' dir='ltr'><strong>virtute</strong></span> <span class='ocrx_word' id='word_1_10' title='bbox 1176 324 1441 369; x_wconf 90' lang='lat' dir='ltr'><strong>ascenderit.</strong></span> 
     </span>
     <span class='ocr_line' id='line_1_3' title="bbox 387 391 1890 451; baseline 0.001 -16"><span class='ocrx_word' id='word_1_11' title='bbox 387 392 581 443; x_wconf 88' lang='lat' dir='ltr'><strong>Quarto.</strong></span> <span class='ocrx_word' id='word_1_12' title='bbox 606 392 773 434; x_wconf 84' lang='lat' dir='ltr'>Utrum</span> <span class='ocrx_word' id='word_1_13' title='bbox 802 391 1057 435; x_wconf 88' lang='lat' dir='ltr'><strong>ascenderit</strong></span> <span class='ocrx_word' id='word_1_14' title='bbox 1082 405 1218 451; x_wconf 90' lang='lat' dir='ltr'><strong>super</strong></span> <span class='ocrx_word' id='word_1_15' title='bbox 1243 406 1406 436; x_wconf 88' lang='lat' dir='ltr'><strong>omnes</strong></span> <span class='ocrx_word' id='word_1_16' title='bbox 1435 391 1592 436; x_wconf 92' lang='lat' dir='ltr'><strong>coelos</strong></span> <span class='ocrx_word' id='word_1_17' title='bbox 1614 405 1890 451; x_wconf 71' lang='lat' dir='ltr'><strong>corporeos.v</strong></span> 
     </span>
    </p>
   </div>
   <div class='ocr_carea' id='block_1_3' title="bbox 384 458 1993 570">
    <p class='ocr_par' dir='ltr' id='par_1_3' title="bbox 384 458 1993 570">
     <span class='ocr_line' id='line_1_4' title="bbox 387 458 1993 518; baseline 0.002 -18"><span class='ocrx_word' id='word_1_18' title='bbox 387 459 577 510; x_wconf 88' lang='lat' dir='ltr'><strong>Quinto.</strong></span> <span class='ocrx_word' id='word_1_19' title='bbox 602 458 770 501; x_wconf 87' lang='lat' dir='ltr'>Utrum</span> <span class='ocrx_word' id='word_1_20' title='bbox 793 458 1048 502; x_wconf 89' lang='lat' dir='ltr'><strong>ascenderit</strong></span> <span class='ocrx_word' id='word_1_21' title='bbox 1073 472 1206 518; x_wconf 92' lang='lat' dir='ltr'><strong>super</strong></span> <span class='ocrx_word' id='word_1_22' title='bbox 1233 472 1395 503; x_wconf 90' lang='lat' dir='ltr'><strong>omnes</strong></span> <span class='ocrx_word' id='word_1_23' title='bbox 1422 458 1678 518; x_wconf 83' lang='lat' dir='ltr'>spirituales</span> <span class='ocrx_word' id='word_1_24' title='bbox 1705 468 1948 503; x_wconf 85' lang='lat' dir='ltr'><strong>creaturas.</strong></span> <span class='ocrx_word' id='word_1_25' title='bbox 1990 483 1993 485; x_wconf 22' lang='grc' dir='ltr'><strong>Δ</strong></span> 
     </span>
     <span class='ocr_line' id='line_1_5' title="bbox 384 524 1635 570; baseline 0.001 -1"><span class='ocrx_word' id='word_1_26' title='bbox 384 527 537 569; x_wconf 85' lang='lat' dir='ltr'><strong>Sexto.</strong></span> <span class='ocrx_word' id='word_1_27' title='bbox 565 526 636 569; x_wconf 95' lang='lat' dir='ltr'><strong>De</strong></span> <span class='ocrx_word' id='word_1_28' title='bbox 663 524 826 569; x_wconf 84' lang='lat' dir='ltr'><strong>effectu</strong></span> <span class='ocrx_word' id='word_1_29' title='bbox 854 526 1149 570; x_wconf 86' lang='lat' dir='ltr'><strong>ascensionis.</strong></span> <span class='ocrx_word' id='word_1_30' title='bbox 1606 540 1635 554; x_wconf 68' lang='lat'>=</span> 
     </span>
    </p>
   </div>
   <div class='ocr_carea' id='block_1_4' title="bbox 511 703 2263 880">
    <p class='ocr_par' dir='ltr' id='par_1_4' title="bbox 511 703 2263 880">
     <span class='ocr_line' id='line_1_6' title="bbox 1017 703 2263 778; baseline 0.003 -18"><span class='ocrx_word' id='word_1_31' title='bbox 1017 703 1454 762; x_wconf 85' lang='lat' dir='ltr'><strong>ARTICULUS</strong></span> <span class='ocrx_word' id='word_1_32' title='bbox 1494 705 1536 760; x_wconf 90' lang='lat'><strong>1.</strong></span> <span class='ocrx_word' id='word_1_33' title='bbox 2015 748 2021 754; x_wconf 87' lang='grc'>.</span> <span class='ocrx_word' id='word_1_34' title='bbox 2176 729 2263 778; x_wconf 82' lang='lat'><strong>310</strong></span> 
     </span>
     <span class='ocr_line' id='line_1_7' title="bbox 511 817 2167 880; baseline -0.001 -2"><span class='ocrx_word' id='word_1_35' title='bbox 511 839 705 879; x_wconf 86' lang='lat' dir='ltr'><strong>UTRUM</strong></span> <span class='ocrx_word' id='word_1_36' title='bbox 741 840 941 879; x_wconf 88' lang='lat' dir='ltr'>FUERIT</span> <span class='ocrx_word' id='word_1_37' title='bbox 984 840 1332 880; x_wconf 89' lang='lat' dir='ltr'><strong>CONVENIENS</strong></span> <span class='ocrx_word' id='word_1_38' title='bbox 1373 839 1657 879; x_wconf 84' lang='lat' dir='ltr'><strong>CHRISTUM</strong></span> <span class='ocrx_word' id='word_1_39' title='bbox 1693 839 2032 879; x_wconf 84' lang='lat' dir='ltr'><strong>ASCENDERE.</strong></span> <span class='ocrx_word' id='word_1_40' title='bbox 2163 817 2167 819; x_wconf 21' lang='grc' dir='ltr'><strong><em>Δ</em></strong></span> 
     </span>
    </p>
   </div>
   <div class='ocr_carea' id='block_1_5' title="bbox 357 941 2205 1011">
    <p class='ocr_par' dir='ltr' id='par_1_5' title="bbox 357 941 2205 1011">
     <span class='ocr_line' id='line_1_8' title="bbox 357 941 2205 1011; baseline 0.001 -20"><span class='ocrx_word' id='word_1_41' title='bbox 357 946 407 1007; x_wconf 84' lang='lat'><strong>(3.</strong></span> <span class='ocrx_word' id='word_1_42' title='bbox 435 949 550 993; x_wconf 86' lang='lat' dir='ltr'><strong>Dist.</strong></span> <span class='ocrx_word' id='word_1_43' title='bbox 575 963 644 994; x_wconf 89' lang='lat'><strong>22.</strong></span> <span class='ocrx_word' id='word_1_44' title='bbox 672 964 710 1008; x_wconf 87' lang='lat' dir='ltr'><strong>q.</strong></span> <span class='ocrx_word' id='word_1_45' title='bbox 731 964 768 1009; x_wconf 85' lang='lat'><strong>3.</strong></span> <span class='ocrx_word' id='word_1_46' title='bbox 795 956 878 995; x_wconf 86' lang='lat' dir='ltr'><strong>art.</strong></span> <span class='ocrx_word' id='word_1_47' title='bbox 904 965 939 995; x_wconf 77' lang='grc' dir='ltr'><strong>Ι.</strong></span> <span class='ocrx_word' id='word_1_48' title='bbox 966 955 1003 994; x_wconf 85' lang='lat' dir='ltr'><strong>et</strong></span> <span class='ocrx_word' id='word_1_49' title='bbox 1027 957 1162 1010; x_wconf 80' lang='lat' dir='ltr'><strong>opusc.</strong></span> <span class='ocrx_word' id='word_1_50' title='bbox 1189 965 1228 995; x_wconf 90' lang='lat'><strong>2.</strong></span> <span class='ocrx_word' id='word_1_51' title='bbox 1251 958 1344 1010; x_wconf 82' lang='lat' dir='ltr'><strong>cap.</strong></span> <span class='ocrx_word' id='word_1_52' title='bbox 1371 964 1471 1007; x_wconf 89' lang='lat'><em>240.</em></span> <span class='ocrx_word' id='word_1_53' title='bbox 1498 955 1535 995; x_wconf 88' lang='lat' dir='ltr'><strong>et</strong></span> <span class='ocrx_word' id='word_1_54' title='bbox 1560 956 1694 1009; x_wconf 82' lang='lat' dir='ltr'><strong>opusc.</strong></span> <span class='ocrx_word' id='word_1_55' title='bbox 1722 948 1794 995; x_wconf 84' lang='lat'><strong>60.</strong></span> <span class='ocrx_word' id='word_1_56' title='bbox 1821 956 1914 1010; x_wconf 86' lang='lat' dir='ltr'><strong>cap.</strong></span> <span class='ocrx_word' id='word_1_57' title='bbox 1940 963 2001 1008; x_wconf 85' lang='lat'><strong>23.</strong></span> <span class='ocrx_word' id='word_1_58' title='bbox 2021 941 2205 1011; x_wconf 51' lang='lat' dir='ltr'><strong>primi).¹</strong></span> 
     </span>
    </p>
   </div>
   <div class='ocr_carea' id='block_1_6' title="bbox 251 1059 2269 3607">
    <p class='ocr_par' dir='ltr' id='par_1_6' title="bbox 265 1059 2264 1525">
     <span class='ocr_line' id='line_1_9' title="bbox 385 1059 2263 1121; baseline -0.001 -15"><span class='ocrx_word' id='word_1_59' title='bbox 385 1061 461 1105; x_wconf 84' lang='lat' dir='ltr'><strong>AD</strong></span> <span class='ocrx_word' id='word_1_60' title='bbox 487 1075 676 1106; x_wconf 84' lang='lat' dir='ltr'>PRIMUM</span> <span class='ocrx_word' id='word_1_61' title='bbox 702 1061 767 1106; x_wconf 89' lang='lat' dir='ltr'><strong>sic</strong></span> <span class='ocrx_word' id='word_1_62' title='bbox 794 1061 1067 1121; x_wconf 88' lang='lat' dir='ltr'><strong>proceditur.</strong></span> <span class='ocrx_word' id='word_1_63' title='bbox 1084 1061 1290 1115; x_wconf 89' lang='lat' dir='ltr'><strong>Videtur,</strong></span> <span class='ocrx_word' id='word_1_64' title='bbox 1309 1062 1430 1121; x_wconf 93' lang='lat' dir='ltr'><strong>quod</strong></span> <span class='ocrx_word' id='word_1_65' title='bbox 1448 1075 1542 1106; x_wconf 90' lang='lat' dir='ltr'><strong>non</strong></span> <span class='ocrx_word' id='word_1_66' title='bbox 1566 1060 1700 1105; x_wconf 88' lang='lat' dir='ltr'><strong>fuerit</strong></span> <span class='ocrx_word' id='word_1_67' title='bbox 1732 1061 2009 1106; x_wconf 87' lang='lat' dir='ltr'><strong>conveniens</strong></span> <span class='ocrx_word' id='word_1_68' title='bbox 2029 1059 2263 1106; x_wconf 74' lang='lat' dir='ltr'><strong>Christum</strong></span> 
     </span>
     <span class='ocr_line' id='line_1_10' title="bbox 265 1127 2263 1188; baseline 0 -17"><span class='ocrx_word' id='word_1_69' title='bbox 265 1135 270 1141; x_wconf 88' lang='grc'><em>“</em></span> <span class='ocrx_word' id='word_1_70' title='bbox 298 1129 568 1173; x_wconf 89' lang='lat' dir='ltr'><strong>ascendere:</strong></span> <span class='ocrx_word' id='word_1_71' title='bbox 596 1129 705 1172; x_wconf 91' lang='lat' dir='ltr'><strong>dicit</strong></span> <span class='ocrx_word' id='word_1_72' title='bbox 730 1129 851 1172; x_wconf 89' lang='lat' dir='ltr'><strong>enim</strong></span> <span class='ocrx_word' id='word_1_73' title='bbox 881 1128 1052 1172; x_wconf 88' lang='lat' dir='ltr'><strong>Philos.</strong></span> <span class='ocrx_word' id='word_1_74' title='bbox 1080 1129 1126 1172; x_wconf 92' lang='lat' dir='ltr'><strong>in</strong></span> <span class='ocrx_word' id='word_1_75' title='bbox 1154 1141 1193 1173; x_wconf 88' lang='lat'><strong>2.</strong></span> <span class='ocrx_word' id='word_1_76' title='bbox 1221 1129 1275 1172; x_wconf 92' lang='lat' dir='ltr'><strong>de</strong></span> <span class='ocrx_word' id='word_1_77' title='bbox 1304 1129 1454 1173; x_wconf 91' lang='lat' dir='ltr'><strong>Coelo</strong></span> <span class='ocrx_word' id='word_1_78' title='bbox 1477 1131 1575 1185; x_wconf 83' lang='lat' dir='ltr'><strong>(tex.</strong></span> <span class='ocrx_word' id='word_1_79' title='bbox 1604 1129 1665 1187; x_wconf 88' lang='lat'><strong>65.</strong></span> <span class='ocrx_word' id='word_1_80' title='bbox 1684 1134 1720 1172; x_wconf 85' lang='lat' dir='ltr'><strong>et</strong></span> <span class='ocrx_word' id='word_1_81' title='bbox 1737 1128 1848 1186; x_wconf 66' lang='lat'><strong>66),</strong></span> <span class='ocrx_word' id='word_1_82' title='bbox 1867 1128 1991 1188; x_wconf 87' lang='lat' dir='ltr'><strong>quod</strong></span> <span class='ocrx_word' id='word_1_83' title='bbox 2008 1127 2086 1172; x_wconf 86' lang='lat' dir='ltr'><strong>illa</strong></span> <span class='ocrx_word' id='word_1_84' title='bbox 2107 1141 2263 1186; x_wconf 73' lang='lat' dir='ltr'><strong>«quae</strong></span> 
     </span>
     <span class='ocr_line' id='line_1_11' title="bbox 297 1194 2264 1255; baseline -0.001 -16"><span class='ocrx_word' id='word_1_85' title='bbox 297 1197 474 1255; x_wconf 91' lang='lat' dir='ltr'><strong>optimo</strong></span> <span class='ocrx_word' id='word_1_86' title='bbox 502 1196 645 1240; x_wconf 92' lang='lat' dir='ltr'><strong>modo</strong></span> <span class='ocrx_word' id='word_1_87' title='bbox 668 1210 716 1240; x_wconf 92' lang='lat' dir='ltr'><strong>se</strong></span> <span class='ocrx_word' id='word_1_88' title='bbox 739 1196 920 1250; x_wconf 92' lang='lat' dir='ltr'><strong>habent,</strong></span> <span class='ocrx_word' id='word_1_89' title='bbox 947 1197 1183 1255; x_wconf 88' lang='lat' dir='ltr'><strong>possident</strong></span> <span class='ocrx_word' id='word_1_90' title='bbox 1205 1211 1339 1240; x_wconf 89' lang='lat' dir='ltr'><strong>suum</strong></span> <span class='ocrx_word' id='word_1_91' title='bbox 1365 1197 1540 1239; x_wconf 89' lang='lat' dir='ltr'><strong>bonum</strong></span> <span class='ocrx_word' id='word_1_92' title='bbox 1565 1196 1663 1239; x_wconf 90' lang='lat' dir='ltr'><strong>sine</strong></span> <span class='ocrx_word' id='word_1_93' title='bbox 1696 1205 1826 1239; x_wconf 90' lang='lat' dir='ltr'><strong>motu</strong></span> <span class='ocrx_word' id='word_1_94' title='bbox 1858 1209 1907 1238; x_wconf 78' lang='lat' dir='ltr'><strong>»t</strong></span> <span class='ocrx_word' id='word_1_95' title='bbox 1940 1195 2020 1239; x_wconf 89' lang='lat' dir='ltr'><strong>sed</strong></span> <span class='ocrx_word' id='word_1_96' title='bbox 2053 1194 2264 1239; x_wconf 87' lang='lat' dir='ltr'><strong>Christus</strong></span> 
     </span>
     <span class='ocr_line' id='line_1_12' title="bbox 297 1262 2264 1323; baseline -0.002 -15"><span class='ocrx_word' id='word_1_97' title='bbox 297 1265 470 1323; x_wconf 91' lang='lat' dir='ltr'><strong>optime</strong></span> <span class='ocrx_word' id='word_1_98' title='bbox 497 1278 545 1308; x_wconf 91' lang='lat' dir='ltr'><strong>se</strong></span> <span class='ocrx_word' id='word_1_99' title='bbox 571 1264 753 1317; x_wconf 82' lang='lat' dir='ltr'><strong>habuit3</strong></span> <span class='ocrx_word' id='word_1_100' title='bbox 782 1265 886 1323; x_wconf 88' lang='lat' dir='ltr'><strong>quia</strong></span> <span class='ocrx_word' id='word_1_101' title='bbox 914 1274 958 1307; x_wconf 90' lang='lat' dir='ltr'><strong>et</strong></span> <span class='ocrx_word' id='word_1_102' title='bbox 984 1264 1237 1307; x_wconf 89' lang='lat' dir='ltr'><strong>secundum</strong></span> <span class='ocrx_word' id='word_1_103' title='bbox 1264 1264 1466 1307; x_wconf 89' lang='lat' dir='ltr'><strong>divinam</strong></span> <span class='ocrx_word' id='word_1_104' title='bbox 1493 1273 1704 1306; x_wconf 89' lang='lat' dir='ltr'><strong>naturam</strong></span> <span class='ocrx_word' id='word_1_105' title='bbox 1733 1273 1799 1307; x_wconf 88' lang='lat' dir='ltr'><strong>est</strong></span> <span class='ocrx_word' id='word_1_106' title='bbox 1821 1275 2057 1307; x_wconf 84' lang='lat' dir='ltr'><strong>summum</strong></span> <span class='ocrx_word' id='word_1_107' title='bbox 2071 1262 2264 1315; x_wconf 84' lang='lat' dir='ltr'><strong>bonum,</strong></span> 
     </span>
     <span class='ocr_line' id='line_1_13' title="bbox 298 1329 2263 1388; baseline -0.002 -12"><span class='ocrx_word' id='word_1_108' title='bbox 298 1342 341 1376; x_wconf 88' lang='lat' dir='ltr'><strong>et</strong></span> <span class='ocrx_word' id='word_1_109' title='bbox 367 1332 620 1375; x_wconf 89' lang='lat' dir='ltr'><strong>secundum</strong></span> <span class='ocrx_word' id='word_1_110' title='bbox 645 1332 900 1374; x_wconf 88' lang='lat' dir='ltr'>humanam</span> <span class='ocrx_word' id='word_1_111' title='bbox 925 1341 1135 1374; x_wconf 90' lang='lat' dir='ltr'><strong>naturam</strong></span> <span class='ocrx_word' id='word_1_112' title='bbox 1165 1340 1233 1375; x_wconf 93' lang='lat' dir='ltr'><strong>est</strong></span> <span class='ocrx_word' id='word_1_113' title='bbox 1258 1345 1439 1374; x_wconf 90' lang='lat' dir='ltr'><strong>summe</strong></span> <span class='ocrx_word' id='word_1_114' title='bbox 1467 1330 1770 1388; x_wconf 87' lang='lat' dir='ltr'><strong>glorificatus;</strong></span> <span class='ocrx_word' id='word_1_115' title='bbox 1797 1343 1908 1388; x_wconf 88' lang='lat' dir='ltr'><strong>ergo</strong></span> <span class='ocrx_word' id='word_1_116' title='bbox 1933 1341 2068 1376; x_wconf 83' lang='lat' dir='ltr'><strong>suum</strong></span> <span class='ocrx_word' id='word_1_117' title='bbox 2089 1329 2263 1372; x_wconf 83' lang='lat' dir='ltr'><strong>bonum</strong></span> 
     </span>
     <span class='ocr_line' id='line_1_14' title="bbox 296 1384 2262 1456; baseline -0.001 -14"><span class='ocrx_word' id='word_1_118' title='bbox 296 1384 434 1443; x_wconf 85' lang='lat' dir='ltr'><strong>habet</strong></span> <span class='ocrx_word' id='word_1_119' title='bbox 459 1399 556 1443; x_wconf 91' lang='lat' dir='ltr'><strong>sine</strong></span> <span class='ocrx_word' id='word_1_120' title='bbox 582 1409 735 1442; x_wconf 90' lang='lat' dir='ltr'><strong>motu:</strong></span> <span class='ocrx_word' id='word_1_121' title='bbox 764 1399 843 1442; x_wconf 91' lang='lat' dir='ltr'><strong>sed</strong></span> <span class='ocrx_word' id='word_1_122' title='bbox 872 1399 1080 1442; x_wconf 84' lang='lat' dir='ltr'><strong>ascensio</strong></span> <span class='ocrx_word' id='word_1_123' title='bbox 1102 1407 1170 1442; x_wconf 93' lang='lat' dir='ltr'><strong>est</strong></span> <span class='ocrx_word' id='word_1_124' title='bbox 1196 1398 1381 1456; x_wconf 91' lang='lat' dir='ltr'><strong>quidem</strong></span> <span class='ocrx_word' id='word_1_125' title='bbox 1407 1407 1582 1451; x_wconf 90' lang='lat' dir='ltr'><strong>motus;</strong></span> <span class='ocrx_word' id='word_1_126' title='bbox 1609 1411 1720 1456; x_wconf 88' lang='lat' dir='ltr'><strong>ergo</strong></span> <span class='ocrx_word' id='word_1_127' title='bbox 1747 1411 1842 1441; x_wconf 90' lang='lat' dir='ltr'><strong>non</strong></span> <span class='ocrx_word' id='word_1_128' title='bbox 1858 1395 1943 1441; x_wconf 89' lang='lat' dir='ltr'><strong>fuit</strong></span> <span class='ocrx_word' id='word_1_129' title='bbox 1968 1395 2262 1454; x_wconf 79' lang='lat' dir='ltr'><strong>conveniens,</strong></span> 
     </span>
     <span class='ocr_line' id='line_1_15' title="bbox 297 1465 2205 1525; baseline -0.002 -15"><span class='ocrx_word' id='word_1_130' title='bbox 297 1466 419 1525; x_wconf 93' lang='lat' dir='ltr'><strong>quod</strong></span> <span class='ocrx_word' id='word_1_131' title='bbox 447 1466 656 1510; x_wconf 91' lang='lat' dir='ltr'><strong>Christus</strong></span> <span class='ocrx_word' id='word_1_132' title='bbox 684 1465 961 1509; x_wconf 85' lang='lat' dir='ltr'><strong>ascenderet.</strong></span> <span class='ocrx_word' id='word_1_133' title='bbox 2202 1484 2205 1487; x_wconf 92' lang='lat'>·</span> 
     </span>
    </p>

    <p class='ocr_par' dir='ltr' id='par_1_7' title="bbox 297 1529 2266 1794">
     <span class='ocr_line' id='line_1_16' title="bbox 387 1529 2266 1608; baseline -0.002 -31"><span class='ocrx_word' id='word_1_134' title='bbox 387 1546 426 1577; x_wconf 89' lang='lat'><strong>2.</strong></span> <span class='ocrx_word' id='word_1_135' title='bbox 453 1533 752 1577; x_wconf 63' lang='lat' dir='ltr'>PRAETER-EA.</span> <span class='ocrx_word' id='word_1_136' title='bbox 781 1532 936 1577; x_wconf 90' lang='lat' dir='ltr'><strong>Omne</strong></span> <span class='ocrx_word' id='word_1_137' title='bbox 964 1532 1086 1608; x_wconf 85' lang='lat' dir='ltr'><strong>quod</strong></span> <span class='ocrx_word' id='word_1_138' title='bbox 1105 1542 1328 1585; x_wconf 92' lang='lat' dir='ltr'><strong>movetur,</strong></span> <span class='ocrx_word' id='word_1_139' title='bbox 1346 1541 1558 1575; x_wconf 90' lang='lat' dir='ltr'><strong>movetur</strong></span> <span class='ocrx_word' id='word_1_140' title='bbox 1578 1541 1761 1590; x_wconf 90' lang='lat' dir='ltr'><strong>propter</strong></span> <span class='ocrx_word' id='word_1_141' title='bbox 1785 1530 1956 1590; x_wconf 89' lang='lat' dir='ltr'><strong>aliquid</strong></span> <span class='ocrx_word' id='word_1_142' title='bbox 1972 1529 2159 1574; x_wconf 63' lang='lat' dir='ltr'><strong>meliust</strong></span> <span class='ocrx_word' id='word_1_143' title='bbox 2186 1529 2266 1574; x_wconf 84' lang='lat' dir='ltr'><strong>sed</strong></span> 
     </span>
     <span class='ocr_line' id='line_1_17' title="bbox 297 1595 2263 1658; baseline -0.002 -14"><span class='ocrx_word' id='word_1_144' title='bbox 297 1601 483 1646; x_wconf 89' lang='lat' dir='ltr'><strong>Christo</strong></span> <span class='ocrx_word' id='word_1_145' title='bbox 501 1614 595 1644; x_wconf 89' lang='lat' dir='ltr'><strong>non</strong></span> <span class='ocrx_word' id='word_1_146' title='bbox 620 1599 704 1643; x_wconf 89' lang='lat' dir='ltr'><strong>fuit</strong></span> <span class='ocrx_word' id='word_1_147' title='bbox 729 1599 893 1643; x_wconf 88' lang='lat' dir='ltr'><strong>melius</strong></span> <span class='ocrx_word' id='word_1_148' title='bbox 916 1613 1013 1643; x_wconf 89' lang='lat' dir='ltr'><strong>esse</strong></span> <span class='ocrx_word' id='word_1_149' title='bbox 1032 1600 1076 1642; x_wconf 91' lang='lat' dir='ltr'><strong>in</strong></span> <span class='ocrx_word' id='word_1_150' title='bbox 1096 1598 1244 1653; x_wconf 93' lang='lat' dir='ltr'><strong>coelo,</strong></span> <span class='ocrx_word' id='word_1_151' title='bbox 1262 1613 1400 1658; x_wconf 90' lang='lat' dir='ltr'><strong>quam</strong></span> <span class='ocrx_word' id='word_1_152' title='bbox 1417 1599 1464 1643; x_wconf 91' lang='lat' dir='ltr'><strong>in</strong></span> <span class='ocrx_word' id='word_1_153' title='bbox 1487 1609 1624 1643; x_wconf 86' lang='lat' dir='ltr'><strong>terra:</strong></span> <span class='ocrx_word' id='word_1_154' title='bbox 1651 1597 1767 1642; x_wconf 89' lang='lat' dir='ltr'><strong>nihil</strong></span> <span class='ocrx_word' id='word_1_155' title='bbox 1793 1599 1916 1642; x_wconf 89' lang='lat' dir='ltr'><strong>enim</strong></span> <span class='ocrx_word' id='word_1_156' title='bbox 1948 1596 2146 1642; x_wconf 83' lang='lat' dir='ltr'><strong>accrevit</strong></span> <span class='ocrx_word' id='word_1_157' title='bbox 2175 1595 2263 1641; x_wconf 82' lang='lat' dir='ltr'><strong>sibi</strong></span> 
     </span>
     <span class='ocr_line' id='line_1_18' title="bbox 298 1662 2266 1727; baseline -0.002 -16"><span class='ocrx_word' id='word_1_158' title='bbox 298 1682 376 1727; x_wconf 92' lang='lat' dir='ltr'><strong>per</strong></span> <span class='ocrx_word' id='word_1_159' title='bbox 389 1668 494 1721; x_wconf 93' lang='lat' dir='ltr'><strong>hoc,</strong></span> <span class='ocrx_word' id='word_1_160' title='bbox 517 1667 640 1725; x_wconf 92' lang='lat' dir='ltr'><strong>quod</strong></span> <span class='ocrx_word' id='word_1_161' title='bbox 666 1665 750 1710; x_wconf 90' lang='lat' dir='ltr'><strong>fuit</strong></span> <span class='ocrx_word' id='word_1_162' title='bbox 775 1667 821 1709; x_wconf 89' lang='lat' dir='ltr'><strong>in</strong></span> <span class='ocrx_word' id='word_1_163' title='bbox 849 1665 997 1719; x_wconf 91' lang='lat' dir='ltr'><strong>coelo,</strong></span> <span class='ocrx_word' id='word_1_164' title='bbox 1024 1680 1172 1724; x_wconf 89' lang='lat' dir='ltr'><strong>neque</strong></span> <span class='ocrx_word' id='word_1_165' title='bbox 1200 1662 1420 1725; x_wconf 89' lang='lat' dir='ltr'><strong>quantum</strong></span> <span class='ocrx_word' id='word_1_166' title='bbox 1448 1667 1504 1710; x_wconf 88' lang='lat' dir='ltr'><strong>ad</strong></span> <span class='ocrx_word' id='word_1_167' title='bbox 1531 1666 1748 1719; x_wconf 89' lang='lat' dir='ltr'><strong>animam,</strong></span> <span class='ocrx_word' id='word_1_168' title='bbox 1774 1678 1923 1724; x_wconf 90' lang='lat' dir='ltr'><strong>neque</strong></span> <span class='ocrx_word' id='word_1_169' title='bbox 1955 1673 2176 1724; x_wconf 84' lang='lat' dir='ltr'><strong>quantum</strong></span> <span class='ocrx_word' id='word_1_170' title='bbox 2210 1662 2266 1708; x_wconf 85' lang='lat' dir='ltr'><strong>ad</strong></span> 
     </span>
     <span class='ocr_line' id='line_1_19' title="bbox 303 1731 2140 1794; baseline -0.002 -17"><span class='ocrx_word' id='word_1_171' title='bbox 303 1749 495 1794; x_wconf 91' lang='lat' dir='ltr'><strong>corpus;</strong></span> <span class='ocrx_word' id='word_1_172' title='bbox 521 1748 631 1792; x_wconf 89' lang='lat' dir='ltr'><strong>ergo</strong></span> <span class='ocrx_word' id='word_1_173' title='bbox 658 1733 851 1787; x_wconf 87' lang='lat' dir='ltr'><strong>videtur,</strong></span> <span class='ocrx_word' id='word_1_174' title='bbox 879 1734 1001 1792; x_wconf 91' lang='lat' dir='ltr'><strong>quod</strong></span> <span class='ocrx_word' id='word_1_175' title='bbox 1031 1733 1238 1777; x_wconf 90' lang='lat' dir='ltr'><strong>Christus</strong></span> <span class='ocrx_word' id='word_1_176' title='bbox 1260 1747 1354 1776; x_wconf 92' lang='lat' dir='ltr'><strong>non</strong></span> <span class='ocrx_word' id='word_1_177' title='bbox 1374 1734 1578 1777; x_wconf 89' lang='lat' dir='ltr'><strong>debuerit</strong></span> <span class='ocrx_word' id='word_1_178' title='bbox 1602 1733 1649 1776; x_wconf 91' lang='lat' dir='ltr'><strong>in</strong></span> <span class='ocrx_word' id='word_1_179' title='bbox 1672 1732 1854 1777; x_wconf 88' lang='lat' dir='ltr'><strong>coelum</strong></span> <span class='ocrx_word' id='word_1_180' title='bbox 1881 1731 2140 1776; x_wconf 86' lang='lat' dir='ltr'><strong>ascendere.</strong></span> 
     </span>
    </p>

    <p class='ocr_par' dir='ltr' id='par_1_8' title="bbox 298 1799 2266 2114">
     <span class='ocr_line' id='line_1_20' title="bbox 392 1799 2264 1860; baseline -0.002 -15"><span class='ocrx_word' id='word_1_181' title='bbox 392 1816 429 1860; x_wconf 80' lang='lat'><strong>3.</strong></span> <span class='ocrx_word' id='word_1_182' title='bbox 456 1801 755 1845; x_wconf 76' lang='lat' dir='ltr'>PRAETEREA.</span> <span class='ocrx_word' id='word_1_183' title='bbox 782 1800 921 1844; x_wconf 90' lang='lat' dir='ltr'><strong>Filius</strong></span> <span class='ocrx_word' id='word_1_184' title='bbox 953 1801 1042 1844; x_wconf 88' lang='lat' dir='ltr'><strong>Dei</strong></span> <span class='ocrx_word' id='word_1_185' title='bbox 1077 1801 1331 1844; x_wconf 88' lang='lat' dir='ltr'><strong>humanam</strong></span> <span class='ocrx_word' id='word_1_186' title='bbox 1356 1810 1567 1844; x_wconf 88' lang='lat' dir='ltr'><strong>naturam</strong></span> <span class='ocrx_word' id='word_1_187' title='bbox 1605 1799 1850 1859; x_wconf 88' lang='lat' dir='ltr'><strong>assumpsit</strong></span> <span class='ocrx_word' id='word_1_188' title='bbox 1875 1799 1932 1843; x_wconf 88' lang='lat' dir='ltr'><strong>ad</strong></span> <span class='ocrx_word' id='word_1_189' title='bbox 1957 1807 2163 1843; x_wconf 84' lang='lat' dir='ltr'><strong>nostram</strong></span> <span class='ocrx_word' id='word_1_190' title='bbox 2195 1811 2264 1842; x_wconf 86' lang='lat' dir='ltr'><strong>sa·</strong></span> 
     </span>
     <span class='ocr_line' id='line_1_21' title="bbox 298 1866 2266 1926; baseline -0.002 -15"><span class='ocrx_word' id='word_1_191' title='bbox 298 1867 462 1912; x_wconf 88' lang='lat' dir='ltr'><strong>lutem:</strong></span> <span class='ocrx_word' id='word_1_192' title='bbox 497 1868 575 1912; x_wconf 92' lang='lat' dir='ltr'><strong>sed</strong></span> <span class='ocrx_word' id='word_1_193' title='bbox 599 1868 747 1926; x_wconf 88' lang='lat' dir='ltr'><strong>magis</strong></span> <span class='ocrx_word' id='word_1_194' title='bbox 762 1866 920 1911; x_wconf 90' lang='lat' dir='ltr'><strong>fuisset</strong></span> <span class='ocrx_word' id='word_1_195' title='bbox 946 1867 1141 1911; x_wconf 89' lang='lat' dir='ltr'><strong>salutare</strong></span> <span class='ocrx_word' id='word_1_196' title='bbox 1169 1868 1446 1921; x_wconf 88' lang='lat' dir='ltr'><strong>hominibus,</strong></span> <span class='ocrx_word' id='word_1_197' title='bbox 1474 1867 1595 1925; x_wconf 92' lang='lat' dir='ltr'><strong>quod</strong></span> <span class='ocrx_word' id='word_1_198' title='bbox 1614 1881 1794 1926; x_wconf 89' lang='lat' dir='ltr'><strong>semper</strong></span> <span class='ocrx_word' id='word_1_199' title='bbox 1819 1872 2165 1910; x_wconf 84' lang='lat' dir='ltr'><strong>conversaretur</strong></span> <span class='ocrx_word' id='word_1_200' title='bbox 2183 1877 2266 1908; x_wconf 90' lang='lat' dir='ltr'><strong>no-</strong></span> 
     </span>
     <span class='ocr_line' id='line_1_22' title="bbox 298 1931 2259 1993; baseline -0.001 -14"><span class='ocrx_word' id='word_1_201' title='bbox 298 1937 476 1980; x_wconf 88' lang='lat' dir='ltr'><strong>biscum</strong></span> <span class='ocrx_word' id='word_1_202' title='bbox 498 1936 541 1978; x_wconf 90' lang='lat' dir='ltr'><strong>in</strong></span> <span class='ocrx_word' id='word_1_203' title='bbox 570 1936 714 1990; x_wconf 89' lang='lat' dir='ltr'><strong>terris,</strong></span> <span class='ocrx_word' id='word_1_204' title='bbox 742 1935 860 1979; x_wconf 92' lang='lat' dir='ltr'><strong>unde</strong></span> <span class='ocrx_word' id='word_1_205' title='bbox 884 1935 980 1992; x_wconf 89' lang='lat' dir='ltr'><strong>ipse</strong></span> <span class='ocrx_word' id='word_1_206' title='bbox 1007 1935 1117 1978; x_wconf 89' lang='lat' dir='ltr'><strong>dixit</strong></span> <span class='ocrx_word' id='word_1_207' title='bbox 1143 1934 1374 1993; x_wconf 87' lang='lat' dir='ltr'><strong>discipulis</strong></span> <span class='ocrx_word' id='word_1_208' title='bbox 1401 1935 1493 1978; x_wconf 91' lang='lat' dir='ltr'><strong>suis</strong></span> <span class='ocrx_word' id='word_1_209' title='bbox 1520 1935 1631 1978; x_wconf 88' lang='lat' dir='ltr'><strong>Luc.</strong></span> <span class='ocrx_word' id='word_1_210' title='bbox 1665 1947 1753 1992; x_wconf 87' lang='lat'><strong>17.:</strong></span> <span class='ocrx_word' id='word_1_211' title='bbox 1792 1934 1960 1978; x_wconf 84' lang='lat' dir='ltr'><strong>Venient</strong></span> <span class='ocrx_word' id='word_1_212' title='bbox 1974 1933 2072 1986; x_wconf 64' lang='lat' dir='ltr'><strong>diesi,</strong></span> <span class='ocrx_word' id='word_1_213' title='bbox 2096 1931 2259 1991; x_wconf 78' lang='lat' dir='ltr'><strong>quando</strong></span> 
     </span>
     <span class='ocr_line' id='line_1_23' title="bbox 302 1999 2265 2059; baseline -0.002 -12"><span class='ocrx_word' id='word_1_214' title='bbox 302 2003 533 2047; x_wconf 78' lang='lat' dir='ltr'><strong>desideretis</strong></span> <span class='ocrx_word' id='word_1_215' title='bbox 558 2002 699 2046; x_wconf 86' lang='lat' dir='ltr'><strong>videre</strong></span> <span class='ocrx_word' id='word_1_216' title='bbox 724 2017 853 2045; x_wconf 84' lang='lat' dir='ltr'><strong>unum</strong></span> <span class='ocrx_word' id='word_1_217' title='bbox 871 2002 979 2045; x_wconf 88' lang='lat' dir='ltr'><strong>diem</strong></span> <span class='ocrx_word' id='word_1_218' title='bbox 997 2002 1101 2045; x_wconf 86' lang='lat' dir='ltr'><strong>Filii</strong></span> <span class='ocrx_word' id='word_1_219' title='bbox 1132 2002 1324 2055; x_wconf 84' lang='lat' dir='ltr'><strong>hominis,</strong></span> <span class='ocrx_word' id='word_1_220' title='bbox 1358 2008 1397 2046; x_wconf 84' lang='lat' dir='ltr'><strong>et</strong></span> <span class='ocrx_word' id='word_1_221' title='bbox 1427 2016 1510 2045; x_wconf 85' lang='lat' dir='ltr'><strong>non</strong></span> <span class='ocrx_word' id='word_1_222' title='bbox 1531 2001 1724 2046; x_wconf 82' lang='lat' dir='ltr'><strong>videbitis</strong></span> <span class='ocrx_word' id='word_1_223' title='bbox 1733 2015 1752 2059; x_wconf 85' lang='lat'><strong>,·</strong></span> <span class='ocrx_word' id='word_1_224' title='bbox 1779 2001 1959 2045; x_wconf 85' lang='lat' dir='ltr'><strong>videtur</strong></span> <span class='ocrx_word' id='word_1_225' title='bbox 1983 2013 2110 2058; x_wconf 92' lang='lat' dir='ltr'><strong>ergo,</strong></span> <span class='ocrx_word' id='word_1_226' title='bbox 2141 1999 2265 2059; x_wconf 84' lang='lat' dir='ltr'><strong>quod</strong></span> 
     </span>
     <span class='ocr_line' id='line_1_24' title="bbox 298 2069 1702 2114; baseline -0.001 -1"><span class='ocrx_word' id='word_1_227' title='bbox 298 2084 393 2114; x_wconf 91' lang='lat' dir='ltr'><strong>non</strong></span> <span class='ocrx_word' id='word_1_228' title='bbox 419 2069 553 2114; x_wconf 90' lang='lat' dir='ltr'><strong>fuerit</strong></span> <span class='ocrx_word' id='word_1_229' title='bbox 581 2070 860 2113; x_wconf 88' lang='lat' dir='ltr'><strong>conveniens</strong></span> <span class='ocrx_word' id='word_1_230' title='bbox 889 2069 1125 2113; x_wconf 85' lang='lat' dir='ltr'><strong>Christum</strong></span> <span class='ocrx_word' id='word_1_231' title='bbox 1154 2070 1398 2113; x_wconf 90' lang='lat' dir='ltr'><strong>ascendere</strong></span> <span class='ocrx_word' id='word_1_232' title='bbox 1430 2069 1476 2112; x_wconf 91' lang='lat' dir='ltr'><strong>in</strong></span> <span class='ocrx_word' id='word_1_233' title='bbox 1506 2069 1702 2113; x_wconf 89' lang='lat' dir='ltr'><strong>coelum.</strong></span> 
     </span>
    </p>

    <p class='ocr_par' dir='ltr' id='par_1_9' title="bbox 298 2129 2265 2451">
     <span class='ocr_line' id='line_1_25' title="bbox 387 2129 2264 2195; baseline -0.002 -14"><span class='ocrx_word' id='word_1_234' title='bbox 387 2148 429 2191; x_wconf 88' lang='lat'><strong>4.</strong></span> <span class='ocrx_word' id='word_1_235' title='bbox 457 2137 755 2181; x_wconf 77' lang='lat' dir='ltr'>PRAETEREA.</span> <span class='ocrx_word' id='word_1_236' title='bbox 785 2136 913 2180; x_wconf 88' lang='lat' dir='ltr'><strong>Sicut</strong></span> <span class='ocrx_word' id='word_1_237' title='bbox 941 2129 1079 2194; x_wconf 72' lang='lat' dir='ltr'><strong>Greg.</strong></span> <span class='ocrx_word' id='word_1_238' title='bbox 1114 2136 1224 2179; x_wconf 91' lang='lat' dir='ltr'><strong>dicit</strong></span> <span class='ocrx_word' id='word_1_239' title='bbox 1254 2149 1319 2190; x_wconf 88' lang='lat'><strong>14.</strong></span> <span class='ocrx_word' id='word_1_240' title='bbox 1348 2136 1512 2180; x_wconf 87' lang='lat' dir='ltr'><strong>Moral.</strong></span> <span class='ocrx_word' id='word_1_241' title='bbox 1547 2135 1658 2195; x_wconf 85' lang='lat' dir='ltr'><strong>(cap.</strong></span> <span class='ocrx_word' id='word_1_242' title='bbox 1691 2137 1803 2194; x_wconf 87' lang='lat'><em>29.)‚</em></span> <span class='ocrx_word' id='word_1_243' title='bbox 1829 2149 1995 2194; x_wconf 90' lang='lat' dir='ltr'><strong>corpus</strong></span> <span class='ocrx_word' id='word_1_244' title='bbox 2014 2134 2187 2179; x_wconf 87' lang='lat' dir='ltr'><strong>Christi</strong></span> <span class='ocrx_word' id='word_1_245' title='bbox 2217 2134 2264 2178; x_wconf 91' lang='lat' dir='ltr'><strong>in</strong></span> 
     </span>
     <span class='ocr_line' id='line_1_26' title="bbox 298 2200 2265 2262; baseline -0.001 -15"><span class='ocrx_word' id='word_1_246' title='bbox 298 2204 426 2248; x_wconf 88' lang='lat' dir='ltr'><strong>nullo</strong></span> <span class='ocrx_word' id='word_1_247' title='bbox 450 2214 677 2247; x_wconf 90' lang='lat' dir='ltr'><strong>mutatum</strong></span> <span class='ocrx_word' id='word_1_248' title='bbox 702 2203 786 2247; x_wconf 90' lang='lat' dir='ltr'><strong>fuit</strong></span> <span class='ocrx_word' id='word_1_249' title='bbox 811 2214 915 2262; x_wconf 90' lang='lat' dir='ltr'><strong>post</strong></span> <span class='ocrx_word' id='word_1_250' title='bbox 939 2205 1337 2248; x_wconf 87' lang='lat' dir='ltr'><strong>resurrectionem:</strong></span> <span class='ocrx_word' id='word_1_251' title='bbox 1363 2204 1441 2247; x_wconf 92' lang='lat' dir='ltr'><strong>sed</strong></span> <span class='ocrx_word' id='word_1_252' title='bbox 1459 2217 1553 2247; x_wconf 90' lang='lat' dir='ltr'><strong>non</strong></span> <span class='ocrx_word' id='word_1_253' title='bbox 1571 2203 1835 2248; x_wconf 85' lang='lat' dir='ltr'><strong>immediate</strong></span> <span class='ocrx_word' id='word_1_254' title='bbox 1852 2212 1956 2262; x_wconf 88' lang='lat' dir='ltr'><strong>post</strong></span> <span class='ocrx_word' id='word_1_255' title='bbox 1975 2200 2265 2246; x_wconf 78' lang='lat' dir='ltr'><strong>resurrectio-</strong></span> 
     </span>
     <span class='ocr_line' id='line_1_27' title="bbox 298 2269 2263 2330; baseline -0.001 -15"><span class='ocrx_word' id='word_1_256' title='bbox 298 2286 406 2316; x_wconf 90' lang='lat' dir='ltr'><strong>nem</strong></span> <span class='ocrx_word' id='word_1_257' title='bbox 435 2271 638 2315; x_wconf 89' lang='lat' dir='ltr'><strong>ascendit</strong></span> <span class='ocrx_word' id='word_1_258' title='bbox 662 2272 709 2314; x_wconf 91' lang='lat' dir='ltr'><strong>in</strong></span> <span class='ocrx_word' id='word_1_259' title='bbox 733 2271 941 2314; x_wconf 90' lang='lat' dir='ltr'><strong>coelum:</strong></span> <span class='ocrx_word' id='word_1_260' title='bbox 968 2271 1074 2330; x_wconf 92' lang='lat' dir='ltr'><strong>quia</strong></span> <span class='ocrx_word' id='word_1_261' title='bbox 1099 2271 1196 2330; x_wconf 90' lang='lat' dir='ltr'><strong>ipse</strong></span> <span class='ocrx_word' id='word_1_262' title='bbox 1216 2271 1326 2315; x_wconf 90' lang='lat' dir='ltr'><strong>dicit</strong></span> <span class='ocrx_word' id='word_1_263' title='bbox 1356 2281 1461 2330; x_wconf 91' lang='lat' dir='ltr'><strong>post</strong></span> <span class='ocrx_word' id='word_1_264' title='bbox 1486 2271 1865 2315; x_wconf 87' lang='lat' dir='ltr'><strong>resurrectionem</strong></span> <span class='ocrx_word' id='word_1_265' title='bbox 1886 2269 2004 2328; x_wconf 88' lang='lat' dir='ltr'><strong>Joan</strong></span> <span class='ocrx_word' id='word_1_266' title='bbox 2031 2281 2124 2314; x_wconf 87' lang='lat'><strong>20.:</strong></span> <span class='ocrx_word' id='word_1_267' title='bbox 2141 2269 2263 2314; x_wconf 74' lang='lat' dir='ltr'><strong>Non-</strong></span> 
     </span>
     <span class='ocr_line' id='line_1_28' title="bbox 299 2335 2260 2397; baseline -0.002 -14"><span class='ocrx_word' id='word_1_268' title='bbox 299 2339 397 2383; x_wconf 85' lang='lat' dir='ltr'><strong>dum</strong></span> <span class='ocrx_word' id='word_1_269' title='bbox 429 2338 592 2383; x_wconf 80' lang='lat' dir='ltr'><strong>ascendi</strong></span> <span class='ocrx_word' id='word_1_270' title='bbox 622 2338 677 2382; x_wconf 87' lang='lat' dir='ltr'><strong>ad</strong></span> <span class='ocrx_word' id='word_1_271' title='bbox 693 2339 864 2383; x_wconf 85' lang='lat' dir='ltr'><strong>Patrem</strong></span> <span class='ocrx_word' id='word_1_272' title='bbox 890 2354 1054 2391; x_wconf 85' lang='lat' dir='ltr'><strong>meum,·</strong></span> <span class='ocrx_word' id='word_1_273' title='bbox 1084 2353 1195 2396; x_wconf 87' lang='lat' dir='ltr'><strong>ergo</strong></span> <span class='ocrx_word' id='word_1_274' title='bbox 1221 2338 1413 2392; x_wconf 90' lang='lat' dir='ltr'><strong>videtur,</strong></span> <span class='ocrx_word' id='word_1_275' title='bbox 1442 2339 1565 2397; x_wconf 91' lang='lat' dir='ltr'><strong>quod</strong></span> <span class='ocrx_word' id='word_1_276' title='bbox 1591 2352 1677 2382; x_wconf 90' lang='lat' dir='ltr'><strong>nec</strong></span> <span class='ocrx_word' id='word_1_277' title='bbox 1704 2347 1809 2397; x_wconf 91' lang='lat' dir='ltr'><strong>post</strong></span> <span class='ocrx_word' id='word_1_278' title='bbox 1833 2335 2132 2396; x_wconf 85' lang='lat' dir='ltr'><strong>quadraginta</strong></span> <span class='ocrx_word' id='word_1_279' title='bbox 2164 2335 2260 2380; x_wconf 87' lang='lat' dir='ltr'><strong>dies</strong></span> 
     </span>
     <span class='ocr_line' id='line_1_29' title="bbox 301 2405 2153 2451; baseline -0.001 -1"><span class='ocrx_word' id='word_1_280' title='bbox 301 2406 546 2451; x_wconf 86' lang='lat' dir='ltr'><strong>ascendere</strong></span> <span class='ocrx_word' id='word_1_281' title='bbox 573 2405 790 2450; x_wconf 89' lang='lat' dir='ltr'><strong>debuerit.</strong></span> <span class='ocrx_word' id='word_1_282' title='bbox 2151 2422 2153 2427; x_wconf 54' lang='lat'><strong><em>⁴</em></strong></span> 
     </span>
    </p>

    <p class='ocr_par' dir='ltr' id='par_1_10' title="bbox 301 2471 2264 2586">
     <span class='ocr_line' id='line_1_30' title="bbox 390 2471 2264 2532; baseline -0.001 -15"><span class='ocrx_word' id='word_1_283' title='bbox 390 2474 484 2517; x_wconf 78' lang='lat' dir='ltr'><strong>SED</strong></span> <span class='ocrx_word' id='word_1_284' title='bbox 518 2486 713 2518; x_wconf 81' lang='lat' dir='ltr'>CONTRA</span> <span class='ocrx_word' id='word_1_285' title='bbox 743 2482 823 2526; x_wconf 89' lang='lat' dir='ltr'><strong>est,</strong></span> <span class='ocrx_word' id='word_1_286' title='bbox 856 2473 979 2532; x_wconf 88' lang='lat' dir='ltr'><strong>quod</strong></span> <span class='ocrx_word' id='word_1_287' title='bbox 1005 2473 1235 2517; x_wconf 88' lang='lat' dir='ltr'><strong>Dominus</strong></span> <span class='ocrx_word' id='word_1_288' title='bbox 1263 2473 1513 2531; x_wconf 86' lang='lat' dir='ltr'><strong>dicitJoan.</strong></span> <span class='ocrx_word' id='word_1_289' title='bbox 1534 2485 1626 2517; x_wconf 86' lang='lat'><em>20.:</em></span> <span class='ocrx_word' id='word_1_290' title='bbox 1650 2471 1837 2517; x_wconf 86' lang='lat' dir='ltr'><strong>Ascendo</strong></span> <span class='ocrx_word' id='word_1_291' title='bbox 1855 2471 1910 2516; x_wconf 88' lang='lat' dir='ltr'><strong>ad</strong></span> <span class='ocrx_word' id='word_1_292' title='bbox 1925 2471 2097 2516; x_wconf 78' lang='lat' dir='ltr'><strong>Patrem</strong></span> <span class='ocrx_word' id='word_1_293' title='bbox 2111 2484 2264 2525; x_wconf 76' lang='lat' dir='ltr'><strong>nuum,</strong></span> 
     </span>
     <span class='ocr_line' id='line_1_31' title="bbox 301 2542 765 2586; baseline -0.006 0"><span class='ocrx_word' id='word_1_294' title='bbox 301 2548 340 2586; x_wconf 86' lang='lat' dir='ltr'><strong>et</strong></span> <span class='ocrx_word' id='word_1_295' title='bbox 370 2542 537 2586; x_wconf 83' lang='lat' dir='ltr'><strong>Patrem</strong></span> <span class='ocrx_word' id='word_1_296' title='bbox 569 2547 765 2584; x_wconf 84' lang='lat' dir='ltr'><strong>vestrum.</strong></span> 
     </span>
    </p>

    <p class='ocr_par' dir='ltr' id='par_1_11' title="bbox 251 2604 2268 2989">
     <span class='ocr_line' id='line_1_32' title="bbox 391 2604 2268 2666; baseline -0.002 -14"><span class='ocrx_word' id='word_1_297' title='bbox 391 2608 680 2652; x_wconf 81' lang='lat' dir='ltr'>RESPONDEO</span> <span class='ocrx_word' id='word_1_298' title='bbox 703 2607 962 2661; x_wconf 89' lang='lat' dir='ltr'><strong>dicendum,</strong></span> <span class='ocrx_word' id='word_1_299' title='bbox 986 2608 1108 2666; x_wconf 92' lang='lat' dir='ltr'><strong>quod</strong></span> <span class='ocrx_word' id='word_1_300' title='bbox 1129 2607 1258 2652; x_wconf 90' lang='lat' dir='ltr'><strong>locus</strong></span> <span class='ocrx_word' id='word_1_301' title='bbox 1286 2608 1419 2652; x_wconf 92' lang='lat' dir='ltr'><strong>debet</strong></span> <span class='ocrx_word' id='word_1_302' title='bbox 1436 2622 1536 2652; x_wconf 90' lang='lat' dir='ltr'><strong>esse</strong></span> <span class='ocrx_word' id='word_1_303' title='bbox 1562 2607 1932 2666; x_wconf 84' lang='lat' dir='ltr'><strong>proportionatus</strong></span> <span class='ocrx_word' id='word_1_304' title='bbox 1950 2605 2116 2651; x_wconf 84' lang='lat' dir='ltr'><strong>locato.</strong></span> <span class='ocrx_word' id='word_1_305' title='bbox 2138 2604 2268 2650; x_wconf 87' lang='lat' dir='ltr'><strong>Chri·</strong></span> 
     </span>
     <span class='ocr_line' id='line_1_33' title="bbox 302 2672 2267 2733; baseline -0.002 -13"><span class='ocrx_word' id='word_1_306' title='bbox 302 2686 396 2720; x_wconf 90' lang='lat' dir='ltr'><strong>stus</strong></span> <span class='ocrx_word' id='word_1_307' title='bbox 416 2686 567 2719; x_wconf 87' lang='lat' dir='ltr'><strong>autem</strong></span> <span class='ocrx_word' id='word_1_308' title='bbox 590 2689 669 2733; x_wconf 94' lang='lat' dir='ltr'><strong>per</strong></span> <span class='ocrx_word' id='word_1_309' title='bbox 685 2675 1066 2718; x_wconf 89' lang='lat' dir='ltr'><strong>resurrectionem</strong></span> <span class='ocrx_word' id='word_1_310' title='bbox 1088 2677 1230 2718; x_wconf 84' lang='lat' dir='ltr'><strong>vitam</strong></span> <span class='ocrx_word' id='word_1_311' title='bbox 1256 2675 1582 2729; x_wconf 85' lang='lat' dir='ltr'><strong>immortalem,</strong></span> <span class='ocrx_word' id='word_1_312' title='bbox 1610 2685 1655 2719; x_wconf 94' lang='lat' dir='ltr'><strong>et</strong></span> <span class='ocrx_word' id='word_1_313' title='bbox 1671 2673 2060 2733; x_wconf 85' lang='lat' dir='ltr'><strong>incorruptibilem</strong></span> <span class='ocrx_word' id='word_1_314' title='bbox 2082 2672 2267 2717; x_wconf 84' lang='lat' dir='ltr'><strong>inchoa-</strong></span> 
     </span>
     <span class='ocr_line' id='line_1_34' title="bbox 251 2739 2263 2800; baseline -0.002 -13"><span class='ocrx_word' id='word_1_315' title='bbox 251 2758 259 2765; x_wconf 88' lang='lat'><em>·</em></span> <span class='ocrx_word' id='word_1_316' title='bbox 301 2744 389 2788; x_wconf 87' lang='lat' dir='ltr'><strong>vit:</strong></span> <span class='ocrx_word' id='word_1_317' title='bbox 406 2742 536 2786; x_wconf 93' lang='lat' dir='ltr'><strong>locus</strong></span> <span class='ocrx_word' id='word_1_318' title='bbox 554 2752 720 2796; x_wconf 87' lang='lat' dir='ltr'><strong>autem,</strong></span> <span class='ocrx_word' id='word_1_319' title='bbox 738 2742 784 2785; x_wconf 92' lang='lat' dir='ltr'><strong>in</strong></span> <span class='ocrx_word' id='word_1_320' title='bbox 802 2757 892 2800; x_wconf 92' lang='lat' dir='ltr'><strong>quo</strong></span> <span class='ocrx_word' id='word_1_321' title='bbox 911 2756 996 2785; x_wconf 89' lang='lat' dir='ltr'><strong>nos</strong></span> <span class='ocrx_word' id='word_1_322' title='bbox 1014 2743 1287 2795; x_wconf 87' lang='lat' dir='ltr'><strong>habitamus,</strong></span> <span class='ocrx_word' id='word_1_323' title='bbox 1305 2741 1374 2786; x_wconf 61' lang='lat' dir='ltr'><strong>&#39;est</strong></span> <span class='ocrx_word' id='word_1_324' title='bbox 1392 2742 1521 2786; x_wconf 90' lang='lat' dir='ltr'><strong>locus</strong></span> <span class='ocrx_word' id='word_1_325' title='bbox 1540 2742 1862 2800; x_wconf 84' lang='lat' dir='ltr'><strong>generationis,</strong></span> <span class='ocrx_word' id='word_1_326' title='bbox 1880 2751 1927 2785; x_wconf 89' lang='lat' dir='ltr'><strong>et</strong></span> <span class='ocrx_word' id='word_1_327' title='bbox 1938 2739 2263 2800; x_wconf 84' lang='lat' dir='ltr'><strong>corruptionis:</strong></span> 
     </span>
     <span class='ocr_line' id='line_1_35' title="bbox 302 2807 2265 2868; baseline -0.002 -14"><span class='ocrx_word' id='word_1_328' title='bbox 302 2810 381 2855; x_wconf 91' lang='lat' dir='ltr'><strong>sed</strong></span> <span class='ocrx_word' id='word_1_329' title='bbox 407 2810 536 2853; x_wconf 91' lang='lat' dir='ltr'><strong>locus</strong></span> <span class='ocrx_word' id='word_1_330' title='bbox 565 2809 775 2853; x_wconf 84' lang='lat' dir='ltr'><strong>coelestis</strong></span> <span class='ocrx_word' id='word_1_331' title='bbox 794 2819 861 2852; x_wconf 89' lang='lat' dir='ltr'><strong>est</strong></span> <span class='ocrx_word' id='word_1_332' title='bbox 878 2808 1007 2851; x_wconf 86' lang='lat' dir='ltr'><strong>locus</strong></span> <span class='ocrx_word' id='word_1_333' title='bbox 1027 2810 1378 2868; x_wconf 85' lang='lat' dir='ltr'><strong>incorruptionis</strong></span> <span class='ocrx_word' id='word_1_334' title='bbox 1397 2824 1407 2852; x_wconf 77' lang='grc' dir='ltr'>ε</span> <span class='ocrx_word' id='word_1_335' title='bbox 1437 2820 1480 2853; x_wconf 93' lang='lat' dir='ltr'><strong>et</strong></span> <span class='ocrx_word' id='word_1_336' title='bbox 1497 2809 1601 2853; x_wconf 90' lang='lat' dir='ltr'><strong>ideo</strong></span> <span class='ocrx_word' id='word_1_337' title='bbox 1619 2823 1712 2852; x_wconf 90' lang='lat' dir='ltr'><strong>non</strong></span> <span class='ocrx_word' id='word_1_338' title='bbox 1732 2808 1815 2852; x_wconf 91' lang='lat' dir='ltr'><strong>fuit</strong></span> <span class='ocrx_word' id='word_1_339' title='bbox 1832 2808 2125 2861; x_wconf 85' lang='lat' dir='ltr'><strong>conveniens,</strong></span> <span class='ocrx_word' id='word_1_340' title='bbox 2142 2807 2265 2866; x_wconf 91' lang='lat' dir='ltr'><strong>quod</strong></span> 
     </span>
     <span class='ocr_line' id='line_1_36' title="bbox 306 2872 2262 2935; baseline -0.002 -14"><span class='ocrx_word' id='word_1_341' title='bbox 306 2878 512 2922; x_wconf 87' lang='lat' dir='ltr'><strong>Christus</strong></span> <span class='ocrx_word' id='word_1_342' title='bbox 540 2886 645 2935; x_wconf 91' lang='lat' dir='ltr'><strong>post</strong></span> <span class='ocrx_word' id='word_1_343' title='bbox 668 2876 1048 2920; x_wconf 88' lang='lat' dir='ltr'><strong>resurrectionem</strong></span> <span class='ocrx_word' id='word_1_344' title='bbox 1077 2888 1331 2921; x_wconf 86' lang='lat' dir='ltr'><strong>remaneret</strong></span> <span class='ocrx_word' id='word_1_345' title='bbox 1357 2877 1403 2920; x_wconf 90' lang='lat' dir='ltr'><strong>in</strong></span> <span class='ocrx_word' id='word_1_346' title='bbox 1429 2877 1583 2931; x_wconf 89' lang='lat' dir='ltr'><strong>terris;</strong></span> <span class='ocrx_word' id='word_1_347' title='bbox 1611 2878 1689 2920; x_wconf 92' lang='lat' dir='ltr'><strong>sed</strong></span> <span class='ocrx_word' id='word_1_348' title='bbox 1718 2875 1997 2920; x_wconf 89' lang='lat' dir='ltr'><strong>conveniens</strong></span> <span class='ocrx_word' id='word_1_349' title='bbox 2017 2874 2117 2930; x_wconf 88' lang='lat' dir='ltr'><strong>fuit,</strong></span> <span class='ocrx_word' id='word_1_350' title='bbox 2139 2872 2262 2934; x_wconf 89' lang='lat' dir='ltr'><strong>quod</strong></span> 
     </span>
     <span class='ocr_line' id='line_1_37' title="bbox 305 2943 866 2989; baseline -0.004 0"><span class='ocrx_word' id='word_1_351' title='bbox 305 2945 568 2989; x_wconf 89' lang='lat' dir='ltr'><strong>ascenderet</strong></span> <span class='ocrx_word' id='word_1_352' title='bbox 594 2945 639 2986; x_wconf 93' lang='lat' dir='ltr'><strong>in</strong></span> <span class='ocrx_word' id='word_1_353' title='bbox 667 2943 866 2987; x_wconf 92' lang='lat' dir='ltr'><strong>coelum.</strong></span> 
     </span>
    </p>

    <p class='ocr_par' dir='ltr' id='par_1_12' title="bbox 305 3009 2267 3474">
     <span class='ocr_line' id='line_1_38' title="bbox 393 3009 2265 3070; baseline -0.002 -15"><span class='ocrx_word' id='word_1_354' title='bbox 393 3013 468 3055; x_wconf 84' lang='lat' dir='ltr'><strong>AD</strong></span> <span class='ocrx_word' id='word_1_355' title='bbox 487 3024 674 3056; x_wconf 78' lang='lat' dir='ltr'><strong>PmMUM</strong></span> <span class='ocrx_word' id='word_1_356' title='bbox 698 3025 807 3068; x_wconf 88' lang='lat' dir='ltr'><strong>ergo</strong></span> <span class='ocrx_word' id='word_1_357' title='bbox 826 3010 1084 3062; x_wconf 89' lang='lat' dir='ltr'><strong>dicendum,</strong></span> <span class='ocrx_word' id='word_1_358' title='bbox 1104 3011 1223 3068; x_wconf 87' lang='lat' dir='ltr'><strong>quod</strong></span> <span class='ocrx_word' id='word_1_359' title='bbox 1247 3010 1358 3054; x_wconf 90' lang='lat' dir='ltr'><strong>illud</strong></span> <span class='ocrx_word' id='word_1_360' title='bbox 1387 3011 1560 3070; x_wconf 89' lang='lat' dir='ltr'><strong>optime</strong></span> <span class='ocrx_word' id='word_1_361' title='bbox 1583 3025 1631 3055; x_wconf 90' lang='lat' dir='ltr'><strong>se</strong></span> <span class='ocrx_word' id='word_1_362' title='bbox 1657 3011 1846 3065; x_wconf 91' lang='lat' dir='ltr'><strong>habens,</strong></span> <span class='ocrx_word' id='word_1_363' title='bbox 1871 3009 1995 3069; x_wconf 90' lang='lat' dir='ltr'><strong>quod</strong></span> <span class='ocrx_word' id='word_1_364' title='bbox 2017 3009 2115 3054; x_wconf 88' lang='lat' dir='ltr'><strong>sine</strong></span> <span class='ocrx_word' id='word_1_365' title='bbox 2136 3018 2265 3053; x_wconf 88' lang='lat' dir='ltr'><strong>motu</strong></span> 
     </span>
     <span class='ocr_line' id='line_1_39' title="bbox 305 3076 2269 3140; baseline -0.002 -16"><span class='ocrx_word' id='word_1_366' title='bbox 305 3080 506 3140; x_wconf 89' lang='lat' dir='ltr'><strong>possidet</strong></span> <span class='ocrx_word' id='word_1_367' title='bbox 534 3094 666 3122; x_wconf 92' lang='lat' dir='ltr'><strong>suum</strong></span> <span class='ocrx_word' id='word_1_368' title='bbox 704 3079 892 3130; x_wconf 89' lang='lat' dir='ltr'><strong>bonum,</strong></span> <span class='ocrx_word' id='word_1_369' title='bbox 921 3088 987 3121; x_wconf 89' lang='lat' dir='ltr'><strong>est</strong></span> <span class='ocrx_word' id='word_1_370' title='bbox 1024 3077 1117 3135; x_wconf 88' lang='lat' dir='ltr'><strong>ipse</strong></span> <span class='ocrx_word' id='word_1_371' title='bbox 1145 3079 1294 3130; x_wconf 80' lang='lat' dir='ltr'><strong>Deus3</strong></span> <span class='ocrx_word' id='word_1_372' title='bbox 1324 3079 1429 3136; x_wconf 87' lang='lat' dir='ltr'><strong>quia</strong></span> <span class='ocrx_word' id='word_1_373' title='bbox 1457 3088 1524 3122; x_wconf 90' lang='lat' dir='ltr'><strong>est</strong></span> <span class='ocrx_word' id='word_1_374' title='bbox 1551 3079 1741 3122; x_wconf 90' lang='lat' dir='ltr'><strong>omnino</strong></span> <span class='ocrx_word' id='word_1_375' title='bbox 1768 3076 2079 3131; x_wconf 81' lang='lat' dir='ltr'><strong>immutabilis,</strong></span> <span class='ocrx_word' id='word_1_376' title='bbox 2113 3090 2269 3121; x_wconf 87' lang='lat' dir='ltr'><strong>secun-</strong></span> 
     </span>
     <span class='ocr_line' id='line_1_40' title="bbox 305 3143 2267 3203; baseline -0.003 -13"><span class='ocrx_word' id='word_1_377' title='bbox 305 3149 413 3191; x_wconf 90' lang='lat' dir='ltr'><strong>dum</strong></span> <span class='ocrx_word' id='word_1_378' title='bbox 440 3147 549 3190; x_wconf 90' lang='lat' dir='ltr'><strong>illud</strong></span> <span class='ocrx_word' id='word_1_379' title='bbox 578 3145 775 3190; x_wconf 89' lang='lat' dir='ltr'><strong>Malach.</strong></span> <span class='ocrx_word' id='word_1_380' title='bbox 808 3159 864 3203; x_wconf 82' lang='lat'><strong>3.:</strong></span> <span class='ocrx_word' id='word_1_381' title='bbox 884 3146 971 3202; x_wconf 79' lang='lat' dir='ltr'><strong>Ego</strong></span> <span class='ocrx_word' id='word_1_382' title='bbox 1001 3146 1225 3198; x_wconf 81' lang='lat' dir='ltr'><strong>Dominus,</strong></span> <span class='ocrx_word' id='word_1_383' title='bbox 1260 3152 1297 3188; x_wconf 83' lang='lat' dir='ltr'><strong>et</strong></span> <span class='ocrx_word' id='word_1_384' title='bbox 1315 3160 1397 3188; x_wconf 83' lang='lat' dir='ltr'><strong>non</strong></span> <span class='ocrx_word' id='word_1_385' title='bbox 1424 3151 1575 3188; x_wconf 83' lang='lat' dir='ltr'><strong>mutor.</strong></span> <span class='ocrx_word' id='word_1_386' title='bbox 1606 3143 1854 3196; x_wconf 83' lang='lat' dir='ltr'><strong>Quaelibet</strong></span> <span class='ocrx_word' id='word_1_387' title='bbox 1878 3153 2033 3189; x_wconf 83' lang='lat' dir='ltr'><strong>autem</strong></span> <span class='ocrx_word' id='word_1_388' title='bbox 2060 3152 2267 3188; x_wconf 87' lang='lat' dir='ltr'><strong>creatura</strong></span> 
     </span>
     <span class='ocr_line' id='line_1_41' title="bbox 306 3210 2264 3271; baseline -0.003 -12"><span class='ocrx_word' id='word_1_389' title='bbox 306 3226 373 3259; x_wconf 92' lang='lat' dir='ltr'><strong>est</strong></span> <span class='ocrx_word' id='word_1_390' title='bbox 398 3213 629 3257; x_wconf 84' lang='lat' dir='ltr'><strong>mutabilis</strong></span> <span class='ocrx_word' id='word_1_391' title='bbox 664 3213 816 3271; x_wconf 84' lang='lat' dir='ltr'><strong>aliquo</strong></span> <span class='ocrx_word' id='word_1_392' title='bbox 853 3211 1010 3265; x_wconf 90' lang='lat' dir='ltr'><strong>modo,</strong></span> <span class='ocrx_word' id='word_1_393' title='bbox 1039 3222 1086 3255; x_wconf 91' lang='lat' dir='ltr'><strong>ut</strong></span> <span class='ocrx_word' id='word_1_394' title='bbox 1122 3222 1244 3270; x_wconf 88' lang='lat' dir='ltr'><strong>patet</strong></span> <span class='ocrx_word' id='word_1_395' title='bbox 1270 3227 1347 3269; x_wconf 86' lang='lat' dir='ltr'><strong>per</strong></span> <span class='ocrx_word' id='word_1_396' title='bbox 1374 3212 1568 3270; x_wconf 82' lang='lat' dir='ltr'><strong>August.</strong></span> <span class='ocrx_word' id='word_1_397' title='bbox 1606 3213 1647 3256; x_wconf 85' lang='lat'><strong>8.</strong></span> <span class='ocrx_word' id='word_1_398' title='bbox 1682 3226 1816 3271; x_wconf 92' lang='lat' dir='ltr'><strong>super</strong></span> <span class='ocrx_word' id='word_1_399' title='bbox 1850 3210 1967 3256; x_wconf 88' lang='lat' dir='ltr'><strong>Gen.</strong></span> <span class='ocrx_word' id='word_1_400' title='bbox 1995 3210 2051 3255; x_wconf 88' lang='lat' dir='ltr'><strong>ad</strong></span> <span class='ocrx_word' id='word_1_401' title='bbox 2088 3210 2264 3255; x_wconf 85' lang='lat' dir='ltr'><strong>literam</strong></span> 
     </span>
     <span class='ocr_line' id='line_1_42' title="bbox 305 3279 2265 3341; baseline -0.003 -15"><span class='ocrx_word' id='word_1_402' title='bbox 305 3283 416 3341; x_wconf 84' lang='lat' dir='ltr'><strong>(cap.</strong></span> <span class='ocrx_word' id='word_1_403' title='bbox 441 3283 555 3338; x_wconf 83' lang='lat'><em>14.):</em></span> <span class='ocrx_word' id='word_1_404' title='bbox 586 3291 629 3324; x_wconf 92' lang='lat' dir='ltr'><strong>et</strong></span> <span class='ocrx_word' id='word_1_405' title='bbox 655 3281 759 3339; x_wconf 89' lang='lat' dir='ltr'><strong>quia</strong></span> <span class='ocrx_word' id='word_1_406' title='bbox 777 3290 936 3323; x_wconf 91' lang='lat' dir='ltr'><strong>natura</strong></span> <span class='ocrx_word' id='word_1_407' title='bbox 956 3290 1186 3337; x_wconf 83' lang='lat' dir='ltr'><strong>assumpta</strong></span> <span class='ocrx_word' id='word_1_408' title='bbox 1215 3293 1239 3321; x_wconf 89' lang='lat' dir='ltr'><strong>a</strong></span> <span class='ocrx_word' id='word_1_409' title='bbox 1262 3279 1376 3322; x_wconf 83' lang='lat' dir='ltr'><strong>Filio</strong></span> <span class='ocrx_word' id='word_1_410' title='bbox 1399 3280 1485 3323; x_wconf 89' lang='lat' dir='ltr'><strong>Dei</strong></span> <span class='ocrx_word' id='word_1_411' title='bbox 1514 3280 1731 3323; x_wconf 87' lang='lat' dir='ltr'><strong>remansit</strong></span> <span class='ocrx_word' id='word_1_412' title='bbox 1749 3289 1968 3333; x_wconf 86' lang='lat' dir='ltr'><strong>creatura,</strong></span> <span class='ocrx_word' id='word_1_413' title='bbox 1994 3288 2046 3322; x_wconf 89' lang='lat' dir='ltr'><strong>ut</strong></span> <span class='ocrx_word' id='word_1_414' title='bbox 2069 3287 2192 3337; x_wconf 87' lang='lat' dir='ltr'><strong>patet</strong></span> <span class='ocrx_word' id='word_1_415' title='bbox 2211 3289 2265 3322; x_wconf 85' lang='lat' dir='ltr'><strong>ex</strong></span> 
     </span>
     <span class='ocr_line' id='line_1_43' title="bbox 307 3342 2265 3407; baseline -0.003 -14"><span class='ocrx_word' id='word_1_416' title='bbox 307 3350 378 3393; x_wconf 85' lang='lat' dir='ltr'><strong>his</strong></span> <span class='ocrx_word' id='word_1_417' title='bbox 407 3363 522 3407; x_wconf 89' lang='lat' dir='ltr'><strong>quae</strong></span> <span class='ocrx_word' id='word_1_418' title='bbox 540 3362 674 3405; x_wconf 88' lang='lat' dir='ltr'><strong>supra</strong></span> <span class='ocrx_word' id='word_1_419' title='bbox 703 3348 821 3391; x_wconf 86' lang='lat' dir='ltr'><strong>dicta</strong></span> <span class='ocrx_word' id='word_1_420' title='bbox 848 3356 951 3390; x_wconf 89' lang='lat' dir='ltr'><strong>sunt</strong></span> <span class='ocrx_word' id='word_1_421' title='bbox 977 3346 1036 3404; x_wconf 89' lang='lat' dir='ltr'><strong>(q.</strong></span> <span class='ocrx_word' id='word_1_422' title='bbox 1071 3361 1109 3390; x_wconf 87' lang='lat'><strong>2.</strong></span> <span class='ocrx_word' id='word_1_423' title='bbox 1143 3352 1224 3390; x_wconf 81' lang='lat' dir='ltr'><strong>art.</strong></span> <span class='ocrx_word' id='word_1_424' title='bbox 1248 3361 1282 3390; x_wconf 82' lang='lat'><strong>1.</strong></span> <span class='ocrx_word' id='word_1_425' title='bbox 1306 3353 1341 3390; x_wconf 85' lang='lat' dir='ltr'><strong>et</strong></span> <span class='ocrx_word' id='word_1_426' title='bbox 1363 3353 1443 3390; x_wconf 83' lang='lat' dir='ltr'><strong>art.</strong></span> <span class='ocrx_word' id='word_1_427' title='bbox 1468 3361 1505 3405; x_wconf 90' lang='lat'><strong>7.</strong></span> <span class='ocrx_word' id='word_1_428' title='bbox 1529 3347 1584 3390; x_wconf 90' lang='lat' dir='ltr'><strong>ad</strong></span> <span class='ocrx_word' id='word_1_429' title='bbox 1606 3348 1678 3404; x_wconf 83' lang='lat'><em>1.)‚</em></span> <span class='ocrx_word' id='word_1_430' title='bbox 1706 3359 1801 3390; x_wconf 91' lang='lat' dir='ltr'><strong>non</strong></span> <span class='ocrx_word' id='word_1_431' title='bbox 1828 3354 1895 3390; x_wconf 89' lang='lat' dir='ltr'><strong>est</strong></span> <span class='ocrx_word' id='word_1_432' title='bbox 1919 3342 2265 3397; x_wconf 85' lang='lat' dir='ltr'><strong>inconveniens,</strong></span> 
     </span>
     <span class='ocr_line' id='line_1_44' title="bbox 307 3414 1079 3474; baseline -0.004 -15"><span class='ocrx_word' id='word_1_433' title='bbox 307 3417 342 3460; x_wconf 88' lang='lat' dir='ltr'><strong>si</strong></span> <span class='ocrx_word' id='word_1_434' title='bbox 371 3417 411 3460; x_wconf 90' lang='lat' dir='ltr'><strong>ei</strong></span> <span class='ocrx_word' id='word_1_435' title='bbox 439 3415 600 3474; x_wconf 86' lang='lat' dir='ltr'><strong>aliquis</strong></span> <span class='ocrx_word' id='word_1_436' title='bbox 628 3425 779 3459; x_wconf 88' lang='lat' dir='ltr'><strong>motus</strong></span> <span class='ocrx_word' id='word_1_437' title='bbox 803 3414 1079 3458; x_wconf 79' lang='lat' dir='ltr'><strong>attribuatur.</strong></span> 
     </span>
    </p>

    <p class='ocr_par' dir='ltr' id='par_1_13' title="bbox 307 3478 2267 3607">
     <span class='ocr_line' id='line_1_45' title="bbox 396 3478 2266 3539; baseline -0.003 -12"><span class='ocrx_word' id='word_1_438' title='bbox 396 3484 471 3527; x_wconf 87' lang='lat' dir='ltr'><strong>AD</strong></span> <span class='ocrx_word' id='word_1_439' title='bbox 504 3495 764 3526; x_wconf 74' lang='lat' dir='ltr'><strong>SECUNDUM</strong></span> <span class='ocrx_word' id='word_1_440' title='bbox 794 3481 1051 3534; x_wconf 87' lang='lat' dir='ltr'><strong>dicendum,</strong></span> <span class='ocrx_word' id='word_1_441' title='bbox 1078 3479 1199 3539; x_wconf 89' lang='lat' dir='ltr'><strong>quod</strong></span> <span class='ocrx_word' id='word_1_442' title='bbox 1234 3493 1312 3537; x_wconf 88' lang='lat' dir='ltr'><strong>per</strong></span> <span class='ocrx_word' id='word_1_443' title='bbox 1338 3480 1426 3523; x_wconf 90' lang='lat' dir='ltr'><strong>hoc</strong></span> <span class='ocrx_word' id='word_1_444' title='bbox 1456 3480 1578 3538; x_wconf 91' lang='lat' dir='ltr'><strong>quod</strong></span> <span class='ocrx_word' id='word_1_445' title='bbox 1613 3479 1822 3524; x_wconf 86' lang='lat' dir='ltr'><strong>Christus</strong></span> <span class='ocrx_word' id='word_1_446' title='bbox 1857 3478 2061 3524; x_wconf 85' lang='lat' dir='ltr'><strong>ascendit</strong></span> <span class='ocrx_word' id='word_1_447' title='bbox 2086 3479 2132 3522; x_wconf 89' lang='lat' dir='ltr'><strong>in</strong></span> <span class='ocrx_word' id='word_1_448' title='bbox 2165 3490 2266 3522; x_wconf 87' lang='lat' dir='ltr'><strong>coe·</strong></span> 
     </span>
     <span class='ocr_line' id='line_1_46' title="bbox 307 3542 2267 3607; baseline -0.003 -14"><span class='ocrx_word' id='word_1_449' title='bbox 307 3551 416 3603; x_wconf 89' lang='lat' dir='ltr'><strong>lum,</strong></span> <span class='ocrx_word' id='word_1_450' title='bbox 443 3548 558 3593; x_wconf 89' lang='lat' dir='ltr'><strong>nihil</strong></span> <span class='ocrx_word' id='word_1_451' title='bbox 584 3550 625 3593; x_wconf 91' lang='lat' dir='ltr'><strong>ei</strong></span> <span class='ocrx_word' id='word_1_452' title='bbox 653 3549 862 3602; x_wconf 87' lang='lat' dir='ltr'><strong>accrevit,</strong></span> <span class='ocrx_word' id='word_1_453' title='bbox 886 3558 1106 3607; x_wconf 89' lang='lat' dir='ltr'><strong>quantum</strong></span> <span class='ocrx_word' id='word_1_454' title='bbox 1134 3547 1188 3590; x_wconf 95' lang='lat' dir='ltr'><strong>ad</strong></span> <span class='ocrx_word' id='word_1_455' title='bbox 1216 3560 1269 3590; x_wconf 88' lang='lat' dir='ltr'><strong>ea</strong></span> <span class='ocrx_word' id='word_1_456' title='bbox 1296 3561 1411 3605; x_wconf 88' lang='lat' dir='ltr'><strong>quae</strong></span> <span class='ocrx_word' id='word_1_457' title='bbox 1439 3557 1543 3591; x_wconf 90' lang='lat' dir='ltr'><strong>sunt</strong></span> <span class='ocrx_word' id='word_1_458' title='bbox 1568 3547 1624 3591; x_wconf 91' lang='lat' dir='ltr'><strong>de</strong></span> <span class='ocrx_word' id='word_1_459' title='bbox 1653 3547 1848 3591; x_wconf 83' lang='lat' dir='ltr'><strong>essentia</strong></span> <span class='ocrx_word' id='word_1_460' title='bbox 1871 3544 2061 3605; x_wconf 83' lang='lat' dir='ltr'><strong>gloriae,</strong></span> <span class='ocrx_word' id='word_1_461' title='bbox 2087 3542 2183 3589; x_wconf 70' lang='lat' dir='ltr'><strong>s&#39;ive‘</strong></span> <span class='ocrx_word' id='word_1_462' title='bbox 2199 3557 2267 3588; x_wconf 88' lang='lat' dir='ltr'><strong>se·</strong></span> 
     </span>
    </p>
   </div>
  </div>
 </body>
</html>
