2352 3926
305 216 372 271 25
379 218 416 272 4
814 214 1094 260 QUAESTIO
1136 214 1287 254 XXIX.
1323 215 1635 271 XRTICULUS
1674 215 1732 256 11.

304 329 442 364 vocat
473 320 734 377 conjugem,
766 331 862 362 non
897 318 1020 362 enim
1045 317 1314 378 virginitatis
1341 319 1529 379 ereptio,
1556 319 1634 364 sed
1661 318 1865 380 conjugii
1893 319 2168 377 testificatio,
2191 336 2271 367 nu-

305 387 500 446 ptiarum
525 385 830 430 celebratione
849 384 1105 429 declaratur
1124 402 1165 429 ».
1194 385 1363 431 Habuit
1380 396 1536 432 tamen
1552 386 1663 431 illud
1681 386 2027 433 matrimonium
2049 388 2188 434 etiam
2205 403 2270 435 se-

238 491 242 494 ,
305 454 501 498 cundam
528 452 857 512 perfectionem
884 462 1106 511 quantum
1124 453 1179 498 ad
1196 452 1336 512 prolis
1362 454 1706 499 educationem:
1734 454 1853 499 unde
1879 454 2072 514 Aug-ust-
2099 455 2270 503 dicitin

304 521 379 564 lib.
403 535 438 564 1.
466 520 521 564 de
538 520 691 578 Nupt.‚
714 529 759 564 et
782 519 1168 579 Concupiscentia
1187 520 1296 582 (cap.
1314 537 1372 567 Π.
1392 521 1548 581 infin.)
1561 538 1574 566 .·
1606 537 1629 562 «
1649 521 1804 567 Omne
1821 522 2079 581 nuptiarum
2096 523 2271 573 bonum

303 587 544 646 impletum
578 597 645 631 est
670 587 717 631 in
743 586 832 631 illis
854 587 1114 646 parentibus
1134 587 1320 643 Christi,
1352 588 1521 648 proles,
1552 588 1679 642 fides,
1709 598 2060 635 sacramentum.
2085 589 2272 635 Prolem

306 656 629 714 cognoscimus
662 655 813 713 ipsum
836 655 1092 699 Dominum
1109 655 1290 714 Jesum:
1319 655 1472 710 fidem,
1490 656 1595 715 quia
1616 654 1795 699 nullum
1812 655 2106 700 adulterium:
2129 671 2273 702 sacra-

306 733 527 775 mentum,
551 722 657 780 quia
678 721 857 766 nullum
884 722 1158 766 divortium:
1183 722 1307 767 solus
1333 723 1395 766 ibi
1419 722 1633 782 nuptialis
1661 722 1928 767 concubitus
1953 737 2047 767 non
2071 722 2156 769 fuit
2170 741 2212 769 a.

394 790 471 834 AD
498 803 687 834 PRIMUM
717 803 827 848 ergo
855 790 1116 847 dicendum,
1144 790 1266 849 quod
1293 791 1416 834 Hier.
1444 790 1611 849 accipit
1640 789 1703 833 ibi
1728 790 1945 836 maritum
1971 791 2025 835 ab
2052 801 2155 836 acto
2182 806 2276 836 ma-

305 857 510 902 trimonii
533 858 855 901 consummati.
889 871 893 876 ’
2239 861 2242 865 “

293 984 297 987 ι
397 925 473 969 AD
501 937 764 970 SECUNDUM
789 924 1050 979 dicendum,
1079 924 1201 984 quod
1233 925 1412 985 nuptias
1440 925 1628 970 Hieron.
1660 934 1798 970 vocat
1821 923 2076 985 nuptialem
2107 939 2272 972 concu-

307 992 467 1037 bitum.
1993 1039 1998 1042 ,

395 1060 472 1104 AD
497 1059 996 1113 TERTIUM,dicendum,
1015 1059 1152 1118 quod,
1171 1059 1287 1103 sicut
1310 1058 1550 1118 Chrysost.
1574 1058 1683 1102 dicit
1703 1074 1838 1118 super
1853 1059 2015 1105 Matth.
2033 1061 2162 1119 (hom.
2175 1077 2211 1107 1.
2229 1062 2276 1105 in

308 1135 372 1187 op.
399 1128 566 1187 imperf.
597 1128 670 1171 sub
691 1128 766 1185 fin.
766 1127 820 1185 ):
851 1143 875 1167 «
896 1127 1037 1171 Beata
1069 1126 1213 1185 Virgo
1246 1127 1310 1171 sic
1343 1125 1427 1175 fuit
1459 1126 1734 1185 desponsata
1759 1126 1946 1186 Joseph,
1978 1127 2102 1187 quod
2135 1128 2274 1173 etiam

308 1203 426 1238 esset
451 1194 578 1238 domi
603 1194 771 1239 habita.
798 1195 920 1238 Nam
949 1196 1065 1238 sicut
1090 1194 1137 1237 in
1170 1209 1238 1250 ea,
1265 1208 1381 1253 quae
1412 1194 1459 1238 in
1487 1194 1627 1238 domo
1660 1194 1746 1237 viri
1772 1195 1986 1255 concipit,
2011 1195 2277 1256 intelligitur

308 1262 549 1320 conceptio
577 1261 822 1316 maritalis;
849 1261 912 1306 sic
931 1262 977 1304 in
1005 1275 1073 1316 ea,
1099 1275 1215 1320 quae
1238 1270 1361 1305 extra
1388 1261 1581 1305 domum
1603 1261 1816 1320 concipit,
1843 1272 1913 1306 est
1936 1273 2147 1322 suspecta
2170 1277 2277 1308 con-

304 1329 477 1386 junctio
495 1345 518 1370 >³
537 1344 547 1383 ;
566 1337 609 1373 et
625 1329 687 1373 ita
708 1343 803 1373 non
821 1338 939 1372 esset
955 1327 1231 1372 sufficienter
1252 1327 1487 1386 provisum
1503 1327 1655 1371 famae
1675 1328 1842 1372 Beatae
1854 1327 2056 1387 Virginis
2073 1343 2153 1389 per
2169 1329 2275 1384 hoc,

307 1396 429 1455 quod
454 1395 539 1440 fuit
569 1396 856 1454 desponsata,
881 1396 969 1439 nisi
995 1395 1133 1439 etiam
1165 1394 1322 1439 fuisset
1354 1395 1481 1438 domi
1512 1394 1686 1439 habita:
1713 1394 1830 1439 unde
1858 1396 1981 1454 quod
2006 1396 2193 1443 dicitur:
2218 1398 2279 1444 Et

305 1464 412 1508 nolle
434 1477 525 1508 eam
553 1463 782 1516 traducere,
811 1462 974 1506 melius
1001 1461 1280 1520 intelligitur,
1307 1462 1425 1506 idest
1454 1461 1638 1506 «nollet
1664 1475 1768 1506 eam
1801 1461 2039 1509 diffamare
2062 1463 2111 1508 in
2135 1463 2276 1524 publi-

308 1545 414 1575 cum
431 1547 473 1584 ›>,
497 1545 635 1589 quam
654 1530 776 1589 quod
794 1529 1072 1588 intelligatur
1092 1530 1146 1574 de
1165 1529 1452 1573 traductione
1468 1529 1516 1572 in
1542 1528 1755 1574 domum:
1780 1530 1899 1575 unde
1920 1539 1967 1575 et
1986 1529 2279 1590 Evangelista

307 1598 471 1651 subdit,
498 1598 621 1656 quod
647 1598 782 1642 voluit
798 1597 951 1641 occulte
968 1597 1170 1641 dimittere
1187 1612 1292 1650 eam,
1312 1596 1520 1655 quamvis
1547 1606 1702 1640 tamen
1720 1606 1840 1641 esset
1865 1597 1992 1642 domi
2006 1597 2163 1643 habita
2177 1613 2279 1658 pro·
2334 1620 2342 1625 ’

309 1675 407 1724 pter
433 1664 629 1723 primam
663 1665 1026 1723 desponsationis
1050 1663 1214 1718 fidem3
1240 1663 1448 1708 nondum
1470 1673 1624 1707 tamen
1642 1664 1948 1726 intervenerat
1962 1662 2184 1712 solemnis
2210 1680 2276 1712 ce-

307 1731 499 1776 lebratio
535 1734 815 1791 nuptiarum:
852 1742 1035 1790 propter
1073 1731 1195 1790 quod
1238 1731 1374 1775 etiam
1417 1731 1625 1775 nondum
1663 1731 1906 1777 carnaliter
1941 1743 2277 1779 convenerant:

309 1799 443 1852 unde,
471 1799 588 1842 sicut
615 1799 855 1858 Chrysost.
875 1799 982 1842 dicit
1000 1799 1131 1856 (hom.
1154 1813 1196 1855 4.
1215 1800 1260 1843 in
1287 1799 1440 1844 Matth.
1459 1799 1662 1857 aliquant.
1690 1813 1716 1843 a
1740 1801 1880 1858 princ.
1901 1806 1941 1845 et
1962 1800 2041 1846 loc.
2056 1809 2148 1862 sup.
2164 1802 2276 1859 cit),

311 1884 334 1909 «
357 1881 451 1910 non
478 1866 587 1910 dicit
611 1866 924 1925 Evangelista:
950 1867 1213 1925 Antequam
1240 1866 1479 1910 duceretur
1498 1866 1544 1909 in
1562 1865 1752 1910 domum
1775 1867 1944 1925 sponsi,
1967 1868 2138 1912 etenim
2152 1868 2273 1913 intus

311 1936 405 1994 Jam
439 1943 559 1988 erat3
593 1934 878 1978 consuetudo
913 1934 1036 1977 enim
1068 1933 1152 1977 fuit
1182 1933 1423 1987 veteribus,
1456 1932 1690 1977 multoties
1723 1933 1769 1977 in
1802 1933 1944 1979 domo
1977 1934 2274 1994 desponsatas

310 2002 478 2046 habere
501 2019 542 2045 ».
566 2001 623 2045 Et
638 2002 743 2046 ideo
768 2002 907 2045 etiam
934 2000 1140 2059 Angelus
1159 2000 1269 2044 dicit
1280 2000 1475 2059 Joseph:
1503 2001 1567 2046 Ne
1586 2002 1728 2046 timeas
1753 2003 1937 2061 accipere
1958 2002 2152 2048 Marium
2178 2018 2270 2048 con·

304 2073 447 2128 jugem
466 2076 595 2123 tuam,
614 2069 731 2113 idest
749 2082 758 2111 :
790 2085 813 2110 «
830 2068 936 2113 Non
954 2069 1117 2113 timeas
1144 2068 1323 2127 nuptias
1350 2069 1446 2126 ejus
1468 2068 1734 2112 solemniter
1761 2067 2054 2115 celebrarem
2076 2069 2184 2116 licet
2199 2070 2279 2115 alii

312 2137 477 2190 dicant,
501 2136 623 2195 quod
646 2136 854 2180 nondum
872 2145 968 2180 erat
992 2136 1038 2179 in
1067 2136 1259 2179 domum
1275 2135 1475 2190 inducta,
1495 2135 1573 2180 sed
1596 2135 1748 2180 solum
1766 2135 2061 2196 desponsata:
2078 2137 2277 2198 primum

309 2214 464 2248 tamen
491 2204 638 2263 magis
665 2213 890 2248 consonat
914 2201 1182 2262 Evangelio.

944 2594 1393 2671 QUAESTIO
1429 2594 1646 2655 XXX.

563 2749 642 2789 DE
676 2748 910 2789 BEATAE
943 2750 1175 2789 MARIAE
1209 2750 1476 2790 VIRGINIS
1508 2749 2030 2801 ANNUNTIATIONE,

790 2838 855 2877 IN
888 2838 1175 2889 QUATUOR
1207 2839 1537 2879 ARTICULOS
1571 2838 1790 2879 DIVISA.

401 3008 580 3053 Deinde
615 3007 998 3052 considerandum
1024 3016 1091 3051 est
1116 3007 1171 3051 de
1199 3007 1545 3053 annuntiatione
1572 3008 1740 3054 Beatae
1765 3008 1981 3069 Virginis.

896 3119 954 3163 Et
980 3120 1093 3163 circa
1118 3119 1191 3163 hoc
1220 3125 1478 3178 quaeruntur
1503 3126 1695 3179 quatuor.

402 3209 572 3253 Primo.
593 3209 757 3252 Utrum
778 3208 1054 3252 conveniens
1067 3207 1200 3252 fuerit
1220 3208 1261 3252 ei
1279 3209 1549 3263 annuntiari,
1568 3210 1691 3268 quod
1708 3209 1754 3254 in
1767 3222 1827 3256 ea
1844 3209 2158 3271 generandum
2169 3219 2278 3256 erat.

402 3277 631 3322 Secundo.
658 3277 744 3320 Per
771 3290 909 3335 quem
936 3286 1031 3319 erat
1054 3276 1094 3319 ei
1128 3276 1216 3319 hoc
1246 3277 1621 3320 annuntiandum.
2328 3281 2332 3283 “

404 3343 578 3389 Tertio.
607 3345 692 3388 Per
715 3358 851 3402 quem
879 3342 1069 3386 modum
1097 3343 1137 3385 ei
1165 3344 1421 3387 annuntiari
1448 3344 1651 3389 debebat.

404 3411 598 3465 Quarto.
625 3411 696 3455 De
723 3411 880 3455 ordine
907 3409 1275 3454 annuntiationis.
