2352 3926
306 199 334 252 5
342 198 412 254 72
821 199 1101 245 QUAESTIO
1141 199 1308 238 LXVII.
1349 199 1657 239 ARTICULUS
1695 201 1752 239 11.

304 302 499 359 pertinet
536 300 591 344 ad
629 299 830 344 officium
869 300 1086 359 episcopi,
1118 310 1168 345 ut
1203 309 1324 359 patet
1349 315 1427 360 per
1453 301 1646 360 Dionys.
1677 315 1714 360 5.
1742 312 1800 346 et.
1832 300 1879 347 6.
1900 302 2074 349 Eccles.
2106 303 2260 360 Hier.;

303 381 429 425 ergo,
457 377 501 411 et
526 367 753 425 baptizare
779 368 971 425 pertinet
995 377 1173 412 tantum
1199 368 1256 412 ad
1283 367 1486 412 officium
1512 369 1728 427 episcopi.

392 447 431 477 2.
460 434 758 478 PRAETEREA.
795 434 881 477 Per
918 435 1195 493 baptismum
1232 445 1554 479 annumeratur
1592 434 1754 494 aliquis
1782 435 1952 494 populo
1985 437 2256 494 christiano:

255 544 265 556 ,
302 501 423 559 quod
451 501 635 558 quidem
661 501 838 544 videtur
865 502 919 545 ad
948 500 1151 545 officium
1178 501 1319 546 solius
1342 503 1557 561 principis
1584 503 1831 561 pertinere:
1849 503 1932 548 sed
1957 504 2261 563 principatum

302 568 346 610 in
375 567 586 610 Ecclesia
618 578 773 611 tenent
805 568 1032 627 episcopi;
1059 570 1149 628 qui,
1187 579 1235 614 ut
1272 570 1470 613 dicitur'
1459 584 1506 612 in
1535 569 1687 614 Gloss.
1716 570 1828 628 (ord.
1850 570 1983 616 Bedae
2007 579 2094 631 sup.
2127 571 2258 617 illud.-

300 636 552 692 Designavit
576 635 808 692 Dominus)
837 636 947 680 Luc.
980 649 1046 681 10.
1079 646 1236 680 tenent
1266 635 1422 681 locum
1452 636 1781 695 apostolorum,
1814 637 1871 681 de
1901 637 2062 696 quibus
2097 637 2259 682 dicitur

298 702 344 744 in
372 701 490 745 Psal.
517 714 615 756 44.;
646 702 875 747 Constitues
891 718 955 747 eos
973 705 1186 763 principes
1209 711 1330 763 super
1361 719 1523 748 omnem
1560 710 1745 757 terram;
1774 718 1884 763 ergo
1916 705 2107 759 videtur,
2138 705 2261 764 quod

299 769 526 827 baptizare
553 769 775 827 pertineat
801 769 952 814 solum
981 770 1036 814 ad
1063 769 1266 814 officium
1294 771 1510 830 episcopi.

392 849 429 893 3.
456 835 754 880 PRAETEREA.
788 836 989 881 Isidorus
1013 837 1122 881 dicit
1146 838 1244 895 (loc.
1278 839 1348 883 cit.
1380 845 1462 883 art.
1491 837 1673 897 praee),
1702 838 1825 897 quod
1854 854 1878 880 «
1900 838 1957 883 ad
1986 838 2261 899 episcopum

299 901 493 960 pertinet
512 901 805 946 basilicarum
833 904 1135 959 consecratiO,
1152 905 1308 950 unctio
1343 905 1510 959 altaris,
1529 915 1574 950 et
1600 904 1831 950 confectio
1858 905 2138 952 chrismatis:
2164 906 2261 966 ipse

298 970 478 1013 ordines
505 969 842 1015 ecclesiasticos
869 971 1105 1026 distribuit,
1138 982 1183 1016 et
1214 986 1365 1016 sacras
1392 972 1592 1030 virgines
1613 973 1842 1017 benedicit
1862 987 1903 1017 »:
1931 973 2099 1018 sedhis
2117 973 2261 1019 omni-

296 1035 380 1080 bus
407 1037 554 1095 majus
592 1047 660 1082 est
693 1049 1033 1082 sacramentum
1065 1039 1300 1098 baptismi3
1328 1053 1438 1098 ergo
1470 1039 1660 1094 videtur,
1694 1039 1817 1099 quod
1849 1039 1995 1086 multo
2022 1039 2172 1100 magis
2200 1041 2260 1087 ad

298 1102 501 1148 officium
528 1104 670 1149 solius
703 1105 906 1164 episcopi
939 1106 1163 1164 pertineat
1186 1106 1428 1164 baptizare.

387 1171 482 1216 SED
510 1184 706 1217 CONTRA
738 1182 820 1226 est,
839 1173 961 1231 quod
987 1173 1187 1217 Isidorus
1215 1173 1358 1217 dicit
1347 1188 1394 1216 m
1421 1172 1546 1217 lib.2
1553 1175 1652 1218 ,de
1679 1172 1814 1219 Offic.
1834 1174 1945 1235 (cap.
1967 1187 2039 1232 24.
2070 1173 2127 1220 ad
2131 1175 2199 1234 fin
2202 1174 2259 1233 .).·

300 1253 323 1279 ε(
351 1238 559 1292 Constat,
586 1239 812 1298 baptisma
837 1239 948 1283 solis
974 1239 1285 1284 sacerdotibus
1311 1255 1410 1284 esse
1436 1241 1651 1284 traditum
1678 1256 1719 1284 »

385 1305 675 1351 RESPONm-:o
703 1307 963 1361 dicendum,
1001 1308 1124 1365 quod
1168 1307 1427 1351 sacerdotes
1461 1307 1517 1351 ad
1554 1308 1644 1352 hoc
1673 1316 2010 1362 consecrantur,
2036 1317 2087 1355 ut
2115 1321 2262 1361 sacra-

298 1382 506 1429 mentum
534 1374 738 1431 corporis
762 1373 935 1418 Christi
962 1373 1222 1428 conficiant,
1248 1374 1364 1418 sicut
1385 1388 1520 1432 supra
1537 1374 1710 1418 dictum
1732 1384 1800 1418 est
1815 1375 1876 1433 (q.
1903 1375 1966 1434 63.
1990 1380 2072 1422 art.
2089 1389 2131 1423 a.
2147 1381 2187 1420 et
2206 1375 2260 1431 6.

292 1446 329 1484 et
351 1455 388 1498 q.
417 1441 479 1499 65.
507 1447 588 1485 art.
612 1441 686 1500 3.).
705 1440 822 1484 Illud
850 1451 1002 1484 autem
1031 1451 1099 1485 est
1124 1451 1463 1485 sacramentum
1491 1441 1828 1486 ecclesiasticae
1865 1442 2064 1497 unitatis,
2104 1456 2261 1488 secun-

295 1507 404 1550 dum
439 1506 550 1551 illud
588 1508 749 1566 Apost.
790 1522 824 1551 1.
862 1507 1070 1552 Corinth.
1115 1521 1209 1552 1o.:
1246 1509 1360 1553 Unus
1387 1510 1529 1568 panis,
1561 1515 1600 1554 et
1631 1524 1762 1553 unum
1787 1517 1934 1569 corpus
1969 1509 2094 1561 multi
2116 1524 2259 1556 sumus

296 1589 448 1628 omnes,
476 1577 548 1633 qui
579 1575 626 1619 de
657 1590 739 1619 uno
759 1583 884 1634 pane,
921 1581 957 1619 et
982 1575 1028 1619 de
1059 1591 1142 1620 uno
1170 1576 1296 1621 calice
1322 1578 1646 1636 participamus.
1674 1576 1761 1620 Per
1795 1575 2073 1637 baptismum
2104 1586 2258 1629 autem

297 1641 457 1700 aliquis
494 1642 544 1686 fit
579 1643 804 1701 particeps
832 1642 1168 1687 ecclesiasticae
1195 1644 1392 1701 unitatis,
1431 1643 1551 1688 unde
1585 1653 1629 1688 et
1665 1643 1830 1703 accipit
1861 1643 2017 1704 juspad
2048 1658 2258 1699 mensam

294 1709 487 1752 Domini
515 1709 784 1763 accedendi3
810 1720 854 1753 et
878 1710 982 1753 ideo
1022 1711 1137 1754 sicut
1164 1710 1219 1754 ad
1241 1711 1529 1755 sacerdotem
1556 1711 1747 1769 pertinet
1781 1725 2052 1756 consecrare
2084 1710 2260 1766 Eucha-

294 1776 468 1820 ristiam
506 1777 583 1834 (ad
618 1777 741 1835 quod
775 1777 1081 1836 principaliter
1106 1778 1414 1822 sacerdotium
1440 1778 1709 1836 ordinatur),
1730 1779 1794 1822 ita
1819 1778 1876 1823 ad
1901 1778 2137 1838 proprium
2162 1777 2259 1823 offi-

295 1844 417 1887 cium
444 1844 693 1888 sacerdotis
719 1845 913 1903 pertinet
938 1844 1191 1903 baptizare;
1218 1846 1422 1904 ejusdem
1441 1846 1564 1890 enim
1582 1845 1757 1890 videtur
1775 1859 1874 1891 esse
1891 1845 2069 1918 operari
2092 1854 2257 1900 totum,

294 1920 338 1954 et
363 1920 539 1968 partem
564 1910 612 1954 in
637 1920 736 1955 toto
764 1911 1019 1970 disponere.

381 1978 456 2022 AD
481 1991 670 2023 PRIMUM
696 1992 807 2037 ergo
833 1979 1093 2032 dicendum,
1120 1979 1243 2038 quod
1266 1989 1508 2039 utrumque
1536 1978 1754 2034 officium,
1781 1978 1957 2024 scilicet
1981 1978 2191 2034 docendi,
2212 1988 2259 2024 et
2335 1974 2339 1978 ’

292 2044 562 2103 baptizandi,
604 2046 834 2089 Dominus
879 2045 1098 2104 apostolis
1135 2046 1353 2104 injunxit3
1403 2061 1599 2106 quorum
1640 2047 1790 2091 vicem
1826 2055 1991 2106 gerunt
2029 2046 2256 2106 episcopi:

293 2113 421 2157 aliter
446 2123 617 2167 tamen,
651 2123 695 2157 et
721 2112 873 2158 aliter:
899 2128 1009 2157 nam
1036 2113 1240 2157 officium
1274 2115 1466 2159 docendi
1502 2115 1736 2159 commisit
1760 2114 1824 2160 eis
1851 2113 2078 2169 Christus,
2098 2123 2148 2158 ut
2169 2113 2258 2174 ipsi

290 2195 370 2239 per
411 2194 459 2224 se
502 2179 615 2224 illud
647 2190 923 2235 exercerent,
965 2191 1184 2239 tanquam
1217 2181 1677 2241 principalissimum;
1709 2182 1830 2226 unde
1866 2191 1912 2226 et
1942 2181 2031 2241 ipsi
2061 2180 2259 2240 apostoli

291 2249 498 2293 dixerunt
518 2249 744 2292 Actorum
762 2247 826 2292 6.:
855 2250 954 2294 Non
980 2255 1037 2294 est
1061 2264 1253 2307 aequum,
1279 2265 1353 2293 nos
1377 2249 1607 2308 relinquere
1627 2250 1802 2294 verbum
1826 2249 1928 2304 Dei,
1954 2254 1992 2295 et
2014 2249 2259 2300 ministrare

290 2318 451 2361 mensis.
479 2314 698 2360 Officium
726 2327 879 2359 autem
904 2316 1162 2375 baptizandi
1188 2316 1420 2361 commisit
1451 2315 1671 2375 apostolis
1704 2326 1753 2360 ut
1787 2329 1868 2374 per
1893 2314 2008 2360 alios
2043 2329 2257 2360 exercen-

291 2383 429 2438 dum3
456 2383 576 2427 unde
603 2393 648 2427 et
673 2382 925 2442 Apostolus
953 2384 1060 2427 dicit
1092 2398 1128 2427 1.
1155 2383 1364 2428 Corinth.
1396 2396 1455 2427 1.:
1483 2384 1582 2429 Non
1604 2385 1718 2428 misit
1733 2398 1796 2427 me
1816 2382 2004 2428 Christus
2029 2383 2255 2442 baptizare,

288 2451 356 2496 sed
381 2451 665 2509 evangelizare
683 2467 699 2494 .·
727 2462 770 2494 et
805 2451 896 2494 hoc
922 2451 1026 2495 ideo
1055 2452 1159 2510 quia
1185 2451 1232 2495 in
1258 2450 1529 2508 baptizando
1561 2449 1677 2494 nihil
1712 2461 1925 2509 operatur
1951 2449 2180 2505 meritum,
2212 2459 2258 2495 et

290 2518 511 2578 sapientia
537 2518 746 2571 ministri,
773 2518 889 2561 sicut
903 2520 959 2563 'in
987 2518 1212 2571 docendo,
1234 2527 1283 2561 ut
1323 2526 1446 2576 patet
1467 2532 1522 2562 ex
1537 2531 1675 2576 'supra
1701 2517 1831 2567 dictis
1857 2517 1919 2576 (q.
1941 2517 2015 2574 64.
2041 2523 2124 2571 art.
2142 2532 2184 2576 5.
2213 2517 2258 2565 6.

289 2591 328 2630 et
349 2587 436 2645 9.),·
462 2585 511 2628 in
543 2586 669 2643 cujus
696 2586 834 2628 etiam
861 2584 1042 2643 signum
1060 2599 1144 2628 nec
1171 2585 1267 2643 ipse
1294 2584 1523 2628 Dominus
1541 2584 1795 2643 baptizavit,
1817 2584 1896 2628 sed
1914 2583 2124 2644 discipuli
2144 2585 2255 2644 ejus,

289 2663 340 2698 ut
364 2653 528 2697 dicitur
546 2652 676 2710 Joan.
702 2663 744 2706 4.
783 2651 881 2696 Nec
908 2662 1064 2696 tamen
1090 2667 1170 2710 per
1191 2653 1280 2696 hoc
1315 2651 1580 2706 excluditur,
1608 2651 1716 2709 quin
1743 2651 1959 2711 episcopi·
1982 2651 2159 2711 possint
2182 2651 2257 2696 ba-

289 2720 483 2780 ptizare:
510 2719 614 2779 quia
642 2718 764 2778 quod
790 2729 940 2778 potest
965 2729 1164 2777 potestas
1186 2717 1386 2770 inferior,
1413 2728 1563 2777 potest
1589 2728 1633 2762 et
1659 2719 1886 2778 superior3
1913 2718 2034 2765 unde
2058 2727 2105 2764 et
2128 2718 2255 2779 Apo-

290 2787 434 2832 stolus
460 2787 629 2830 ibidem
657 2786 779 2844 dicit,
802 2800 849 2830 se
877 2786 1100 2844 quosdam
1126 2786 1391 2844 baptizasse.

379 2856 455 2899 AD
475 2867 736 2899 SECUNDUM
763 2853 1021 2906 dicendum,
1045 2852 1166 2911 quod
1184 2853 1230 2896 in
1257 2852 1456 2911 qualibet
1478 2852 1710 2911 republica
1727 2866 1780 2897 ea
1801 2866 1917 2912 quae
1938 2862 2043 2899 sunt
2058 2853 2254 2908 minora,

289 2923 516 2982 pertinent
558 2922 613 2965 ad
647 2922 862 2975 minores,
895 2922 1071 2979 majora
1113 2933 1222 2963 vero
1256 2920 1501 2978 majoribus
1532 2930 1830 2974 reservantur,
1856 2920 2110 2965 secundum
2139 2919 2251 2965 illud

286 2990 426 3034 Exod.
452 2990 540 3034 18.:
566 2989 783 3047 Quidquid
810 2991 945 3047 majas
958 2988 1095 3046 fuerit
1116 2988 1301 3046 referant
1327 2987 1379 3031 ad
1407 2994 1456 3042 te,
1480 2994 1515 3032 et
1543 2990 1620 3047 ipsi
1643 2987 1928 3032 tantummodo
1953 2989 2122 3032 minora
2139 2987 2255 3047 judi·
2329 3045 2332 3047 Δ

289 3065 410 3111 cent,·
447 3067 491 3102 et
515 3057 619 3101 ideo
648 3056 703 3100 ad
731 3055 932 3100 minores
960 3054 1151 3098 civitatis
1180 3054 1405 3113 principes
1430 3057 1621 3114 pertinet
1648 3055 1888 3115 disponere
1916 3055 1971 3100 de
1995 3054 2157 3100 infimo
2178 3069 2256 3116 po-
2296 3064 2298 3067 ’

288 3126 422 3185 pulo:
454 3126 509 3169 ad
537 3138 746 3169 summos
774 3133 928 3168 autem
962 3122 1187 3180 principes
1221 3122 1413 3180 pertinet
1439 3123 1679 3181 disponere
1707 3132 1776 3176 ea,
1801 3135 1918 3182 quae
1942 3123 2170 3182 pertinent
2198 3121 2253 3167 ad

288 3195 485 3251 maiores
514 3193 728 3237 civitatis:
758 3205 838 3250 per
863 3190 1139 3249 baptismum
1164 3200 1317 3232 autem
1335 3203 1428 3233 non
1464 3190 1725 3248 adipiscitur
1742 3188 1904 3249 aliquis
1931 3189 2019 3243 nisi
2043 3188 2253 3235 infimum

288 3262 479 3319 gradum
506 3261 550 3304 in
579 3258 747 3319 populo
776 3258 1037 3310 chrIstiano‚
1066 3267 1108 3301 et
1134 3256 1236 3300 ideo
1260 3257 1487 3316 baptizare
1511 3258 1703 3316 pertinet
1726 3257 1782 3302 ad
1805 3257 2006 3302 minores
2026 3257 2254 3318 principes

289 3327 536 3380 Ecclesiae,
564 3327 680 3371 idest
707 3326 760 3370 ad
790 3324 1018 3385 presbyter
1023 3338 1088 3377 OS,
1116 3324 1189 3382 qui
1217 3333 1372 3367 tenent
1403 3324 1559 3367 locum
1586 3324 1872 3384 septuaginta
1903 3322 2099 3369 duorum
2125 3323 2255 3369 disci-

288 3394 502 3454 pulorum
530 3394 716 3448 Christi,
745 3403 794 3438 ut
819 3393 927 3437 dicit
955 3391 1106 3437 Gloss.
1136 3391 1245 3434 Luc.
1280 3404 1343 3435 10.
1373 3391 1462 3448 (cit.
1491 3393 1534 3436 in
1561 3392 1687 3450 arg..)

380 3463 456 3507 AD
487 3474 703 3506 TERTIUM
727 3460 985 3513 dicendum,
1011 3458 1149 3518 quod,
1171 3458 1287 3502 sicut
1313 3472 1446 3516 supra
1471 3459 1642 3502 dictum
1669 3469 1736 3503 est
1763 3459 1820 3518 (q.
1839 3457 1902 3518 65.
1920 3464 2000 3505 art.
2017 3472 2055 3518 3.
2071 3459 2118 3503 in
2137 3465 2252 3519 εοφ.

289 3536 326 3575 et
351 3529 406 3574 ad
431 3544 458 3587 4
464 3529 512 3587 .)‚
541 3538 881 3573 sacramentum
905 3525 1118 3586 baptismi
1141 3535 1207 3569 est
1233 3525 1524 3602 potissimum
1545 3526 1829 3581 necessitate,
1851 3525 1930 3570 sed
1947 3534 2170 3585 quantum
2194 3525 2251 3571 ad
2316 3522 2348 3587 {gi

290 3596 633 3657 perfectionem,
660 3606 764 3641 sunt
790 3595 1016 3655 quaedam
1042 3592 1131 3638 alia
1156 3592 1350 3652 potiora,
1378 3607 1493 3652 quae
1521 3593 1748 3652 episcopis
1772 3601 2074 3640 reservantur.
2330 3595 2334 3602 ⁴
