2352 3926
641 236 920 285 QUABSTIO
938 255 940 257 >
960 235 1147 276 vanl.
1190 235 1430 277 Amnem.
1438 234 1506 275 US
1546 235 1620 274 lx,
1995 236 2023 290 5
2033 237 2062 291 9
2076 237 2096 274 Ι

852 452 1285 512 ARTICULUS
1327 453 1426 508 rx.
2021 480 2103 527 392

647 589 842 629 UTRUM
880 589 1039 628 PUERI
1079 589 1203 629 SINT
1244 587 1589 628 BAPTIZANDI.

333 697 394 757 (4.
426 700 538 744 Dist.
570 713 612 757 4.
644 715 683 758 q.
711 714 748 759 3.
780 706 861 744 art.
894 715 929 745 r.
956 714 994 758 q.
1027 715 1062 745 r.
1096 705 1132 744 et
1164 699 1269 743 Mal.
1304 714 1342 757 q.
1368 712 1410 756 4.
1444 705 1526 743 art.
1553 713 1586 743 r.
1621 705 1736 758 corp.
1768 699 1908 756 princ.

434 771 471 811 et
503 766 657 823 Quodl.
689 779 731 823 4.
764 772 847 811 art.
874 781 940 812 ro.
972 774 1085 825 corp.
1110 772 1147 811 et
1180 766 1332 823 Quodl.
1367 781 1409 824 9.
1436 771 1516 810 art.
1551 779 1618 810 22.
1647 765 1800 825 corp).

225 875 303 921 AD
328 888 507 921 NONUM
531 876 596 920 sic
622 876 894 935 proceditur.
922 875 1126 931 Videtur,
1160 876 1282 935 quod
1314 876 1443 934 pueri
1474 889 1568 920 non
1601 885 1705 920 sunt
1743 874 2025 935 baptizandi:
2053 875 2101 920 in

137 955 230 1002 quo
255 944 395 998 enim,
430 943 508 1003 qui
546 944 810 1004 baptizatur,
842 944 1082 1003 requiritur
1126 943 1318 988 intentio
1351 943 1627 1002 suscipiendi
1667 952 2020 997 sacramentum,
2053 952 2101 987 ut

135 1023 271 1071 supra
297 1010 468 1056 dictum
488 1021 555 1056 est
580 1013 682 1070 (art.
707 1025 746 1071 7.
762 1010 850 1069 huj.
878 1014 936 1070 q.)
959 1010 1257 1070 :hujusmodi
1283 1019 1437 1054 autem
1463 1010 1763 1054 intentionem
1790 1025 1884 1054 non
1909 1019 2101 1069 possunt

136 1078 265 1137 pueri
289 1078 471 1134 habere,
497 1093 603 1123 cum
629 1093 723 1122 non
749 1078 948 1123 habeant
973 1093 1107 1122 usum
1133 1078 1264 1122 liberi
1288 1077 1481 1131 arbitrii;
1508 1090 1617 1135 ergo
1644 1077 1835 1132 videtur,
1862 1077 1985 1137 quod
2004 1091 2099 1122 non

135 1144 312 1204 possint
333 1145 565 1204 suscipere
581 1156 919 1190 sacramentum
946 1146 1172 1205 baptismi.

226 1224 268 1256 2.
300 1211 598 1259 PRAETEREA.
641 1214 900 1273 Baptismus
941 1223 1010 1258 est
1048 1213 1155 1258 fidei
1194 1222 1547 1266 sacramentum,
1580 1222 1630 1256 ut
1673 1226 1808 1272 supra
1840 1211 2012 1256 dictum
2035 1221 2103 1257 est

132 1278 195 1338 (q.
227 1279 292 1339 65.
323 1287 406 1326 art.
440 1281 527 1339 r.).·
554 1282 634 1326 sed
672 1281 806 1341 pueri
835 1296 929 1326 non
960 1281 1130 1326 habent
1162 1280 1317 1335 fidem,
1359 1294 1475 1339 quae
1515 1279 1722 1324 consistit
1746 1279 1792 1323 in
1819 1280 2100 1324 credentium

133 1344 382 1402 voluntate,
409 1357 458 1392 ut
482 1348 676 1407 August.
704 1348 814 1393 dicit
838 1362 972 1408 super
990 1349 1121 1407 Joan.
1150 1347 1293 1405 (tract.
1327 1347 1398 1394 26.
1436 1347 1645 1406 aliquant.
1671 1361 1697 1391 a
1715 1349 1858 1407 princ.
1890 1353 1928 1393 et
1953 1347 2023 1392 lib.
2056 1347 2103 1393 de

133 1413 339 1460 Praedest.
364 1415 554 1460 Sanctor.
571 1423 662 1475 cap.
674 1429 711 1475 5.
730 1418 774 1460 in
788 1415 922 1476 fin.).·
950 1429 1034 1460 nec
1057 1415 1195 1460 etiam
1221 1424 1371 1473 potest
1402 1414 1505 1468 dici,
1538 1413 1661 1473 quod
1687 1413 1917 1458 salventur
1940 1414 1988 1458 in
2013 1413 2102 1458 fide

132 1491 387 1540 parentum,
423 1482 529 1542 quia
560 1483 834 1543 quandoque
876 1493 1086 1543 parentes
1114 1491 1219 1527 sunt
1244 1481 1465 1536 infideles,
1498 1490 1542 1526 et
1566 1481 1630 1526 sic
1663 1481 1811 1540 magis
1836 1495 1916 1541 per
1942 1495 2101 1525 eorum

131 1547 447 1595 infidelitatem
473 1550 820 1605 damnarentur3
847 1564 957 1609 ergo
983 1550 1174 1604 videtur,
1192 1549 1315 1609 quod
1342 1549 1470 1608 pueri
1494 1563 1588 1593 non
1614 1549 1792 1608 possint
1811 1548 2042 1608 baptizari.

208 1631 263 1675 3·
289 1617 587 1663 Pus-mm.
620 1631 655 1662 1.
689 1617 808 1662 Petr.
839 1631 876 1676 3.
904 1617 1080 1671 dicitur,
1108 1617 1232 1676 quod
1271 1617 1455 1661 homines
1485 1616 1621 1661 salvos
1642 1617 1756 1675 facit
1781 1618 2000 1677 baptisma,
2019 1631 2103 1661 non

133 1685 272 1729 carnis
296 1683 491 1744 depositio
520 1684 721 1740 sordium,
753 1685 821 1730 sed
852 1686 1120 1730 conscientiae
1154 1686 1283 1730 bonae
1315 1685 1585 1743 interrogatio
1607 1685 1653 1728 in
1667 1684 1808 1729 Deum
1828 1701 1843 1727 .·
1873 1683 1952 1728 sed
1973 1685 2099 1743 pueri

131 1764 280 1810 neque
305 1752 636 1799 conscientiam
661 1752 830 1797 habent
854 1751 1041 1806 bonam,
1068 1751 1143 1796 vel
1169 1750 1356 1805 malam,
1384 1764 1610 1795 cum-non
1638 1750 1835 1796 habeant
1867 1765 1999 1795 usum
2031 1766 2097 1796 ra-

131 1816 291 1862 tionis:
322 1833 472 1878 neque
504 1819 643 1864 etiam
684 1819 1010 1864 convenienter
1048 1819 1135 1879 ipsi
1164 1819 1515 1877 interrogantur,
1549 1832 1653 1862 cum
1686 1832 1782 1862 non
1817 1817 2099 1877 intelligant3

130 1897 227 1929 non
248 1899 359 1944 ergo
386 1885 514 1945 pueri
539 1886 704 1931 debent
727 1886 957 1946 baptizari.

222 1951 318 1998 SED
350 1966 547 1999 CONTRA
590 1963 671 2007 est,
711 1954 833 2013 quod
859 1954 1109 2013 Dionysius
1155 1953 1266 1997 dicit
1305 1952 1384 1997 ult.
1413 1966 1510 2012 cap.
1544 1951 1666 1997 Eccl.
1701 1952 1937 1997 Hierarch.
1969 1961 2092 2009 (vers.

125 2019 254 2078 fin.).·
282 2035 306 2061 «
331 2020 488 2064 Divini
511 2021 655 2065 nostri
680 2020 819 2066 duces
846 2020 1041 2079 (scilicet
1066 2020 1302 2080 'apostoli)
1330 2019 1635 2078 probaverunt
1666 2019 1859 2065 infantes
1884 2020 2024 2080 recipi
2042 2020 2097 2064 ad

130 2085 408 2144 baptismum
439 2104 480 2132 x».

218 2153 506 2200 RESPONDEo
540 2154 799 2209 dicendum,
841 2154 978 2214 quod,
1005 2155 1121 2199 sicut
1161 2154 1324 2214 Apost.
1350 2154 1460 2199 dicit
1490 2154 1626 2199 Rom.
1659 2167 1711 2212 5.:
1738 2155 1784 2200 Si
1808 2156 1931 2200 unius
1951 2154 2098 2200 delicta

130 2234 242 2266 mors
271 2222 464 2280 regnavit
486 2229 565 2281 per
596 2237 730 2266 unum
748 2221 944 2280 (scilicet
968 2237 1048 2282 per
1074 2222 1264 2280 Adam),
1297 2222 1427 2267 multo
1454 2224 1587 2280 magis
1603 2222 1906 2266 abundantiam
1921 2225 2097 2281 gratiae,

129 2293 168 2333 ei
189 2287 438 2343 donationis,
457 2295 493 2334 et
502 2290 690 2348 justitiae
716 2291 970 2349 accipientes,
991 2291 1036 2334 in
1059 2291 1151 2334 vita
1177 2291 1411 2348 regnabunt
1430 2297 1509 2348 per
1540 2304 1670 2333 unum
1683 2290 1822 2346 Iesum
1849 2289 2060 2334 Christum
2081 2306 2093 2334 :

129 2355 257 2414 pueri
282 2366 434 2400 autem
466 2370 520 2400 ex
561 2366 752 2415 peccato
789 2356 920 2400 Adae
951 2366 1195 2416 peccatum
1241 2355 1464 2415 originale
1498 2356 1788 2411 contrahunt,
1821 2356 1943 2416 quod
1976 2367 2099 2416 patet

128 2435 183 2468 ex
212 2423 319 2479 hoc,
341 2424 463 2484 quod
490 2434 594 2468 sunt
615 2423 882 2468 mortalitati
913 2424 1116 2482 subjecti,
1147 2437 1263 2483 quae
1291 2437 1371 2483 per
1397 2433 1636 2483 peccatum
1663 2424 1799 2482 primi
1822 2423 2025 2469 hominis
2049 2425 2096 2468 in

129 2503 293 2536 omnes
317 2491 587 2551 pertransiit,
614 2501 663 2535 ut
687 2489 940 2551 Apostolus
966 2490 1139 2535 ibidem
1167 2491 1304 2535 dicit:
1332 2491 1452 2535 unde
1486 2490 1632 2535 multo
1665 2491 1813 2550 magis
1845 2493 1972 2551 pueri
1997 2505 2098 2551 pos-

128 2566 234 2602 sunt
255 2571 336 2617 per
362 2557 598 2603 Christum
624 2558 819 2618 gratiam
846 2559 1072 2617 accipere,
1099 2568 1148 2602 ut
1180 2567 1372 2617 regnent
1401 2557 1448 2601 in
1470 2558 1562 2602 vita
1589 2567 1783 2602 aeterna.
1811 2559 1913 2617 Ipse
1942 2569 2094 2603 autem

129 2622 358 2668 Dominus
382 2619 492 2670 dicit
515 2625 646 2683 Joan.
678 2638 714 2682 3.
741 2625 863 2685 quod
891 2627 972 2671 nisi
997 2628 1087 2685 quis
1109 2632 1277 2670 renatus
1292 2626 1433 2685 fuerit
1449 2641 1497 2670 ex
1523 2640 1648 2686 aqua,
1683 2632 1720 2671 et
1741 2627 1902 2686 Spiritu
1927 2626 2091 2680 Sanct0,

128 2705 212 2736 non
226 2698 353 2751 potest
375 2694 552 2738 introire
573 2695 619 2736 in
650 2708 824 2751 regnum
850 2694 968 2737 Dei:
997 2694 1117 2737 unde
1139 2695 1450 2738 necessarium
1472 2692 1569 2748 fuit,
1595 2708 1761 2753 pueros
1787 2694 2017 2753 baptizari,
2044 2704 2093 2737 ut

102 2783 107 2787 -
129 2758 246 2802 sicut
270 2773 351 2818 per
374 2758 527 2804 Adam
558 2759 900 2805 damnationem
935 2760 1222 2805 incurrerunt
1245 2761 1492 2814 nascendo,
1525 2762 1588 2805 ita
1610 2775 1690 2820 per
1717 2760 1951 2806 Christum
1979 2759 2093 2805 salu-

127 2835 221 2870 tern
254 2836 586 2885 consequantur
617 2825 911 2872 renascendo.
949 2827 1051 2872 Fuit
1083 2828 1222 2872 etiam
1260 2828 1536 2872 conveniens
1575 2842 1741 2887 pueros
1774 2827 2002 2887 baptizari,
2044 2836 2092 2871 ut

129 2906 154 2936 a
181 2893 371 2952 pueritia
403 2893 557 2939 nutriti
582 2893 628 2937 in
658 2893 743 2947 his,
775 2908 891 2953 quae
925 2904 1031 2939 sunt
1058 2895 1331 2939 christianae
1363 2896 1498 2950 vitae,
1525 2894 1698 2939 firmius
1730 2895 1776 2938 in
1810 2908 1861 2938 ea
1888 2909 2093 2953 perseve-

128 2971 239 3014 rent,
266 2960 517 3004 secundum
541 2959 652 3006 illud
679 2961 890 3005 Proverb.
919 2974 1012 3005 22.:
1041 2962 1280 3007 Adolescens
1305 2965 1432 3021 juxta
1456 2964 1574 3006 viam
1606 2976 1740 3016 suam,
1767 2962 1890 3006 etiam
1919 2976 2013 3005 cum
2038 2976 2094 3006 se-

126 3029 277 3081 nuerit,
310 3042 391 3071 non
422 3026 575 3072 recedet
605 3028 656 3072 ab
683 3041 761 3072 ea:
797 3038 840 3072 et
864 3028 984 3072 hanc
1010 3029 1235 3073 rationem
1269 3030 1468 3088 assignat
1498 3029 1691 3088 Dionys.
1725 3028 1802 3072 ult.
1837 3042 1933 3087 cap.
1967 3028 2090 3073 Eccl.

127 3093 329 3138 Hierarc.
355 3094 479 3151 (vers.
492 3096 611 3153 fin).

214 3161 291 3206 An
331 3174 519 3206 PR1MUM
552 3175 662 3219 ergo
706 3160 964 3216 dicendum,
997 3164 1118 3222 quod
1151 3163 1437 3222 regeneratio
1470 3161 1728 3222 spiritualis,
1766 3176 1881 3221 quae
1922 3162 1972 3207 fit
2012 3177 2092 3222 per

124 3228 417 3287 baptismum,
464 3238 531 3272 est
564 3227 916 3287 quodammodo
957 3228 1117 3274 similis
1157 3231 1391 3274 nativitate
1431 3230 1614 3283 carnali,
1648 3240 1867 3288 quantum
1895 3230 1951 3273 ad
1982 3229 2088 3285 hoc,

124 3296 248 3354 quod
289 3295 405 3339 sicut
444 3297 570 3354 pueri
612 3296 657 3338 in
693 3295 908 3340 maternis
950 3297 1087 3341 uteris
1123 3297 1355 3341 constituti
1387 3311 1480 3340 non
1523 3310 1602 3355 per
1634 3297 1805 3354 seipsos
1845 3296 2091 3341 nutrimen-

123 3372 223 3406 tum
248 3363 489 3420 accipiunt,
516 3362 595 3406 sed
623 3377 674 3406 ex
700 3363 977 3407 nutrimento
1010 3364 1165 3408 matris
1199 3373 1535 3417 sustentantur3
1562 3364 1623 3407 ita
1656 3364 1792 3406 etiam
1826 3364 1953 3422 pueri
1978 3378 2090 3409 non-

122 3429 234 3473 dum
263 3429 482 3474 habentes
509 3443 641 3474 usum
666 3428 869 3482 rationis,
896 3430 1023 3488 quasi
1050 3430 1096 3474 in
1124 3441 1252 3476 utero
1278 3431 1435 3474 matris
1454 3429 1685 3474 Ecclesiae
1714 3430 1960 3486 constituti,
1992 3445 2087 3476 non

123 3509 202 3555 per
226 3496 414 3555 seipsos,
440 3497 519 3541 sed
546 3510 624 3554 per
651 3506 803 3539 actum
831 3494 1061 3541 Ecclesiae
1080 3497 1274 3542 salutem
1302 3498 1582 3556 suscipiunt:
1610 3498 1729 3541 unde
1757 3498 1951 3557 August.
1979 3499 2088 3544 dicit

121 3562 170 3606 in
194 3561 311 3607 libro
341 3575 378 3607 1.
404 3563 460 3608 de
485 3559 790 3607 Peccatorum
814 3562 1000 3621 meritis,
1026 3574 1071 3609 et
1095 3565 1362 3609 remissione
1392 3563 1500 3623 (cap.
1527 3578 1589 3623 25.
1615 3565 1714 3609 circ.
1730 3564 1831 3623 fin.)
1847 3580 1860 3607 :
1891 3580 1916 3607 α
1939 3565 2087 3611 Mater

123 3627 329 3675 Ecclesia
354 3643 407 3675 os
432 3640 692 3675 maternum
718 3628 917 3688 parvulis
943 3630 1141 3689 praebet,
1168 3642 1216 3676 ut
1241 3631 1380 3676 sacris
1408 3630 1633 3689 mysteriis
1665 3631 1953 3688 imbuantur;
1980 3634 2084 3693 quia
