<?xml version="1.0" encoding="UTF-8"?>
<!DOCTYPE html PUBLIC "-//W3C//DTD XHTML 1.0 Transitional//EN"
    "http://www.w3.org/TR/xhtml1/DTD/xhtml1-transitional.dtd">
<html xmlns="http://www.w3.org/1999/xhtml" xml:lang="en" lang="en">
 <head>
  <title>
</title>
<meta http-equiv="Content-Type" content="text/html;charset=utf-8" />
  <meta name='ocr-system' content='tesseract 3.04.00' />
  <meta name='ocr-capabilities' content='ocr_page ocr_carea ocr_par ocr_line ocrx_word'/>
</head>
<body>
  <div class='ocr_page' id='page_1' title='image "./divithomaeaquina04thom_0484.png"; bbox 0 0 2352 3926; ppageno 0'>
   <div class='ocr_carea' id='block_1_1' title="bbox 308 212 1742 290">
    <p class='ocr_par' dir='ltr' id='par_1_1' title="bbox 308 212 1742 290">
     <span class='ocr_line' id='line_1_1' title="bbox 308 212 1742 290; baseline -0.005 -18"><span class='ocrx_word' id='word_1_1' title='bbox 308 218 417 290; x_wconf 85' lang='lat'>480</span> <span class='ocrx_word' id='word_1_2' title='bbox 828 229 1106 275; x_wconf 78' lang='lat' dir='ltr'>QUAESTIO</span> <span class='ocrx_word' id='word_1_3' title='bbox 1149 228 1277 266; x_wconf 82' lang='lat' dir='ltr'>Lv11.</span> <span class='ocrx_word' id='word_1_4' title='bbox 1317 212 1625 267; x_wconf 81' lang='lat' dir='ltr'>ARTICULUs</span> <span class='ocrx_word' id='word_1_5' title='bbox 1665 226 1742 266; x_wconf 90' lang='lat'>111.</span> 
     </span>
    </p>
   </div>
   <div class='ocr_carea' id='block_1_2' title="bbox 307 327 2352 2939">
    <p class='ocr_par' dir='ltr' id='par_1_2' title="bbox 307 327 2279 1732">
     <span class='ocr_line' id='line_1_2' title="bbox 309 327 2271 394; baseline -0.003 -15"><span class='ocrx_word' id='word_1_6' title='bbox 309 335 528 394; x_wconf 86' lang='lat' dir='ltr'>corporis,</span> <span class='ocrx_word' id='word_1_7' title='bbox 556 343 600 377; x_wconf 88' lang='lat' dir='ltr'>et</span> <span class='ocrx_word' id='word_1_8' title='bbox 631 347 711 390; x_wconf 92' lang='lat' dir='ltr'>per</span> <span class='ocrx_word' id='word_1_9' title='bbox 737 345 840 375; x_wconf 90' lang='lat' dir='ltr'>earn</span> <span class='ocrx_word' id='word_1_10' title='bbox 875 330 1102 374; x_wconf 89' lang='lat' dir='ltr'>elementa</span> <span class='ocrx_word' id='word_1_11' title='bbox 1129 331 1357 373; x_wconf 86' lang='lat' dir='ltr'>contraria</span> <span class='ocrx_word' id='word_1_12' title='bbox 1400 327 1637 372; x_wconf 89' lang='lat' dir='ltr'>conciliari</span> <span class='ocrx_word' id='word_1_13' title='bbox 1677 328 1723 372; x_wconf 91' lang='lat' dir='ltr'>in</span> <span class='ocrx_word' id='word_1_14' title='bbox 1755 343 1916 383; x_wconf 91' lang='lat' dir='ltr'>unurn,</span> <span class='ocrx_word' id='word_1_15' title='bbox 1948 329 2014 373; x_wconf 83' lang='lat' dir='ltr'>ita</span> <span class='ocrx_word' id='word_1_16' title='bbox 2059 329 2271 389; x_wconf 62' lang='lat' dir='ltr'>quod÷22in</span> 
     </span>
     <span class='ocr_line' id='line_1_3' title="bbox 308 395 2265 458; baseline -0.002 -13"><span class='ocrx_word' id='word_1_17' title='bbox 308 412 425 445; x_wconf 89' lang='lat' dir='ltr'>statu</span> <span class='ocrx_word' id='word_1_18' title='bbox 449 402 581 458; x_wconf 90' lang='lat' dir='ltr'>hujus</span> <span class='ocrx_word' id='word_1_19' title='bbox 602 397 887 441; x_wconf 87' lang='lat' dir='ltr'>mortalitatis</span> <span class='ocrx_word' id='word_1_20' title='bbox 904 407 1065 440; x_wconf 79' lang='lat' dir='ltr'>natura</span> <span class='ocrx_word' id='word_1_21' title='bbox 1084 395 1372 440; x_wconf 87' lang='lat' dir='ltr'>elementaris</span> <span class='ocrx_word' id='word_1_22' title='bbox 1398 396 1445 438; x_wconf 91' lang='lat' dir='ltr'>in</span> <span class='ocrx_word' id='word_1_23' title='bbox 1464 395 1729 452; x_wconf 86' lang='lat' dir='ltr'>corporibus</span> <span class='ocrx_word' id='word_1_24' title='bbox 1747 396 1962 441; x_wconf 88' lang='lat' dir='ltr'>humanis</span> <span class='ocrx_word' id='word_1_25' title='bbox 1980 396 2265 451; x_wconf 68' lang='lat' dir='ltr'>dominatur:</span> 
     </span>
     <span class='ocr_line' id='line_1_4' title="bbox 309 462 2271 522; baseline -0.002 -11"><span class='ocrx_word' id='word_1_26' title='bbox 309 479 352 512; x_wconf 89' lang='lat' dir='ltr'>et</span> <span class='ocrx_word' id='word_1_27' title='bbox 387 469 490 511; x_wconf 90' lang='lat' dir='ltr'>ideo</span> <span class='ocrx_word' id='word_1_28' title='bbox 518 466 771 509; x_wconf 89' lang='lat' dir='ltr'>secundum</span> <span class='ocrx_word' id='word_1_29' title='bbox 803 474 1014 507; x_wconf 88' lang='lat' dir='ltr'>naturam</span> <span class='ocrx_word' id='word_1_30' title='bbox 1042 462 1257 507; x_wconf 90' lang='lat' dir='ltr'>elementi</span> <span class='ocrx_word' id='word_1_31' title='bbox 1284 462 1672 522; x_wconf 89' lang='lat' dir='ltr'>praedominantis</span> <span class='ocrx_word' id='word_1_32' title='bbox 1707 476 1871 520; x_wconf 90' lang='lat' dir='ltr'>corpus</span> <span class='ocrx_word' id='word_1_33' title='bbox 1902 463 2165 508; x_wconf 64' lang='lat' dir='ltr'>humanun‘t</span> <span class='ocrx_word' id='word_1_34' title='bbox 2194 477 2271 508; x_wconf 71' lang='lat' dir='ltr'>na-</span> 
     </span>
     <span class='ocr_line' id='line_1_5' title="bbox 307 528 2274 587; baseline -0.002 -10"><span class='ocrx_word' id='word_1_35' title='bbox 307 534 442 578; x_wconf 87' lang='lat' dir='ltr'>turali</span> <span class='ocrx_word' id='word_1_36' title='bbox 467 534 630 576; x_wconf 86' lang='lat' dir='ltr'>virtute</span> <span class='ocrx_word' id='word_1_37' title='bbox 657 532 874 575; x_wconf 89' lang='lat' dir='ltr'>deorsum</span> <span class='ocrx_word' id='word_1_38' title='bbox 899 530 1062 583; x_wconf 86' lang='lat' dir='ltr'>fertur;</span> <span class='ocrx_word' id='word_1_39' title='bbox 1080 531 1126 573; x_wconf 89' lang='lat' dir='ltr'>in</span> <span class='ocrx_word' id='word_1_40' title='bbox 1153 540 1272 573; x_wconf 90' lang='lat' dir='ltr'>statu</span> <span class='ocrx_word' id='word_1_41' title='bbox 1300 539 1452 572; x_wconf 89' lang='lat' dir='ltr'>autem</span> <span class='ocrx_word' id='word_1_42' title='bbox 1471 528 1644 586; x_wconf 86' lang='lat' dir='ltr'>gloriae</span> <span class='ocrx_word' id='word_1_43' title='bbox 1671 529 2088 587; x_wconf 80' lang='lat' dir='ltr'>praedominabitur</span> <span class='ocrx_word' id='word_1_44' title='bbox 2109 539 2274 574; x_wconf 81' lang='lat' dir='ltr'>natura</span> 
     </span>
     <span class='ocr_line' id='line_1_6' title="bbox 309 595 2275 658; baseline -0.001 -14"><span class='ocrx_word' id='word_1_45' title='bbox 309 600 535 652; x_wconf 77' lang='lat' dir='ltr'>coelesti3‚</span> <span class='ocrx_word' id='word_1_46' title='bbox 562 614 640 658; x_wconf 90' lang='lat' dir='ltr'>per</span> <span class='ocrx_word' id='word_1_47' title='bbox 668 600 794 655; x_wconf 81' lang='lat' dir='ltr'>cujus</span> <span class='ocrx_word' id='word_1_48' title='bbox 821 597 1182 650; x_wconf 84' lang='lat' dir='ltr'>inclinationem,</span> <span class='ocrx_word' id='word_1_49' title='bbox 1210 606 1255 640; x_wconf 91' lang='lat' dir='ltr'>et</span> <span class='ocrx_word' id='word_1_50' title='bbox 1278 597 1493 639; x_wconf 90' lang='lat' dir='ltr'>virtutem</span> <span class='ocrx_word' id='word_1_51' title='bbox 1521 609 1685 652; x_wconf 90' lang='lat' dir='ltr'>corpus</span> <span class='ocrx_word' id='word_1_52' title='bbox 1703 595 1888 649; x_wconf 88' lang='lat' dir='ltr'>Christi,</span> <span class='ocrx_word' id='word_1_53' title='bbox 1914 605 1960 640; x_wconf 89' lang='lat' dir='ltr'>et</span> <span class='ocrx_word' id='word_1_54' title='bbox 1985 596 2074 639; x_wconf 88' lang='lat' dir='ltr'>alia</span> <span class='ocrx_word' id='word_1_55' title='bbox 2098 607 2275 642; x_wconf 83' lang='lat' dir='ltr'>sancto·</span> 
     </span>
     <span class='ocr_line' id='line_1_7' title="bbox 307 662 2273 723; baseline -0.002 -12"><span class='ocrx_word' id='word_1_56' title='bbox 307 682 408 711; x_wconf 91' lang='lat' dir='ltr'>rum</span> <span class='ocrx_word' id='word_1_57' title='bbox 437 680 630 723; x_wconf 91' lang='lat' dir='ltr'>corpora</span> <span class='ocrx_word' id='word_1_58' title='bbox 651 665 855 709; x_wconf 89' lang='lat' dir='ltr'>feruntur</span> <span class='ocrx_word' id='word_1_59' title='bbox 880 665 926 707; x_wconf 92' lang='lat' dir='ltr'>in</span> <span class='ocrx_word' id='word_1_60' title='bbox 951 663 1158 708; x_wconf 87' lang='lat' dir='ltr'>coelum:</span> <span class='ocrx_word' id='word_1_61' title='bbox 1183 664 1261 707; x_wconf 91' lang='lat' dir='ltr'>sed</span> <span class='ocrx_word' id='word_1_62' title='bbox 1294 664 1348 706; x_wconf 93' lang='lat' dir='ltr'>de</span> <span class='ocrx_word' id='word_1_63' title='bbox 1374 663 1462 706; x_wconf 91' lang='lat' dir='ltr'>hac</span> <span class='ocrx_word' id='word_1_64' title='bbox 1491 662 1708 720; x_wconf 89' lang='lat' dir='ltr'>opinione</span> <span class='ocrx_word' id='word_1_65' title='bbox 1735 672 1780 705; x_wconf 93' lang='lat' dir='ltr'>et</span> <span class='ocrx_word' id='word_1_66' title='bbox 1800 663 1847 705; x_wconf 90' lang='lat' dir='ltr'>in</span> <span class='ocrx_word' id='word_1_67' title='bbox 1886 676 1921 706; x_wconf 93' lang='lat'>1.</span> <span class='ocrx_word' id='word_1_68' title='bbox 1948 672 2074 720; x_wconf 88' lang='lat' dir='ltr'>parte</span> <span class='ocrx_word' id='word_1_69' title='bbox 2100 664 2273 708; x_wconf 77' lang='lat' dir='ltr'>dictum</span> 
     </span>
     <span class='ocr_line' id='line_1_8' title="bbox 309 729 2275 792; baseline -0.002 -14"><span class='ocrx_word' id='word_1_70' title='bbox 309 745 375 778; x_wconf 90' lang='lat' dir='ltr'>est</span> <span class='ocrx_word' id='word_1_71' title='bbox 403 734 459 792; x_wconf 86' lang='lat' dir='ltr'>(q.</span> <span class='ocrx_word' id='word_1_72' title='bbox 494 734 562 792; x_wconf 79' lang='lat'>75.</span> <span class='ocrx_word' id='word_1_73' title='bbox 595 740 664 777; x_wconf 87' lang='lat' dir='ltr'>art</span> <span class='ocrx_word' id='word_1_74' title='bbox 696 733 773 791; x_wconf 90' lang='lat'>7.),</span> <span class='ocrx_word' id='word_1_75' title='bbox 808 742 852 776; x_wconf 89' lang='lat' dir='ltr'>et</span> <span class='ocrx_word' id='word_1_76' title='bbox 883 731 997 774; x_wconf 90' lang='lat' dir='ltr'>infra</span> <span class='ocrx_word' id='word_1_77' title='bbox 1031 731 1177 789; x_wconf 88' lang='lat' dir='ltr'>magis</span> <span class='ocrx_word' id='word_1_78' title='bbox 1211 740 1369 789; x_wconf 89' lang='lat' dir='ltr'>agetur</span> <span class='ocrx_word' id='word_1_79' title='bbox 1400 730 1447 773; x_wconf 93' lang='lat' dir='ltr'>in</span> <span class='ocrx_word' id='word_1_80' title='bbox 1473 739 1668 773; x_wconf 87' lang='lat' dir='ltr'>tractatu</span> <span class='ocrx_word' id='word_1_81' title='bbox 1701 729 1756 772; x_wconf 90' lang='lat' dir='ltr'>de</span> <span class='ocrx_word' id='word_1_82' title='bbox 1789 730 2119 774; x_wconf 85' lang='lat' dir='ltr'>resurrectione</span> <span class='ocrx_word' id='word_1_83' title='bbox 2152 745 2275 789; x_wconf 85' lang='lat' dir='ltr'>com-</span> 
     </span>
     <span class='ocr_line' id='line_1_9' title="bbox 309 797 2276 859; baseline -0.001 -14"><span class='ocrx_word' id='word_1_84' title='bbox 309 802 435 845; x_wconf 90' lang='lat' dir='ltr'>muni</span> <span class='ocrx_word' id='word_1_85' title='bbox 462 803 525 857; x_wconf 86' lang='lat' dir='ltr'>(in</span> <span class='ocrx_word' id='word_1_86' title='bbox 552 801 758 859; x_wconf 81' lang='lat' dir='ltr'>Supplem.</span> <span class='ocrx_word' id='word_1_87' title='bbox 786 815 822 857; x_wconf 87' lang='lat' dir='ltr'>q.</span> <span class='ocrx_word' id='word_1_88' title='bbox 846 800 917 855; x_wconf 86' lang='lat'>84.</span> <span class='ocrx_word' id='word_1_89' title='bbox 945 805 1027 843; x_wconf 84' lang='lat' dir='ltr'>art.</span> <span class='ocrx_word' id='word_1_90' title='bbox 1055 800 1127 856; x_wconf 77' lang='grc'>1.).</span> <span class='ocrx_word' id='word_1_91' title='bbox 1157 798 1254 841; x_wconf 89' lang='lat' dir='ltr'>Hac</span> <span class='ocrx_word' id='word_1_92' title='bbox 1284 807 1437 841; x_wconf 89' lang='lat' dir='ltr'>autem</span> <span class='ocrx_word' id='word_1_93' title='bbox 1465 797 1682 855; x_wconf 89' lang='lat' dir='ltr'>opinione</span> <span class='ocrx_word' id='word_1_94' title='bbox 1707 797 2039 854; x_wconf 87' lang='lat' dir='ltr'>praetermissa,</span> <span class='ocrx_word' id='word_1_95' title='bbox 2067 797 2145 842; x_wconf 90' lang='lat' dir='ltr'>alii</span> <span class='ocrx_word' id='word_1_96' title='bbox 2169 799 2276 843; x_wconf 83' lang='lat' dir='ltr'>assi·</span> 
     </span>
     <span class='ocr_line' id='line_1_10' title="bbox 309 863 2277 926; baseline -0.001 -16"><span class='ocrx_word' id='word_1_97' title='bbox 309 877 450 926; x_wconf 86' lang='lat' dir='ltr'>gnant</span> <span class='ocrx_word' id='word_1_98' title='bbox 467 867 693 910; x_wconf 91' lang='lat' dir='ltr'>rationem</span> <span class='ocrx_word' id='word_1_99' title='bbox 710 866 967 925; x_wconf 86' lang='lat' dir='ltr'>praedictae</span> <span class='ocrx_word' id='word_1_100' title='bbox 984 865 1158 909; x_wconf 90' lang='lat' dir='ltr'>virtutis</span> <span class='ocrx_word' id='word_1_101' title='bbox 1177 879 1231 908; x_wconf 80' lang='lat' dir='ltr'>ex</span> <span class='ocrx_word' id='word_1_102' title='bbox 1248 875 1375 923; x_wconf 89' lang='lat' dir='ltr'>parte</span> <span class='ocrx_word' id='word_1_103' title='bbox 1394 864 1574 907; x_wconf 89' lang='lat' dir='ltr'>animae</span> <span class='ocrx_word' id='word_1_104' title='bbox 1593 863 1888 922; x_wconf 86' lang='lat' dir='ltr'>glorificatae,</span> <span class='ocrx_word' id='word_1_105' title='bbox 1901 877 1955 908; x_wconf 86' lang='lat' dir='ltr'>ex</span> <span class='ocrx_word' id='word_1_106' title='bbox 1973 865 2100 923; x_wconf 86' lang='lat' dir='ltr'>cujus</span> <span class='ocrx_word' id='word_1_107' title='bbox 2117 866 2277 909; x_wconf 82' lang='lat' dir='ltr'>redun-</span> 
     </span>
     <span class='ocr_line' id='line_1_11' title="bbox 310 931 2275 992; baseline -0.001 -14"><span class='ocrx_word' id='word_1_108' title='bbox 310 935 462 978; x_wconf 88' lang='lat' dir='ltr'>dantia</span> <span class='ocrx_word' id='word_1_109' title='bbox 481 933 808 992; x_wconf 88' lang='lat' dir='ltr'>glorificabitur</span> <span class='ocrx_word' id='word_1_110' title='bbox 834 947 1013 992; x_wconf 90' lang='lat' dir='ltr'>corpus,</span> <span class='ocrx_word' id='word_1_111' title='bbox 1037 943 1085 976; x_wconf 91' lang='lat' dir='ltr'>ut</span> <span class='ocrx_word' id='word_1_112' title='bbox 1110 932 1230 990; x_wconf 87' lang='lat' dir='ltr'>Aug.</span> <span class='ocrx_word' id='word_1_113' title='bbox 1250 932 1358 974; x_wconf 89' lang='lat' dir='ltr'>dicit</span> <span class='ocrx_word' id='word_1_114' title='bbox 1383 931 1439 974; x_wconf 91' lang='lat' dir='ltr'>ad</span> <span class='ocrx_word' id='word_1_115' title='bbox 1466 932 1623 975; x_wconf 90' lang='lat' dir='ltr'>Diosc.</span> <span class='ocrx_word' id='word_1_116' title='bbox 1639 931 1775 990; x_wconf 75' lang='lat' dir='ltr'>(epist.</span> <span class='ocrx_word' id='word_1_117' title='bbox 1795 931 1862 988; x_wconf 84' lang='lat'>56.</span> <span class='ocrx_word' id='word_1_118' title='bbox 1889 938 1982 976; x_wconf 79' lang='lat' dir='ltr'>ante</span> <span class='ocrx_word' id='word_1_119' title='bbox 2006 931 2163 990; x_wconf 72' lang='lat' dir='ltr'>med.):</span> <span class='ocrx_word' id='word_1_120' title='bbox 2190 932 2275 976; x_wconf 89' lang='lat' dir='ltr'>erit</span> 
     </span>
     <span class='ocr_line' id='line_1_12' title="bbox 310 998 2266 1058; baseline -0.001 -13"><span class='ocrx_word' id='word_1_121' title='bbox 310 1002 433 1045; x_wconf 92' lang='lat' dir='ltr'>enim</span> <span class='ocrx_word' id='word_1_122' title='bbox 465 1011 589 1045; x_wconf 89' lang='lat' dir='ltr'>tanta</span> <span class='ocrx_word' id='word_1_123' title='bbox 607 1000 866 1044; x_wconf 89' lang='lat' dir='ltr'>obedientia</span> <span class='ocrx_word' id='word_1_124' title='bbox 893 1000 1098 1058; x_wconf 91' lang='lat' dir='ltr'>corporis</span> <span class='ocrx_word' id='word_1_125' title='bbox 1117 998 1306 1057; x_wconf 88' lang='lat' dir='ltr'>gloriosi</span> <span class='ocrx_word' id='word_1_126' title='bbox 1325 998 1379 1042; x_wconf 91' lang='lat' dir='ltr'>ad</span> <span class='ocrx_word' id='word_1_127' title='bbox 1399 999 1601 1042; x_wconf 85' lang='lat' dir='ltr'>animam</span> <span class='ocrx_word' id='word_1_128' title='bbox 1624 998 1822 1052; x_wconf 88' lang='lat' dir='ltr'>beatam,</span> <span class='ocrx_word' id='word_1_129' title='bbox 1844 998 1982 1057; x_wconf 91' lang='lat' dir='ltr'>quod,</span> <span class='ocrx_word' id='word_1_130' title='bbox 2003 999 2121 1043; x_wconf 88' lang='lat' dir='ltr'>sicut</span> <span class='ocrx_word' id='word_1_131' title='bbox 2145 998 2266 1058; x_wconf 86' lang='lat' dir='ltr'>Aug.</span> 
     </span>
     <span class='ocr_line' id='line_1_13' title="bbox 310 1061 2276 1124; baseline -0.001 -12"><span class='ocrx_word' id='word_1_132' title='bbox 310 1069 419 1112; x_wconf 90' lang='lat' dir='ltr'>dicit</span> <span class='ocrx_word' id='word_1_133' title='bbox 459 1081 528 1112; x_wconf 87' lang='lat'>22.</span> <span class='ocrx_word' id='word_1_134' title='bbox 563 1069 617 1112; x_wconf 90' lang='lat' dir='ltr'>de</span> <span class='ocrx_word' id='word_1_135' title='bbox 661 1068 798 1112; x_wconf 89' lang='lat' dir='ltr'>Civit.</span> <span class='ocrx_word' id='word_1_136' title='bbox 831 1067 922 1111; x_wconf 87' lang='lat' dir='ltr'>Dei</span> <span class='ocrx_word' id='word_1_137' title='bbox 956 1067 1068 1124; x_wconf 81' lang='lat' dir='ltr'>(cap.</span> <span class='ocrx_word' id='word_1_138' title='bbox 1101 1066 1176 1110; x_wconf 89' lang='lat' dir='ltr'>ult.</span> <span class='ocrx_word' id='word_1_139' title='bbox 1211 1074 1365 1124; x_wconf 83' lang='lat' dir='ltr'>parum</span> <span class='ocrx_word' id='word_1_140' title='bbox 1398 1079 1423 1109; x_wconf 84' lang='lat' dir='ltr'>a</span> <span class='ocrx_word' id='word_1_141' title='bbox 1450 1065 1629 1124; x_wconf 60' lang='lat' dir='ltr'>princ),</span> <span class='ocrx_word' id='word_1_142' title='bbox 1677 1081 1699 1105; x_wconf 89' lang='lat'>«</span> <span class='ocrx_word' id='word_1_143' title='bbox 1722 1065 1798 1107; x_wconf 92' lang='lat' dir='ltr'>ubi</span> <span class='ocrx_word' id='word_1_144' title='bbox 1830 1064 1955 1109; x_wconf 89' lang='lat' dir='ltr'>volet</span> <span class='ocrx_word' id='word_1_145' title='bbox 1985 1061 2182 1124; x_wconf 88' lang='lat' dir='ltr'>spiritus,</span> <span class='ocrx_word' id='word_1_146' title='bbox 2215 1065 2276 1110; x_wconf 89' lang='lat' dir='ltr'>ibi</span> 
     </span>
     <span class='ocr_line' id='line_1_14' title="bbox 309 1132 2277 1195; baseline -0.002 -15"><span class='ocrx_word' id='word_1_147' title='bbox 309 1136 514 1195; x_wconf 89' lang='lat' dir='ltr'>protinus</span> <span class='ocrx_word' id='word_1_148' title='bbox 541 1136 626 1180; x_wconf 89' lang='lat' dir='ltr'>erit</span> <span class='ocrx_word' id='word_1_149' title='bbox 651 1149 840 1193; x_wconf 91' lang='lat' dir='ltr'>corpus;</span> <span class='ocrx_word' id='word_1_150' title='bbox 863 1148 947 1177; x_wconf 88' lang='lat' dir='ltr'>nec</span> <span class='ocrx_word' id='word_1_151' title='bbox 976 1133 1101 1177; x_wconf 89' lang='lat' dir='ltr'>volet</span> <span class='ocrx_word' id='word_1_152' title='bbox 1129 1133 1295 1191; x_wconf 90' lang='lat' dir='ltr'>aliquid</span> <span class='ocrx_word' id='word_1_153' title='bbox 1323 1133 1517 1190; x_wconf 81' lang='lat' dir='ltr'>spiritus,</span> <span class='ocrx_word' id='word_1_154' title='bbox 1546 1132 1668 1190; x_wconf 92' lang='lat' dir='ltr'>quod</span> <span class='ocrx_word' id='word_1_155' title='bbox 1694 1146 1778 1175; x_wconf 92' lang='lat' dir='ltr'>nec</span> <span class='ocrx_word' id='word_1_156' title='bbox 1812 1132 2019 1191; x_wconf 88' lang='lat' dir='ltr'>spiritum</span> <span class='ocrx_word' id='word_1_157' title='bbox 2044 1133 2187 1192; x_wconf 86' lang='lat' dir='ltr'>possit</span> <span class='ocrx_word' id='word_1_158' title='bbox 2204 1133 2277 1177; x_wconf 91' lang='lat' dir='ltr'>de-</span> 
     </span>
     <span class='ocr_line' id='line_1_15' title="bbox 311 1198 2273 1261; baseline -0.002 -14"><span class='ocrx_word' id='word_1_159' title='bbox 311 1218 428 1257; x_wconf 86' lang='lat' dir='ltr'>cere,</span> <span class='ocrx_word' id='word_1_160' title='bbox 454 1217 538 1247; x_wconf 93' lang='lat' dir='ltr'>nec</span> <span class='ocrx_word' id='word_1_161' title='bbox 568 1217 732 1261; x_wconf 89' lang='lat' dir='ltr'>corpus</span> <span class='ocrx_word' id='word_1_162' title='bbox 752 1218 790 1244; x_wconf 89' lang='lat'>».</span> <span class='ocrx_word' id='word_1_163' title='bbox 815 1202 962 1244; x_wconf 90' lang='lat' dir='ltr'>Decet</span> <span class='ocrx_word' id='word_1_164' title='bbox 989 1211 1139 1244; x_wconf 89' lang='lat' dir='ltr'>autern</span> <span class='ocrx_word' id='word_1_165' title='bbox 1160 1214 1323 1258; x_wconf 90' lang='lat' dir='ltr'>corpus</span> <span class='ocrx_word' id='word_1_166' title='bbox 1348 1199 1618 1257; x_wconf 87' lang='lat' dir='ltr'>gloriosum,</span> <span class='ocrx_word' id='word_1_167' title='bbox 1646 1209 1690 1242; x_wconf 89' lang='lat' dir='ltr'>et</span> <span class='ocrx_word' id='word_1_168' title='bbox 1705 1198 1966 1243; x_wconf 89' lang='lat' dir='ltr'>immortale</span> <span class='ocrx_word' id='word_1_169' title='bbox 1983 1200 2146 1244; x_wconf 87' lang='lat' dir='ltr'>essein</span> <span class='ocrx_word' id='word_1_170' title='bbox 2165 1199 2273 1244; x_wconf 93' lang='lat' dir='ltr'>loco</span> 
     </span>
     <span class='ocr_line' id='line_1_16' title="bbox 311 1266 2273 1324; baseline -0.002 -10"><span class='ocrx_word' id='word_1_171' title='bbox 311 1270 513 1323; x_wconf 86' lang='lat' dir='ltr'>coelesti,</span> <span class='ocrx_word' id='word_1_172' title='bbox 546 1270 661 1313; x_wconf 91' lang='lat' dir='ltr'>sicut</span> <span class='ocrx_word' id='word_1_173' title='bbox 687 1269 858 1312; x_wconf 89' lang='lat' dir='ltr'>dictum</span> <span class='ocrx_word' id='word_1_174' title='bbox 887 1278 952 1311; x_wconf 91' lang='lat' dir='ltr'>est</span> <span class='ocrx_word' id='word_1_175' title='bbox 981 1267 1084 1323; x_wconf 84' lang='lat' dir='ltr'>(art.</span> <span class='ocrx_word' id='word_1_176' title='bbox 1112 1282 1146 1311; x_wconf 88' lang='lat'>1.</span> <span class='ocrx_word' id='word_1_177' title='bbox 1171 1267 1259 1324; x_wconf 86' lang='lat' dir='ltr'>huj.</span> <span class='ocrx_word' id='word_1_178' title='bbox 1283 1268 1368 1324; x_wconf 89' lang='lat' dir='ltr'><em>q.):</em></span> <span class='ocrx_word' id='word_1_179' title='bbox 1398 1276 1442 1309; x_wconf 92' lang='lat' dir='ltr'>et</span> <span class='ocrx_word' id='word_1_180' title='bbox 1467 1266 1570 1308; x_wconf 91' lang='lat' dir='ltr'>ideo</span> <span class='ocrx_word' id='word_1_181' title='bbox 1599 1280 1653 1309; x_wconf 87' lang='lat' dir='ltr'>ex</span> <span class='ocrx_word' id='word_1_182' title='bbox 1674 1266 1838 1309; x_wconf 91' lang='lat' dir='ltr'>virtute</span> <span class='ocrx_word' id='word_1_183' title='bbox 1857 1266 2037 1309; x_wconf 88' lang='lat' dir='ltr'>animae</span> <span class='ocrx_word' id='word_1_184' title='bbox 2062 1266 2273 1321; x_wconf 88' lang='lat' dir='ltr'>volentis,</span> 
     </span>
     <span class='ocr_line' id='line_1_17' title="bbox 311 1331 2272 1396; baseline -0.002 -15"><span class='ocrx_word' id='word_1_185' title='bbox 311 1352 476 1396; x_wconf 91' lang='lat' dir='ltr'>corpus</span> <span class='ocrx_word' id='word_1_186' title='bbox 506 1337 678 1381; x_wconf 86' lang='lat' dir='ltr'>Christi</span> <span class='ocrx_word' id='word_1_187' title='bbox 704 1335 908 1379; x_wconf 84' lang='lat' dir='ltr'>ascendit</span> <span class='ocrx_word' id='word_1_188' title='bbox 939 1335 985 1377; x_wconf 91' lang='lat' dir='ltr'>in</span> <span class='ocrx_word' id='word_1_189' title='bbox 1013 1334 1210 1377; x_wconf 90' lang='lat' dir='ltr'>coelum.</span> <span class='ocrx_word' id='word_1_190' title='bbox 1246 1333 1374 1376; x_wconf 90' lang='lat' dir='ltr'>Sicut</span> <span class='ocrx_word' id='word_1_191' title='bbox 1407 1343 1560 1375; x_wconf 88' lang='lat' dir='ltr'>autern</span> <span class='ocrx_word' id='word_1_192' title='bbox 1589 1346 1753 1390; x_wconf 91' lang='lat' dir='ltr'>corpus</span> <span class='ocrx_word' id='word_1_193' title='bbox 1792 1331 1983 1376; x_wconf 90' lang='lat' dir='ltr'>efficitur</span> <span class='ocrx_word' id='word_1_194' title='bbox 2019 1332 2272 1391; x_wconf 86' lang='lat' dir='ltr'>gloriosum</span> 
     </span>
     <span class='ocr_line' id='line_1_18' title="bbox 311 1399 2279 1464; baseline -0.001 -16"><span class='ocrx_word' id='word_1_195' title='bbox 311 1404 658 1464; x_wconf 90' lang='lat' dir='ltr'>participatione</span> <span class='ocrx_word' id='word_1_196' title='bbox 692 1403 895 1455; x_wconf 88' lang='lat' dir='ltr'>animae;</span> <span class='ocrx_word' id='word_1_197' title='bbox 914 1402 990 1454; x_wconf 85' lang='lat' dir='ltr'>ita,</span> <span class='ocrx_word' id='word_1_198' title='bbox 1009 1411 1058 1444; x_wconf 92' lang='lat' dir='ltr'>ut</span> <span class='ocrx_word' id='word_1_199' title='bbox 1078 1401 1199 1458; x_wconf 88' lang='lat' dir='ltr'>Aug.</span> <span class='ocrx_word' id='word_1_200' title='bbox 1218 1400 1328 1443; x_wconf 91' lang='lat' dir='ltr'>dicit</span> <span class='ocrx_word' id='word_1_201' title='bbox 1353 1414 1486 1457; x_wconf 88' lang='lat' dir='ltr'>super</span> <span class='ocrx_word' id='word_1_202' title='bbox 1511 1399 1642 1456; x_wconf 89' lang='lat' dir='ltr'>Joan.</span> <span class='ocrx_word' id='word_1_203' title='bbox 1660 1400 1807 1456; x_wconf 80' lang='lat' dir='ltr'>(tract.</span> <span class='ocrx_word' id='word_1_204' title='bbox 1840 1414 1900 1458; x_wconf 85' lang='lat'>23.</span> <span class='ocrx_word' id='word_1_205' title='bbox 1933 1401 2055 1444; x_wconf 82' lang='lat' dir='ltr'>inter.</span> <span class='ocrx_word' id='word_1_206' title='bbox 2075 1402 2279 1460; x_wconf 80' lang='lat' dir='ltr'>princ..et</span> 
     </span>
     <span class='ocr_line' id='line_1_19' title="bbox 309 1466 2278 1530; baseline -0.002 -14"><span class='ocrx_word' id='word_1_207' title='bbox 309 1472 449 1526; x_wconf 67' lang='lat' dir='ltr'>med),</span> <span class='ocrx_word' id='word_1_208' title='bbox 472 1470 851 1530; x_wconf 87' lang='lat' dir='ltr'>«participatione</span> <span class='ocrx_word' id='word_1_209' title='bbox 871 1469 958 1512; x_wconf 91' lang='lat' dir='ltr'>Dei</span> <span class='ocrx_word' id='word_1_210' title='bbox 976 1467 1025 1511; x_wconf 87' lang='lat' dir='ltr'>fit</span> <span class='ocrx_word' id='word_1_211' title='bbox 1052 1469 1208 1510; x_wconf 86' lang='lat' dir='ltr'>anima</span> <span class='ocrx_word' id='word_1_212' title='bbox 1235 1467 1367 1510; x_wconf 87' lang='lat' dir='ltr'>beata</span> <span class='ocrx_word' id='word_1_213' title='bbox 1381 1482 1430 1510; x_wconf 81' lang='lat' dir='ltr'>»t</span> <span class='ocrx_word' id='word_1_214' title='bbox 1461 1466 1581 1509; x_wconf 91' lang='lat' dir='ltr'>unde</span> <span class='ocrx_word' id='word_1_215' title='bbox 1605 1466 1750 1525; x_wconf 90' lang='lat' dir='ltr'>prima</span> <span class='ocrx_word' id='word_1_216' title='bbox 1773 1466 1904 1526; x_wconf 89' lang='lat' dir='ltr'>origo</span> <span class='ocrx_word' id='word_1_217' title='bbox 1933 1467 2211 1513; x_wconf 89' lang='lat' dir='ltr'>ascensionis</span> <span class='ocrx_word' id='word_1_218' title='bbox 2231 1468 2278 1512; x_wconf 89' lang='lat' dir='ltr'>in</span> 
     </span>
     <span class='ocr_line' id='line_1_20' title="bbox 314 1532 2278 1593; baseline -0.002 -10"><span class='ocrx_word' id='word_1_219' title='bbox 314 1539 495 1583; x_wconf 89' lang='lat' dir='ltr'>coelum</span> <span class='ocrx_word' id='word_1_220' title='bbox 516 1548 582 1581; x_wconf 89' lang='lat' dir='ltr'>est</span> <span class='ocrx_word' id='word_1_221' title='bbox 602 1538 743 1580; x_wconf 87' lang='lat' dir='ltr'>virtus</span> <span class='ocrx_word' id='word_1_222' title='bbox 762 1536 926 1579; x_wconf 88' lang='lat' dir='ltr'>divina.</span> <span class='ocrx_word' id='word_1_223' title='bbox 942 1535 1018 1578; x_wconf 88' lang='lat' dir='ltr'>Sic</span> <span class='ocrx_word' id='word_1_224' title='bbox 1037 1535 1173 1592; x_wconf 88' lang='lat' dir='ltr'>igitur</span> <span class='ocrx_word' id='word_1_225' title='bbox 1191 1534 1398 1578; x_wconf 89' lang='lat' dir='ltr'>Christus</span> <span class='ocrx_word' id='word_1_226' title='bbox 1419 1533 1681 1577; x_wconf 89' lang='lat' dir='ltr'>ascenditin</span> <span class='ocrx_word' id='word_1_227' title='bbox 1698 1532 1880 1577; x_wconf 88' lang='lat' dir='ltr'>coelum</span> <span class='ocrx_word' id='word_1_228' title='bbox 1900 1535 2083 1593; x_wconf 10' lang='lat' dir='ltr'>,propria</span> <span class='ocrx_word' id='word_1_229' title='bbox 2100 1534 2278 1590; x_wconf 90' lang='lat' dir='ltr'>virtute,</span> 
     </span>
     <span class='ocr_line' id='line_1_21' title="bbox 310 1599 2270 1665; baseline -0.001 -16"><span class='ocrx_word' id='word_1_230' title='bbox 310 1607 457 1665; x_wconf 91' lang='lat' dir='ltr'>primo</span> <span class='ocrx_word' id='word_1_231' title='bbox 486 1604 670 1663; x_wconf 91' lang='lat' dir='ltr'>quidem</span> <span class='ocrx_word' id='word_1_232' title='bbox 692 1604 855 1646; x_wconf 88' lang='lat' dir='ltr'>virtute</span> <span class='ocrx_word' id='word_1_233' title='bbox 889 1602 1054 1655; x_wconf 86' lang='lat' dir='ltr'>divina,</span> <span class='ocrx_word' id='word_1_234' title='bbox 1080 1600 1284 1645; x_wconf 87' lang='lat' dir='ltr'>secundo</span> <span class='ocrx_word' id='word_1_235' title='bbox 1307 1601 1470 1644; x_wconf 88' lang='lat' dir='ltr'>virtute</span> <span class='ocrx_word' id='word_1_236' title='bbox 1505 1600 1685 1643; x_wconf 84' lang='lat' dir='ltr'>animae</span> <span class='ocrx_word' id='word_1_237' title='bbox 1727 1599 2007 1659; x_wconf 87' lang='lat' dir='ltr'>glorificatae</span> <span class='ocrx_word' id='word_1_238' title='bbox 2044 1603 2270 1647; x_wconf 88' lang='lat' dir='ltr'>moventis</span> 
     </span>
     <span class='ocr_line' id='line_1_22' title="bbox 311 1670 785 1732; baseline -0.006 -16"><span class='ocrx_word' id='word_1_239' title='bbox 311 1687 489 1732; x_wconf 89' lang='lat' dir='ltr'>corpus,</span> <span class='ocrx_word' id='word_1_240' title='bbox 517 1680 650 1730; x_wconf 88' lang='lat' dir='ltr'>prout</span> <span class='ocrx_word' id='word_1_241' title='bbox 677 1670 785 1714; x_wconf 90' lang='lat' dir='ltr'>vult.</span> 
     </span>
    </p>

    <p class='ocr_par' dir='ltr' id='par_1_3' title="bbox 310 1734 2279 1995">
     <span class='ocr_line' id='line_1_23' title="bbox 399 1734 2276 1812; baseline -0.002 -28"><span class='ocrx_word' id='word_1_242' title='bbox 399 1741 475 1784; x_wconf 90' lang='lat' dir='ltr'>AD</span> <span class='ocrx_word' id='word_1_243' title='bbox 508 1751 696 1783; x_wconf 85' lang='lat' dir='ltr'>PRIMUM</span> <span class='ocrx_word' id='word_1_244' title='bbox 730 1751 839 1795; x_wconf 89' lang='lat' dir='ltr'>ergo</span> <span class='ocrx_word' id='word_1_245' title='bbox 868 1736 1128 1788; x_wconf 90' lang='lat' dir='ltr'>dicendum,</span> <span class='ocrx_word' id='word_1_246' title='bbox 1162 1735 1300 1794; x_wconf 91' lang='lat' dir='ltr'>quod,</span> <span class='ocrx_word' id='word_1_247' title='bbox 1333 1734 1449 1791; x_wconf 85' lang='lat' dir='ltr'>sicut</span> <span class='ocrx_word' id='word_1_248' title='bbox 1469 1734 1676 1779; x_wconf 87' lang='lat' dir='ltr'>Christus</span> <span class='ocrx_word' id='word_1_249' title='bbox 1710 1734 1874 1779; x_wconf 91' lang='lat' dir='ltr'>dicitur</span> <span class='ocrx_word' id='word_1_250' title='bbox 1904 1735 2086 1812; x_wconf 79' lang='lat' dir='ltr'>propria</span> <span class='ocrx_word' id='word_1_251' title='bbox 2111 1735 2276 1783; x_wconf 83' lang='lat' dir='ltr'>virtute</span> 
     </span>
     <span class='ocr_line' id='line_1_24' title="bbox 310 1801 2276 1860; baseline -0.002 -9"><span class='ocrx_word' id='word_1_252' title='bbox 310 1807 568 1859; x_wconf 84' lang='lat' dir='ltr'>surrexisse,</span> <span class='ocrx_word' id='word_1_253' title='bbox 603 1815 646 1849; x_wconf 90' lang='lat' dir='ltr'>et</span> <span class='ocrx_word' id='word_1_254' title='bbox 670 1815 825 1848; x_wconf 89' lang='lat' dir='ltr'>tamen</span> <span class='ocrx_word' id='word_1_255' title='bbox 852 1813 919 1847; x_wconf 88' lang='lat' dir='ltr'>est</span> <span class='ocrx_word' id='word_1_256' title='bbox 940 1803 1179 1847; x_wconf 88' lang='lat' dir='ltr'>suscitatus</span> <span class='ocrx_word' id='word_1_257' title='bbox 1208 1817 1233 1845; x_wconf 92' lang='lat' dir='ltr'>a</span> <span class='ocrx_word' id='word_1_258' title='bbox 1264 1802 1412 1855; x_wconf 87' lang='lat' dir='ltr'>Patre,</span> <span class='ocrx_word' id='word_1_259' title='bbox 1446 1816 1501 1845; x_wconf 90' lang='lat' dir='ltr'>eo</span> <span class='ocrx_word' id='word_1_260' title='bbox 1525 1801 1646 1860; x_wconf 92' lang='lat' dir='ltr'>quod</span> <span class='ocrx_word' id='word_1_261' title='bbox 1675 1801 1837 1846; x_wconf 89' lang='lat' dir='ltr'>eadem</span> <span class='ocrx_word' id='word_1_262' title='bbox 1864 1812 1932 1846; x_wconf 88' lang='lat' dir='ltr'>est</span> <span class='ocrx_word' id='word_1_263' title='bbox 1948 1803 2106 1848; x_wconf 86' lang='lat' dir='ltr'>vir-tus</span> <span class='ocrx_word' id='word_1_264' title='bbox 2114 1803 2276 1859; x_wconf 84' lang='lat' dir='ltr'>Patris,</span> 
     </span>
     <span class='ocr_line' id='line_1_25' title="bbox 311 1868 2279 1928; baseline -0.001 -10"><span class='ocrx_word' id='word_1_265' title='bbox 311 1884 354 1918; x_wconf 91' lang='lat' dir='ltr'>et</span> <span class='ocrx_word' id='word_1_266' title='bbox 375 1874 499 1927; x_wconf 82' lang='lat' dir='ltr'>Filii3</span> <span class='ocrx_word' id='word_1_267' title='bbox 532 1873 594 1916; x_wconf 90' lang='lat' dir='ltr'>ita</span> <span class='ocrx_word' id='word_1_268' title='bbox 632 1872 770 1915; x_wconf 89' lang='lat' dir='ltr'>etiam</span> <span class='ocrx_word' id='word_1_269' title='bbox 799 1871 1008 1915; x_wconf 91' lang='lat' dir='ltr'>Christus</span> <span class='ocrx_word' id='word_1_270' title='bbox 1036 1885 1089 1913; x_wconf 85' lang='lat' dir='ltr'>ex</span> <span class='ocrx_word' id='word_1_271' title='bbox 1110 1869 1294 1928; x_wconf 89' lang='lat' dir='ltr'>propria</span> <span class='ocrx_word' id='word_1_272' title='bbox 1315 1869 1478 1912; x_wconf 87' lang='lat' dir='ltr'>virtute</span> <span class='ocrx_word' id='word_1_273' title='bbox 1506 1868 1710 1912; x_wconf 90' lang='lat' dir='ltr'>ascendit</span> <span class='ocrx_word' id='word_1_274' title='bbox 1740 1869 1787 1912; x_wconf 92' lang='lat' dir='ltr'>in</span> <span class='ocrx_word' id='word_1_275' title='bbox 1809 1868 1993 1913; x_wconf 89' lang='lat' dir='ltr'>coelum</span> <span class='ocrx_word' id='word_1_276' title='bbox 2009 1885 2027 1924; x_wconf 81' lang='lat'>;.</span> <span class='ocrx_word' id='word_1_277' title='bbox 2044 1879 2089 1915; x_wconf 91' lang='lat' dir='ltr'>et</span> <span class='ocrx_word' id='word_1_278' title='bbox 2122 1881 2279 1927; x_wconf 67' lang='lat' dir='ltr'>tamen</span> 
     </span>
     <span class='ocr_line' id='line_1_26' title="bbox 311 1938 1874 1995; baseline -0.008 -11"><span class='ocrx_word' id='word_1_279' title='bbox 311 1956 337 1984; x_wconf 93' lang='lat' dir='ltr'>a</span> <span class='ocrx_word' id='word_1_280' title='bbox 362 1942 496 1985; x_wconf 90' lang='lat' dir='ltr'>Patre</span> <span class='ocrx_word' id='word_1_281' title='bbox 523 1949 591 1984; x_wconf 89' lang='lat' dir='ltr'>est</span> <span class='ocrx_word' id='word_1_282' title='bbox 617 1938 833 1991; x_wconf 89' lang='lat' dir='ltr'>elevatus,</span> <span class='ocrx_word' id='word_1_283' title='bbox 861 1947 904 1981; x_wconf 87' lang='lat' dir='ltr'>et</span> <span class='ocrx_word' id='word_1_284' title='bbox 931 1946 1202 1995; x_wconf 89' lang='lat' dir='ltr'>assumptus.</span> <span class='ocrx_word' id='word_1_285' title='bbox 1229 1969 1236 1976; x_wconf 91' lang='lat'><em>.</em></span> <span class='ocrx_word' id='word_1_286' title='bbox 1872 1969 1874 1972; x_wconf 79' lang='grc'>,</span> 
     </span>
    </p>

    <p class='ocr_par' dir='ltr' id='par_1_4' title="bbox 308 2002 2352 2465">
     <span class='ocr_line' id='line_1_27' title="bbox 398 2002 2352 2063; baseline -0.002 -10"><span class='ocrx_word' id='word_1_287' title='bbox 398 2008 474 2052; x_wconf 87' lang='lat' dir='ltr'>AD</span> <span class='ocrx_word' id='word_1_288' title='bbox 490 2019 749 2052; x_wconf 80' lang='lat' dir='ltr'>SECUNDUM</span> <span class='ocrx_word' id='word_1_289' title='bbox 763 2005 1022 2057; x_wconf 88' lang='lat' dir='ltr'>dicendum,</span> <span class='ocrx_word' id='word_1_290' title='bbox 1032 2004 1155 2063; x_wconf 90' lang='lat' dir='ltr'>quod</span> <span class='ocrx_word' id='word_1_291' title='bbox 1171 2004 1288 2047; x_wconf 88' lang='lat' dir='ltr'>ratio</span> <span class='ocrx_word' id='word_1_292' title='bbox 1306 2002 1384 2046; x_wconf 91' lang='lat' dir='ltr'>illa</span> <span class='ocrx_word' id='word_1_293' title='bbox 1402 2003 1576 2062; x_wconf 88' lang='lat' dir='ltr'>probat,</span> <span class='ocrx_word' id='word_1_294' title='bbox 1588 2002 1712 2061; x_wconf 92' lang='lat' dir='ltr'>quod</span> <span class='ocrx_word' id='word_1_295' title='bbox 1731 2002 1940 2049; x_wconf 87' lang='lat' dir='ltr'>Christus</span> <span class='ocrx_word' id='word_1_296' title='bbox 1956 2017 2050 2048; x_wconf 87' lang='lat' dir='ltr'>non</span> <span class='ocrx_word' id='word_1_297' title='bbox 2069 2005 2276 2050; x_wconf 86' lang='lat' dir='ltr'>ascendit</span> <span class='ocrx_word' id='word_1_298' title='bbox 2347 2011 2352 2059; x_wconf 55' lang='grc' dir='ltr'>ζ</span> 
     </span>
     <span class='ocr_line' id='line_1_28' title="bbox 310 2069 2279 2132; baseline -0 -14"><span class='ocrx_word' id='word_1_299' title='bbox 310 2076 355 2118; x_wconf 91' lang='lat' dir='ltr'>in</span> <span class='ocrx_word' id='word_1_300' title='bbox 375 2074 556 2118; x_wconf 87' lang='lat' dir='ltr'>coelum</span> <span class='ocrx_word' id='word_1_301' title='bbox 575 2073 756 2132; x_wconf 88' lang='lat' dir='ltr'>propria</span> <span class='ocrx_word' id='word_1_302' title='bbox 774 2072 953 2125; x_wconf 88' lang='lat' dir='ltr'>virtute,</span> <span class='ocrx_word' id='word_1_303' title='bbox 968 2086 1082 2130; x_wconf 88' lang='lat' dir='ltr'>quae</span> <span class='ocrx_word' id='word_1_304' title='bbox 1097 2081 1165 2115; x_wconf 90' lang='lat' dir='ltr'>est</span> <span class='ocrx_word' id='word_1_305' title='bbox 1181 2081 1368 2114; x_wconf 87' lang='lat' dir='ltr'>naturae</span> <span class='ocrx_word' id='word_1_306' title='bbox 1386 2070 1616 2125; x_wconf 78' lang='lat' dir='ltr'>humanae</span> <span class='ocrx_word' id='word_1_307' title='bbox 1634 2069 1875 2115; x_wconf 83' lang='lat' dir='ltr'>naturalis:</span> <span class='ocrx_word' id='word_1_308' title='bbox 1903 2071 2108 2118; x_wconf 79' lang='lat' dir='ltr'>ascendit</span> <span class='ocrx_word' id='word_1_309' title='bbox 2120 2081 2279 2119; x_wconf 72' lang='lat' dir='ltr'>tamen</span> 
     </span>
     <span class='ocr_line' id='line_1_29' title="bbox 310 2137 2279 2199; baseline -0.001 -12"><span class='ocrx_word' id='word_1_310' title='bbox 310 2144 355 2186; x_wconf 91' lang='lat' dir='ltr'>in</span> <span class='ocrx_word' id='word_1_311' title='bbox 383 2142 563 2186; x_wconf 90' lang='lat' dir='ltr'>coelum</span> <span class='ocrx_word' id='word_1_312' title='bbox 591 2141 773 2199; x_wconf 90' lang='lat' dir='ltr'>propria</span> <span class='ocrx_word' id='word_1_313' title='bbox 799 2140 978 2193; x_wconf 91' lang='lat' dir='ltr'>virtute,</span> <span class='ocrx_word' id='word_1_314' title='bbox 1002 2153 1117 2198; x_wconf 89' lang='lat' dir='ltr'>quae</span> <span class='ocrx_word' id='word_1_315' title='bbox 1145 2148 1213 2182; x_wconf 86' lang='lat' dir='ltr'>est</span> <span class='ocrx_word' id='word_1_316' title='bbox 1239 2139 1380 2181; x_wconf 90' lang='lat' dir='ltr'>virtus</span> <span class='ocrx_word' id='word_1_317' title='bbox 1407 2138 1573 2191; x_wconf 88' lang='lat' dir='ltr'>divina,</span> <span class='ocrx_word' id='word_1_318' title='bbox 1597 2147 1641 2181; x_wconf 91' lang='lat' dir='ltr'>et</span> <span class='ocrx_word' id='word_1_319' title='bbox 1661 2137 1846 2195; x_wconf 87' lang='lat' dir='ltr'>propria</span> <span class='ocrx_word' id='word_1_320' title='bbox 1869 2137 2182 2198; x_wconf 40' lang='lat' dir='ltr'>virtutesquae</span> <span class='ocrx_word' id='word_1_321' title='bbox 2209 2150 2279 2184; x_wconf 87' lang='lat' dir='ltr'>est</span> 
     </span>
     <span class='ocr_line' id='line_1_30' title="bbox 310 2205 2352 2266; baseline -0.001 -13"><span class='ocrx_word' id='word_1_322' title='bbox 310 2209 490 2253; x_wconf 90' lang='lat' dir='ltr'>animae</span> <span class='ocrx_word' id='word_1_323' title='bbox 507 2209 690 2262; x_wconf 83' lang='lat' dir='ltr'>beatae3</span> <span class='ocrx_word' id='word_1_324' title='bbox 718 2217 762 2251; x_wconf 87' lang='lat' dir='ltr'>et</span> <span class='ocrx_word' id='word_1_325' title='bbox 786 2206 894 2250; x_wconf 88' lang='lat' dir='ltr'>licet</span> <span class='ocrx_word' id='word_1_326' title='bbox 916 2206 1161 2250; x_wconf 89' lang='lat' dir='ltr'>ascendere</span> <span class='ocrx_word' id='word_1_327' title='bbox 1184 2220 1364 2250; x_wconf 89' lang='lat' dir='ltr'>sursum</span> <span class='ocrx_word' id='word_1_328' title='bbox 1383 2205 1441 2248; x_wconf 91' lang='lat' dir='ltr'>sit</span> <span class='ocrx_word' id='word_1_329' title='bbox 1458 2214 1618 2248; x_wconf 88' lang='lat' dir='ltr'>contra</span> <span class='ocrx_word' id='word_1_330' title='bbox 1635 2205 1845 2248; x_wconf 85' lang='lat' dir='ltr'>naturam</span> <span class='ocrx_word' id='word_1_331' title='bbox 1861 2205 2280 2266; x_wconf 59' lang='lat' dir='ltr'>humaaicooeporis</span> <span class='ocrx_word' id='word_1_332' title='bbox 2350 2235 2352 2238; x_wconf 83' lang='lat'><em>.</em></span> 
     </span>
     <span class='ocr_line' id='line_1_31' title="bbox 309 2272 2282 2333; baseline -0.001 -13"><span class='ocrx_word' id='word_1_333' title='bbox 309 2276 564 2320; x_wconf 90' lang='lat' dir='ltr'>secundum</span> <span class='ocrx_word' id='word_1_334' title='bbox 590 2285 757 2319; x_wconf 90' lang='lat' dir='ltr'>statum</span> <span class='ocrx_word' id='word_1_335' title='bbox 785 2284 1085 2332; x_wconf 88' lang='lat' dir='ltr'>praesentem,</span> <span class='ocrx_word' id='word_1_336' title='bbox 1113 2273 1159 2316; x_wconf 90' lang='lat' dir='ltr'>in</span> <span class='ocrx_word' id='word_1_337' title='bbox 1186 2287 1278 2331; x_wconf 90' lang='lat' dir='ltr'>quo</span> <span class='ocrx_word' id='word_1_338' title='bbox 1303 2286 1467 2331; x_wconf 90' lang='lat' dir='ltr'>corpus</span> <span class='ocrx_word' id='word_1_339' title='bbox 1491 2286 1585 2314; x_wconf 92' lang='lat' dir='ltr'>non</span> <span class='ocrx_word' id='word_1_340' title='bbox 1610 2282 1678 2315; x_wconf 90' lang='lat' dir='ltr'>est</span> <span class='ocrx_word' id='word_1_341' title='bbox 1699 2272 1890 2319; x_wconf 88' lang='lat' dir='ltr'>omnino</span> <span class='ocrx_word' id='word_1_342' title='bbox 1912 2272 2170 2331; x_wconf 80' lang='lat' dir='ltr'>subjectum</span> <span class='ocrx_word' id='word_1_343' title='bbox 2195 2274 2282 2333; x_wconf 58' lang='lat' dir='ltr'>spi-</span> 
     </span>
     <span class='ocr_line' id='line_1_32' title="bbox 310 2338 2279 2401; baseline 0.001 -15"><span class='ocrx_word' id='word_1_344' title='bbox 310 2343 437 2396; x_wconf 88' lang='lat' dir='ltr'>ritui;</span> <span class='ocrx_word' id='word_1_345' title='bbox 463 2353 618 2386; x_wconf 91' lang='lat' dir='ltr'>tamen</span> <span class='ocrx_word' id='word_1_346' title='bbox 635 2356 729 2385; x_wconf 89' lang='lat' dir='ltr'>non</span> <span class='ocrx_word' id='word_1_347' title='bbox 746 2342 827 2384; x_wconf 90' lang='lat' dir='ltr'>erit</span> <span class='ocrx_word' id='word_1_348' title='bbox 845 2351 1003 2384; x_wconf 89' lang='lat' dir='ltr'>contra</span> <span class='ocrx_word' id='word_1_349' title='bbox 1022 2351 1247 2393; x_wconf 88' lang='lat' dir='ltr'>naturam,</span> <span class='ocrx_word' id='word_1_350' title='bbox 1265 2353 1413 2398; x_wconf 88' lang='lat' dir='ltr'>neque</span> <span class='ocrx_word' id='word_1_351' title='bbox 1434 2338 1689 2382; x_wconf 89' lang='lat' dir='ltr'>violentum</span> <span class='ocrx_word' id='word_1_352' title='bbox 1710 2340 1893 2398; x_wconf 87' lang='lat' dir='ltr'>corpori</span> <span class='ocrx_word' id='word_1_353' title='bbox 1910 2338 2141 2398; x_wconf 80' lang='lat' dir='ltr'>glorioso,</span> <span class='ocrx_word' id='word_1_354' title='bbox 2149 2342 2279 2401; x_wconf 81' lang='lat' dir='ltr'>eujus</span> 
     </span>
     <span class='ocr_line' id='line_1_33' title="bbox 308 2407 2196 2465; baseline -0.004 -11"><span class='ocrx_word' id='word_1_355' title='bbox 308 2419 403 2454; x_wconf 86' lang='lat' dir='ltr'>tota</span> <span class='ocrx_word' id='word_1_356' title='bbox 431 2419 591 2453; x_wconf 88' lang='lat' dir='ltr'>natura</span> <span class='ocrx_word' id='word_1_357' title='bbox 618 2419 686 2452; x_wconf 83' lang='lat' dir='ltr'>est</span> <span class='ocrx_word' id='word_1_358' title='bbox 711 2408 902 2452; x_wconf 89' lang='lat' dir='ltr'>omnino</span> <span class='ocrx_word' id='word_1_359' title='bbox 930 2407 1133 2465; x_wconf 87' lang='lat' dir='ltr'>subjecta</span> <span class='ocrx_word' id='word_1_360' title='bbox 1161 2407 2111 2465; x_wconf 87' lang='lat' dir='ltr'>spiritui.</span> <span class='ocrx_word' id='word_1_361' title='bbox 2190 2442 2196 2446; x_wconf 70' lang='grc'>,</span> 
     </span>
    </p>

    <p class='ocr_par' dir='ltr' id='par_1_5' title="bbox 309 2470 2352 2939">
     <span class='ocr_line' id='line_1_34' title="bbox 400 2470 2283 2536; baseline -0.001 -14"><span class='ocrx_word' id='word_1_362' title='bbox 400 2478 476 2522; x_wconf 88' lang='lat' dir='ltr'>AD</span> <span class='ocrx_word' id='word_1_363' title='bbox 505 2489 721 2521; x_wconf 80' lang='lat' dir='ltr'>TERTIUM</span> <span class='ocrx_word' id='word_1_364' title='bbox 748 2475 1007 2527; x_wconf 90' lang='lat' dir='ltr'>dicendum,</span> <span class='ocrx_word' id='word_1_365' title='bbox 1035 2470 1158 2533; x_wconf 86' lang='lat' dir='ltr'>quod</span> <span class='ocrx_word' id='word_1_366' title='bbox 1183 2474 1267 2518; x_wconf 87' lang='lat' dir='ltr'>etsi</span> <span class='ocrx_word' id='word_1_367' title='bbox 1287 2474 1430 2517; x_wconf 90' lang='lat' dir='ltr'>virtus</span> <span class='ocrx_word' id='word_1_368' title='bbox 1452 2473 1604 2517; x_wconf 88' lang='lat' dir='ltr'>divina</span> <span class='ocrx_word' id='word_1_369' title='bbox 1625 2473 1682 2519; x_wconf 87' lang='lat' dir='ltr'>sit</span> <span class='ocrx_word' id='word_1_370' title='bbox 1703 2472 1892 2528; x_wconf 85' lang='lat' dir='ltr'>infinita,</span> <span class='ocrx_word' id='word_1_371' title='bbox 1916 2482 1961 2518; x_wconf 88' lang='lat' dir='ltr'>et</span> <span class='ocrx_word' id='word_1_372' title='bbox 1979 2473 2159 2521; x_wconf 82' lang='lat' dir='ltr'>infinite</span> <span class='ocrx_word' id='word_1_373' title='bbox 2176 2489 2283 2536; x_wconf 78' lang='lat' dir='ltr'>ope-</span> 
     </span>
     <span class='ocr_line' id='line_1_35' title="bbox 310 2539 2283 2603; baseline 0 -14"><span class='ocrx_word' id='word_1_374' title='bbox 310 2555 445 2598; x_wconf 91' lang='lat' dir='ltr'>retur,</span> <span class='ocrx_word' id='word_1_375' title='bbox 472 2553 693 2603; x_wconf 89' lang='lat' dir='ltr'>quantum</span> <span class='ocrx_word' id='word_1_376' title='bbox 720 2552 787 2586; x_wconf 91' lang='lat' dir='ltr'>est</span> <span class='ocrx_word' id='word_1_377' title='bbox 812 2557 866 2586; x_wconf 88' lang='lat' dir='ltr'>ex</span> <span class='ocrx_word' id='word_1_378' title='bbox 893 2553 1018 2600; x_wconf 90' lang='lat' dir='ltr'>parte</span> <span class='ocrx_word' id='word_1_379' title='bbox 1045 2541 1300 2600; x_wconf 82' lang='lat' dir='ltr'>operantis3</span> <span class='ocrx_word' id='word_1_380' title='bbox 1327 2551 1483 2585; x_wconf 85' lang='lat' dir='ltr'>tamen</span> <span class='ocrx_word' id='word_1_381' title='bbox 1509 2539 1698 2584; x_wconf 87' lang='lat' dir='ltr'>effectus</span> <span class='ocrx_word' id='word_1_382' title='bbox 1730 2540 1903 2587; x_wconf 87' lang='lat' dir='ltr'>virtutis</span> <span class='ocrx_word' id='word_1_383' title='bbox 1936 2542 2033 2599; x_wconf 88' lang='lat' dir='ltr'>ejus</span> <span class='ocrx_word' id='word_1_384' title='bbox 2065 2542 2283 2602; x_wconf 71' lang='lat' dir='ltr'>recipitur</span> 
     </span>
     <span class='ocr_line' id='line_1_36' title="bbox 309 2607 2352 2670; baseline 0 -14"><span class='ocrx_word' id='word_1_385' title='bbox 309 2612 357 2656; x_wconf 91' lang='lat' dir='ltr'>in</span> <span class='ocrx_word' id='word_1_386' title='bbox 373 2612 506 2656; x_wconf 90' lang='lat' dir='ltr'>rebus</span> <span class='ocrx_word' id='word_1_387' title='bbox 524 2610 775 2655; x_wconf 88' lang='lat' dir='ltr'>secundum</span> <span class='ocrx_word' id='word_1_388' title='bbox 794 2624 950 2653; x_wconf 87' lang='lat' dir='ltr'>earum</span> <span class='ocrx_word' id='word_1_389' title='bbox 968 2610 1282 2667; x_wconf 84' lang='lat' dir='ltr'>capacitatem,</span> <span class='ocrx_word' id='word_1_390' title='bbox 1298 2618 1343 2652; x_wconf 89' lang='lat' dir='ltr'>et</span> <span class='ocrx_word' id='word_1_391' title='bbox 1355 2608 1607 2652; x_wconf 88' lang='lat' dir='ltr'>secundum</span> <span class='ocrx_word' id='word_1_392' title='bbox 1622 2607 1711 2651; x_wconf 91' lang='lat' dir='ltr'>Dei</span> <span class='ocrx_word' id='word_1_393' title='bbox 1724 2607 2093 2666; x_wconf 78' lang='lat' dir='ltr'>dispositionem:</span> <span class='ocrx_word' id='word_1_394' title='bbox 2112 2616 2282 2670; x_wconf 73' lang='lat' dir='ltr'>corpus&#39;</span> <span class='ocrx_word' id='word_1_395' title='bbox 2343 2613 2352 2664; x_wconf 71' lang='lat' dir='ltr'>j</span> 
     </span>
     <span class='ocr_line' id='line_1_37' title="bbox 311 2666 2352 2736; baseline 0 -13"><span class='ocrx_word' id='word_1_396' title='bbox 311 2689 464 2723; x_wconf 91' lang='lat' dir='ltr'>autem</span> <span class='ocrx_word' id='word_1_397' title='bbox 497 2692 590 2721; x_wconf 92' lang='lat' dir='ltr'>non</span> <span class='ocrx_word' id='word_1_398' title='bbox 617 2686 685 2720; x_wconf 88' lang='lat' dir='ltr'>est</span> <span class='ocrx_word' id='word_1_399' title='bbox 710 2690 865 2735; x_wconf 82' lang='lat' dir='ltr'>capax,</span> <span class='ocrx_word' id='word_1_400' title='bbox 892 2687 940 2719; x_wconf 92' lang='lat' dir='ltr'>ut</span> <span class='ocrx_word' id='word_1_401' title='bbox 966 2677 1011 2718; x_wconf 90' lang='lat' dir='ltr'>in</span> <span class='ocrx_word' id='word_1_402' title='bbox 1037 2676 1221 2719; x_wconf 85' lang='lat' dir='ltr'>instanti</span> <span class='ocrx_word' id='word_1_403' title='bbox 1253 2674 1462 2718; x_wconf 89' lang='lat' dir='ltr'>localiter</span> <span class='ocrx_word' id='word_1_404' title='bbox 1495 2684 1758 2718; x_wconf 90' lang='lat' dir='ltr'>moveatur:</span> <span class='ocrx_word' id='word_1_405' title='bbox 1794 2676 1900 2734; x_wconf 91' lang='lat' dir='ltr'>quia</span> <span class='ocrx_word' id='word_1_406' title='bbox 1926 2676 2278 2736; x_wconf 62' lang='lat' dir='ltr'>oportet,‚qu0d</span> <span class='ocrx_word' id='word_1_407' title='bbox 2346 2666 2352 2736; x_wconf 63' lang='lat'>2}</span> 
     </span>
     <span class='ocr_line' id='line_1_38' title="bbox 312 2737 2352 2802; baseline -0.001 -12"><span class='ocrx_word' id='word_1_408' title='bbox 312 2745 633 2790; x_wconf 88' lang='lat' dir='ltr'>commetiatur</span> <span class='ocrx_word' id='word_1_409' title='bbox 658 2757 706 2787; x_wconf 89' lang='lat' dir='ltr'>se</span> <span class='ocrx_word' id='word_1_410' title='bbox 732 2744 894 2801; x_wconf 89' lang='lat' dir='ltr'>spatio,</span> <span class='ocrx_word' id='word_1_411' title='bbox 927 2743 1180 2786; x_wconf 90' lang='lat' dir='ltr'>secundum</span> <span class='ocrx_word' id='word_1_412' title='bbox 1215 2744 1341 2799; x_wconf 87' lang='lat' dir='ltr'>cujus</span> <span class='ocrx_word' id='word_1_413' title='bbox 1368 2742 1640 2787; x_wconf 86' lang='lat' dir='ltr'>divisionem</span> <span class='ocrx_word' id='word_1_414' title='bbox 1674 2741 1885 2790; x_wconf 80' lang='lat' dir='ltr'>dividitur</span> <span class='ocrx_word' id='word_1_415' title='bbox 1915 2751 2111 2802; x_wconf 83' lang='lat' dir='ltr'>tempus,</span> <span class='ocrx_word' id='word_1_416' title='bbox 2137 2753 2191 2789; x_wconf 78' lang='lat' dir='ltr'>uti</span> <span class='ocrx_word' id='word_1_417' title='bbox 2218 2744 2280 2788; x_wconf 89' lang='lat' dir='ltr'>di·</span> <span class='ocrx_word' id='word_1_418' title='bbox 2350 2737 2352 2739; x_wconf 33' lang='lat'><strong><em>¹</em></strong></span> 
     </span>
     <span class='ocr_line' id='line_1_39' title="bbox 313 2809 2279 2870; baseline -0.001 -13"><span class='ocrx_word' id='word_1_419' title='bbox 313 2813 428 2857; x_wconf 89' lang='lat' dir='ltr'>citur</span> <span class='ocrx_word' id='word_1_420' title='bbox 453 2811 493 2857; x_wconf 88' lang='lat'>6.</span> <span class='ocrx_word' id='word_1_421' title='bbox 520 2812 658 2870; x_wconf 89' lang='lat' dir='ltr'>Phys.</span> <span class='ocrx_word' id='word_1_422' title='bbox 694 2810 792 2866; x_wconf 79' lang='lat' dir='ltr'>(tex.</span> <span class='ocrx_word' id='word_1_423' title='bbox 816 2811 882 2868; x_wconf 87' lang='grc'>36.</span> <span class='ocrx_word' id='word_1_424' title='bbox 909 2816 947 2855; x_wconf 79' lang='lat' dir='ltr'>et</span> <span class='ocrx_word' id='word_1_425' title='bbox 977 2810 1105 2868; x_wconf 82' lang='lat' dir='ltr'>seq.).·</span> <span class='ocrx_word' id='word_1_426' title='bbox 1141 2820 1185 2853; x_wconf 89' lang='lat' dir='ltr'>et</span> <span class='ocrx_word' id='word_1_427' title='bbox 1216 2810 1320 2853; x_wconf 89' lang='lat' dir='ltr'>ideo</span> <span class='ocrx_word' id='word_1_428' title='bbox 1353 2823 1447 2853; x_wconf 89' lang='lat' dir='ltr'>non</span> <span class='ocrx_word' id='word_1_429' title='bbox 1475 2818 1669 2867; x_wconf 89' lang='lat' dir='ltr'>oportet,</span> <span class='ocrx_word' id='word_1_430' title='bbox 1695 2809 1820 2867; x_wconf 91' lang='lat' dir='ltr'>quod</span> <span class='ocrx_word' id='word_1_431' title='bbox 1846 2822 2016 2870; x_wconf 75' lang='lat' dir='ltr'>corpus</span> <span class='ocrx_word' id='word_1_432' title='bbox 2042 2818 2223 2857; x_wconf 80' lang='lat' dir='ltr'>motum</span> <span class='ocrx_word' id='word_1_433' title='bbox 2249 2825 2279 2856; x_wconf 71' lang='lat' dir='ltr'>a</span> 
     </span>
     <span class='ocr_line' id='line_1_40' title="bbox 311 2876 2214 2939; baseline -0.001 -14"><span class='ocrx_word' id='word_1_434' title='bbox 311 2881 415 2925; x_wconf 89' lang='lat' dir='ltr'>Deo</span> <span class='ocrx_word' id='word_1_435' title='bbox 442 2889 680 2924; x_wconf 87' lang='lat' dir='ltr'>moveatur</span> <span class='ocrx_word' id='word_1_436' title='bbox 705 2878 752 2922; x_wconf 89' lang='lat' dir='ltr'>in</span> <span class='ocrx_word' id='word_1_437' title='bbox 778 2877 974 2931; x_wconf 87' lang='lat' dir='ltr'>instanti,</span> <span class='ocrx_word' id='word_1_438' title='bbox 1003 2878 1082 2921; x_wconf 92' lang='lat' dir='ltr'>sed</span> <span class='ocrx_word' id='word_1_439' title='bbox 1110 2887 1348 2921; x_wconf 88' lang='lat' dir='ltr'>moveatur</span> <span class='ocrx_word' id='word_1_440' title='bbox 1375 2891 1429 2920; x_wconf 87' lang='lat' dir='ltr'>ea</span> <span class='ocrx_word' id='word_1_441' title='bbox 1454 2876 1712 2930; x_wconf 84' lang='lat' dir='ltr'>velocitate,</span> <span class='ocrx_word' id='word_1_442' title='bbox 1740 2890 1829 2936; x_wconf 85' lang='lat' dir='ltr'>qua</span> <span class='ocrx_word' id='word_1_443' title='bbox 1853 2877 1982 2925; x_wconf 82' lang='lat' dir='ltr'>Deus</span> <span class='ocrx_word' id='word_1_444' title='bbox 2002 2877 2214 2939; x_wconf 79' lang='lat' dir='ltr'>disponit.</span> 
     </span>
    </p>
   </div>
   <div class='ocr_carea' id='block_1_3' title="bbox 2336 2895 2352 3218">
    <p class='ocr_par' dir='ltr' id='par_1_6' title="bbox 2336 2895 2352 3218">
     <span class='ocr_line' id='line_1_41' title="bbox 2336 2895 2352 3218; textangle 90"><span class='ocrx_word' id='word_1_445' title='bbox 2345 3206 2352 3218; x_wconf 52' lang='grc' dir='ltr'><strong>Ἰ</strong></span> <span class='ocrx_word' id='word_1_446' title='bbox 2345 3174 2352 3180; x_wconf 64' lang='grc'><strong>;</strong></span> <span class='ocrx_word' id='word_1_447' title='bbox 2336 2918 2352 3140; x_wconf 44' lang='grc' dir='ltr'>.&gt;)..-,-.’.η.’ἐ.-ἕ.θψ»ω.νν...</span> <span class='ocrx_word' id='word_1_448' title='bbox 2341 2895 2342 2898; x_wconf 50' lang='lat'><em>⁴</em></span> 
     </span>
    </p>
   </div>
   <div class='ocr_carea' id='block_1_4' title="bbox 509 3036 2280 3261">
    <p class='ocr_par' dir='ltr' id='par_1_7' title="bbox 509 3032 2280 3232">
     <span class='ocr_line' id='line_1_42' title="bbox 1015 3036 2280 3132; baseline 0.002 -24"><span class='ocrx_word' id='word_1_449' title='bbox 1015 3054 1448 3111; x_wconf 81' lang='lat' dir='ltr'>ARTICULUS</span> <span class='ocrx_word' id='word_1_450' title='bbox 1485 3055 1581 3111; x_wconf 81' lang='lat' dir='ltr'>tv.</span> <span class='ocrx_word' id='word_1_451' title='bbox 2078 3054 2081 3056; x_wconf 86' lang='lat'>·</span> <span class='ocrx_word' id='word_1_452' title='bbox 2131 3036 2280 3132; x_wconf 51' lang='lat'>,1313</span> 
     </span>
     <span class='ocr_line' id='line_1_43' title="bbox 509 3175 2090 3261; baseline -0.001 -29"><span class='ocrx_word' id='word_1_453' title='bbox 509 3192 703 3232; x_wconf 82' lang='lat' dir='ltr'>UTRUM</span> <span class='ocrx_word' id='word_1_454' title='bbox 735 3190 1002 3230; x_wconf 74' lang='lat' dir='ltr'>cutusrus</span> <span class='ocrx_word' id='word_1_455' title='bbox 1038 3190 1382 3229; x_wconf 63' lang='lat' dir='ltr'>Asel-:Nonam</span> <span class='ocrx_word' id='word_1_456' title='bbox 1417 3192 1587 3231; x_wconf 80' lang='lat' dir='ltr'>SUPER</span> <span class='ocrx_word' id='word_1_457' title='bbox 1621 3190 1805 3231; x_wconf 77' lang='lat' dir='ltr'>OMNES</span> <span class='ocrx_word' id='word_1_458' title='bbox 1840 3175 2090 3261; x_wconf 62' lang='lat' dir='ltr'>contos.</span> 
     </span>
    </p>
   </div>
   <div class='ocr_carea' id='block_1_5' title="bbox 386 3276 2339 3365">
    <p class='ocr_par' dir='ltr' id='par_1_8' title="bbox 386 3276 2339 3365">
     <span class='ocr_line' id='line_1_44' title="bbox 386 3276 2339 3365; baseline -0.005 -14"><span class='ocrx_word' id='word_1_459' title='bbox 386 3306 441 3365; x_wconf 86' lang='grc'>(3.</span> <span class='ocrx_word' id='word_1_460' title='bbox 469 3306 581 3350; x_wconf 79' lang='lat' dir='ltr'>Dist.</span> <span class='ocrx_word' id='word_1_461' title='bbox 608 3318 670 3349; x_wconf 83' lang='lat'>21.</span> <span class='ocrx_word' id='word_1_462' title='bbox 699 3318 736 3362; x_wconf 87' lang='lat' dir='ltr'>q.</span> <span class='ocrx_word' id='word_1_463' title='bbox 762 3317 795 3361; x_wconf 85' lang='lat'>3.</span> <span class='ocrx_word' id='word_1_464' title='bbox 823 3300 903 3346; x_wconf 78' lang='lat' dir='ltr'>izrt.</span> <span class='ocrx_word' id='word_1_465' title='bbox 927 3315 961 3360; x_wconf 92' lang='grc'>3.</span> <span class='ocrx_word' id='word_1_466' title='bbox 989 3315 1026 3359; x_wconf 92' lang='lat' dir='ltr'>q.</span> <span class='ocrx_word' id='word_1_467' title='bbox 1058 3311 1095 3343; x_wconf 83' lang='lat'>1.</span> <span class='ocrx_word' id='word_1_468' title='bbox 1122 3305 1223 3356; x_wconf 86' lang='lat' dir='ltr'>et4.</span> <span class='ocrx_word' id='word_1_469' title='bbox 1255 3299 1404 3344; x_wconf 83' lang='lat' dir='ltr'>Contr.</span> <span class='ocrx_word' id='word_1_470' title='bbox 1428 3316 1466 3359; x_wconf 85' lang='lat' dir='ltr'>g.</span> <span class='ocrx_word' id='word_1_471' title='bbox 1495 3309 1585 3361; x_wconf 82' lang='lat' dir='ltr'>cap</span> <span class='ocrx_word' id='word_1_472' title='bbox 1612 3303 1681 3360; x_wconf 87' lang='grc'>87.</span> <span class='ocrx_word' id='word_1_473' title='bbox 1709 3307 1904 3362; x_wconf 62' lang='lat' dir='ltr'>emptae·-</span> <span class='ocrx_word' id='word_1_474' title='bbox 1932 3301 1975 3346; x_wconf 89' lang='grc'><em>6</em></span> <span class='ocrx_word' id='word_1_475' title='bbox 1998 3308 2107 3361; x_wconf 81' lang='lat' dir='ltr'>cap.</span> <span class='ocrx_word' id='word_1_476' title='bbox 2123 3302 2216 3361; x_wconf 67' lang='grc'>9.).</span> <span class='ocrx_word' id='word_1_477' title='bbox 2214 3302 2281 3326; x_wconf 78' lang='lat'>‘·</span> <span class='ocrx_word' id='word_1_478' title='bbox 2334 3276 2339 3298; x_wconf 47' lang='lat'><em>⁵</em></span> 
     </span>
    </p>
   </div>
   <div class='ocr_carea' id='block_1_6' title="bbox 313 3388 2352 3677">
    <p class='ocr_par' dir='ltr' id='par_1_9' title="bbox 313 3388 2352 3677">
     <span class='ocr_line' id='line_1_45' title="bbox 403 3388 2352 3474; baseline -0.003 -11"><span class='ocrx_word' id='word_1_479' title='bbox 403 3418 478 3462; x_wconf 83' lang='lat' dir='ltr'>Ao</span> <span class='ocrx_word' id='word_1_480' title='bbox 505 3428 742 3468; x_wconf 78' lang='lat' dir='ltr'>QUARTUM</span> <span class='ocrx_word' id='word_1_481' title='bbox 769 3414 832 3458; x_wconf 89' lang='lat' dir='ltr'>sic</span> <span class='ocrx_word' id='word_1_482' title='bbox 860 3411 1133 3472; x_wconf 88' lang='lat' dir='ltr'>proceditur.</span> <span class='ocrx_word' id='word_1_483' title='bbox 1152 3411 1355 3466; x_wconf 86' lang='lat' dir='ltr'>Videtur,</span> <span class='ocrx_word' id='word_1_484' title='bbox 1379 3414 1501 3471; x_wconf 85' lang='lat' dir='ltr'>quod</span> <span class='ocrx_word' id='word_1_485' title='bbox 1520 3413 1730 3459; x_wconf 87' lang='lat' dir='ltr'>Christus</span> <span class='ocrx_word' id='word_1_486' title='bbox 1752 3428 1847 3459; x_wconf 90' lang='lat' dir='ltr'>non</span> <span class='ocrx_word' id='word_1_487' title='bbox 1859 3388 2123 3464; x_wconf 68' lang='lat' dir='ltr'>ascenderit</span> <span class='ocrx_word' id='word_1_488' title='bbox 2141 3424 2276 3474; x_wconf 67' lang='lat' dir='ltr'>super</span> <span class='ocrx_word' id='word_1_489' title='bbox 2350 3408 2352 3421; x_wconf 59' lang='lat'>¹</span> 
     </span>
     <span class='ocr_line' id='line_1_46' title="bbox 314 3478 2277 3541; baseline 0 -12"><span class='ocrx_word' id='word_1_490' title='bbox 314 3498 476 3529; x_wconf 88' lang='lat' dir='ltr'>omnes</span> <span class='ocrx_word' id='word_1_491' title='bbox 502 3483 682 3528; x_wconf 88' lang='lat' dir='ltr'>coelos:</span> <span class='ocrx_word' id='word_1_492' title='bbox 721 3481 883 3526; x_wconf 90' lang='lat' dir='ltr'>dicitur</span> <span class='ocrx_word' id='word_1_493' title='bbox 908 3479 1033 3524; x_wconf 84' lang='lat' dir='ltr'>enim</span> <span class='ocrx_word' id='word_1_494' title='bbox 1058 3478 1103 3523; x_wconf 92' lang='lat' dir='ltr'>in</span> <span class='ocrx_word' id='word_1_495' title='bbox 1132 3478 1249 3523; x_wconf 86' lang='lat' dir='ltr'>Psal</span> <span class='ocrx_word' id='word_1_496' title='bbox 1283 3492 1371 3524; x_wconf 85' lang='lat'>10.:</span> <span class='ocrx_word' id='word_1_497' title='bbox 1399 3481 1612 3525; x_wconf 84' lang='lat' dir='ltr'>Dominus</span> <span class='ocrx_word' id='word_1_498' title='bbox 1644 3484 1687 3525; x_wconf 86' lang='lat' dir='ltr'>in</span> <span class='ocrx_word' id='word_1_499' title='bbox 1724 3482 1873 3541; x_wconf 80' lang='lat' dir='ltr'>templo</span> <span class='ocrx_word' id='word_1_500' title='bbox 1896 3487 2048 3531; x_wconf 67' lang='lat' dir='ltr'>sancto</span> <span class='ocrx_word' id='word_1_501' title='bbox 2059 3496 2165 3536; x_wconf 70' lang='lat' dir='ltr'>suo,</span> <span class='ocrx_word' id='word_1_502' title='bbox 2180 3482 2277 3529; x_wconf 69' lang='lat' dir='ltr'>Do·</span> 
     </span>
     <span class='ocr_line' id='line_1_47' title="bbox 313 3545 2281 3608; baseline -0.001 -12"><span class='ocrx_word' id='word_1_503' title='bbox 313 3554 451 3596; x_wconf 85' lang='lat' dir='ltr'>minus</span> <span class='ocrx_word' id='word_1_504' title='bbox 480 3553 525 3594; x_wconf 89' lang='lat' dir='ltr'>in</span> <span class='ocrx_word' id='word_1_505' title='bbox 551 3550 658 3595; x_wconf 78' lang='lat' dir='ltr'>coelo</span> <span class='ocrx_word' id='word_1_506' title='bbox 682 3549 787 3594; x_wconf 70' lang='lat' dir='ltr'>sedes</span> <span class='ocrx_word' id='word_1_507' title='bbox 821 3550 934 3606; x_wconf 73' lang='lat' dir='ltr'>ejus:</span> <span class='ocrx_word' id='word_1_508' title='bbox 962 3545 1084 3605; x_wconf 70' lang='lat' dir='ltr'>qnod</span> <span class='ocrx_word' id='word_1_509' title='bbox 1122 3554 1273 3589; x_wconf 88' lang='lat' dir='ltr'>autem</span> <span class='ocrx_word' id='word_1_510' title='bbox 1310 3556 1379 3589; x_wconf 88' lang='lat' dir='ltr'>est</span> <span class='ocrx_word' id='word_1_511' title='bbox 1413 3547 1459 3590; x_wconf 91' lang='lat' dir='ltr'>in</span> <span class='ocrx_word' id='word_1_512' title='bbox 1490 3547 1638 3600; x_wconf 87' lang='lat' dir='ltr'>coelo,</span> <span class='ocrx_word' id='word_1_513' title='bbox 1672 3562 1766 3592; x_wconf 87' lang='lat' dir='ltr'>non</span> <span class='ocrx_word' id='word_1_514' title='bbox 1801 3557 1869 3594; x_wconf 81' lang='lat' dir='ltr'>est</span> <span class='ocrx_word' id='word_1_515' title='bbox 1902 3561 2038 3608; x_wconf 78' lang='lat' dir='ltr'>supra</span> <span class='ocrx_word' id='word_1_516' title='bbox 2064 3546 2281 3603; x_wconf 58' lang='lat' dir='ltr'>toth-mu</span> 
     </span>
     <span class='ocr_line' id='line_1_48' title="bbox 313 3612 1554 3677; baseline -0.005 -14"><span class='ocrx_word' id='word_1_517' title='bbox 313 3632 423 3677; x_wconf 87' lang='lat' dir='ltr'>crgo</span> <span class='ocrx_word' id='word_1_518' title='bbox 450 3618 659 3662; x_wconf 85' lang='lat' dir='ltr'>Christus</span> <span class='ocrx_word' id='word_1_519' title='bbox 685 3630 779 3660; x_wconf 88' lang='lat' dir='ltr'>non</span> <span class='ocrx_word' id='word_1_520' title='bbox 806 3612 1008 3660; x_wconf 86' lang='lat' dir='ltr'>ascendit</span> <span class='ocrx_word' id='word_1_521' title='bbox 1033 3626 1167 3671; x_wconf 87' lang='lat' dir='ltr'>super</span> <span class='ocrx_word' id='word_1_522' title='bbox 1193 3625 1355 3656; x_wconf 88' lang='lat' dir='ltr'>omnes</span> <span class='ocrx_word' id='word_1_523' title='bbox 1382 3613 1554 3657; x_wconf 86' lang='lat' dir='ltr'>coelos.</span> 
     </span>
    </p>
   </div>
   <div class='ocr_carea' id='block_1_7' title="bbox 2322 3419 2352 3926">
    <p class='ocr_par' dir='ltr' id='par_1_10' title="bbox 2322 3419 2352 3926">
     <span class='ocr_line' id='line_1_49' title="bbox 2322 3419 2352 3926; baseline 0 0"><span class='ocrx_word' id='word_1_524' title='bbox 2322 3419 2352 3926; x_wconf 95' lang='lat' dir='ltr'> </span> 
     </span>
    </p>
   </div>
  </div>
 </body>
</html>
