2352 3926
622 209 900 260 QUAESTIO
939 209 1084 250 XLVI.
1121 208 1437 253 ARTICULUS
1473 208 1547 250 XI..
1937 209 2042 264 399

89 314 203 361 alius
226 328 321 359 non
358 312 702 372 blasphemans:
731 321 775 356 et
799 312 863 356 sic
890 312 1066 356 videtur
1091 311 1463 357 inconvenienter
1493 310 1548 354 ab
1571 308 1871 369 Evangelistis
1897 324 2048 353 narra-

86 390 200 436 tum,
226 381 348 441 quod
376 380 586 425 Christus
612 379 746 423 fuerit
771 393 876 422 cum
903 378 1153 423 latronibus
1181 378 1434 422 crucifixus.

126 474 135 479 ⁴
175 449 273 494 San
300 461 494 493 CONTRA
523 457 603 500 est,
630 446 752 505 quod
778 446 864 490 Isa.
895 459 962 504 53.
988 444 1135 490 fuerat
1166 445 1514 504 prophetatum:
1548 446 1605 490 Et
1635 460 1728 489 cum
1754 444 1956 490 sceleratis
1987 460 2048 489 re-

78 522 253 577 putatus
276 522 343 560 est.

175 580 464 628 Rssronn‘no
490 580 748 634 dicendum,
787 579 908 638 quod
941 579 1152 625 Christus
1192 579 1311 623 inter
1346 579 1545 624 latrones
1587 578 1826 623 crucifixus
1859 588 1926 623 est
1959 578 2046 623 alia

85 650 268 710 quidem
296 650 470 693 ratione
497 658 717 708 quantum
745 647 799 690 ad
826 647 1125 690 intentionem
1147 646 1440 704 Judaeorum,
1475 646 1562 689 alia
1593 660 1702 691 vero
1736 656 1956 705 quantum
1991 647 2045 691 ad

85 717 174 762 Dei
201 717 560 760 ordinationem:
587 723 807 773 quantum
830 714 952 757 enim
972 714 1026 756 ad
1046 713 1343 756 intentionem
1356 713 1650 770 Judaeorum,
1673 729 1695 754 «
1714 714 1827 757 duos
1845 714 2044 758 latrones

86 784 295 843 utrinque
323 783 702 834 crucifixerunt»,
734 780 850 824 sicut
868 779 976 824 dicit
1019 779 1257 838 Chrysost.
1286 779 1417 836 (hom.
1441 781 1510 825 88.
1538 782 1581 823 in
1610 781 1758 824 Matth.
1785 781 1986 839 aliquant.
2021 795 2047 824 a

80 852 222 910 princ.
248 857 284 895 et
309 850 448 893 homil.
475 850 547 905 84.
573 850 618 891 in
638 847 802 903 Joan),
835 862 858 888 <t
875 856 924 890 ut
949 860 1108 890 eorum
1136 846 1406 904 suspicionis
1433 845 1562 891 fieret
1583 847 1831 905 particeps:
1849 848 1928 893 sed
1951 861 2046 894 non

85 917 150 964 ita
173 917 336 971 evenit,
363 930 470 960 nam
498 916 552 960 de
584 913 673 958 illis
704 912 819 957 nihil
852 913 1033 966 dicitur3
1066 913 1200 970 hujus
1233 923 1387 956 autern
1429 913 1595 971 ubique
1635 927 1741 957 crux
1767 915 2044 961 honoratur:

85 998 217 1043 reges
242 983 500 1028 diademata
526 982 807 1040 deponentes
834 990 1071 1024 assumunt
1092 995 1276 1025 crucem
1300 982 1344 1024 in
1366 982 1589 1039 purpuris,
1621 982 1666 1024 in
1698 982 2046 1038 diadematibus,

85 1050 134 1097 in
159 1050 311 1104 armis,
337 1050 382 1095 in
417 1063 575 1095 mensa
616 1058 815 1092 sacrata:
855 1048 1020 1106 ubique
1048 1058 1270 1091 terrarum
1298 1062 1407 1091 crux
1433 1048 1599 1091 emicat
1617 1065 1668 1093 »z
1700 1055 1902 1107 quantum
1934 1064 2044 1094 vero

0 1130 13 1163 ἓ
87 1117 144 1165 ad
167 1117 258 1162 Dei
284 1116 634 1172 ordinationem,
662 1114 871 1159 Christus
899 1129 1004 1158 cum
1021 1114 1272 1160 latronibus
1292 1114 1530 1159 crucifixus
1547 1125 1628 1168 est,
1647 1115 1765 1174 quia,
1786 1125 1834 1159 ut
1857 1117 2045 1165 Hieron,

87 1183 196 1228 dicit
219 1197 354 1242 super
379 1183 537 1226 Matth.
567 1182 674 1241 (sup.
699 1182 803 1225 illud
828 1189 917 1240 cap.
945 1195 1040 1240 27..·
1074 1182 1279 1225 Venerunt
1304 1183 1348 1226 in
1375 1182 1526 1235 locum,
1546 1184 1632 1240 qui,
1661 1184 1769 1238 eta),
1792 1200 1816 1224 «
1829 1183 1946 1227 sicut
1962 1199 2045 1242 pro

7 1262 14 1309 ζ
85 1251 216 1297 nobis
244 1250 538 1295 maledictum
573 1250 718 1293 crucis
744 1249 888 1293 factus
925 1259 992 1293 est
1027 1248 1249 1302 Christus,
1283 1249 1346 1302 sic
1384 1263 1467 1307 pro
1504 1250 1714 1293 omnium
1750 1250 1894 1294 salute
1931 1251 2047 1295 inter

6 1311 13 1375 ⁵>
85 1318 248 1363 noxios
275 1317 403 1376 quasi
421 1317 583 1361 noxius
610 1315 887 1374 crucifigitur
905 1332 952 1370 »3
977 1316 1166 1368 secundo,
1194 1326 1243 1359 ut
1268 1316 1377 1359 dicit
1402 1316 1499 1360 Leo
1527 1316 1650 1375 Papa
1677 1317 1723 1360 in
1746 1330 1958 1362 sermone
1990 1319 2046 1362 de

22 1439 23 1442 Ἰ
86 1384 305 1430 Pusione
332 1384 425 1442 (qui
449 1390 503 1428 est
522 1398 564 1440 4.
583 1392 740 1442 parum
759 1398 784 1426 a
801 1385 940 1442 princ.
939 1383 981 1440 ),
1003 1383 1126 1426 «duo
1151 1383 1365 1436 latrones,
1384 1397 1499 1427 unus
1523 1384 1579 1426 ad
1601 1383 1847 1437 dexteram,
1862 1394 1906 1427 et
1933 1384 2047 1429 alius

6 1452 12 1474 ³
87 1451 412 1505 ad'sinistram,
439 1450 776 1507 crucifiguntur,
805 1460 852 1493 ut
878 1450 923 1492 in
950 1450 1048 1508 ipsa
1074 1449 1261 1508 patibuli
1288 1450 1438 1507 specie
1467 1460 1795 1494 monstraretur
1810 1449 1902 1504 illa,
1930 1465 2046 1510 quae

0 592 16 724 ψκ4τνᾳςσ-ι
0 409 15 570 ηεξ-κ’»τω-ωῑιυ
4 319 15 335 2*
11 289 18 297 ι,
3 261 6 268 -
8 207 18 237 ‹2³›

27 619 35 625 ¹
17 282 27 287 ⁷
16 188 40 254 -ῗᾊϊ
22 143 44 174 ;«-
25 113 38 120 1
35 95 37 97 .
30 18 31 21 „

10 1608 25 1619 «=
84 1598 220 1644 super
238 1585 369 1643 Joan.
402 1585 543 1642 (tract.
565 1599 624 1643 31.
652 1586 695 1628 in
711 1584 837 1642 fin.).·
869 1583 1006 1642 «Ipsa
1033 1598 1155 1636 crux,
1183 1584 1219 1627 si
1247 1583 1465 1637 attendas,
1487 1583 1683 1627 tribunal
1703 1583 1799 1638 fuit,
1823 1584 1869 1627 in
1892 1585 2046 1632 medio

85 1654 208 1697 enim
234 1652 383 1710 judice
410 1652 671 1703 constituto,
699 1665 814 1694 unus
840 1651 916 1709 qui
942 1650 1144 1704 credidit,
1171 1649 1399 1706 liberatus,
1428 1650 1540 1694 alter
1557 1651 1634 1709 qui
1650 1650 1895 1705 insultavit,
1919 1651 2048 1695 dam-

84 1729 217 1763 natus
243 1729 324 1772 est,
350 1719 441 1776 jam
469 1717 766 1776 significabat,
794 1718 898 1776 quid
926 1716 1124 1760 facturus
1153 1727 1219 1760 est
1245 1718 1300 1761 de
1325 1717 1454 1770 vivis,
1482 1727 1526 1761 et
1552 1718 1758 1770 mortuis,
1785 1717 1899 1762 alios
1931 1718 2049 1777 posi-

8 1776 30 1817 ἶ
84 1795 212 1831 turus
227 1785 284 1829 ad
294 1785 541 1838 dexteram,
555 1784 667 1829 alios
686 1798 795 1828 vero
814 1785 868 1828 ad
887 1784 1150 1828 sinistram»
1172 1786 1334 1838 ;terti0,
1354 1777 1607 1828 secundum
1627 1784 1852 1830 Hilarium
1868 1785 1979 1840 (can.
1988 1801 2046 1845 33.

11 1852 33 1909 J„
84 1854 133 1897 in
156 1853 309 1906 Matth.
336 1858 431 1897 ante
455 1851 609 1908 med.):
649 1867 671 1891 (ε
684 1851 789 1894 Duo
821 1850 1021 1895 latrones
1047 1850 1221 1903 laevae,
1249 1865 1302 1894 ac
1328 1851 1538 1895 dexterae
1565 1851 1823 1910 affiguntur,
1856 1866 2045 1897 omnem

14 1911 27 1936 ⁵
84 1919 275 1967 humani
321 1919 497 1978 generis
538 1919 880 1963 universitatem
920 1918 1078 1961 vocari
1120 1918 1175 1961 ad
1217 1927 1555 1963 sacramentum
1593 1920 1817 1977 passionis
1852 1921 2047 1965 Domini

19 2009 43 2042 μ,
85 1986 398 2032 ostende-ntes:
431 1986 510 2030 sed
543 1985 649 2044 quia
674 1999 754 2044 per
781 1985 1088 2029 diversitatem
1121 1984 1340 2039 fidelium,
1377 2000 1428 2030 ac
1473 1986 1723 2030 infidelium
1756 1987 1805 2030 fit
1836 1988 2045 2032 omnium

83 2053 335 2099 secundum
362 2053 596 2097 dexteram
621 2053 939 2111 sinistramque
967 2052 1145 2106 divisio,
1178 2066 1294 2096 unus
1321 2067 1375 2096 ex
1402 2053 1579 2097 duobus
1607 2054 1662 2096 ad
1690 2054 1922 2098 dexteram
1949 2056 2046 2113 ejus

29 2140 45 2161 ς
84 2120 196 2168 situs
206 2119 314 2165 fidei
324 2118 643 2178 justificatione
657 2119 857 2164 salvatur*
867 2134 906 2162 »z
921 2119 1217 2178 quarto,quia‚
1230 2130 1279 2163 ut
1291 2120 1414 2164 Beda
1427 2120 1536 2164 dicit
1546 2134 1678 2178 super
1692 2121 1833 2164 Marc.
1850 2122 1960 2180 (cap.
1973 2136 2047 2179 44.

81 2186 303 2233 secundum
327 2189 414 2245 ejus
438 2185 568 2241 ord),
607 2186 860 2240 «latrones,
894 2187 972 2245 qui
1013 2201 1117 2230 cum
1160 2187 1365 2231 Domino
1410 2187 1611 2231 crucifixi
1644 2198 1762 2241 sunt,
1789 2188 2049 2246 significant

22 2268 40 2288 τ’
83 2267 180 2309 eos,
205 2256 282 2313 qui
308 2254 388 2299 sub
415 2253 518 2307 fide,
545 2263 590 2297 et
615 2252 904 2298 confessione
933 2253 1106 2298 Christi
1131 2253 1204 2298 vel
1243 2267 1442 2311 agonem
1475 2254 1694 2314 martyrii,
1720 2255 1794 2299 vel
1819 2255 2046 2314 quaelibet

21 2328 30 2379 ξ
84 2321 290 2366 arctioris
317 2319 583 2378 disciplinae
610 2320 812 2365 instituta
838 2321 1054 2366 subeunt.
1082 2322 1160 2366 sed
1189 2321 1266 2380 qui
1291 2321 1382 2365 hoc
1405 2335 1487 2380 pro
1507 2331 1689 2366 aeterna
1708 2321 1854 2380 gloria
1870 2333 2048 2379 gerunt,

82 2388 226 2437 dextri
250 2388 440 2432 latronis
464 2387 553 2433 fide
593 2388 917 2446 designantur;
950 2388 1028 2446 qui
1058 2402 1167 2432 vero
1210 2389 1440 2432 humanae
1482 2388 1626 2433 laudis
1667 2389 1847 2443 intuitu,
1879 2390 2048 2438 sinistri

28 2453 49 2490 ’ἵ
82 2454 271 2500 latronis
295 2465 499 2501 mentem
523 2455 773 2508 imitantur,
800 2465 845 2501 et
870 2465 998 2500 actus
1016 2472 1059 2498 ».

29 2516 53 2567 J
103 2574 106 2575 ⁷
158 2523 250 2569 AD
279 2535 468 2568 PRIMUM
508 2536 620 2580 ergo
654 2521 915 2576 dicendum,
955 2523 1078 2581 quod
1119 2524 1235 2566 sicut
1272 2521 1480 2567 Christus
1518 2522 1720 2567 debitum
1757 2524 1916 2568 mortis
1951 2537 2047 2568 non

82 2588 254 2643 habuit,
280 2589 358 2634 sed
386 2599 584 2634 mortem
615 2588 871 2633 voluntarie
907 2589 1058 2642 subiit,
1094 2599 1143 2633 ut
1178 2603 1260 2633 sua
1294 2589 1459 2634 virtute
1493 2589 1696 2634 vinceret
1714 2600 1952 2637 -tmortem
1986 2591 2048 2635 ita

42 2653 223 2712 5εῐίῃαι
248 2670 342 2701 non
375 2655 533 2700 habuit
564 2656 794 2711 meritum,
832 2666 880 2700 ut
916 2671 1022 2700 cum
1058 2656 1309 2700 latronibus
1344 2667 1608 2715 poneretur;
1646 2657 1725 2700 sed
1762 2657 1909 2702 voluit
1939 2671 2045 2702 cum

0 2728 2 2730 ’
58 2772 69 2775 ,
69 2722 248 2783 iniquis
273 2723 492 2783 deputari,
518 2733 568 2767 ut
591 2737 673 2768 sua
698 2723 862 2769 virtute
891 2723 1179 2781 iniquitatem
1211 2724 1482 2768 destrueret.
1510 2724 1630 2768 unde
1662 2722 1904 2782 Chrysost.
1938 2725 2048 2769 dicit

0 2802 3 2858 ’ἱ
53 2795 217 2851 {supa
236 2790 365 2849 Joan.
393 2789 524 2846 (hom.
549 2791 619 2846 84.
634 2798 794 2849 parum
819 2805 846 2835 a
873 2792 1051 2849 princ),
1077 2790 1200 2848 quod
1232 2789 1535 2835 «latronem
1525 2806 1571 2834 m
1599 2805 1732 2835 cruce
1760 2802 2041 2844 convertere,

0 2877 4 2911 ‚³
45 2887 77 2906 ,2
76 2866 130 2902 et
147 2871 199 2905 an
223 2857 484 2917 paradisum
509 2856 723 2901 inducere
749 2871 842 2901 non
870 2857 1020 2901 minus
1045 2856 1143 2910 fuit,
1170 2871 1307 2916 quam
1335 2868 1578 2903 concutere
1600 2869 1806 2916 petras».

0 2924 2 2939 *
62 2924 71 2963 ἔ
121 2967 123 2970 .
172 2924 249 2971 AD
271 2937 533 2971 SECUNDUM
558 2923 814 2977 dicendum,
841 2924 963 2983 quod
988 2938 1083 2969 non
1110 2924 1423 2977 conveniebat,
1452 2934 1500 2968 ut
1526 2939 1630 2969 cum
1659 2925 1846 2969 Christo
1885 2924 2046 2982 aliquis

0 3038 3 3052 ÷
30 2989 198 3042 {alius
222 3000 448 3051 pateretur
473 3004 528 3037 ex
555 2990 717 3035 eadem
743 3005 899 3035 causa:
928 2991 1047 3035 unde
1083 2990 1273 3049 Origen.
1301 2991 1471 3036 ibidem
1497 2991 1669 3037 subdit:
1701 3008 1723 3034 «
1752 2992 1930 3036 Omnes
1955 2990 2047 3035 fue-

0 3063 2 3112 ζ
49 3057 253 3106 errantia
278 3057 491 3116 peccatis,
517 3066 561 3101 et
583 3071 748 3103 omnes
773 3072 888 3117 opus
929 3058 1171 3111 habebant,
1198 3069 1246 3103 ut
1271 3073 1353 3117 pro
1381 3059 1445 3105 eis
1487 3058 1600 3104 alius
1642 3070 1910 3112 moreretur,
1950 3072 2045 3102 non

48 3121 170 3184 ipssi
193 3138 276 3184 pro
301 3124 401 3171 aliis
426 3141 469 3168 ²2.

106 3222 111 3242 :
137 3231 139 3233 .
172 3190 248 3237 AD
271 3203 491 3238 TERTIUM
516 3191 776 3246 dicendum,
802 3191 940 3251 quod,
966 3192 1083 3237 sicut
1122 3191 1316 3250 August.
1342 3192 1452 3237 dicit
1475 3192 1521 3236 in
1549 3192 1623 3237 lib.
1655 3207 1691 3250 3.
1719 3192 1774 3236 de
1804 3192 2045 3236 Consensu

49 3251 477 3317 glEvangelistarum
504 3259 619 3318 (cap.
643 3259 711 3304 16.
738 3260 782 3302 in
799 3259 918 3317 fin),
947 3274 970 3300 α
995 3272 1238 3317 possumus
1260 3258 1514 3317 intelligere
1535 3259 1818 3303 Matthaeum
1842 3259 2046 3315 posuisse

35 3321 307 3382 pluralem
330 3338 572 3371 numerum
598 3339 680 3383 pro
708 3324 940 3382 singulari,
968 3339 1074 3369 cum
1095 3325 1227 3370 dixit:
1252 3326 1454 3371 Latrones
1476 3326 1819 3384 improperabant
1842 3326 1880 3368 ei
1901 3340 1943 3368 »ε
1970 3324 2046 3370 vel

78 3399 235 3450 'potest
257 3390 348 3436 dici
370 3391 622 3442 secundum
640 3391 909 3450 >Hieronym.
933 3391 1039 3451 (sup.
1061 3392 1165 3436 illud
1181 3393 1334 3437 Matth.
1352 3407 1419 3451 27.
1437 3393 1638 3436 Latrones
1653 3391 2044 3449 improperabant),

86 3454 210 3515 quod
237 3471 262 3496 α
286 3455 485 3514 primum
508 3466 695 3516 uterque
720 3457 1126 3517 blasphemaverit3
1168 3458 1343 3512 deinde,
1380 3458 1487 3502 visis
1529 3457 1684 3515 signis,
1726 3471 1840 3502 unus
1882 3470 2044 3503 eorum

34 3518 61 3609 ᾗ
86 3521 329 3575 crediderit
351 3536 393 3571 υ.
558 3544 563 3548 -

37 3636 60 3730 Ξ
