2352 3926
700 195 977 244 Quans’mo
1015 196 1102 238 ιν.
1142 195 1451 237 Ana-murus
1489 196 1526 238 1.
1986 183 2088 254 461

788 522 1237 601 QUAESTIO
1286 522 1419 584 LV.

513 694 596 735 DE
626 690 1154 733 MANIFESTATIONE
1185 691 1531 733 RESURRECT
1532 693 1639 734 ION
1642 693 1712 744 IS,

698 781 765 822 IN
795 780 905 822 SEX
938 779 1268 821 ARTICULOS
1300 781 1520 822 DIVISA.

222 965 402 1013 Deinde
426 963 810 1012 considerandum
835 973 904 1009 est
929 963 985 1009 de
1011 963 1379 1008 manifestatione
1405 964 1748 1008 resurrectionis
1776 964 1962 1010 Christi.

756 1078 811 1123 Et
843 1078 958 1122 circa
989 1077 1064 1122 hoc
1095 1083 1353 1136 quaeruntur
1382 1091 1464 1121 sex.

168 1187 172 1189 >
219 1168 392 1214 Primo.
418 1168 586 1213 Utrum
613 1167 786 1212 Christi
810 1166 1080 1212 resurrectio
1107 1167 1320 1211 omnibus
1337 1165 1618 1211 manifestari
1635 1166 1852 1222 debuerit,
1871 1181 1928 1211 an
1945 1167 2097 1212 solum

130 1235 402 1296 quibusdam
426 1233 682 1294 specialiter
703 1235 922 1294 personis.

222 1302 450 1348 Secundo.
478 1302 645 1347 Utrum
669 1301 828 1346 fuisset
853 1301 1146 1356 conveniens,
1172 1300 1295 1360 quod
1321 1301 1386 1345 eis
1409 1300 1667 1346 videntibus
1693 1311 1962 1360 resurgeret.

223 1369 400 1415 Tertio.
430 1369 599 1414 Utrum
640 1378 744 1429 post
782 1369 1163 1413 resurrectionem
1203 1368 1406 1413 debuerit
1444 1382 1551 1414 cum
1589 1369 1682 1414 suis
1721 1368 1955 1441 discipulis
1996 1383 2102 1414 con·

131 1437 317 1483 versari.

224 1504 418 1557 Quarto.
445 1503 613 1549 Utrum
637 1502 772 1548 fuerit
796 1502 1090 1558 conveniens,
1127 1502 1251 1562 quod
1291 1502 1383 1547 suis
1425 1501 1694 1562 discipulis
1682 1517 1730 1547 m
1758 1501 1908 1548 aliena
1949 1502 2102 1562 effigie

132 1580 381 1633 appareret.

224 1638 415 1692 Quinto.
442 1637 608 1683 Utrum
634 1637 1015 1683 resurrectionem
1040 1651 1173 1682 suam
1199 1636 1477 1696 argumentis
1506 1635 1796 1682 manifestare
1822 1636 2039 1682 debuerit.

224 1705 378 1751 Sexto.
403 1705 476 1751 De
501 1704 772 1750 sufficientia
796 1704 983 1749 illorum
1011 1715 1402 1763 argumentorum.

861 1883 1296 1941 ARTICULUS
1332 1883 1375 1939 I.
2013 1909 2097 1956 302

173 2019 367 2060 UTRUM
408 2018 786 2059 RESURRECTIO
828 2019 1045 2058 CHRISTI
1086 2019 1360 2058 DEBUERIT
1402 2019 1644 2059 OMNIBUS
1678 2018 2059 2058 MANIFESTARI.

387 2129 536 2190 (Supr.
559 2145 598 2190 q.
615 2129 683 2191 36.
697 2135 786 2175 art.
808 2144 848 2176 2.
871 2137 983 2190 corp.
1007 2137 1045 2175 et
1065 2138 1200 2190 opusc.
1219 2145 1258 2176 2.
1276 2139 1366 2191 cap.
1390 2129 1481 2190 236.
1499 2136 1538 2175 et
1558 2147 1592 2176 1.
1614 2131 1712 2175 Cor.
1735 2130 1827 2189 15.).

221 2241 298 2286 ΑΒ
324 2253 513 2286 PRmUM
538 2241 603 2285 sic
629 2240 901 2300 proceditur.
927 2240 1132 2294 Videtur,
1156 2241 1279 2300 quod
1301 2240 1570 2285 resurrectio
1590 2239 1763 2284 Christi
1780 2238 1983 2283 debuerit
2007 2252 2103 2282 om-

46 2314 56 2338 ‘³
131 2308 263 2353 nibus
287 2307 589 2352 manifestari:
618 2308 735 2352 sicut
760 2307 883 2352 enim
908 2306 1090 2367 publico
1118 2318 1310 2367 peccato
1338 2307 1527 2351 debetur
1553 2321 1702 2366 poena
1724 2306 1920 2366 publica,
1943 2319 2102 2350 secun-

38 2377 65 2427 ‘5³
133 2374 243 2421 dum
266 2374 377 2420 illud
409 2388 447 2420 1.
475 2373 682 2419 Timoth.
714 2387 777 2432 5.:
804 2375 1020 2419 Peccantes
1045 2389 1189 2420 coram
1216 2376 1405 2419 omnibus
1431 2389 1588 2433 argue5
1614 2374 1677 2418 ita
1714 2374 1878 2418 merito
1915 2372 2100 2432 publico

133 2442 321 2489 debetur
343 2443 599 2501 praemium
624 2441 882 2502 publicum:
909 2442 989 2487 sed
1019 2458 1043 2483 «
1070 2441 1250 2486 claritas
1276 2441 1620 2486 resurrectionis
1648 2451 1715 2485 est
1740 2440 1997 2500 praemium
2023 2439 2105 2483 hu-

133 2509 336 2555 militatis
361 2509 584 2568 passionis
611 2526 652 2563 »,
669 2520 719 2554 ut
744 2509 1028 2568 Augustinus
1055 2509 1165 2553 dicit
1189 2523 1326 2568 super
1344 2509 1477 2568 Joan.
1501 2508 1643 2565 (tract.
1661 2522 1756 2565 104.
1774 2509 1850 2552 cir.
1857 2508 1976 2567 fin.)‚·
1995 2521 2102 2550 cum

135 2590 246 2635 ergo
272 2576 423 2636 passio
449 2576 623 2622 Christi
654 2575 787 2620 fuerit
814 2576 1027 2620 omnibus
1054 2575 1358 2630 manifestata,
1385 2590 1441 2620 eo
1468 2575 1647 2635 publice
1684 2574 1898 2634 patiente,
1924 2574 2103 2618 videtur

136 2642 260 2702 quod
283 2642 430 2701 gloria
454 2643 794 2688 resurrectionis
819 2643 960 2703 ipsius
987 2644 1199 2688 omnibus
1222 2643 1502 2687 manifestari
1525 2643 1742 2687 debuerit.

226 2721 267 2753 2.
298 2708 594 2755 PRAETEREA.
622 2710 751 2754 Sicut
775 2711 928 2769 passio
957 2710 1130 2756 Christi
1156 2710 1391 2754 ordinatur
1417 2709 1472 2753 ad
1499 2719 1707 2754 nostram
1734 2708 1942 2763 salutem,
1969 2708 2031 2752 ita
2058 2717 2102 2752 et

137 2778 235 2834 ejus
265 2777 549 2831 resurrectio,
580 2777 833 2823 secundum
863 2777 975 2822 illud
1007 2778 1143 2822 Rom.
1177 2789 1244 2832 4.:
1282 2778 1521 2823 Resurrexit
1550 2783 1726 2836 propter
1758 2777 2099 2835 justificationem

136 2849 321 2888 nostram
337 2857 352 2887 .·
377 2842 457 2886 sed
480 2842 592 2888 illud
618 2845 741 2903 quod
768 2845 824 2888 ad
851 2858 1150 2889 communem
1186 2844 1428 2888 utilitatem
1464 2843 1671 2903 pertinet,
1714 2843 1926 2888 omnibus
1967 2842 2102 2886 debet

137 2908 436 2963 manifestari3
463 2923 574 2968 ergo
600 2911 869 2956 resurrectio
897 2911 1070 2956 Christi
1097 2911 1310 2955 omnibus
1328 2911 1491 2955 debuit
1516 2909 1812 2964 manifestari,
1831 2920 1876 2953 et
1891 2923 1985 2953 non
2007 2922 2104 2968 spe-

15 2974 62 3025 ⁵⁴³1
137 2976 310 3022 cialiter
331 2975 614 3034 quibusdam.

231 3057 269 3103 3.
295 3043 592 3088 PRAETEREA.
617 3042 704 3098 Illi,
730 3044 890 3104 quibus
915 3045 1204 3090 manifestata
1230 3055 1298 3090 est
1322 3046 1593 3090 resurrectio
1621 3044 1807 3097 Christi,
1834 3043 2014 3087 fuerunt
2039 3056 2104 3087 re-

137 3109 430 3155 surrectionis
455 3119 606 3163 testes,
636 3110 756 3155 unde
782 3111 945 3155 dicitur
970 3112 1072 3156 Act.
1105 3127 1166 3172 3.:
1196 3114 1332 3169 Quem
1359 3114 1471 3157 Deus
1490 3113 1709 3156 suscitavit
1725 3125 1750 3154 a
1774 3111 1961 3163 mortuis,
1985 3111 2103 3167 cujus

136 3192 209 3222 nos
236 3183 343 3222 testes
368 3190 533 3220 sumus:
563 3176 652 3220 hoc
681 3186 833 3221 autem
858 3178 1172 3223 testimonium
1198 3179 1404 3224 ferebant
1425 3178 1603 3238 publice
1627 3176 1955 3236 praedicando;
1979 3175 2101 3235 quod

138 3243 323 3303 quidem
349 3257 443 3286 non
471 3243 685 3287 convenit
710 3243 988 3299 mulieribus,
1015 3247 1265 3290 secundum
1291 3245 1402 3290 illud
1435 3259 1470 3289 1.
1500 3245 1554 3288 ad
1583 3244 1691 3288 Cor.
1721 3255 1810 3297 14.:
1840 3244 2035 3287 Mulieres
2056 3244 2101 3286 in

137 3311 310 3356 ecclesiis
336 3316 501 3355 taceant
511 3325 527 3362 ;
556 3320 601 3354 et
632 3323 669 3353 1.
697 3310 750 3353 ad
781 3309 902 3355 Tim.
931 3323 994 3355 2.:
1022 3313 1184 3357 Docere
1215 3314 1383 3357 mulieri
1408 3328 1490 3356 non
1519 3313 1744 3370 permitto;
1773 3323 1883 3368 ergo
1910 3310 2100 3364 videtur,

139 3378 261 3437 quod
279 3377 653 3421 inconvenienter
684 3377 952 3421 resurrectio
977 3377 1148 3423 Christi
1169 3379 1455 3423 manifestata
1486 3377 1619 3421 fuerit
1650 3377 1798 3436 primo
1821 3375 2101 3432 mulieribus,

139 3458 277 3504 quam
304 3444 516 3488 omnibus
542 3443 860 3487 communiter.
1099 3463 1102 3467 ·

229 3510 325 3556 SED
359 3523 556 3556 CONTRA
583 3520 664 3564 est,
691 3509 813 3568 quod
840 3509 1002 3555 dicitur
1026 3511 1129 3556 Act.
1162 3525 1248 3557 10.:
1278 3513 1414 3569 Quem
1441 3513 1555 3555 Deus
1579 3511 1793 3555 suscitavit
1818 3511 1941 3554 tertia
1963 3510 2041 3565 die,

140 3576 249 3623 dedit
273 3592 366 3623 cum
390 3577 659 3636 manifestum
683 3577 787 3632 fieri,
819 3591 903 3621 non
928 3579 1044 3622 omni
1061 3579 1232 3638 popuIO,
1259 3578 1325 3624 sed
1351 3579 1512 3623 testibus
1529 3576 1840 3637 praeordinatis
1864 3590 1892 3622 a
1916 3577 2024 3622 Deo.
