2352 3926
0 191 20 320 ’ἓ
705 200 983 247 αυΑΕεΤῙο
1024 201 1146 239 Lvn
1171 199 1479 240 armemus
1517 199 1554 239 1.
1988 200 2091 254 473

0 322 11 367 ζ
133 303 342 349 Christus
368 302 611 348 moriendo
649 313 850 347 mortem
874 312 1085 348 nostram.
1105 302 1346 356 destruxit3
1380 316 1490 361 ergo
1516 315 1641 345 mors
1668 300 1842 346 Christi
1866 310 1935 345 est
1961 315 2098 346 causa

130 382 313 416 nostrae
337 371 701 424 resurrectionis3
728 385 823 415 non
850 385 960 430 ergo
994 372 1091 427 ejus
1116 370 1402 414 resurrectio.

158 455 166 470 τ
220 438 315 483 SED
342 450 538 482 CONTRA
566 448 647 491 est,
674 438 797 496 quod
822 452 957 495 super
988 437 1099 481 illud
1132 450 1167 480 1.
1196 436 1250 480 ad
1280 436 1388 480 Cor.
1423 450 1511 493 15.:
1536 437 1586 481 Si
1618 437 1808 482 Christus
1821 434 2099 495 praedicatur

0 545 3 563 Ξ
129 505 239 566 quod
261 506 489 550 resurrexit
510 519 537 548 a
557 507 745 556 mortuis,
778 515 863 549 etc.
891 504 1001 549 dicit
1027 503 1179 548 Gloss.
1210 503 1416 559 (interl.):
1448 520 1471 544 «
1508 503 1603 555 Qui
1629 513 1698 548 est
1723 518 1861 549 causa
1895 503 2097 548 efficiens

52 598 59 604 ·
128 582 471 617 resurrectionis
501 582 684 616 nostrae
710 589 751 615 ».

0 632 13 643 ’“
219 639 510 684 ΚΕεΡοΝῡΕο
537 639 795 695 dicendum,
827 638 950 697 quod
975 636 1088 681 illud
1120 637 1242 696 quod
1276 647 1344 681 est
1379 638 1578 696 primum
1606 638 1652 681 in
1678 638 1883 697 quolibet
1917 652 2100 698 genere,

130 717 199 752 est
223 721 362 751 causa
387 707 611 760 omnium,
638 720 754 765 quae
779 715 884 749 sunt
908 715 1025 764 post,
1052 714 1101 748 ut
1121 705 1284 749 dicitur
1305 705 1352 748 in
1375 717 1415 748 2.
1438 705 1641 763 Metaph.
1667 707 1766 761 (tex.
1788 708 1867 764 4.).
1891 706 2099 750 Primum

129 784 283 819 autem
309 774 356 818 in
387 788 554 833 genere
585 787 719 817 verae
749 772 1094 816 resurrectionis
1119 771 1205 815 fuit
1224 772 1497 816 resurrectio
1522 772 1711 826 Christi,
1733 774 1850 816 sicut
1870 787 1925 816 ex
1946 786 2099 831 supra-

130 841 261 886 dictis
287 850 411 901 patet
437 841 495 900 (q.
516 854 574 900 53.
592 846 672 884 art.
687 855 722 899 3.
721 841 769 897 ).·
786 841 907 884 unde
926 847 1122 898 oportet,
1140 839 1263 897 quod
1279 839 1551 883 resurrectio
1581 839 1753 883 Christi
1780 842 1837 884 sit
1862 854 1999 884 causa
2019 853 2100 884 no·

130 916 250 954 strae
275 908 644 961 resurrectionis;
670 917 716 952 et
739 907 830 951 hoc
858 917 927 951 est
952 907 1075 966 quod
1101 907 1262 965 Apost.
1291 907 1400 950 dicit
1431 920 1466 950 1.
1497 907 1605 950 Cor.
1638 919 1729 963 15.:
1755 906 1947 952 Christus
1967 922 2101 952 resur-

130 978 241 1021 rexit
265 990 292 1020 a
316 977 493 1020 mortuis
515 976 737 1034 primitiae
760 968 1085 1026 dormientium
1113 975 1313 1032 quoniam
1353 973 1518 1032 quidem
1539 981 1621 1032 per
1656 974 1863 1018 hominem
1897 989 2024 1026 mors,
2061 980 2101 1019 et

121 1050 202 1102 per
221 1043 427 1087 bominem
458 1044 701 1086 resurrectio
727 1048 1007 1086 mortuorum.
1031 1041 1086 1085 Et
1111 1042 1200 1085 hoc
1222 1040 1566 1093 rationabiliter,
1592 1055 1701 1084 nam
1727 1042 1999 1100 principium
2020 1042 2102 1085 hu-

130 1123 295 1154 manae
318 1108 640 1154 vivificationis
663 1120 731 1153 est
755 1109 960 1153 Verbum
986 1109 1088 1162 Dei,
1116 1109 1171 1152 de
1197 1123 1288 1167 quo
1318 1109 1480 1152 dicitur
1507 1109 1554 1152 in
1578 1108 1699 1152 Psal.
1730 1122 1823 1166 35.:
1850 1109 1976 1168 Apud
1994 1115 2028 1154 te
2044 1116 2102 1154 est

119 1177 221 1236 jbns
250 1178 377 1230 vitae,
405 1177 524 1220 unde
551 1187 594 1220 et
620 1177 714 1235 ipse
742 1177 850 1220 dicit
869 1176 1000 1234 Joan.
1033 1190 1090 1233 5.:
1121 1176 1237 1221 Sicut
1252 1177 1379 1220 Pater
1398 1178 1566 1220 suscitat
1592 1182 1789 1230 mortuos,
1817 1182 1855 1220 et
1878 1178 2100 1235 vivifican

127 1246 186 1290 sic
210 1251 247 1290 et
270 1245 422 1297 Filius,
449 1259 549 1304 quos
572 1245 677 1298 vult,
704 1245 909 1300 vivificat.
944 1244 1093 1287 Habet
1119 1254 1272 1288 autem
1303 1244 1393 1288 hoc
1426 1243 1644 1287 naturalis
1672 1244 1786 1288 ordo
1813 1257 1966 1287 rerum
1993 1244 2101 1287 divi-

129 1312 248 1357 nitus
270 1312 514 1366 institutus,
546 1321 595 1356 ut
620 1311 849 1370 quaelibet
890 1325 1027 1355 causa
1060 1311 1209 1370 primo
1253 1320 1466 1369 operetur
1489 1311 1536 1354 in
1562 1310 1623 1365 id,
1649 1311 1772 1369 quod
1799 1320 1868 1354 est
1892 1310 1978 1354 sibi
2003 1314 2106 1370 pro-'

128 1380 355 1439 pinquius,
381 1390 424 1423 et
449 1394 529 1438 per
554 1379 667 1423 illud
693 1389 904 1438 operetur
930 1381 976 1422 in
1003 1378 1092 1422 alia
1124 1378 1271 1436 magis
1297 1387 1497 1422 remota:
1525 1377 1642 1421 sicut
1666 1377 1786 1435 ignis
1811 1377 1960 1436 primo
1989 1376 2103 1421 cale-

127 1445 238 1491 facit
262 1450 416 1491 aerem
442 1446 526 1491 sibi
551 1446 874 1505 propinquum,
900 1460 980 1504 per
1005 1460 1142 1504 quem
1185 1444 1395 1489 calefacit
1435 1459 1629 1503 corpora
1670 1444 1908 1498 distantia3
1935 1454 1980 1488 et
2004 1444 2102 1502 ipse

130 1514 256 1559 Deus
282 1514 432 1573 primo
458 1512 687 1557 illuminat
712 1513 984 1557 substantias
1010 1513 1093 1557 sibi
1120 1514 1267 1571 magis
1292 1512 1584 1571 propinquas,
1617 1525 1697 1571 per
1731 1525 1842 1570 quas
1874 1510 2104 1557 illuminat

131 1583 277 1640 magis
304 1591 520 1635 remotas,
545 1591 594 1624 ut
619 1581 758 1624 Dion.
786 1580 896 1624 dicit
921 1594 1018 1638 cap.
1051 1593 1116 1638 13.
1146 1579 1277 1624 Coel.
1305 1579 1429 1623 Hier.
1459 1580 1637 1638 (parum
1662 1593 1688 1622 a
1708 1579 1890 1638 princ).
1915 1577 1973 1622 Et
1994 1577 2102 1622 ideo

134 1646 334 1692 Verbum
360 1648 450 1693 Dei
474 1650 623 1707 primo
649 1648 803 1691 tribuit
827 1647 970 1691 vitam
996 1646 1309 1690 immortalem
1347 1646 1534 1705 corpori·
1557 1646 1642 1690 sibi
1666 1645 1932 1690 naturaliter
1956 1645 2101 1699 unito,

131 1724 176 1758 et
207 1728 287 1773 per
311 1713 461 1773 ipsum
488 1724 700 1773 operatur
725 1715 1107 1758 resurrectionem
1132 1714 1179 1757 in
1206 1714 1418 1757 omnibus
1452 1713 1564 1757 aliis.
1887 1708 1895 1710 ”

221 1781 297 1825 AD
330 1794 516 1826 PRIMUM
544 1795 655 1840 ergo
682 1782 942 1835 dicendum,
969 1781 1106 1840 quod,
1132 1781 1249 1825 sicut
1274 1781 1447 1824 dictum
1475 1791 1542 1824 est
1569 1781 1635 1838 (in
1661 1788 1778 1839 corp.
1809 1781 1927 1837 art),
1954 1793 2101 1823 resur-

130 1848 273 1892 rectio
301 1847 473 1892 Christi
499 1859 566 1892 est
593 1862 730 1892 causa
756 1859 938 1892 nostrae
971 1848 1314 1893 resurrectionis
1333 1863 1412 1906 per
1428 1848 1643 1891 virtutem
1661 1848 1801 1891 Verbi
1819 1848 1955 1901 uniti;
1978 1846 2100 1905 quod

131 1915 317 1975 quidem
352 1926 566 1974 operatur
594 1916 846 1960 secundum
882 1915 1192 1959 voluntatem:
1228 1925 1274 1959 et
1304 1915 1408 1958 ideo
1441 1929 1535 1958 non
1569 1924 1750 1973 oportet
1782 1914 1904 1972 quod
1947 1914 2100 1957 statim

130 1993 345 2042 sequatur
370 1981 571 2037 effectus,
598 1983 675 2027 sed
702 1983 955 2027 secundum
983 1983 1330 2042 dispositionem
1356 1982 1496 2027 Verbi
1522 1983 1635 2037 Dei;
1664 1993 1710 2026 ut
1742 1983 1917 2026 scilicet
1951 1983 2100 2040 primo

132 2047 478 2094 conformemur
503 2050 690 2095 Christo
716 2050 919 2109 patienti,
947 2061 990 2094 et
1018 2050 1232 2094 morienti
1259 2050 1305 2093 in
1337 2049 1424 2093 hac
1452 2050 1544 2094 vita
1580 2050 1796 2107 passibili,
1825 2061 1868 2093 et
1895 2049 2100 2103 mortali3

131 2115 295 2162 deinde
322 2118 642 2175 perveniamus
668 2119 724 2162 ad
750 2118 1113 2177 participandum
1139 2117 1485 2161 similitudinem
1507 2118 1850 2161 resurrectionis
1872 2117 2026 2175 ipsius.

218 2184 295 2229 AD
321 2197 581 2229 SECUNDUM
610 2186 869 2239 dicendum,
888 2186 1010 2244 quod
1035 2185 1206 2243 justitia
1223 2185 1311 2228 Dei
1329 2195 1397 2229 est
1422 2199 1560 2228 causa
1584 2185 1731 2244 prima
1756 2183 2101 2229 resurrectionis

129 2261 335 2296 nostrae:
360 2252 630 2297 resurrectio
659 2262 812 2296 autem
840 2252 1013 2297 Christi
1039 2263 1107 2296 est
1133 2266 1270 2296 causa
1296 2252 1577 2305 secundaria,
1605 2263 1649 2295 et
1675 2252 1805 2310 quasi
1829 2252 2101 2296 instrumen-

129 2318 253 2373 talis;
279 2317 388 2363 licet
412 2329 565 2363 autem
589 2320 730 2363 virtus
757 2318 1017 2379 principalis
1051 2320 1226 2379 agentis
1257 2334 1352 2363 non
1386 2320 1712 2363 determinetur
1741 2320 1796 2363 ad
1823 2319 1914 2363 hoc
1941 2319 2101 2363 instru-

131 2391 338 2432 mentum
363 2386 686 2440 determinate3
712 2396 868 2430 tamen
895 2400 949 2430 ex
975 2401 1066 2445 quo
1094 2401 1174 2445 per
1198 2386 1289 2429 hoc
1316 2386 1672 2430 instrumentum
1699 2396 1926 2445 operatur,
1944 2386 2104 2430 instru—

57 2466 59 2468 ’
131 2462 340 2497 mentum
365 2452 476 2496 illud
503 2463 571 2498 est
597 2467 734 2498 causa
760 2452 985 2497 efficiens:
1014 2454 1077 2497 sic
1106 2467 1216 2512 ergo
1244 2453 1396 2497 divina
1418 2454 1602 2511 justitia,
1625 2464 1847 2512 quantum
1871 2457 1940 2498 est
1961 2454 2016 2497 de
2039 2466 2102 2506 se,

131 2533 226 2564 non
251 2531 319 2565 est
345 2520 546 2579 obligata
573 2521 628 2564 ad
655 2521 1033 2565 resurrectionem
1059 2531 1265 2565 nostram
1298 2522 1576 2566 causandam
1610 2536 1690 2579 per
1719 2521 2101 2566 resurrectionem

136 2585 328 2632 Christi:
351 2588 500 2646 potuit
524 2588 646 2631 enim
674 2587 764 2632 alio
791 2588 933 2632 modo
960 2602 1046 2632 nos
1072 2589 1198 2632 Deus
1225 2587 1432 2642 liberare,
1465 2603 1604 2647 quarn
1631 2602 1710 2647 per
1737 2588 1910 2632 Christi
1935 2588 2103 2646 passio·

134 2667 257 2707 nem,
282 2662 327 2698 et
349 2656 743 2709 resurrectionem,
771 2667 819 2699 ut
845 2670 980 2714 supra
1001 2656 1176 2699 dictum
1199 2665 1266 2699 est
1284 2656 1340 2713 (q.
1359 2656 1433 2711 46.
1456 2663 1536 2700 art.
1556 2671 1595 2700 2.
1615 2662 1650 2699 et
1669 2657 1745 2714 3.):
1766 2671 1818 2699 ex
1837 2669 1928 2714 quo
1946 2665 2100 2698 tamen

135 2720 335 2765 decrevit
358 2721 450 2794 hoc
477 2724 618 2767 modo
645 2738 731 2768 nos
758 2723 962 2777 liberare,
990 2722 1283 2767 manifestum
1310 2733 1377 2766 est
1403 2724 1526 2782 quod
1553 2723 1823 2767 resurrectio
1843 2722 2013 2767 Christi
2035 2732 2102 2767 est

137 2802 273 2832 causa
298 2799 480 2832 nostrae
502 2791 861 2835 resurrectionis.
897 2821 903 2825 ι

225 2856 301 2899 AD
319 2868 535 2901 τεκτιυΜ
553 2857 811 2910 dicendum,
830 2859 951 2916 quod
970 2859 1241 2902 resurrectio
1261 2858 1428 2903 Christi
1447 2872 1541 2902 non
1560 2868 1640 2911 est,
1655 2858 1835 2917 proprie
1854 2856 2100 2915 loquendo,

136 2936 274 2966 causa
301 2923 532 2966 meritoria
557 2934 738 2968 nostrae
765 2925 1121 2978 resurrectionis,
1139 2926 1216 2969 sed
1238 2935 1304 2969 est
1334 2939 1471 2968 causa
1497 2924 1712 2979 efficiens,
1741 2934 1783 2968 et
1810 2923 2100 2982 exemplaris;

137 2987 337 3033 efficiens
365 2989 562 3047 quidem,
588 2990 857 3048 inquantum
883 2992 1144 3035 humanitas
1172 2992 1357 3046 Christi,
1384 2993 1635 3035 secundum
1668 3006 1806 3051 quam
1844 2990 2098 3046 resurrexit,

136 3064 204 3099 est
230 3057 574 3114 quodammodo
602 3056 951 3102 instrumentum
979 3059 1223 3103 divinitatis
1251 3059 1404 3117 ipsius,
1423 3069 1467 3102 et
1493 3069 1706 3117 operatur
1728 3059 1773 3100 in
1800 3058 1963 3100 virtute
1991 3058 2100 3114 eius,

137 3131 187 3166 ut
210 3136 345 3180 supra
372 3122 638 3173 dictumest
664 3123 722 3182 (q.
739 3139 794 3182 13.
820 3131 903 3170 art.
921 3140 960 3170 2.
979 3133 1017 3170 et
1029 3129 1105 3183 3.):
1131 3137 1175 3170 et
1196 3127 1444 3170 ideosicut
1467 3126 1567 3180 alia,
1586 3141 1701 3184 quae
1724 3126 1929 3169 Christus
1952 3124 1999 3166 in
2020 3138 2102 3168 sua

136 3188 419 3233 humanitate
445 3188 565 3242 fecit,
578 3189 651 3232 vel
667 3204 823 3248 passus
841 3201 921 3244 est,
940 3206 992 3235 ex
1010 3195 1172 3236 virtute
1192 3193 1436 3237 divinitatis
1464 3195 1560 3249 ejus
1587 3203 1691 3236 sunt
1717 3191 1848 3235 nobis
1874 3190 2101 3244 salutaria,

137 3265 186 3300 ut
211 3270 346 3314 supra
372 3257 544 3299 dictum
566 3266 630 3300 est
650 3257 707 3314 (q.
730 3258 802 3312 48.
819 3264 900 3301 art.
924 3259 1005 3314 6.)‚
1024 3259 1084 3302 ita
1104 3268 1146 3303 et
1164 3260 1435 3304 resurrectio
1456 3260 1627 3304 Christi
1654 3268 1719 3302 est
1743 3272 1879 3302 causa
1902 3256 2101 3301 efficiens

136 3331 319 3366 nostrae
346 3323 685 3366 resurrectionis
711 3323 873 3368 virtute
906 3324 1073 3378 divina,
1101 3328 1227 3382 cujus
1259 3328 1491 3385 proprium
1522 3336 1589 3370 est
1614 3336 1821 3368 mortuos
1849 3323 2099 3378 vivificare3

138 3402 254 3447 quae
280 3390 465 3448 quidem
490 3391 631 3433 virtus
663 3389 1019 3447 praesentialiter
1052 3393 1229 3451 attingit
1261 3394 1418 3436 omnia
1444 3393 1562 3446 loca,
1596 3402 1639 3435 et
1671 3403 1902 3449 tempora:
1931 3401 1975 3434 et
1996 3390 2101 3435 talis

104 3484 106 3486 -
140 3464 376 3500 contactus
402 3456 604 3499 virtualis
630 3455 795 3499 sufficit
820 3457 875 3500 ad
900 3458 1126 3502 rationem
1152 3459 1287 3516 hujus
1319 3458 1611 3511 efficientiae;
1641 3468 1684 3502 et
1709 3458 1828 3516 quia,
1855 3468 1904 3501 ut
1928 3458 2101 3501 dictum

139 3531 208 3566 est
224 3522 287 3578 (in
302 3524 422 3567 solut.
436 3525 614 3582 praec),
633 3523 938 3581 primordialis
964 3539 1101 3569 causa
1126 3526 1468 3571 resurrectionis
1496 3526 1724 3568 humanae
1751 3535 1818 3568 est
1844 3525 1995 3568 divina
2017 3525 2103 3582 jus·

137 3588 252 3643 titia,
287 3603 341 3634 ex
381 3604 470 3649 qua
503 3590 709 3634 Christus
744 3590 880 3635 habet
915 3601 1189 3650 potestatem
1222 3594 1441 3651 judicium
1476 3591 1639 3646 facere,
1666 3593 1936 3652 inquantum
1962 3593 2101 3637 Filius

0 2337 14 2550 Ξ

14 3606 31 3673 5

16 3816 29 3870 ’.ε
