2352 3926
641 220 920 266 αυΑΒετιο
961 219 1107 266 LXVI..
1146 218 1456 267 sanemus
1496 219 1570 257 xr.
1974 204 2078 273 569

54 345 61 354 =>
135 320 293 366 msa-An
334 334 550 366 'rr-:nrum
587 321 846 376 dicendum,
881 321 1004 382 quod
1038 322 1356 367 Damascenus
1390 321 1519 380 ponit
1553 319 1777 380 quaedam
1809 319 2082 379 baptismata

124 386 357 447 figuralia3
394 388 509 433 sicut
534 388 769 443 diluvium,
798 390 919 448 quod
945 388 1029 434 fuit
1053 390 1234 449 signum
1260 390 1404 434 nostri
1424 388 1652 447 baptismi,
1679 397 1898 448 quantum
1919 387 1976 432 ad
1999 386 2083 432 sal·

54 470 63 473 “
125 454 360 500 vationem
386 455 588 500 fidelium
614 456 659 499 in
686 455 904 510 Ecclesia,
937 458 1053 501 sicut
1079 464 1173 502 tunc
1199 466 1362 517 paucae
1387 458 1553 501 animae
1582 457 1724 501 salvae
1744 456 1887 516 sactae
1911 461 2004 500 sunt
2035 457 2081 499 in

35 517 49 572 ,
124 536 243 575 arca,
270 532 318 566 ut
344 522 505 567 dicitur
538 537 572 567 1.
600 523 719 567 Petr.
743 538 779 581 3.
807 524 943 568 Ponit
967 524 1105 568 etiam
1132 524 1370 568 transitum
1398 525 1534 567 maris
1568 523 1723 577 Rubri,
1750 523 1828 583 qui
1857 521 2083 581 significat

43 614 69 638 ,·
124 599 329 633 nostrum
366 590 604 648 baptisma,
637 600 856 648 quantum
893 590 949 634 ad
985 589 1305 634 liberationem
1339 604 1364 633 a
1395 590 1608 634 servitute
1641 591 1845 648 peccati:
1878 589 1998 635 unde
2039 599 2085 633 et

39 684 46 691 ‚
123 655 374 715 Apostolus
401 656 511 700 dicit
540 670 575 700 1.
604 656 812 700 Corinth.
847 669 927 710 10.,
955 656 1076 715 quod
1103 671 1240 701 omnes
1263 658 1459 715 baptizati
1489 663 1584 701 sunt
1616 658 1659 700 in
1681 658 1802 712 nube,
1820 662 1859 702 et
1885 658 1929 700 in
1955 657 2081 702 mari.

123 722 262 768 Ponit
286 723 424 768 etiam
452 722 706 769 ablutiones
739 723 952 777 diversas,
986 736 1101 781 quae
1133 722 1301 767 fiebant
1332 725 1378 767 in
1409 725 1549 768 veteri
1581 722 1697 782 lege,
1729 722 2083 783 praefigurantes

121 799 330 836 nostrum
355 790 593 849 baptisma,
620 800 840 849 quantum
866 790 922 834 ad
948 791 1265 847 purgationem
1293 800 1601 848 peccatorum.
1623 791 1760 836 Ponit
1781 790 1920 836 etiam
1940 790 2083 850 bapti-

122 870 275 902 smum
293 856 498 915 Joannis,
523 857 601 916 qui
625 856 708 901 fuit
732 857 1095 916 praeparatorius
1122 856 1177 900 ad
1203 866 1411 901 nostrum
1436 857 1676 916 baptisma.

802 1019 1235 1078 ARTICULUS
1272 1021 1399 1076 XII.
1444 1106 1447 1110 A
1995 1048 2075 1095 375

439 1154 632 1194 UTRUM
672 1155 970 1194 BAPTISMUS
1006 1155 1293 1195 SANGUINIS
1328 1156 1413 1193 SIT
1441 1156 1764 1194 POTISSIMUS

743 1237 908 1277 INTER
936 1237 1064 1275 ALIA
1091 1237 1453 1277 BAPTISMATA.

489 1346 550 1402 (4.
569 1346 680 1391 Dist.
698 1359 740 1403 4.
759 1361 797 1405 q.
812 1361 847 1405 3.
865 1353 945 1391 art.
959 1362 996 1406 3.
1014 1362 1052 1406 q.
1070 1361 1112 1404 4.
1139 1353 1176 1392 et
1195 1347 1328 1392 Hebr.
1353 1347 1393 1393 6.
1417 1347 1505 1393 lect.
1528 1363 1563 1407 3.
1580 1347 1698 1407 fin).

206 1456 283 1501 ΑΙ)
314 1469 640 1502 DUODECIMUM
667 1458 731 1503 sic
758 1459 1030 1518 proceditur.
1058 1458 1262 1514 Videtur,
1290 1460 1412 1519 quod
1437 1459 1690 1519 baptismus
1720 1459 1953 1518 sanguinis
1985 1473 2079 1504 non

118 1523 176 1569 sit
211 1524 474 1583 potissimus
507 1525 623 1569 inter
656 1525 741 1569 tria
778 1526 1008 1584 praedicta
1040 1526 1340 1585 baptismata:
1385 1527 1633 1586 baptismus
1666 1528 1790 1577 enim
1824 1540 1967 1586 aquae
2000 1527 2080 1571 im-

118 1590 272 1651 primit
298 1591 625 1647 characterem,
661 1593 783 1652 quod
810 1593 994 1652 quidem
1020 1593 1269 1651 baptismus
1295 1594 1528 1653 sanguinis
1563 1608 1657 1638 non
1691 1594 1822 1650 facit;
1859 1607 1970 1652 ergo
2003 1594 2082 1637 ba-

118 1657 310 1717 ptismus
336 1659 567 1718 sanguinis
593 1673 688 1703 non
715 1668 782 1704 est
807 1660 971 1719 potior,
1005 1675 1142 1719 quarn
1168 1661 1419 1719 baptismus
1447 1675 1604 1720 aquae.

206 1737 247 1771 2.
273 1725 570 1771 PRAETEREA.
601 1726 860 1785 Baptismus
885 1727 1117 1786 sanguinis
1143 1742 1236 1771 non
1259 1727 1380 1772 valet
1401 1728 1496 1772 sine
1517 1728 1745 1787 baptismo
1771 1727 1984 1782 flaminis,
2002 1730 2079 1787 qui

117 1802 185 1838 est
200 1806 281 1851 per
305 1793 596 1838 charitatem:
624 1794 786 1839 dicitur
802 1794 924 1838 enirn
948 1807 984 1838 1.
1003 1794 1059 1838 ad
1082 1794 1191 1840 Cor.
1214 1808 1304 1853 13.:
1331 1795 1382 1840 Sir
1394 1794 1602 1840 tradidero
1621 1803 1768 1855 corpas
1789 1811 1939 1850 meum,
1959 1797 2019 1840 ita
2035 1801 2081 1840 ut

115 1858 303 1913 ardeam,
338 1860 581 1905 charitatem
612 1867 748 1905 autem
778 1876 861 1905 non
893 1861 1091 1916 habuero,
1123 1862 1228 1905 nihil
1259 1862 1364 1906 mihi
1385 1862 1582 1920 prodest:
1619 1862 1697 1906 sed
1729 1862 1978 1922 baptismus
2004 1861 2080 1907 fla-

115 1926 250 1971 minis
275 1926 396 1971 valet
420 1927 517 1972 sine
538 1927 764 1987 baptismo
788 1928 1044 1986 sanguinis:
1068 1942 1162 1972 non
1184 1929 1307 1972 enim
1328 1928 1416 1973 soli
1438 1939 1659 1988 martyres
1682 1929 1938 1984 salvantur;
1965 1943 2077 1988 ergo

115 1993 366 2054 baptismus
391 1994 623 2054 sanguinis
650 2009 743 2039 non
770 2004 838 2039 est
862 1995 1140 2054 potissimus.

206 2074 245 2118 3.
272 2060 568 2106 PRAETEREA.
602 2062 730 2106 Sicut
755 2062 1004 2120 baptismus
1023 2077 1166 2122 aquae
1193 2059 1331 2107 habet
1347 2061 1600 2107 efficaciam
1619 2077 1644 2107 a
1660 2063 1873 2123 passione
1891 2063 2078 2118 Christi,

116 2126 192 2173 cui
217 2128 469 2173 secundum
488 2129 718 2187 praedicta
738 2131 839 2187 (art.
851 2138 991 2189 praec.
991 2129 1016 2187 )
1045 2129 1289 2188 respondet
1304 2130 1554 2189 baptismus
1571 2131 1820 2191 sanguinis,
1841 2131 1903 2176 ita
1927 2131 2077 2191 passio

122 2193 293 2240 Christi
318 2193 571 2240 efficaciam
597 2196 736 2241 habet
761 2210 786 2240 a
814 2196 983 2254 Spiritu
1011 2196 1207 2251 Sancto;
1233 2198 1486 2241 secundum
1511 2196 1623 2241 illud
1650 2198 1870 2257 Hebr.9.:
1897 2198 2074 2257 Sanguis

114 2259 289 2315 Christi,
302 2263 374 2320 qui
395 2270 470 2321 per
485 2263 691 2323 Spiritum
714 2263 914 2308 Sanctum
932 2264 1080 2309 obtulit
1098 2266 1358 2323 semetipsum
1369 2272 1449 2324 pro
1467 2266 1598 2318 nobis,
1620 2265 1858 2310 emundabit
1874 2268 2079 2311 conscien-

114 2329 219 2372 tiam
249 2335 435 2375 nostram
471 2331 523 2374 ab
556 2331 746 2389 operibus
777 2332 966 2386 mortuis,
1000 2341 1115 2385 etc.;
1156 2346 1266 2389 ergo
1304 2332 1554 2390 baptismus
1585 2331 1782 2376 flaminis
1816 2332 1967 2392 potior
1997 2343 2077 2387 est,

113 2408 251 2454 quarn
266 2394 518 2455 baptismus
532 2397 789 2456 sanguinis;
815 2412 910 2443 non
927 2411 1037 2456 ergo
1055 2398 1306 2457 baptismus
1327 2399 1560 2458 sanguinis
1583 2409 1650 2444 est
1675 2399 1952 2458 potissimus.

0 2459 22 2495 ³-
154 2486 155 2490 =
198 2461 306 2508 SED*
326 2475 522 2509 CONTRA
540 2474 621 2519 est,
637 2464 760 2523 quod
777 2464 1020 2524 Augustin.
1040 2465 1095 2510 ad
1121 2465 1154 2509 F
1159 2475 1421 2510 ortunatum
1446 2465 1640 2525 loquens
1657 2467 1712 2511 de
1730 2467 2075 2526 comparatione

14 2530 17 2531 ’
112 2527 437 2587 baptismatum
468 2530 577 2575 dicit
607 2532 804 2589 (habetur
827 2534 871 2576 in
896 2532 966 2577 lzb.
991 2532 1037 2577 de
1067 2532 1299 2578 Ecclesiast.
1327 2534 1571 2592 Dogmatib.
1599 2542 1688 2594 cap.
1717 2548 1785 2593 74.
1814 2536 1923 2591 inter
1952 2542 2078 2596 opera

114 2594 337 2654 diguam:
366 2611 392 2641 ιι
418 2597 675 2656 Baptizatus
702 2598 942 2644 confitetur
959 2599 1099 2644 fidem
1120 2614 1252 2644 suam
1271 2614 1430 2645 coram
1447 2601 1699 2656 sacerdote,
1725 2612 1897 2661 martyr
1919 2616 2075 2646 coram

113 2672 425 2731 persecutore:
447 2663 524 2709 ille
555 2675 659 2723 post
684 2665 1021 2722 confessionem
1054 2667 1306 2725 aspergitur
1337 2681 1469 2726 aqua,
1501 2668 1575 2711 hic
1609 2669 1854 2727 sanguine:
1887 2668 1964 2713 ille
1996 2682 2076 2729 per

111 2728 454 2788 impositionem
479 2745 640 2777 manus
673 2733 1084 2792 pontificisrecipit
1111 2734 1330 2793 Spiritum
1365 2736 1602 2790 Sanctum,
1628 2736 1703 2779 hic
1735 2735 1960 2795 templum
1986 2734 2076 2780 effi-

114 2795 229 2841 citur
255 2795 446 2855 Spiritus
473 2797 687 2843 Sancti».

201 2861 487 2908 RESPONDEO
520 2864 777 2920 dicendum,
810 2867 947 2926 quod,
981 2868 1097 2912 sicut
1129 2869 1301 2913 dictum
1335 2880 1402 2913 est
1434 2870 1539 2928 (art.
1569 2872 1751 2929 praec),
1784 2868 1945 2914 effusio
1977 2883 2075 2913 san·

114 2928 262 2988 guinis
294 2942 376 2987 pro
411 2929 612 2986 Christo,
639 2942 683 2977 et
706 2935 912 2992 operatio
938 2936 1126 2980 interior
1153 2935 1345 2995 Spiritus
1374 2937 1530 2981 Sancti
1562 2938 1773 2981 dicuntur
1803 2937 2075 2995 baptismata

110 2996 381 3055 inquantum
408 2995 608 3042 efficiunt
633 2998 844 3044 effectum
872 3002 1084 3061 baptismi
1111 3017 1268 3062 aquae.
1298 3004 1555 3063 Baptismus
1580 3013 1730 3048 autem
1761 3018 1903 3062 aquae
1927 3002 2074 3047 effica-

114 3062 232 3106 ciam
257 3062 394 3107 habet
415 3077 441 3106 a
465 3065 675 3122 passione
694 3066 879 3121 Christi,
897 3079 942 3112 et
964 3083 989 3112 a
1009 3069 1176 3128 Spiritu
1196 3070 1383 3124 Sancto,
1401 3082 1450 3115 ut
1476 3072 1649 3115 dictum
1677 3081 1743 3114 est
1764 3070 1861 3126 (art.
1877 3071 2043 3129 praec.)
2057 3083 2072 3113 .·

113 3143 228 3188 quae
256 3129 440 3188 quidem
467 3130 583 3175 duae
609 3146 772 3177 causae
795 3146 1037 3192 operantur
1063 3136 1109 3180 in
1135 3136 1338 3195 quolibet
1374 3137 1542 3181 horum
1568 3138 1705 3181 trium
1733 3138 2073 3195 baptismatum,

112 3196 491 3241 excellentissime
522 3206 695 3243 tamem
726 3199 772 3244 in
798 3200 1024 3260 baptismo
1058 3204 1315 3262 sanguinis;
1342 3219 1450 3248 nam
1477 3204 1628 3263 passio
1657 3204 1828 3248 Christi
1859 3214 2074 3262 operatur

113 3263 299 3322 quidem
338 3264 386 3307 in
420 3264 646 3322 baptismo
679 3280 837 3325 aquae,
870 3282 949 3327 per
983 3270 1210 3327 quandam
1238 3270 1477 3330 figuralem
1513 3270 1999 3330 repraesentationem3
2025 3272 2071 3315 in

111 3330 340 3389 baptismo
368 3341 520 3376 autem
547 3330 757 3387 flaminiS,
783 3333 856 3379 vel
881 3336 1200 3393 poenitentiae,
1218 3352 1298 3396 per
1330 3338 1558 3396 quandam
1586 3337 2001 3391 affcctionem33ed
2023 3338 2070 3383 in

114 3397 343 3457 baptismo
375 3398 623 3457 sanguinis,
649 3413 727 3458 per
758 3401 1060 3448 imitationem
1097 3406 1260 3463 operis.
1301 3404 1519 3449 Similiter
1545 3405 1682 3449 etiam
1710 3404 1850 3448 virtus
1878 3404 2070 3463 Spiritus

116 3464 275 3510 Sancti
301 3476 512 3524 operatur
543 3466 588 3509 in
615 3465 840 3525 baptismo
877 3482 1022 3528 aquae
1047 3484 1126 3529 per
1153 3471 1381 3530 quandam
1413 3472 1627 3515 virtutem
1661 3471 1899 3526 latentem3
1925 3472 1972 3516 in
1996 3471 2071 3516 ba-

108 3531 283 3594 ptismo
309 3542 464 3577 autem
488 3533 794 3591 poenitentiae
821 3548 901 3593 per
932 3537 1082 3582 cordis
1113 3539 1502 3593 commotionem3
1530 3538 1607 3582 sed
1634 3538 1681 3581 in
1712 3538 1938 3598 baptismo
1969 3553 2070 3583 san-

115 3597 264 3658 guinis
295 3612 376 3658 per
406 3599 696 3658 potissimum
725 3599 998 3657 dilectionis,
1031 3612 1075 3648 et
1109 3603 1363 3649 affectionis
1395 3603 1637 3659 fervorem,
1669 3605 1921 3650 secundum
1954 3604 2066 3650 illud
