2352 3926
262 231 365 298 196
813 244 1092 289 QUAESTIO
1133 245 1225 283 xx.
1267 246 1575 287 ARTICULUS
1617 249 1653 286 1.

255 345 370 389 datis
397 346 515 404 ejus:
545 355 588 389 et
612 345 730 388 hanc
759 346 965 404 triplicem
987 345 1319 404 subjectionem
1337 349 1393 393 ad
1414 349 1598 394 Patrem
1621 349 1833 395 Christus
1859 351 1916 396 de
1937 352 2087 412 seipso
2111 366 2199 398 con

254 411 426 456 fitetur:
446 414 637 470 primam
663 411 848 470 quidem
874 412 1036 456 Matth.
1069 426 1159 473 19.:
1190 414 1306 471 Quid
1326 431 1390 460 me
1405 417 1635 475 interrogas
1651 417 1698 462 de
1716 419 1854 463 bono?
1887 419 2002 464 Unus
2021 426 2077 464 est
2089 421 2217 464 bonus

254 480 397 523 Deus.-
425 478 500 520 ubi
534 478 721 522 Hieron.
756 478 877 532 dicit,
911 479 1035 537 quod
1070 495 1094 520 «
1121 480 1198 539 qui
1234 481 1507 539 magistrum
1538 494 1785 528 vocaverat
1825 485 2013 539 bonum,
2046 496 2091 530 et
2120 499 2217 533 non

254 546 423 599 Deum,
439 544 612 588 velDei
628 544 792 588 Filium
810 545 1046 591 confessus
1063 557 1172 601 erat,
1191 547 1336 602 discit,
1353 548 1607 603 hominem,
1624 551 1833 609 quamvis
1850 561 2075 605 sanctum,
2093 547 2220 599 com·
2282 548 2294 557 ⁸

255 612 490 671 paratione
516 611 606 654 Dei
630 626 724 654 non
752 626 850 656 esse
876 612 1051 656 bonurn
1069 628 1120 657 »z
1147 627 1227 673 per
1252 615 1376 673 quod
1409 615 1530 660 dedit
1563 616 1832 675 intelligere,
1864 617 1988 676 quod
2019 619 2117 677 ipse
2149 632 2218 662 se-

257 679 456 723 cundum
482 678 734 721 humanam
766 689 978 723 naturam
1008 694 1104 725 non
1136 681 1422 740 pertingebat
1453 684 1509 727 ad
1541 683 1734 742 gradum
1769 684 1983 728 bonitatis
2017 684 2217 730 divinae:

257 756 300 789 et
326 745 430 803 quia
460 745 541 787 «in
566 745 637 788 his
664 759 780 803 quae
806 760 900 790 non
927 746 1051 791 mole
1078 762 1246 806 magna
1272 758 1390 803 sunt,
1417 749 1540 793 idem
1568 760 1636 794 est
1662 764 1760 795 esse
1788 752 1950 808 majus,
1976 751 2100 810 quod
2126 765 2219 796 me-

255 812 400 865 lius»,
423 822 471 855 ut
496 813 616 870 Aug.
645 813 753 856 dicit
779 813 825 856 in
852 811 892 857 6.
922 815 975 858 de
1004 813 1309 874 Trinit.'(cap.
1337 817 1376 861 8.
1405 818 1480 861 cir.
1507 816 1635 875 med.)
1648 833 1665 870 ;
1695 832 1748 861 ex
1774 817 1862 861 hac
1880 818 2056 862 ratione
2081 817 2219 862 Pater

256 878 418 922 dicitur
442 880 591 937 maior
619 879 805 923 Christo
828 881 1082 924 secundum
1098 882 1351 926 humanam
1376 893 1608 927 naturam:
1633 884 1811 929 secunda
1833 885 1973 929 etiam
1995 885 2217 944 subjectio

257 945 443 989 Christo
470 946 738 1000 attribuitur,
766 947 1036 1006 inquantum
1062 949 1219 991 omnia
1246 963 1362 1007 quae
1395 950 1516 994 circa
1547 950 1880 996 humanitatem
1910 951 2084 996 Christi
2117 961 2218 997 acta
2264 998 2270 1005 ,

257 1021 374 1066 sunt,
392 1012 545 1056 divina
563 1013 860 1072 dispositione
874 1023 1000 1072 gesta
1019 1015 1286 1069 creduntur3
1305 1016 1424 1060 unde
1436 1017 1575 1062 Dion.
1590 1017 1698 1061 dicit
1709 1030 1750 1072 4.
1770 1032 1868 1076 cap.
1889 1018 2022 1063 Coel.
2041 1018 2216 1063 Hierar.

259 1080 403 1139 (prope
430 1081 541 1137 fin),
577 1081 699 1139 quod
733 1080 944 1125 Christus
976 1082 1211 1140 subjicitur
1242 1082 1332 1127 Dei
1357 1083 1501 1127 Patris
1530 1083 1914 1140 ordinationibus;
1941 1095 1987 1129 et
2010 1085 2126 1128 haec
2153 1094 2221 1130 est

257 1147 479 1205 subjectio
506 1147 746 1198 servitutis,
773 1148 1025 1191 secundum
1052 1149 1174 1207 quod
1201 1150 1352 1193 omnis
1379 1160 1583 1194 creatura
1608 1151 1712 1194 Deo
1738 1151 1890 1206 servit,
1916 1152 2012 1210 ejus
2039 1151 2221 1196 ordina-

256 1213 372 1258 tioni
397 1214 613 1272 subjecta,
639 1214 891 1258 secundum
917 1214 1028 1258 illud
1056 1215 1162 1274 Sap.
1195 1217 1284 1261 16.:
1315 1217 1525 1262 Creatura
1547 1219 1624 1262 tibi
1631 1218 1795 1276 factori
1812 1218 2067 1263 deserviens:
2095 1228 2140 1262 et
2156 1231 2222 1262 se-

259 1280 460 1324 cundum
485 1281 574 1324 hoc
602 1281 741 1324 etiam
766 1281 904 1325 Filius
929 1282 1019 1325 Dei
1044 1282 1206 1341 Philip.
1236 1295 1275 1326 2.
1303 1283 1466 1327 dicitur
1490 1283 1689 1327 formam
1716 1285 1835 1328 servi
1861 1286 2117 1344 accepisse:
2145 1290 2222 1330 ter-

258 1349 363 1391 tiam
384 1348 523 1392 etiam
549 1348 881 1406 subjectionem
909 1349 1108 1393 attribuit
1133 1349 1215 1393 sibi
1247 1350 1333 1409 ipsi
1353 1350 1483 1408 Joan.
1511 1351 1552 1394 8.
1581 1351 1757 1395 dicens:
1787 1352 1907 1408 Quae
1933 1352 2094 1412 placita
2124 1358 2222 1396 sunt

257 1415 311 1468 ei,
335 1415 454 1473 facio
479 1423 661 1474 semper:
689 1425 733 1458 et
757 1415 874 1460 haec
901 1425 969 1460 est
994 1416 1214 1474 subjectio
1238 1417 1525 1461 obedientiae
1556 1418 1703 1461 Patris
1735 1432 1880 1477 usque
1911 1419 1969 1463 ad
2001 1428 2221 1464 mortem:

259 1482 378 1525 unde
406 1482 569 1525 dicitur
594 1481 760 1542 Philip.
788 1495 828 1526 2.
857 1483 979 1542 quod
995 1484 1140 1542 factus
1171 1490 1227 1528 est
1252 1485 1435 1530 obediens
1463 1486 1584 1530 Patri
1614 1483 1739 1544 u'sque
1760 1486 1815 1529 ad
1844 1493 2034 1531 mortem.

348 1549 424 1592 AD
450 1562 639 1594 PRIMUM
658 1563 767 1607 ergo
791 1550 1051 1605 dicendum,
1078 1551 1201 1609 quod
1218 1551 1334 1595 sicut
1358 1566 1453 1595 non
1480 1562 1548 1596 est
1573 1551 1839 1611 simpliciter
1859 1552 2225 1612 intelligendum,

261 1617 384 1674 quod
412 1616 620 1660 Christus
647 1617 703 1660 sit
737 1623 957 1671 creatura3
989 1618 1067 1661 sed
1104 1617 1255 1662 solum
1292 1619 1545 1667 secundum
1580 1619 1833 1663 humanam
1868 1629 2094 1674 naturam,
2129 1619 2225 1664 sive

261 1693 515 1742 apponatur
541 1684 583 1727 ei
611 1684 946 1738 determinatio,
973 1685 1067 1728 sive
1092 1699 1202 1739 non,
1229 1695 1279 1728 ut
1304 1700 1439 1744 supra
1471 1685 1644 1729 dictum
1671 1696 1739 1730 est
1766 1687 1823 1746 (q.
1850 1687 1917 1732 16.
1944 1694 2027 1732 art.
2054 1688 2135 1744 8.),
2161 1686 2226 1732 ita

261 1750 397 1793 etiam
430 1764 525 1793 non
558 1760 626 1794 est
658 1750 923 1810 simpliciter
953 1750 1316 1810 intelligendum,
1349 1753 1471 1811 quod
1507 1753 1717 1797 Christus
1749 1753 1806 1797 sit
1831 1755 2058 1812 subJectus
2083 1753 2223 1808 Patri,

261 1817 338 1861 sed
366 1816 518 1861 solum
540 1818 794 1861 secundum
819 1818 1324 1873 humanam'naturam,
1343 1819 1522 1863 etiamsi
1546 1819 1662 1863 haec
1689 1820 2008 1864 determinatio
2034 1834 2129 1864 non
2151 1833 2225 1879 ap-

261 1894 477 1943 ponatur:
507 1898 646 1943 quam
671 1894 827 1929 tamen
863 1885 1208 1929 convenientius
1247 1895 1313 1929 est
1349 1900 1593 1945 apponere,
1631 1886 1687 1930 ad
1723 1886 1984 1931 evitandum
2022 1900 2223 1931 errorem

261 1952 374 2004 Arii,
401 1951 478 2010 qui
504 1951 655 2010 posuit
679 1951 845 1995 Filium
872 1952 1100 1995 minorem
1132 1952 1278 1995 Patre.

349 2019 425 2062 An
443 2032 705 2063 SECUNDUM
722 2018 981 2072 dicendum,
1004 2019 1126 2077 quod
1148 2018 1308 2062 relatio
1327 2019 1567 2073 servitutis,
1585 2029 1629 2063 et
1646 2019 1838 2063 dominii
1851 2018 2067 2064 fundatur
2090 2033 2226 2080 super

263 2086 457 2138 actione,
484 2095 528 2129 et
552 2085 789 2144 passione;
810 2085 1081 2144 inquantum
1101 2085 1275 2129 scilicet
1291 2087 1407 2130 servi
1426 2095 1493 2130 est
1514 2086 1691 2130 moveri
1714 2100 1739 2129 a
1758 2086 1948 2131 domino
1971 2087 2224 2132 secundum

261 2152 527 2211 imperium:
556 2166 690 2210 agere
717 2162 871 2196 autem
896 2166 991 2195 non
1018 2152 1272 2195 attribuitur
1297 2162 1500 2206 naturae,
1527 2153 1644 2197 sicut
1670 2153 1837 2212 agenti,
1864 2154 1944 2198 sed
1969 2168 2217 2213 personae:

264 2228 389 2262 actus
412 2218 535 2262 enim
557 2219 898 2278 suppositorum
924 2229 1040 2273 sunt,
1060 2229 1104 2263 et
1129 2219 1441 2277 singularium,
1464 2220 1717 2264 secundum
1743 2220 1915 2266 Philos.
1942 2222 2038 2279 (lib.
2065 2237 2102 2267 1.
2125 2223 2224 2267 Met.

264 2294 353 2345 cap.
373 2302 406 2330 I.
434 2291 526 2330 ante
538 2286 641 2330 med.
640 2287 680 2341 )‚·
697 2285 950 2329 attribuitur
961 2295 1116 2329 tamen
1131 2286 1249 2329 actio
1263 2296 1465 2340 naturae,
1484 2287 1600 2331 sicut
1626 2287 1681 2341 ei,
1700 2288 1950 2331 secundum
1967 2302 2106 2347 quam
2132 2302 2228 2348 per-

264 2366 393 2405 sona,
409 2352 483 2396 vel
507 2353 767 2412 hypostasis
795 2353 888 2411 agit
903 2367 915 2406 ;
933 2362 978 2396 et
1002 2352 1106 2396 ideo
1141 2353 1348 2411 quamvis
1376 2367 1471 2397 non
1503 2354 1684 2412 proprie
1707 2354 1896 2409 dicatur,
1922 2355 2045 2414 quod
2065 2365 2226 2399 natura

264 2420 321 2464 sit
342 2419 543 2473 domina,
574 2419 647 2463 vel
673 2433 826 2463 serva:
853 2429 1003 2477 potest
1027 2429 1181 2463 tamen
1213 2420 1394 2478 proprie
1422 2421 1525 2474 dici,
1548 2421 1670 2479 quod
1698 2420 1925 2480 quaelibet
1949 2422 2225 2482 hypostasis,

264 2486 337 2530 vel
364 2500 559 2545 persona
585 2486 641 2530 sit
666 2486 867 2539 domina,
893 2486 967 2530 vel
992 2500 1121 2530 serva
1147 2486 1398 2530 secundum
1423 2487 1558 2541 hanc,
1580 2487 1654 2531 vel
1679 2487 1804 2531 illam
1831 2497 2064 2533 naturam:
2093 2499 2138 2534 et
2161 2503 2229 2534 se·

267 2554 467 2597 cundum
499 2553 590 2597 hoc
616 2552 732 2596 nihil
752 2553 963 2612 prohibet
989 2552 1225 2597 Christum
1252 2554 1401 2598 dicere
1419 2554 1543 2598 Patri
1569 2555 1838 2613 subjectum,
1865 2554 1940 2599 vel
1964 2551 2147 2600 servum
2163 2569 2228 2601 se·

267 2620 467 2664 cundum
492 2620 746 2663 humanam
771 2630 995 2664 naturam.

354 2687 430 2730 AD
459 2699 674 2731 TERTIUM
692 2686 950 2740 dicendum,
977 2686 1114 2745 quod,
1141 2686 1257 2730 sicut
1283 2687 1403 2745 Aug.
1423 2687 1531 2731 dicit
1556 2687 1602 2731 in
1635 2700 1670 2731 1.
1698 2687 1754 2732 de
1773 2686 1900 2732 Trin.
1919 2688 2036 2749 (cap.
2062 2689 2104 2735 8.
2131 2694 2224 2734 ante

266 2753 410 2812 med),
449 2769 472 2795 ι(
497 2763 604 2797 tunc
639 2753 850 2797 Christus
875 2754 1022 2797 tradet
1053 2768 1246 2812 regnum
1277 2754 1396 2808 Deo,
1430 2764 1474 2798 et
1505 2754 1643 2808 Patri,
1677 2769 1783 2798 cum
1808 2756 1966 2814 justos‚'
1992 2756 2039 2800 in
2066 2755 2227 2816 quibus

267 2835 388 2865 nunc
415 2830 575 2880 regnat
598 2835 678 2880 per
694 2820 847 2874 fidem,
865 2820 1158 2879 perducturus
1177 2831 1243 2864 est
1266 2821 1321 2864 ad
1344 2822 1546 2880 speciem
1567 2839 1609 2875 >›‚
1627 2831 1675 2865 ut
1691 2821 1867 2867 scilicet
1880 2822 2064 2868 videant
2079 2823 2226 2882 ipsam

269 2888 512 2934 essentiam
545 2902 842 2932 communem
874 2887 1010 2941 Patri,
1038 2898 1082 2931 et
1112 2887 1251 2932 Filio:
1285 2898 1330 2932 et
1364 2898 1471 2932 tunc
1498 2888 1697 2932 totaliter
1730 2889 1813 2933 erit
1842 2889 1967 2935 Patri
1998 2889 2226 2950 subjectus

267 2970 362 3001 non
388 2955 538 3000 solum
555 2956 601 2999 in
628 2970 689 3009 se,
708 2955 787 2999 sed
814 2954 952 2998 etiam
979 2954 1024 2997 in
1047 2954 1262 2998 membris
1290 2954 1395 3008 suis,
1423 2969 1503 3014 per
1528 2955 1713 3014 plenam
1739 2954 2136 3015 participationem
2163 2955 2225 3000 di-

268 3023 402 3067 vinae
426 3023 661 3067 bonitatis:
688 3032 795 3066 tunc
823 3021 961 3065 etiam
987 3021 1143 3064 omnia
1157 3031 1287 3064 erunt
1308 3020 1439 3080 plene
1467 3021 1509 3065 ei
1534 3023 1736 3080 subjecta
1759 3037 1838 3081 per
1858 3021 2045 3067 finalem
2071 3020 2228 3082 imple·

269 3090 444 3135 tionem
460 3103 568 3134 suae
584 3088 829 3133 voluntatis
847 3088 901 3132 de
928 3088 1020 3133 eis:
1046 3087 1153 3131 licet
1174 3088 1309 3131 etiam
1335 3089 1475 3132 modo
1503 3089 1591 3133 sint
1617 3089 1773 3133 omnia
1806 3090 1848 3134 ei
1863 3089 2066 3149 subjecta
2092 3103 2230 3150 quan-

269 3169 369 3203 tum
402 3157 457 3202 ad
489 3166 777 3217 potestatem,
809 3155 1060 3200 secundum
1086 3155 1196 3199 illud
1229 3155 1390 3201 Matth.
1418 3155 1511 3199 ult.:
1539 3157 1656 3200 Data
1682 3163 1739 3202 est
1762 3156 1867 3201 mihi
1892 3159 2025 3202 omnis
2048 3162 2229 3217 potestas

269 3226 315 3269 in
338 3225 461 3279 coelo.
488 3225 590 3269 etin
616 3230 743 3269 terra.
