2352 3926
305 247 372 298 62
881 254 1155 300 QUAESTIO
1194 253 1267 293 1v.
1306 251 1616 293 ART1cuLus
1655 251 1711 290 11.
1893 302 1913 312 ,

392 374 432 404 2.
459 360 757 404 PRAETEREA.
789 357 1006 401 Damaso.
1032 355 1153 401 'dicit
1188 357 1283 415 (lib.
1311 371 1348 416 3.
1379 355 1501 400 Orth.
1529 353 1624 399 Fid.
1651 359 1742 413 cap.
1769 351 1853 410 6.),
1880 352 2004 412 quod
2016 352 2160 411 Pilius·
2179 352 2266 398 Dei

302 429 519 487 assumpsit
554 441 615 479 ea,
654 439 757 484 quae
789 426 833 468 in
865 430 1022 469 natura
1046 430 1192 469 nostra
1216 424 1460 483 plantavit:
1493 420 1715 481 plantavit
1741 428 1893 464 autem
1928 419 1993 464 ibi
2021 419 2269 480 personali-

301 505 467 548 tatem;
495 507 604 552 ergo
630 491 769 536 Filius
801 491 891 535 Dei
923 491 1167 551 assumpsit
1192 503 1448 567 personam.

395 576 432 619 3.
459 561 756 605 PRAETEREA.
779 557 908 603 Nihil
935 558 1234 611 consumitur,
1260 557 1347 601 nisi
1374 555 1496 615 quod
1524 564 1616 599 est·
1641 553 1721 598 sed
1737 553 2032 599 Innocentius
2057 537 2149 599 ΠΙ.
2154 551 2268 599 dicit

301 629 348 672 in
375 628 571 687 quadam
598 627 780 670 Decret.
809 625 874 683 (id
900 626 993 669 hab.
1018 625 1207 670 Paschas.
1241 625 1369 669 Diae.
1398 624 1469 667 lib.
1491 636 1531 667 2.
1559 621 1606 666 de
1628 621 1739 680 Spir.
1773 621 1816 666 S.
1849 628 1942 681 cap.
1967 635 2011 679 4.
2037 627 2145 667 ante
2147 621 2267 667 med.

300 696 458 755 implic.
486 701 522 738 et
549 693 709 738 Concil.
736 693 778 737 F
779 692 1020 751 rancoford.
1039 693 1094 737 A.
1117 692 1165 736 C.
1184 705 1280 750 794.
1299 692 1344 734 in
1362 691 1475 749 epist.
1503 689 1557 733 ad
1573 689 1710 746 Episc.
1737 688 1904 733 Galliae
1919 694 2016 732 tom.
2035 701 2074 748 7.
2092 688 2263 746 cona),

302 764 424 820 quod
446 770 623 820 persona
649 761 733 804 Dei
765 761 1015 819 consumpsit
1043 767 1261 818 personam
1298 758 1476 801 hominis
1485 771 1502 808 ,·
1547 769 1658 815 ergo
1689 755 1882 810 videtur,
1908 755 2032 815 quod
2064 768 2262 816 persona

299 828 502 872 hominis
524 826 657 871 fuerit
688 827 810 886 prius
838 836 1083 885 assumpta.

393 895 486 939 SED
516 906 711 939 CONTRA
740 903 820 947 est,
854 893 975 952 quod
1002 893 1195 951 August.
1223 892 1331 935 dicit
1353 891 1401 935 in
1427 890 1502 935 lib.
1530 890 1586 935 de
1613 890 1721 935 Fide
1740 890 1796 935 ad
1817 890 2006 936 Petrum
2034 889 2267 950 (colligitur

302 977 351 1006 ex
376 971 468 1022 cap.
496 962 558 1020 2.)
591 962 712 1020 quod
740 963 853 1005 Deus
879 967 1079 1005 naturam
1102 961 1280 1003 hominis
1301 960 1532 1017 assumpsit,
1551 973 1635 1002 non
1651 966 1890 1036 personam.

390 1029 679 1074 RESPONDEO
706 1029 963 1082 dicendum,
983 1027 1104 1087 quod
1128 1026 1295 1085 aliquid
1319 1026 1482 1069 dicitur
1505 1026 1676 1070 assumi
1692 1040 1748 1070 ex
1764 1040 1837 1081 eo,
1863 1026 1987 1086 quod
2009 1025 2066 1071 ad
2094 1024 2266 1086 aliquid

302 1098 518 1151 sumitur3
546 1097 665 1140 unde
686 1095 797 1139 illud
824 1096 946 1154 quod
974 1095 1230 1147 assumitur,
1265 1103 1447 1152 oportet
1470 1092 1774 1169 praeintelligi
1800 1093 2123 1162 assumptioni·
2151 1093 2270 1138 sicut

302 1163 412 1208 illud
441 1164 562 1223 quod
584 1173 795 1207 movetur
820 1162 1041 1215 localiter,
1068 1160 1478 1237 praeintelligitur
1468 1161 1554 1219 1psi
1580 1161 1746 1204 motui:
1775 1174 1970 1219 persona
1996 1160 2151 1205 autem
2170 1174 2267 1205 non

303 1230 713 1291 praeintelligitur
702 1244 749 1273 m
775 1230 977 1273 humana
999 1239 1160 1272 natura
1193 1227 1507 1287 assumptioni,
1536 1227 1615 1271 sed
1641 1228 1788 1287 magis
1815 1242 1863 1273 se
1889 1228 2028 1273 habet
2043 1237 2094 1272 ut
2116 1227 2269 1274 termi-

302 1313 387 1343 nus
410 1298 747 1357 assumptionis,
770 1307 818 1340 ut
844 1312 978 1356 supra
1006 1297 1178 1340 dictum
1205 1306 1273 1339 est
1300 1295 1358 1354 (q.
1380 1303 1524 1354 praec.
1551 1302 1635 1340 art.
1661 1311 1696 1340 1.
1718 1302 1757 1341 et
1777 1296 1867 1354 2.):
1889 1295 1929 1340 si
1949 1295 2074 1340 enim
2093 1295 2269 1354 praein-

300 1365 595 1423 telligeretur‚
622 1365 687 1409 vel
714 1374 946 1423 oporteret
972 1363 1093 1423 quod
1118 1371 1504 1421 corrumperetur3
1533 1372 1576 1406 et
1593 1362 1657 1405 sic
1674 1361 1839 1406 frustra
1864 1371 1985 1408 esset
2010 1371 2264 1423 assumpta:

299 1433 366 1477 vel
387 1433 509 1491 quod
535 1442 792 1476 remaneret
808 1441 912 1490 post
934 1431 1177 1484 unionem;
1206 1439 1251 1474 et
1271 1429 1336 1473 sic
1356 1438 1507 1473 essent
1527 1429 1644 1473 duae
1661 1442 1900 1487 personae,
1921 1442 2019 1474 una·
2029 1442 2266 1474 assumens

303 1508 347 1543 et
374 1499 462 1543 alia
489 1509 745 1558 assumpta:
774 1499 895 1558 quod
923 1508 991 1542 est
1017 1511 1276 1551 erroneum,
1303 1506 1352 1540 ut
1377 1511 1510 1554 supra
1539 1493 1774 1541 ostensum
1808 1506 1876 1541 est
1906 1496 1968 1556 (q.
1993 1509 2036 1544 2.
2058 1502 2141 1542 art.
2168 1496 2264 1555 6).-

302 1566 421 1610 unde
447 1566 727 1625 relinquitur,
751 1566 873 1625 quod
896 1566 1009 1609 nullo
1034 1564 1153 1608 modo
1180 1565 1316 1608 Filius
1347 1565 1432 1608 Dei
1457 1565 1679 1623 assumpsit
1703 1564 1934 1609 humanam
1954 1572 2193 1624 personam.

390 1634 466 1677 AD
491 1647 681 1678 PRIMUM
708 1648 818 1692 ergo
846 1632 1105 1686 dicendum,
1134 1631 1256 1690 quod
1282 1641 1493 1675 naturam
1518 1631 1771 1675 humanam
1790 1633 2006 1691 assumpsit
2019 1629 2155 1677 Filius
2176 1630 2266 1676 Dei

300 1703 345 1745 in
367 1708 520 1755 atomo,
549 1701 664 1744 idest
690 1701 735 1743 in
758 1700 1007 1753 individuo,
1036 1699 1158 1758 quod
1191 1713 1285 1742 non
1319 1709 1385 1742 est
1412 1698 1534 1742 aliud
1569 1713 1595 1742 a
1621 1699 1858 1757 supposito
1890 1698 2112 1754 increato,
2143 1697 2268 1758 quod

302 1777 369 1812 est
389 1782 584 1827 persona
609 1767 710 1811 Filii
741 1768 853 1812 Dei:
881 1767 1001 1811 unde
1026 1780 1121 1810 non
1148 1766 1363 1825 sequitur,
1388 1765 1510 1824 quod
1536 1779 1732 1824 persona
1758 1765 1815 1810 sit
1842 1775 2087 1826 assumpta.

390 1836 466 1879 AD
494 1848 755 1880 SECUNDUM
783 1834 1042 1888 dicendum,
1069 1833 1192 1892 quod
1218 1843 1406 1877 naturae
1435 1843 1692 1891 assumptae
1718 1846 1814 1877 non
1831 1833 1958 1878 deest
1973 1832 2158 1893 propria
2171 1847 2269 1893 per-

302 1903 518 1947 sonalitas
546 1912 731 1962 propter
757 1901 985 1946 defectum
1003 1900 1209 1959 alicujus,
1236 1901 1357 1959 quod
1386 1900 1440 1943 ad
1467 1899 1801 1959 perfectionem
1825 1900 2057 1945 humanae
2077 1909 2268 1946 naturae

303 1970 539 2029 pertineat,
566 1970 645 2013 sed
671 1978 855 2028 propter
873 1968 1153 2012 additionem
1180 1967 1369 2026 alicujus
1388 1967 1511 2026 quod
1529 1977 1597 2012 est
1613 1981 1748 2027 supra
1763 1967 2017 2013 humanam
2041 1978 2268 2024 naturam,

301 2037 425 2096 quod
451 2047 518 2080 est
543 2036 652 2080 unio
681 2035 736 2079 ad
759 2036 961 2079 divinam
993 2048 1252 2094 personam.

389 2104 466 2148 AD
490 2116 706 2148 TERTHJM
725 2102 984 2156 dicendum,
1013 2101 1134 2161 quod
1155 2102 1446 2161 consumptio
1469 2102 1531 2146 ibi
1550 2116 1644 2146 non
1662 2102 1882 2162 importat
1905 2101 2265 2149 destructionem

302 2170 506 2228 alicujus,
534 2169 656 2229 quod
682 2170 804 2229 prius
835 2169 995 2223 fuerat,
1029 2169 1107 2213 sed
1139 2169 1487 2228 impeditionem
1513 2171 1627 2228 ejus,
1654 2170 1777 2229 quod
1805 2170 1933 2215 aliter
1963 2184 2063 2216 esse
2089 2181 2264 2231 posset:

300 2238 339 2283 si
364 2238 488 2282 enim
514 2238 716 2281 humana
742 2247 903 2281 natura
924 2250 1019 2280 non
1047 2246 1164 2280 esset
1190 2246 1421 2296 assumpta
1439 2252 1463 2281 a
1481 2237 1633 2281 divina
1649 2251 1861 2297 persona,
1877 2247 2039 2283 natura
2063 2238 2269 2284 humana
2341 2272 2343 2274 -

304 2305 535 2365 propriam
561 2305 933 2364 personalitatem
958 2305 1171 2359 haberet3
1195 2314 1239 2348 et
1264 2319 1346 2363 pro
1372 2314 1501 2349 tanto
1525 2305 1685 2350 dicitur
1707 2320 1903 2365 persona
1928 2307 2268 2368 consumpsisse

302 2387 562 2432 personam,
589 2372 697 2417 licet
721 2372 984 2431 improprie,
1013 2372 1117 2430 quia
1139 2386 1334 2430 persona
1352 2372 1503 2416 divina
1530 2387 1611 2417 sua
1637 2373 1808 2419 unione
1833 2374 2085 2435 impediyit,
2109 2386 2168 2421 ne
2187 2374 2270 2427 hu-

306 2454 444 2484 mana
469 2450 630 2484 natura
656 2440 887 2499 propriam
914 2439 1284 2499 personalitatem
1311 2440 1512 2484 haberet.
2254 2463 2256 2465 “

987 2618 1420 2676 ARTICULUS
1457 2620 1556 2676 111.
2208 2605 2266 2699 2‘9
2341 2683 2345 2690 ,,

565 2753 757 2791 UTRUM
796 2753 1043 2792 PERSONA
1084 2754 1277 2792 DIVINA
1316 2755 1684 2794 ASSUMPSERIT
1727 2756 2003 2798 HOMINEM.

483 2862 532 2922 (3.
563 2863 672 2908 Dist.
696 2876 733 2922 5.
762 2878 799 2922 q.
818 2878 852 2908 Ι.
881 2870 962 2907 art.
990 2878 1029 2908 2.
1058 2870 1095 2908 et
1121 2865 1231 2908 Dlst.
1255 2878 1293 2923 7.
1321 2880 1359 2924 q.
1380 2880 1414 2923 3.
1438 2871 1520 2910 art.
1548 2879 1587 2910 2.
1615 2871 1653 2909 et
1677 2874 1812 2925 opusc.
1840 2878 1878 2910 1.
1905 2874 1996 2926 cap.
2023 2881 2086 2914 21.

816 2936 855 2975 et
880 2938 1013 2990 opusc.
1036 2946 1071 2990 3.
1100 2938 1191 2990 cap.
1220 2931 1261 2975 6.
1285 2938 1323 2976 et
1349 2933 1467 2977 Rom.
1495 2948 1529 2977 1.
1558 2933 1644 2977 lect.
1667 2933 1742 2992 3.).

391 3040 467 3085 AD
496 3052 711 3086 TERTIUM
729 3040 791 3084 sic
812 3041 1084 3099 proceditur.
1104 3040 1308 3095 Videtur,
1332 3042 1453 3100 quod
1480 3056 1675 3102 persona
1697 3042 1850 3087 divina
1876 3043 2172 3103 assumpserit
2186 3044 2267 3092 ho-

302 3108 497 3152 minem:
523 3108 686 3152 dicitur
703 3107 825 3152 enim
846 3108 889 3151 in
904 3108 975 3151 Ps.
993 3106 1085 3162 64:
1105 3109 1268 3161 Beatus,
1287 3124 1403 3167 quem
1422 3109 1587 3167 elegisti,
1611 3115 1647 3153 et
1664 3111 1918 3170 assumpsisti
1930 3127 1944 3156 .·
1962 3111 2084 3171 quod
2098 3110 2267 3158 Glossa

302 3176 504 3232 (interlin.
523 3182 561 3220 et
576 3174 710 3219 ordin.
729 3176 926 3233 August.)
947 3176 1129 3234 exponit
1147 3175 1201 3219 de
1226 3174 1436 3220 Christo:
1462 3186 1505 3220 et
1521 3176 1716 3235 August.
1734 3177 1843 3222 dicit
1857 3177 1905 3222 in
1926 3177 2002 3223 lib.
2021 3179 2076 3224 de
2099 3176 2266 3239 Agone

305 3242 568 3287 Christiano
588 3242 710 3302 (cap.
737 3242 835 3299 11.)‚
862 3243 984 3301 quod
1015 3258 1038 3283 ‹<
1071 3241 1209 3286 Filius
1242 3243 1330 3287 Dei
1362 3243 1599 3287 hominem
1635 3244 1891 3304 assumpsit,
1924 3254 1970 3291 et
1998 3246 2046 3302 in
2072 3244 2154 3292 illo
2185 3244 2267 3293 hu·

302 3325 437 3354 mana
464 3323 702 3370 perpessus
735 3319 862 3353 est».

394 3390 432 3421 2.
452 3377 750 3422 PRAETEREA.
786 3376 886 3421 Hoc
908 3390 1095 3430 nomen,
1114 3377 1247 3431 homo,
1267 3376 1494 3436 significat
1509 3387 1719 3422 naturam
1733 3377 2011 3427 humanam:
2027 3380 2109 3426 sed
2125 3374 2267 3429 Filius

301 3452 389 3496 Dei
417 3451 660 3511 assumpsit
676 3452 926 3495 humanam
954 3462 1183 3506 naturam3
1212 3466 1322 3511 ergo
1350 3452 1593 3512 assumpsit
1610 3452 1863 3500 hominem.

394 3533 430 3578 3.
458 3519 754 3563 PRAETEREA.
794 3518 932 3563 Filius
970 3518 1058 3562 Dei
1092 3529 1159 3563 est
1184 3518 1353 3564 homo:
1390 3519 1467 3564 sed
1505 3534 1598 3564 non
1626 3530 1692 3565 est
1727 3521 1890 3576 homo,
1916 3534 2055 3583 quem
2077 3536 2175 3571 non
2201 3536 2269 3570 as-

301 3586 514 3645 sumpsit3
542 3586 647 3645 quia
674 3587 736 3630 sic
765 3596 883 3630 esset
910 3586 1006 3645 pari
1033 3585 1206 3630 ratione
1226 3586 1399 3641 Petrus,
1425 3586 1498 3631 vel
1521 3587 1710 3647 quilibet
1735 3588 1851 3635 alius
1871 3581 2041 3646 hom03
2068 3603 2180 3651 ergo
2197 3600 2266 3637 est

303 3654 462 3708 homo,
489 3668 625 3712 quem
654 3653 910 3711 assumpsit.

2342 3387 2352 3511 i?

2342 3559 2352 3583 Ξ
