<?xml version="1.0" encoding="UTF-8"?>
<!DOCTYPE html PUBLIC "-//W3C//DTD XHTML 1.0 Transitional//EN"
    "http://www.w3.org/TR/xhtml1/DTD/xhtml1-transitional.dtd">
<html xmlns="http://www.w3.org/1999/xhtml" xml:lang="en" lang="en">
 <head>
  <title>
</title>
<meta http-equiv="Content-Type" content="text/html;charset=utf-8" />
  <meta name='ocr-system' content='tesseract 3.04.00' />
  <meta name='ocr-capabilities' content='ocr_page ocr_carea ocr_par ocr_line ocrx_word'/>
</head>
<body>
  <div class='ocr_page' id='page_1' title='image "./divithomaeaquina04thom_0646.png"; bbox 0 0 2352 3926; ppageno 0'>
   <div class='ocr_carea' id='block_1_1' title="bbox 267 182 1706 251">
    <p class='ocr_par' dir='ltr' id='par_1_1' title="bbox 267 182 1706 251">
     <span class='ocr_line' id='line_1_1' title="bbox 267 182 1706 251; baseline -0.003 -17"><span class='ocrx_word' id='word_1_1' title='bbox 267 182 372 251; x_wconf 85' lang='lat'>642</span> <span class='ocrx_word' id='word_1_2' title='bbox 750 191 1033 238; x_wconf 67' lang='lat' dir='ltr'>&lt;mansi-10</span> <span class='ocrx_word' id='word_1_3' title='bbox 1075 190 1265 230; x_wconf 81' lang='lat' dir='ltr'>Lxxm.</span> <span class='ocrx_word' id='word_1_4' title='bbox 1305 189 1614 231; x_wconf 78' lang='lat' dir='ltr'>ARTICULUS</span> <span class='ocrx_word' id='word_1_5' title='bbox 1644 190 1706 229; x_wconf 88' lang='lat' dir='ltr'>v.</span> 
     </span>
    </p>
   </div>
   <div class='ocr_carea' id='block_1_2' title="bbox 265 289 2248 1561">
    <p class='ocr_par' dir='ltr' id='par_1_2' title="bbox 266 289 2237 558">
     <span class='ocr_line' id='line_1_2' title="bbox 359 289 2234 356; baseline -0.003 -15"><span class='ocrx_word' id='word_1_6' title='bbox 359 310 398 356; x_wconf 86' lang='lat'>3.</span> <span class='ocrx_word' id='word_1_7' title='bbox 424 295 723 340; x_wconf 76' lang='lat' dir='ltr'><strong>PRAETEREA.</strong></span> <span class='ocrx_word' id='word_1_8' title='bbox 751 293 854 337; x_wconf 94' lang='lat' dir='ltr'>Hoc</span> <span class='ocrx_word' id='word_1_9' title='bbox 872 300 1212 337; x_wconf 88' lang='lat' dir='ltr'>sacramentum</span> <span class='ocrx_word' id='word_1_10' title='bbox 1229 291 1393 335; x_wconf 89' lang='lat' dir='ltr'>dicitur</span> <span class='ocrx_word' id='word_1_11' title='bbox 1409 289 1682 335; x_wconf 85' lang='lat' dir='ltr'><strong>memoriale</strong></span> <span class='ocrx_word' id='word_1_12' title='bbox 1702 290 1979 353; x_wconf 68' lang='lat' dir='ltr'>Dominicae</span> <span class='ocrx_word' id='word_1_13' title='bbox 1994 289 2234 351; x_wconf 72' lang='lat' dir='ltr'>passionis,</span> 
     </span>
     <span class='ocr_line' id='line_1_3' title="bbox 267 357 2237 417; baseline -0.003 -9"><span class='ocrx_word' id='word_1_14' title='bbox 267 363 519 408; x_wconf 87' lang='lat' dir='ltr'>secundum</span> <span class='ocrx_word' id='word_1_15' title='bbox 547 361 659 405; x_wconf 91' lang='lat' dir='ltr'>illud</span> <span class='ocrx_word' id='word_1_16' title='bbox 686 361 841 404; x_wconf 86' lang='lat' dir='ltr'>Lucae</span> <span class='ocrx_word' id='word_1_17' title='bbox 874 372 971 403; x_wconf 87' lang='lat'><strong>22.:</strong></span> <span class='ocrx_word' id='word_1_18' title='bbox 998 359 1094 404; x_wconf 88' lang='lat' dir='ltr'>Hoc</span> <span class='ocrx_word' id='word_1_19' title='bbox 1110 359 1244 417; x_wconf 76' lang='lat' dir='ltr'>facite</span> <span class='ocrx_word' id='word_1_20' title='bbox 1264 360 1311 402; x_wconf 85' lang='lat' dir='ltr'>in</span> <span class='ocrx_word' id='word_1_21' title='bbox 1331 373 1468 402; x_wconf 81' lang='lat' dir='ltr'>meam</span> <span class='ocrx_word' id='word_1_22' title='bbox 1487 357 2047 404; x_wconf 69' lang='lat' dir='ltr'>commemorationcmtsed</span> <span class='ocrx_word' id='word_1_23' title='bbox 2060 372 2237 407; x_wconf 76' lang='lat' dir='ltr'>memo-</span> 
     </span>
     <span class='ocr_line' id='line_1_4' title="bbox 266 424 2236 489; baseline -0.003 -14"><span class='ocrx_word' id='word_1_24' title='bbox 266 433 332 475; x_wconf 86' lang='lat' dir='ltr'>ria</span> <span class='ocrx_word' id='word_1_25' title='bbox 359 442 426 475; x_wconf 88' lang='lat' dir='ltr'>est</span> <span class='ocrx_word' id='word_1_26' title='bbox 452 430 825 489; x_wconf 82' lang='lat' dir='ltr'>praeteritorum3</span> <span class='ocrx_word' id='word_1_27' title='bbox 853 442 963 486; x_wconf 91' lang='lat' dir='ltr'>ergo</span> <span class='ocrx_word' id='word_1_28' title='bbox 991 427 1081 472; x_wconf 93' lang='lat' dir='ltr'>hoc</span> <span class='ocrx_word' id='word_1_29' title='bbox 1103 437 1444 472; x_wconf 88' lang='lat' dir='ltr'>sacramentum</span> <span class='ocrx_word' id='word_1_30' title='bbox 1460 441 1555 471; x_wconf 90' lang='lat' dir='ltr'>non</span> <span class='ocrx_word' id='word_1_31' title='bbox 1575 424 1729 471; x_wconf 86' lang='lat' dir='ltr'>debuit</span> <span class='ocrx_word' id='word_1_32' title='bbox 1749 426 1923 471; x_wconf 85' lang='lat' dir='ltr'>institui</span> <span class='ocrx_word' id='word_1_33' title='bbox 1938 436 2044 471; x_wconf 85' lang='lat' dir='ltr'>ante</span> <span class='ocrx_word' id='word_1_34' title='bbox 2065 425 2236 483; x_wconf 54' lang='lat' dir='ltr'>Chnsti</span> 
     </span>
     <span class='ocr_line' id='line_1_5' title="bbox 266 499 2173 558; baseline -0.003 -16"><span class='ocrx_word' id='word_1_35' title='bbox 266 499 541 558; x_wconf 81' lang='lat' dir='ltr'><strong>passionem.</strong></span> <span class='ocrx_word' id='word_1_36' title='bbox 2171 516 2173 518; x_wconf 90' lang='lat'>·</span> 
     </span>
    </p>

    <p class='ocr_par' dir='ltr' id='par_1_3' title="bbox 265 559 2241 824">
     <span class='ocr_line' id='line_1_6' title="bbox 356 559 2239 622; baseline -0.002 -14"><span class='ocrx_word' id='word_1_37' title='bbox 356 578 398 619; x_wconf 85' lang='lat'>4.</span> <span class='ocrx_word' id='word_1_38' title='bbox 433 565 732 608; x_wconf 81' lang='lat' dir='ltr'><strong>PRAETEREA.</strong></span> <span class='ocrx_word' id='word_1_39' title='bbox 760 562 848 606; x_wconf 87' lang='lat' dir='ltr'>Per</span> <span class='ocrx_word' id='word_1_40' title='bbox 879 563 1160 622; x_wconf 89' lang='lat' dir='ltr'>baptismum</span> <span class='ocrx_word' id='word_1_41' title='bbox 1194 562 1356 621; x_wconf 88' lang='lat' dir='ltr'>aliquis</span> <span class='ocrx_word' id='word_1_42' title='bbox 1390 562 1624 606; x_wconf 90' lang='lat' dir='ltr'>ordinatur</span> <span class='ocrx_word' id='word_1_43' title='bbox 1650 561 1705 605; x_wconf 88' lang='lat' dir='ltr'>ad</span> <span class='ocrx_word' id='word_1_44' title='bbox 1738 559 2090 614; x_wconf 80' lang='lat' dir='ltr'>Eucharistiam,</span> <span class='ocrx_word' id='word_1_45' title='bbox 2121 573 2239 619; x_wconf 86' lang='lat' dir='ltr'>quae</span> 
     </span>
     <span class='ocr_line' id='line_1_7' title="bbox 265 626 2241 689; baseline -0.003 -13"><span class='ocrx_word' id='word_1_46' title='bbox 265 646 360 676; x_wconf 91' lang='lat' dir='ltr'>non</span> <span class='ocrx_word' id='word_1_47' title='bbox 386 631 474 675; x_wconf 86' lang='lat' dir='ltr'>nisi</span> <span class='ocrx_word' id='word_1_48' title='bbox 499 630 736 689; x_wconf 87' lang='lat' dir='ltr'>baptizatis</span> <span class='ocrx_word' id='word_1_49' title='bbox 763 630 861 674; x_wconf 90' lang='lat' dir='ltr'>dari</span> <span class='ocrx_word' id='word_1_50' title='bbox 887 631 1042 675; x_wconf 90' lang='lat' dir='ltr'>debet:</span> <span class='ocrx_word' id='word_1_51' title='bbox 1070 630 1148 675; x_wconf 90' lang='lat' dir='ltr'>sed</span> <span class='ocrx_word' id='word_1_52' title='bbox 1175 630 1427 688; x_wconf 87' lang='lat' dir='ltr'>baptismus</span> <span class='ocrx_word' id='word_1_53' title='bbox 1454 629 1684 674; x_wconf 89' lang='lat' dir='ltr'>institutus</span> <span class='ocrx_word' id='word_1_54' title='bbox 1708 627 1794 672; x_wconf 87' lang='lat' dir='ltr'>fuit</span> <span class='ocrx_word' id='word_1_55' title='bbox 1823 637 1928 687; x_wconf 87' lang='lat' dir='ltr'>post</span> <span class='ocrx_word' id='word_1_56' title='bbox 1948 626 2124 672; x_wconf 83' lang='lat' dir='ltr'>Christi</span> <span class='ocrx_word' id='word_1_57' title='bbox 2143 640 2241 685; x_wconf 88' lang='lat' dir='ltr'>pas·</span> 
     </span>
     <span class='ocr_line' id='line_1_8' title="bbox 266 693 2240 774; baseline -0.002 -32"><span class='ocrx_word' id='word_1_58' title='bbox 266 700 460 752; x_wconf 88' lang='lat' dir='ltr'>sionem,</span> <span class='ocrx_word' id='word_1_59' title='bbox 489 707 532 742; x_wconf 92' lang='lat' dir='ltr'>et</span> <span class='ocrx_word' id='word_1_60' title='bbox 557 697 956 774; x_wconf 85' lang='lat' dir='ltr'>resurrectionem,</span> <span class='ocrx_word' id='word_1_61' title='bbox 982 708 1032 742; x_wconf 93' lang='lat' dir='ltr'>ut</span> <span class='ocrx_word' id='word_1_62' title='bbox 1057 707 1182 757; x_wconf 90' lang='lat' dir='ltr'>patet</span> <span class='ocrx_word' id='word_1_63' title='bbox 1205 697 1368 742; x_wconf 89' lang='lat' dir='ltr'>Matth.</span> <span class='ocrx_word' id='word_1_64' title='bbox 1396 696 1499 741; x_wconf 81' lang='lat' dir='ltr'>ult.-</span> <span class='ocrx_word' id='word_1_65' title='bbox 1490 710 1639 754; x_wconf 88' lang='lat' dir='ltr'>,ergo</span> <span class='ocrx_word' id='word_1_66' title='bbox 1664 694 2043 740; x_wconf 77' lang='lat' dir='ltr'>inconvenienter</span> <span class='ocrx_word' id='word_1_67' title='bbox 2062 693 2156 739; x_wconf 87' lang='lat' dir='ltr'>hoc</span> <span class='ocrx_word' id='word_1_68' title='bbox 2173 707 2240 738; x_wconf 89' lang='lat' dir='ltr'>sa·</span> 
     </span>
     <span class='ocr_line' id='line_1_9' title="bbox 268 764 1582 824; baseline -0.002 -14"><span class='ocrx_word' id='word_1_69' title='bbox 268 775 553 810; x_wconf 85' lang='lat' dir='ltr'>eramentum</span> <span class='ocrx_word' id='word_1_70' title='bbox 579 765 663 809; x_wconf 90' lang='lat' dir='ltr'>fuit</span> <span class='ocrx_word' id='word_1_71' title='bbox 689 776 793 809; x_wconf 85' lang='lat' dir='ltr'>ante</span> <span class='ocrx_word' id='word_1_72' title='bbox 820 765 1084 824; x_wconf 87' lang='lat' dir='ltr'>passionem</span> <span class='ocrx_word' id='word_1_73' title='bbox 1111 765 1286 809; x_wconf 88' lang='lat' dir='ltr'>Christi</span> <span class='ocrx_word' id='word_1_74' title='bbox 1310 764 1582 809; x_wconf 90' lang='lat' dir='ltr'>institutum.</span> 
     </span>
    </p>

    <p class='ocr_par' dir='ltr' id='par_1_4' title="bbox 268 802 2239 960">
     <span class='ocr_line' id='line_1_10' title="bbox 358 802 2239 912; baseline -0.002 -35"><span class='ocrx_word' id='word_1_75' title='bbox 358 832 452 877; x_wconf 78' lang='lat' dir='ltr'>SED</span> <span class='ocrx_word' id='word_1_76' title='bbox 483 845 684 886; x_wconf 66' lang='lat' dir='ltr'>cON‘rRA</span> <span class='ocrx_word' id='word_1_77' title='bbox 717 842 798 888; x_wconf 90' lang='lat' dir='ltr'>est,</span> <span class='ocrx_word' id='word_1_78' title='bbox 826 833 949 891; x_wconf 92' lang='lat' dir='ltr'>quod</span> <span class='ocrx_word' id='word_1_79' title='bbox 970 833 1063 877; x_wconf 92' lang='lat' dir='ltr'>hoc</span> <span class='ocrx_word' id='word_1_80' title='bbox 1086 842 1428 877; x_wconf 86' lang='lat' dir='ltr'>sacramentum</span> <span class='ocrx_word' id='word_1_81' title='bbox 1447 840 1515 876; x_wconf 90' lang='lat' dir='ltr'>est</span> <span class='ocrx_word' id='word_1_82' title='bbox 1535 802 1793 912; x_wconf 84' lang='lat' dir='ltr'>institutum</span> <span class='ocrx_word' id='word_1_83' title='bbox 1809 843 1836 874; x_wconf 90' lang='lat' dir='ltr'>a</span> <span class='ocrx_word' id='word_1_84' title='bbox 1853 828 2058 883; x_wconf 80' lang='lat' dir='ltr'>Christo,</span> <span class='ocrx_word' id='word_1_85' title='bbox 2073 826 2131 873; x_wconf 86' lang='lat' dir='ltr'>de</span> <span class='ocrx_word' id='word_1_86' title='bbox 2147 841 2239 887; x_wconf 93' lang='lat' dir='ltr'>quo</span> 
     </span>
     <span class='ocr_line' id='line_1_11' title="bbox 268 900 1125 960; baseline 0.002 -17"><span class='ocrx_word' id='word_1_87' title='bbox 268 900 431 944; x_wconf 90' lang='lat' dir='ltr'>dicitur</span> <span class='ocrx_word' id='word_1_88' title='bbox 455 900 597 944; x_wconf 90' lang='lat' dir='ltr'>Marc.</span> <span class='ocrx_word' id='word_1_89' title='bbox 626 912 688 957; x_wconf 88' lang='lat'>7.:</span> <span class='ocrx_word' id='word_1_90' title='bbox 717 901 824 945; x_wconf 80' lang='lat' dir='ltr'>Bene</span> <span class='ocrx_word' id='word_1_91' title='bbox 846 902 990 945; x_wconf 84' lang='lat' dir='ltr'>omnia</span> <span class='ocrx_word' id='word_1_92' title='bbox 1006 900 1125 960; x_wconf 78' lang='lat' dir='ltr'>fecit.</span> 
     </span>
    </p>

    <p class='ocr_par' dir='ltr' id='par_1_5' title="bbox 266 962 2248 1561">
     <span class='ocr_line' id='line_1_12' title="bbox 357 962 2240 1028; baseline -0.003 -15"><span class='ocrx_word' id='word_1_93' title='bbox 357 968 648 1014; x_wconf 76' lang='lat' dir='ltr'>RESPONDEO</span> <span class='ocrx_word' id='word_1_94' title='bbox 674 968 934 1022; x_wconf 89' lang='lat' dir='ltr'>dicendum,</span> <span class='ocrx_word' id='word_1_95' title='bbox 967 968 1091 1028; x_wconf 93' lang='lat' dir='ltr'>quod</span> <span class='ocrx_word' id='word_1_96' title='bbox 1125 967 1454 1012; x_wconf 89' lang='lat' dir='ltr'>convenienter</span> <span class='ocrx_word' id='word_1_97' title='bbox 1491 966 1584 1010; x_wconf 92' lang='lat' dir='ltr'>hoc</span> <span class='ocrx_word' id='word_1_98' title='bbox 1621 973 1962 1011; x_wconf 88' lang='lat' dir='ltr'>sacramentum</span> <span class='ocrx_word' id='word_1_99' title='bbox 1986 962 2240 1008; x_wconf 78' lang='lat' dir='ltr'>institutum</span> 
     </span>
     <span class='ocr_line' id='line_1_13' title="bbox 266 1029 2244 1095; baseline -0.003 -15"><span class='ocrx_word' id='word_1_100' title='bbox 266 1035 386 1080; x_wconf 87' lang='lat' dir='ltr'>fuit</span> <span class='ocrx_word' id='word_1_101' title='bbox 375 1050 422 1080; x_wconf 91' lang='lat' dir='ltr'>1n</span> <span class='ocrx_word' id='word_1_102' title='bbox 450 1035 665 1090; x_wconf 88' lang='lat' dir='ltr'>Coena,</span> <span class='ocrx_word' id='word_1_103' title='bbox 652 1050 700 1080; x_wconf 88' lang='lat' dir='ltr'>m</span> <span class='ocrx_word' id='word_1_104' title='bbox 726 1050 816 1095; x_wconf 90' lang='lat' dir='ltr'>qua</span> <span class='ocrx_word' id='word_1_105' title='bbox 842 1035 1018 1081; x_wconf 88' lang='lat' dir='ltr'>scilicet</span> <span class='ocrx_word' id='word_1_106' title='bbox 1045 1035 1256 1080; x_wconf 90' lang='lat' dir='ltr'>Christus</span> <span class='ocrx_word' id='word_1_107' title='bbox 1283 1033 1447 1079; x_wconf 91' lang='lat' dir='ltr'>ultimo</span> <span class='ocrx_word' id='word_1_108' title='bbox 1466 1048 1573 1078; x_wconf 93' lang='lat' dir='ltr'>cum</span> <span class='ocrx_word' id='word_1_109' title='bbox 1595 1033 1688 1078; x_wconf 88' lang='lat' dir='ltr'>suis</span> <span class='ocrx_word' id='word_1_110' title='bbox 1706 1030 1940 1092; x_wconf 89' lang='lat' dir='ltr'>discipulis</span> <span class='ocrx_word' id='word_1_111' title='bbox 1955 1029 2040 1076; x_wconf 87' lang='lat' dir='ltr'>fuit</span> <span class='ocrx_word' id='word_1_112' title='bbox 2057 1043 2244 1076; x_wconf 69' lang='lat' dir='ltr'>comr-</span> 
     </span>
     <span class='ocr_line' id='line_1_14' title="bbox 268 1098 2242 1162; baseline -0.002 -15"><span class='ocrx_word' id='word_1_113' title='bbox 268 1113 413 1148; x_wconf 87' lang='lat' dir='ltr'>satus:</span> <span class='ocrx_word' id='word_1_114' title='bbox 433 1105 577 1162; x_wconf 82' lang='lat' dir='ltr'>primo</span> <span class='ocrx_word' id='word_1_115' title='bbox 604 1103 791 1162; x_wconf 88' lang='lat' dir='ltr'>quidem</span> <span class='ocrx_word' id='word_1_116' title='bbox 815 1103 993 1148; x_wconf 88' lang='lat' dir='ltr'>ratione</span> <span class='ocrx_word' id='word_1_117' title='bbox 1021 1102 1330 1147; x_wconf 89' lang='lat' dir='ltr'>continentiae</span> <span class='ocrx_word' id='word_1_118' title='bbox 1355 1102 1491 1161; x_wconf 83' lang='lat' dir='ltr'>hujus</span> <span class='ocrx_word' id='word_1_119' title='bbox 1517 1099 1818 1154; x_wconf 85' lang='lat' dir='ltr'>sacramenti3</span> <span class='ocrx_word' id='word_1_120' title='bbox 1842 1098 2107 1144; x_wconf 75' lang='lat' dir='ltr'>continetur.</span> <span class='ocrx_word' id='word_1_121' title='bbox 2117 1110 2242 1149; x_wconf 79' lang='lat' dir='ltr'>emm</span> 
     </span>
     <span class='ocr_line' id='line_1_15' title="bbox 268 1163 2244 1230; baseline -0.004 -15"><span class='ocrx_word' id='word_1_122' title='bbox 268 1172 365 1230; x_wconf 91' lang='lat' dir='ltr'>ipse</span> <span class='ocrx_word' id='word_1_123' title='bbox 392 1170 603 1215; x_wconf 90' lang='lat' dir='ltr'>Christus</span> <span class='ocrx_word' id='word_1_124' title='bbox 628 1171 676 1214; x_wconf 91' lang='lat' dir='ltr'>in</span> <span class='ocrx_word' id='word_1_125' title='bbox 702 1170 1004 1225; x_wconf 89' lang='lat' dir='ltr'>Eucharistia,</span> <span class='ocrx_word' id='word_1_126' title='bbox 1027 1170 1144 1214; x_wconf 90' lang='lat' dir='ltr'>sicut</span> <span class='ocrx_word' id='word_1_127' title='bbox 1168 1170 1215 1214; x_wconf 90' lang='lat' dir='ltr'>in</span> <span class='ocrx_word' id='word_1_128' title='bbox 1242 1177 1555 1214; x_wconf 89' lang='lat' dir='ltr'>sacramento:</span> <span class='ocrx_word' id='word_1_129' title='bbox 1584 1178 1628 1213; x_wconf 92' lang='lat' dir='ltr'>et</span> <span class='ocrx_word' id='word_1_130' title='bbox 1653 1167 1759 1212; x_wconf 91' lang='lat' dir='ltr'>ideo</span> <span class='ocrx_word' id='word_1_131' title='bbox 1785 1166 1969 1226; x_wconf 82' lang='lat' dir='ltr'>quando</span> <span class='ocrx_word' id='word_1_132' title='bbox 1990 1165 2088 1224; x_wconf 88' lang='lat' dir='ltr'>ipse</span> <span class='ocrx_word' id='word_1_133' title='bbox 2110 1163 2244 1214; x_wconf 82' lang='lat' dir='ltr'>Chri·</span> 
     </span>
     <span class='ocr_line' id='line_1_16' title="bbox 270 1230 2244 1297; baseline -0.004 -14"><span class='ocrx_word' id='word_1_134' title='bbox 270 1249 364 1283; x_wconf 89' lang='lat' dir='ltr'>stus</span> <span class='ocrx_word' id='word_1_135' title='bbox 390 1239 436 1282; x_wconf 88' lang='lat' dir='ltr'>in</span> <span class='ocrx_word' id='word_1_136' title='bbox 468 1239 651 1297; x_wconf 89' lang='lat' dir='ltr'>propria</span> <span class='ocrx_word' id='word_1_137' title='bbox 682 1238 835 1296; x_wconf 90' lang='lat' dir='ltr'>specie</span> <span class='ocrx_word' id='word_1_138' title='bbox 873 1252 899 1282; x_wconf 88' lang='lat' dir='ltr'>a</span> <span class='ocrx_word' id='word_1_139' title='bbox 934 1236 1166 1296; x_wconf 89' lang='lat' dir='ltr'>discipulis</span> <span class='ocrx_word' id='word_1_140' title='bbox 1200 1237 1478 1281; x_wconf 85' lang='lat' dir='ltr'>discessurus</span> <span class='ocrx_word' id='word_1_141' title='bbox 1516 1245 1626 1290; x_wconf 87' lang='lat' dir='ltr'>erat,</span> <span class='ocrx_word' id='word_1_142' title='bbox 1657 1235 1705 1279; x_wconf 90' lang='lat' dir='ltr'>in</span> <span class='ocrx_word' id='word_1_143' title='bbox 1738 1231 2060 1279; x_wconf 85' lang='lat' dir='ltr'>sacramentali</span> <span class='ocrx_word' id='word_1_144' title='bbox 2090 1230 2244 1291; x_wconf 78' lang='lat' dir='ltr'>specie</span> 
     </span>
     <span class='ocr_line' id='line_1_17' title="bbox 270 1299 2245 1365; baseline -0.004 -15"><span class='ocrx_word' id='word_1_145' title='bbox 270 1306 474 1364; x_wconf 89' lang='lat' dir='ltr'>seipsum</span> <span class='ocrx_word' id='word_1_146' title='bbox 501 1306 564 1350; x_wconf 89' lang='lat' dir='ltr'>eis</span> <span class='ocrx_word' id='word_1_147' title='bbox 591 1306 786 1365; x_wconf 83' lang='lat' dir='ltr'>reliquit,</span> <span class='ocrx_word' id='word_1_148' title='bbox 820 1306 937 1350; x_wconf 91' lang='lat' dir='ltr'>sicut</span> <span class='ocrx_word' id='word_1_149' title='bbox 962 1306 1009 1349; x_wconf 90' lang='lat' dir='ltr'>in</span> <span class='ocrx_word' id='word_1_150' title='bbox 1043 1305 1246 1350; x_wconf 85' lang='lat' dir='ltr'>absentia</span> <span class='ocrx_word' id='word_1_151' title='bbox 1277 1304 1567 1363; x_wconf 88' lang='lat' dir='ltr'>imperatoris</span> <span class='ocrx_word' id='word_1_152' title='bbox 1599 1302 1834 1347; x_wconf 81' lang='lat' dir='ltr'>exhibetur</span> <span class='ocrx_word' id='word_1_153' title='bbox 1857 1299 2119 1346; x_wconf 77' lang='lat' dir='ltr'>veneranda</span> <span class='ocrx_word' id='word_1_154' title='bbox 2148 1299 2245 1358; x_wconf 81' lang='lat' dir='ltr'>ejus</span> 
     </span>
     <span class='ocr_line' id='line_1_18' title="bbox 270 1367 2247 1432; baseline -0.003 -14"><span class='ocrx_word' id='word_1_155' title='bbox 270 1374 450 1432; x_wconf 89' lang='lat' dir='ltr'>imago;</span> <span class='ocrx_word' id='word_1_156' title='bbox 485 1374 603 1418; x_wconf 91' lang='lat' dir='ltr'>unde</span> <span class='ocrx_word' id='word_1_157' title='bbox 630 1373 851 1417; x_wconf 86' lang='lat' dir='ltr'>Eusebius</span> <span class='ocrx_word' id='word_1_158' title='bbox 877 1373 1143 1417; x_wconf 90' lang='lat' dir='ltr'>Emissenus</span> <span class='ocrx_word' id='word_1_159' title='bbox 1177 1372 1286 1416; x_wconf 88' lang='lat' dir='ltr'>dicit</span> <span class='ocrx_word' id='word_1_160' title='bbox 1313 1371 1444 1428; x_wconf 83' lang='lat' dir='ltr'>(hom.</span> <span class='ocrx_word' id='word_1_161' title='bbox 1466 1386 1503 1431; x_wconf 83' lang='lat'>5.</span> <span class='ocrx_word' id='word_1_162' title='bbox 1530 1373 1575 1415; x_wconf 84' lang='lat' dir='ltr'>in</span> <span class='ocrx_word' id='word_1_163' title='bbox 1600 1370 1775 1423; x_wconf 79' lang='lat' dir='ltr'>Pascha,</span> <span class='ocrx_word' id='word_1_164' title='bbox 1810 1382 1915 1428; x_wconf 78' lang='lat' dir='ltr'>quae</span> <span class='ocrx_word' id='word_1_165' title='bbox 1945 1367 2121 1427; x_wconf 80' lang='lat' dir='ltr'>incipit:</span> <span class='ocrx_word' id='word_1_166' title='bbox 2153 1367 2247 1413; x_wconf 78' lang='lat' dir='ltr'>Ma-</span> 
     </span>
     <span class='ocr_line' id='line_1_19' title="bbox 269 1433 2246 1499; baseline -0.004 -15"><span class='ocrx_word' id='word_1_167' title='bbox 269 1440 439 1499; x_wconf 82' lang='lat' dir='ltr'>gnitudo</span> <span class='ocrx_word' id='word_1_168' title='bbox 459 1440 709 1494; x_wconf 76' lang='lat' dir='ltr'>coelestium,</span> <span class='ocrx_word' id='word_1_169' title='bbox 727 1446 799 1484; x_wconf 80' lang='lat' dir='ltr'>etc.</span> <span class='ocrx_word' id='word_1_170' title='bbox 814 1447 970 1499; x_wconf 83' lang='lat' dir='ltr'>parum</span> <span class='ocrx_word' id='word_1_171' title='bbox 988 1453 1013 1483; x_wconf 87' lang='lat' dir='ltr'>a</span> <span class='ocrx_word' id='word_1_172' title='bbox 1024 1440 1205 1498; x_wconf 84' lang='lat' dir='ltr'>princ.).·</span> <span class='ocrx_word' id='word_1_173' title='bbox 1227 1454 1250 1480; x_wconf 75' lang='grc' dir='ltr'>(ε</span> <span class='ocrx_word' id='word_1_174' title='bbox 1271 1437 1395 1490; x_wconf 86' lang='lat' dir='ltr'>Quia</span> <span class='ocrx_word' id='word_1_175' title='bbox 1414 1452 1579 1496; x_wconf 90' lang='lat' dir='ltr'>corpus</span> <span class='ocrx_word' id='word_1_176' title='bbox 1598 1445 1885 1495; x_wconf 88' lang='lat' dir='ltr'>assumptum</span> <span class='ocrx_word' id='word_1_177' title='bbox 1901 1433 2132 1479; x_wconf 83' lang='lat' dir='ltr'>ablaturus</span> <span class='ocrx_word' id='word_1_178' title='bbox 2150 1441 2246 1476; x_wconf 88' lang='lat' dir='ltr'>erat</span> 
     </span>
     <span class='ocr_line' id='line_1_20' title="bbox 273 1505 2248 1561; baseline -0.004 -10"><span class='ocrx_word' id='word_1_179' title='bbox 273 1508 326 1551; x_wconf 92' lang='lat' dir='ltr'>ab</span> <span class='ocrx_word' id='word_1_180' title='bbox 355 1507 517 1561; x_wconf 90' lang='lat' dir='ltr'>oculis,</span> <span class='ocrx_word' id='word_1_181' title='bbox 545 1517 590 1551; x_wconf 91' lang='lat' dir='ltr'>et</span> <span class='ocrx_word' id='word_1_182' title='bbox 613 1506 820 1551; x_wconf 89' lang='lat' dir='ltr'>illaturus</span> <span class='ocrx_word' id='word_1_183' title='bbox 846 1506 1082 1561; x_wconf 88' lang='lat' dir='ltr'>sideribus,</span> <span class='ocrx_word' id='word_1_184' title='bbox 1107 1520 1296 1550; x_wconf 89' lang='lat' dir='ltr'>necesse</span> <span class='ocrx_word' id='word_1_185' title='bbox 1311 1515 1407 1550; x_wconf 89' lang='lat' dir='ltr'>erat</span> <span class='ocrx_word' id='word_1_186' title='bbox 1423 1514 1472 1549; x_wconf 90' lang='lat' dir='ltr'>ut</span> <span class='ocrx_word' id='word_1_187' title='bbox 1489 1505 1562 1549; x_wconf 91' lang='lat' dir='ltr'>die</span> <span class='ocrx_word' id='word_1_188' title='bbox 1581 1505 1768 1549; x_wconf 90' lang='lat' dir='ltr'>Coenae</span> <span class='ocrx_word' id='word_1_189' title='bbox 1786 1510 2126 1548; x_wconf 83' lang='lat' dir='ltr'>sacr-amentum</span> <span class='ocrx_word' id='word_1_190' title='bbox 2149 1512 2248 1544; x_wconf 87' lang='lat' dir='ltr'>cor·</span> 
     </span>
    </p>
   </div>
   <div class='ocr_carea' id='block_1_3' title="bbox 272 1564 2249 1694">
    <p class='ocr_par' dir='ltr' id='par_1_6' title="bbox 272 1564 2249 1694">
     <span class='ocr_line' id='line_1_21' title="bbox 272 1564 2246 1630; baseline -0.006 -8"><span class='ocrx_word' id='word_1_191' title='bbox 272 1575 410 1622; x_wconf 64' lang='lat' dir='ltr'>roric,</span> <span class='ocrx_word' id='word_1_192' title='bbox 438 1584 482 1610; x_wconf 67' lang='lat' dir='ltr'>er</span> <span class='ocrx_word' id='word_1_193' title='bbox 508 1574 740 1624; x_wconf 60' lang='lat' dir='ltr'>sanguinis</span> <span class='ocrx_word' id='word_1_194' title='bbox 774 1574 844 1619; x_wconf 91' lang='lat' dir='ltr'>sui</span> <span class='ocrx_word' id='word_1_195' title='bbox 867 1583 1157 1618; x_wconf 89' lang='lat' dir='ltr'>consecraret</span> <span class='ocrx_word' id='word_1_196' title='bbox 1177 1573 1310 1617; x_wconf 91' lang='lat' dir='ltr'>nobis</span> <span class='ocrx_word' id='word_1_197' title='bbox 1337 1583 1386 1617; x_wconf 91' lang='lat' dir='ltr'>ut</span> <span class='ocrx_word' id='word_1_198' title='bbox 1412 1572 1638 1617; x_wconf 90' lang='lat' dir='ltr'>coleretur</span> <span class='ocrx_word' id='word_1_199' title='bbox 1663 1571 1830 1630; x_wconf 77' lang='lat' dir='ltr'>jugiter</span> <span class='ocrx_word' id='word_1_200' title='bbox 1853 1564 1935 1629; x_wconf 85' lang='lat' dir='ltr'>per</span> <span class='ocrx_word' id='word_1_201' title='bbox 1959 1567 2246 1628; x_wconf 84' lang='lat' dir='ltr'>mysterium,</span> 
     </span>
     <span class='ocr_line' id='line_1_22' title="bbox 273 1632 2249 1694; baseline 0.001 -19"><span class='ocrx_word' id='word_1_202' title='bbox 273 1632 396 1691; x_wconf 93' lang='lat' dir='ltr'>quod</span> <span class='ocrx_word' id='word_1_203' title='bbox 422 1632 569 1676; x_wconf 91' lang='lat' dir='ltr'>semel</span> <span class='ocrx_word' id='word_1_204' title='bbox 596 1632 871 1678; x_wconf 85' lang='lat' dir='ltr'>offerebatur</span> <span class='ocrx_word' id='word_1_205' title='bbox 897 1635 943 1677; x_wconf 90' lang='lat' dir='ltr'>in</span> <span class='ocrx_word' id='word_1_206' title='bbox 969 1636 1166 1692; x_wconf 86' lang='lat' dir='ltr'>pretium</span> <span class='ocrx_word' id='word_1_207' title='bbox 1185 1649 1234 1678; x_wconf 69' lang='grc' dir='ltr'>»ι</span> <span class='ocrx_word' id='word_1_208' title='bbox 1260 1639 1434 1681; x_wconf 79' lang='lat' dir='ltr'>secando</span> <span class='ocrx_word' id='word_1_209' title='bbox 1469 1640 1575 1694; x_wconf 88' lang='lat' dir='ltr'>quia</span> <span class='ocrx_word' id='word_1_210' title='bbox 1606 1637 1704 1679; x_wconf 91' lang='lat' dir='ltr'>sine</span> <span class='ocrx_word' id='word_1_211' title='bbox 1735 1637 1825 1680; x_wconf 89' lang='lat' dir='ltr'>fide</span> <span class='ocrx_word' id='word_1_212' title='bbox 1857 1635 2082 1694; x_wconf 78' lang='lat' dir='ltr'>passionis</span> <span class='ocrx_word' id='word_1_213' title='bbox 2114 1632 2249 1679; x_wconf 82' lang='lat' dir='ltr'>Chri-</span> 
     </span>
    </p>
   </div>
   <div class='ocr_carea' id='block_1_4' title="bbox 218 1699 2248 2028">
    <p class='ocr_par' dir='ltr' id='par_1_7' title="bbox 218 1699 2248 2028">
     <span class='ocr_line' id='line_1_23' title="bbox 273 1699 2246 1761; baseline 0.001 -19"><span class='ocrx_word' id='word_1_214' title='bbox 273 1699 331 1743; x_wconf 86' lang='lat' dir='ltr'>sti</span> <span class='ocrx_word' id='word_1_215' title='bbox 355 1714 592 1759; x_wconf 89' lang='lat' dir='ltr'>nunquam</span> <span class='ocrx_word' id='word_1_216' title='bbox 619 1700 766 1759; x_wconf 91' lang='lat' dir='ltr'>potuit</span> <span class='ocrx_word' id='word_1_217' title='bbox 792 1715 891 1745; x_wconf 90' lang='lat' dir='ltr'>esse</span> <span class='ocrx_word' id='word_1_218' title='bbox 918 1701 1054 1756; x_wconf 89' lang='lat' dir='ltr'>salus,</span> <span class='ocrx_word' id='word_1_219' title='bbox 1082 1701 1335 1746; x_wconf 90' lang='lat' dir='ltr'>secundum</span> <span class='ocrx_word' id='word_1_220' title='bbox 1362 1701 1472 1746; x_wconf 89' lang='lat' dir='ltr'>illud</span> <span class='ocrx_word' id='word_1_221' title='bbox 1500 1703 1636 1746; x_wconf 88' lang='lat' dir='ltr'>Rom.</span> <span class='ocrx_word' id='word_1_222' title='bbox 1667 1715 1729 1760; x_wconf 79' lang='lat'>3.:</span> <span class='ocrx_word' id='word_1_223' title='bbox 1751 1703 1888 1759; x_wconf 82' lang='lat' dir='ltr'>Quem</span> <span class='ocrx_word' id='word_1_224' title='bbox 1898 1701 2118 1761; x_wconf 69' lang='lat' dir='ltr'>proposuit</span> <span class='ocrx_word' id='word_1_225' title='bbox 2131 1700 2246 1746; x_wconf 69' lang='lat' dir='ltr'>Deus</span> 
     </span>
     <span class='ocr_line' id='line_1_24' title="bbox 218 1767 2245 1828; baseline 0 -18"><span class='ocrx_word' id='word_1_226' title='bbox 218 1770 227 1782; x_wconf 57' lang='lat'><em>*</em></span> <span class='ocrx_word' id='word_1_227' title='bbox 268 1768 595 1826; x_wconf 77' lang='lat' dir='ltr'>propitiatorem</span> <span class='ocrx_word' id='word_1_228' title='bbox 615 1775 696 1827; x_wconf 82' lang='lat' dir='ltr'>per</span> <span class='ocrx_word' id='word_1_229' title='bbox 718 1767 840 1822; x_wconf 82' lang='lat' dir='ltr'>fidem</span> <span class='ocrx_word' id='word_1_230' title='bbox 866 1770 911 1811; x_wconf 83' lang='lat' dir='ltr'>in</span> <span class='ocrx_word' id='word_1_231' title='bbox 927 1770 1125 1826; x_wconf 78' lang='lat' dir='ltr'>sanguine</span> <span class='ocrx_word' id='word_1_232' title='bbox 1150 1771 1307 1828; x_wconf 81' lang='lat' dir='ltr'>ipsiu5,·</span> <span class='ocrx_word' id='word_1_233' title='bbox 1333 1779 1378 1813; x_wconf 93' lang='lat' dir='ltr'>et</span> <span class='ocrx_word' id='word_1_234' title='bbox 1403 1769 1508 1814; x_wconf 90' lang='lat' dir='ltr'>ideo</span> <span class='ocrx_word' id='word_1_235' title='bbox 1532 1769 1734 1828; x_wconf 90' lang='lat' dir='ltr'>oportuit</span> <span class='ocrx_word' id='word_1_236' title='bbox 1750 1769 2104 1828; x_wconf 82' lang='lat' dir='ltr'>omnitempore</span> <span class='ocrx_word' id='word_1_237' title='bbox 2121 1767 2245 1827; x_wconf 73' lang='lat' dir='ltr'>apud</span> 
     </span>
     <span class='ocr_line' id='line_1_25' title="bbox 273 1834 2245 1895; baseline 0 -17"><span class='ocrx_word' id='word_1_238' title='bbox 273 1834 487 1878; x_wconf 90' lang='lat' dir='ltr'>homines</span> <span class='ocrx_word' id='word_1_239' title='bbox 516 1849 615 1879; x_wconf 90' lang='lat' dir='ltr'>esse</span> <span class='ocrx_word' id='word_1_240' title='bbox 643 1834 812 1893; x_wconf 91' lang='lat' dir='ltr'>aliquid</span> <span class='ocrx_word' id='word_1_241' title='bbox 840 1836 1277 1894; x_wconf 88' lang='lat' dir='ltr'>repraesentativum</span> <span class='ocrx_word' id='word_1_242' title='bbox 1303 1836 1580 1881; x_wconf 89' lang='lat' dir='ltr'>Dominicae</span> <span class='ocrx_word' id='word_1_243' title='bbox 1607 1836 1846 1895; x_wconf 89' lang='lat' dir='ltr'>passionis,</span> <span class='ocrx_word' id='word_1_244' title='bbox 1874 1836 2002 1894; x_wconf 88' lang='lat' dir='ltr'>cujus</span> <span class='ocrx_word' id='word_1_245' title='bbox 2030 1835 2080 1879; x_wconf 86' lang='lat' dir='ltr'>-in</span> <span class='ocrx_word' id='word_1_246' title='bbox 2100 1834 2245 1880; x_wconf 87' lang='lat' dir='ltr'>veteri</span> 
     </span>
     <span class='ocr_line' id='line_1_26' title="bbox 276 1901 2247 1963; baseline 0.001 -18"><span class='ocrx_word' id='word_1_247' title='bbox 276 1902 459 1960; x_wconf 88' lang='lat' dir='ltr'>quidem</span> <span class='ocrx_word' id='word_1_248' title='bbox 497 1901 799 1947; x_wconf 88' lang='lat' dir='ltr'>Testamento</span> <span class='ocrx_word' id='word_1_249' title='bbox 833 1903 1131 1962; x_wconf 90' lang='lat' dir='ltr'>praecipuum</span> <span class='ocrx_word' id='word_1_250' title='bbox 1164 1913 1506 1948; x_wconf 87' lang='lat' dir='ltr'>sacramentum</span> <span class='ocrx_word' id='word_1_251' title='bbox 1539 1913 1635 1948; x_wconf 89' lang='lat' dir='ltr'>erat</span> <span class='ocrx_word' id='word_1_252' title='bbox 1666 1917 1811 1963; x_wconf 87' lang='lat' dir='ltr'>agnus</span> <span class='ocrx_word' id='word_1_253' title='bbox 1843 1901 2093 1963; x_wconf 81' lang='lat' dir='ltr'>paschalis:</span> <span class='ocrx_word' id='word_1_254' title='bbox 2127 1901 2247 1947; x_wconf 83' lang='lat' dir='ltr'>unde</span> 
     </span>
     <span class='ocr_line' id='line_1_27' title="bbox 275 1968 2248 2028; baseline 0 -15"><span class='ocrx_word' id='word_1_255' title='bbox 275 1979 320 2013; x_wconf 91' lang='lat' dir='ltr'>et</span> <span class='ocrx_word' id='word_1_256' title='bbox 346 1968 598 2028; x_wconf 88' lang='lat' dir='ltr'>Apostolus</span> <span class='ocrx_word' id='word_1_257' title='bbox 612 1970 735 2014; x_wconf 69' lang='lat' dir='ltr'>dicit</span> <span class='ocrx_word' id='word_1_258' title='bbox 765 1984 800 2014; x_wconf 92' lang='lat'>1.</span> <span class='ocrx_word' id='word_1_259' title='bbox 829 1970 1041 2014; x_wconf 86' lang='lat' dir='ltr'>Corinth.</span> <span class='ocrx_word' id='word_1_260' title='bbox 1074 1984 1134 2028; x_wconf 82' lang='lat'>5.:</span> <span class='ocrx_word' id='word_1_261' title='bbox 1162 1971 1322 2016; x_wconf 84' lang='lat' dir='ltr'>Pascha</span> <span class='ocrx_word' id='word_1_262' title='bbox 1347 1978 1535 2016; x_wconf 81' lang='lat' dir='ltr'>nostrum</span> <span class='ocrx_word' id='word_1_263' title='bbox 1561 1972 1803 2016; x_wconf 86' lang='lat' dir='ltr'>immolatus</span> <span class='ocrx_word' id='word_1_264' title='bbox 1826 1977 1884 2016; x_wconf 83' lang='lat' dir='ltr'>est</span> <span class='ocrx_word' id='word_1_265' title='bbox 1910 1970 2128 2015; x_wconf 71' lang='lat' dir='ltr'>Christus.-</span> <span class='ocrx_word' id='word_1_266' title='bbox 2150 1983 2248 2013; x_wconf 84' lang='lat' dir='ltr'>suc-</span> 
     </span>
    </p>
   </div>
   <div class='ocr_carea' id='block_1_5' title="bbox 276 2035 2318 2096">
    <p class='ocr_par' dir='ltr' id='par_1_8' title="bbox 276 2025 2331 2096">
     <span class='ocr_line' id='line_1_28' title="bbox 276 2035 2318 2096; baseline 0 -16"><span class='ocrx_word' id='word_1_267' title='bbox 276 2036 412 2080; x_wconf 89' lang='lat' dir='ltr'>cessit</span> <span class='ocrx_word' id='word_1_268' title='bbox 445 2047 597 2081; x_wconf 89' lang='lat' dir='ltr'>autem</span> <span class='ocrx_word' id='word_1_269' title='bbox 631 2037 673 2080; x_wconf 91' lang='lat' dir='ltr'>ei</span> <span class='ocrx_word' id='word_1_270' title='bbox 703 2037 750 2080; x_wconf 91' lang='lat' dir='ltr'>in</span> <span class='ocrx_word' id='word_1_271' title='bbox 782 2051 907 2081; x_wconf 91' lang='lat' dir='ltr'>novo</span> <span class='ocrx_word' id='word_1_272' title='bbox 950 2035 1252 2082; x_wconf 90' lang='lat' dir='ltr'>Testamento</span> <span class='ocrx_word' id='word_1_273' title='bbox 1284 2038 1597 2084; x_wconf 87' lang='lat' dir='ltr'>Eucharistiae</span> <span class='ocrx_word' id='word_1_274' title='bbox 1638 2047 1992 2091; x_wconf 87' lang='lat' dir='ltr'>sacramentum,</span> <span class='ocrx_word' id='word_1_275' title='bbox 2032 2035 2156 2096; x_wconf 80' lang='lat' dir='ltr'>quod</span> <span class='ocrx_word' id='word_1_276' title='bbox 2181 2046 2250 2081; x_wconf 87' lang='lat' dir='ltr'>est</span> <span class='ocrx_word' id='word_1_277' title='bbox 2316 2043 2318 2045; x_wconf 74' lang='grc'><strong><em>’</em></strong></span> 
     </span>
    </p>
   </div>
   <div class='ocr_carea' id='block_1_6' title="bbox 274 2102 2250 2432">
    <p class='ocr_par' dir='ltr' id='par_1_9' title="bbox 274 2102 2250 2432">
     <span class='ocr_line' id='line_1_29' title="bbox 277 2102 2248 2164; baseline 0.001 -18"><span class='ocrx_word' id='word_1_278' title='bbox 277 2104 686 2148; x_wconf 88' lang='lat' dir='ltr'>rememorativum</span> <span class='ocrx_word' id='word_1_279' title='bbox 713 2105 983 2163; x_wconf 89' lang='lat' dir='ltr'>praeteritae</span> <span class='ocrx_word' id='word_1_280' title='bbox 1009 2105 1248 2162; x_wconf 89' lang='lat' dir='ltr'>passionis,</span> <span class='ocrx_word' id='word_1_281' title='bbox 1277 2106 1393 2149; x_wconf 91' lang='lat' dir='ltr'>sicut</span> <span class='ocrx_word' id='word_1_282' title='bbox 1424 2115 1468 2148; x_wconf 90' lang='lat' dir='ltr'>et</span> <span class='ocrx_word' id='word_1_283' title='bbox 1497 2105 1611 2148; x_wconf 92' lang='lat' dir='ltr'>illud</span> <span class='ocrx_word' id='word_1_284' title='bbox 1641 2105 1726 2149; x_wconf 88' lang='lat' dir='ltr'>fuit</span> <span class='ocrx_word' id='word_1_285' title='bbox 1757 2104 2160 2164; x_wconf 72' lang='lat' dir='ltr'>praefigurativum</span> <span class='ocrx_word' id='word_1_286' title='bbox 2182 2102 2248 2148; x_wconf 84' lang='lat' dir='ltr'>fu-</span> 
     </span>
     <span class='ocr_line' id='line_1_30' title="bbox 274 2169 2249 2231; baseline 0.002 -18"><span class='ocrx_word' id='word_1_287' title='bbox 274 2180 416 2223; x_wconf 91' lang='lat' dir='ltr'>turae,</span> <span class='ocrx_word' id='word_1_288' title='bbox 445 2180 488 2213; x_wconf 94' lang='lat' dir='ltr'>et</span> <span class='ocrx_word' id='word_1_289' title='bbox 515 2170 621 2213; x_wconf 91' lang='lat' dir='ltr'>ideo</span> <span class='ocrx_word' id='word_1_290' title='bbox 649 2170 927 2214; x_wconf 90' lang='lat' dir='ltr'>conveniens</span> <span class='ocrx_word' id='word_1_291' title='bbox 952 2169 1050 2225; x_wconf 93' lang='lat' dir='ltr'>fuit,</span> <span class='ocrx_word' id='word_1_292' title='bbox 1077 2179 1126 2214; x_wconf 92' lang='lat' dir='ltr'>ut</span> <span class='ocrx_word' id='word_1_293' title='bbox 1151 2171 1422 2215; x_wconf 88' lang='lat' dir='ltr'>imminente</span> <span class='ocrx_word' id='word_1_294' title='bbox 1448 2171 1676 2230; x_wconf 81' lang='lat' dir='ltr'>passione,</span> <span class='ocrx_word' id='word_1_295' title='bbox 1700 2171 1929 2216; x_wconf 80' lang='lat' dir='ltr'>celebrato</span> <span class='ocrx_word' id='word_1_296' title='bbox 1945 2171 2249 2231; x_wconf 73' lang='lat' dir='ltr'>priorisacra-</span> 
     </span>
     <span class='ocr_line' id='line_1_31' title="bbox 276 2236 2249 2298; baseline 0.002 -19"><span class='ocrx_word' id='word_1_297' title='bbox 276 2246 450 2290; x_wconf 89' lang='lat' dir='ltr'>mento,</span> <span class='ocrx_word' id='word_1_298' title='bbox 477 2250 650 2280; x_wconf 91' lang='lat' dir='ltr'>novum</span> <span class='ocrx_word' id='word_1_299' title='bbox 684 2247 1025 2281; x_wconf 89' lang='lat' dir='ltr'>sacramentum</span> <span class='ocrx_word' id='word_1_300' title='bbox 1057 2238 1330 2293; x_wconf 88' lang='lat' dir='ltr'>institueret;</span> <span class='ocrx_word' id='word_1_301' title='bbox 1363 2239 1483 2283; x_wconf 89' lang='lat' dir='ltr'>unde</span> <span class='ocrx_word' id='word_1_302' title='bbox 1525 2239 1622 2283; x_wconf 90' lang='lat' dir='ltr'>Leo</span> <span class='ocrx_word' id='word_1_303' title='bbox 1655 2253 1773 2298; x_wconf 88' lang='lat' dir='ltr'>papa</span> <span class='ocrx_word' id='word_1_304' title='bbox 1804 2238 1915 2284; x_wconf 83' lang='lat' dir='ltr'>dicit</span> <span class='ocrx_word' id='word_1_305' title='bbox 1945 2238 2086 2296; x_wconf 80' lang='lat' dir='ltr'>(serm.</span> <span class='ocrx_word' id='word_1_306' title='bbox 2116 2251 2160 2298; x_wconf 85' lang='lat'>7.</span> <span class='ocrx_word' id='word_1_307' title='bbox 2201 2236 2249 2282; x_wconf 76' lang='lat' dir='ltr'>de</span> 
     </span>
     <span class='ocr_line' id='line_1_32' title="bbox 274 2303 2250 2365; baseline 0.001 -18"><span class='ocrx_word' id='word_1_308' title='bbox 274 2303 387 2348; x_wconf 80' lang='lat' dir='ltr'>Pass.</span> <span class='ocrx_word' id='word_1_309' title='bbox 413 2304 544 2348; x_wconf 88' lang='lat' dir='ltr'>Dom.</span> <span class='ocrx_word' id='word_1_310' title='bbox 562 2313 653 2363; x_wconf 81' lang='lat' dir='ltr'>cap.</span> <span class='ocrx_word' id='word_1_311' title='bbox 677 2321 711 2349; x_wconf 87' lang='lat' dir='ltr'>I.</span> <span class='ocrx_word' id='word_1_312' title='bbox 729 2306 775 2348; x_wconf 88' lang='lat' dir='ltr'>in</span> <span class='ocrx_word' id='word_1_313' title='bbox 797 2304 909 2362; x_wconf 67' lang='lat' dir='ltr'>fin),</span> <span class='ocrx_word' id='word_1_314' title='bbox 938 2304 1061 2363; x_wconf 90' lang='lat' dir='ltr'>quod</span> <span class='ocrx_word' id='word_1_315' title='bbox 1091 2315 1182 2349; x_wconf 89' lang='lat' dir='ltr'>«ut</span> <span class='ocrx_word' id='word_1_316' title='bbox 1207 2305 1396 2361; x_wconf 81' lang='lat' dir='ltr'>umbrae</span> <span class='ocrx_word' id='word_1_317' title='bbox 1424 2305 1639 2350; x_wconf 89' lang='lat' dir='ltr'>cederent</span> <span class='ocrx_word' id='word_1_318' title='bbox 1664 2305 1863 2365; x_wconf 91' lang='lat' dir='ltr'>corpori,</span> <span class='ocrx_word' id='word_1_319' title='bbox 1885 2305 2072 2365; x_wconf 80' lang='lat' dir='ltr'>antiqua</span> <span class='ocrx_word' id='word_1_320' title='bbox 2095 2305 2250 2351; x_wconf 83' lang='lat' dir='ltr'>obser·</span> 
     </span>
     <span class='ocr_line' id='line_1_33' title="bbox 274 2371 2248 2432; baseline 0.003 -18"><span class='ocrx_word' id='word_1_321' title='bbox 274 2371 428 2416; x_wconf 91' lang='lat' dir='ltr'>vantia</span> <span class='ocrx_word' id='word_1_322' title='bbox 453 2384 579 2416; x_wconf 91' lang='lat' dir='ltr'>novo</span> <span class='ocrx_word' id='word_1_323' title='bbox 607 2371 860 2415; x_wconf 85' lang='lat' dir='ltr'>excluditur</span> <span class='ocrx_word' id='word_1_324' title='bbox 886 2382 1200 2417; x_wconf 87' lang='lat' dir='ltr'>sacramento:</span> <span class='ocrx_word' id='word_1_325' title='bbox 1227 2373 1380 2418; x_wconf 89' lang='lat' dir='ltr'>hostia</span> <span class='ocrx_word' id='word_1_326' title='bbox 1404 2373 1452 2417; x_wconf 87' lang='lat' dir='ltr'>in</span> <span class='ocrx_word' id='word_1_327' title='bbox 1477 2373 1680 2418; x_wconf 88' lang='lat' dir='ltr'>hostiam</span> <span class='ocrx_word' id='word_1_328' title='bbox 1700 2373 1884 2428; x_wconf 81' lang='lat' dir='ltr'>transit3</span> <span class='ocrx_word' id='word_1_329' title='bbox 1905 2373 2128 2432; x_wconf 75' lang='lat' dir='ltr'>sanguine</span> <span class='ocrx_word' id='word_1_330' title='bbox 2149 2386 2248 2418; x_wconf 81' lang='lat' dir='ltr'>san-</span> 
     </span>
    </p>
   </div>
   <div class='ocr_carea' id='block_1_7' title="bbox 278 2437 2248 2505">
    <p class='ocr_par' dir='ltr' id='par_1_10' title="bbox 278 2424 2323 2505">
     <span class='ocr_line' id='line_1_34' title="bbox 278 2437 2248 2505; baseline 0.001 -24"><span class='ocrx_word' id='word_1_331' title='bbox 278 2438 378 2497; x_wconf 90' lang='lat' dir='ltr'>guis</span> <span class='ocrx_word' id='word_1_332' title='bbox 405 2437 625 2494; x_wconf 80' lang='lat' dir='ltr'>aufertur3</span> <span class='ocrx_word' id='word_1_333' title='bbox 653 2448 698 2482; x_wconf 92' lang='lat' dir='ltr'>et</span> <span class='ocrx_word' id='word_1_334' title='bbox 722 2438 882 2497; x_wconf 91' lang='lat' dir='ltr'>legalis</span> <span class='ocrx_word' id='word_1_335' title='bbox 914 2438 1147 2495; x_wconf 88' lang='lat' dir='ltr'>festivitas,</span> <span class='ocrx_word' id='word_1_336' title='bbox 1183 2439 1293 2483; x_wconf 92' lang='lat' dir='ltr'>dum</span> <span class='ocrx_word' id='word_1_337' title='bbox 1326 2450 1541 2495; x_wconf 87' lang='lat' dir='ltr'>mutatur,</span> <span class='ocrx_word' id='word_1_338' title='bbox 1574 2439 1790 2500; x_wconf 90' lang='lat' dir='ltr'>impletur</span> <span class='ocrx_word' id='word_1_339' title='bbox 1805 2441 2021 2505; x_wconf 29' lang='lat' dir='ltr'>»:·tcrtio,</span> <span class='ocrx_word' id='word_1_340' title='bbox 2055 2439 2162 2500; x_wconf 89' lang='lat' dir='ltr'>quia</span> <span class='ocrx_word' id='word_1_341' title='bbox 2194 2453 2248 2485; x_wconf 92' lang='lat' dir='ltr'>ea</span> 
     </span>
    </p>
   </div>
   <div class='ocr_carea' id='block_1_8' title="bbox 276 2505 2250 2566">
    <p class='ocr_par' dir='ltr' id='par_1_11' title="bbox 276 2505 2250 2566">
     <span class='ocr_line' id='line_1_35' title="bbox 276 2505 2250 2566; baseline 0.001 -16"><span class='ocrx_word' id='word_1_342' title='bbox 276 2520 392 2566; x_wconf 90' lang='lat' dir='ltr'>quae</span> <span class='ocrx_word' id='word_1_343' title='bbox 418 2505 583 2550; x_wconf 90' lang='lat' dir='ltr'>ultimo</span> <span class='ocrx_word' id='word_1_344' title='bbox 611 2505 835 2560; x_wconf 87' lang='lat' dir='ltr'>dicuntur,</span> <span class='ocrx_word' id='word_1_345' title='bbox 862 2507 1062 2552; x_wconf 87' lang='lat' dir='ltr'>maxime</span> <span class='ocrx_word' id='word_1_346' title='bbox 1086 2508 1139 2551; x_wconf 90' lang='lat' dir='ltr'>ab</span> <span class='ocrx_word' id='word_1_347' title='bbox 1160 2507 1321 2551; x_wconf 91' lang='lat' dir='ltr'>amicis</span> <span class='ocrx_word' id='word_1_348' title='bbox 1338 2507 1667 2562; x_wconf 88' lang='lat' dir='ltr'>recedentibus,</span> <span class='ocrx_word' id='word_1_349' title='bbox 1685 2507 1834 2566; x_wconf 86' lang='lat' dir='ltr'>magis</span> <span class='ocrx_word' id='word_1_350' title='bbox 1852 2507 2107 2552; x_wconf 87' lang='lat' dir='ltr'>memoriae</span> <span class='ocrx_word' id='word_1_351' title='bbox 2124 2520 2250 2552; x_wconf 88' lang='lat' dir='ltr'>com·</span> 
     </span>
    </p>
   </div>
   <div class='ocr_carea' id='block_1_9' title="bbox 274 2574 2318 2971">
    <p class='ocr_par' dir='ltr' id='par_1_12' title="bbox 274 2574 2320 2972">
     <span class='ocr_line' id='line_1_36' title="bbox 275 2574 2315 2634; baseline 0.001 -17"><span class='ocrx_word' id='word_1_352' title='bbox 275 2574 563 2629; x_wconf 87' lang='lat' dir='ltr'>mendantur,</span> <span class='ocrx_word' id='word_1_353' title='bbox 589 2574 857 2633; x_wconf 89' lang='lat' dir='ltr'>praesertim</span> <span class='ocrx_word' id='word_1_354' title='bbox 885 2575 990 2634; x_wconf 88' lang='lat' dir='ltr'>quia</span> <span class='ocrx_word' id='word_1_355' title='bbox 1019 2585 1127 2619; x_wconf 91' lang='lat' dir='ltr'>tunc</span> <span class='ocrx_word' id='word_1_356' title='bbox 1155 2575 1302 2634; x_wconf 87' lang='lat' dir='ltr'>magis</span> <span class='ocrx_word' id='word_1_357' title='bbox 1328 2575 1640 2620; x_wconf 89' lang='lat' dir='ltr'>inflammatur</span> <span class='ocrx_word' id='word_1_358' title='bbox 1667 2574 1856 2620; x_wconf 89' lang='lat' dir='ltr'>affectus</span> <span class='ocrx_word' id='word_1_359' title='bbox 1883 2575 1939 2620; x_wconf 90' lang='lat' dir='ltr'>ad</span> <span class='ocrx_word' id='word_1_360' title='bbox 1967 2576 2164 2621; x_wconf 86' lang='lat' dir='ltr'>amicos:</span> <span class='ocrx_word' id='word_1_361' title='bbox 2191 2589 2245 2620; x_wconf 92' lang='lat' dir='ltr'>ea</span> <span class='ocrx_word' id='word_1_362' title='bbox 2313 2583 2315 2585; x_wconf 83' lang='grc'><strong>’</strong></span> 
     </span>
     <span class='ocr_line' id='line_1_37' title="bbox 276 2641 2314 2704; baseline 0.001 -20"><span class='ocrx_word' id='word_1_363' title='bbox 276 2655 402 2696; x_wconf 87' lang='lat' dir='ltr'>vero,</span> <span class='ocrx_word' id='word_1_364' title='bbox 436 2641 491 2685; x_wconf 92' lang='lat' dir='ltr'>ad</span> <span class='ocrx_word' id='word_1_365' title='bbox 519 2655 635 2700; x_wconf 90' lang='lat' dir='ltr'>quae</span> <span class='ocrx_word' id='word_1_366' title='bbox 662 2642 810 2701; x_wconf 87' lang='lat' dir='ltr'>magis</span> <span class='ocrx_word' id='word_1_367' title='bbox 838 2641 1075 2698; x_wconf 88' lang='lat' dir='ltr'>afficimur,</span> <span class='ocrx_word' id='word_1_368' title='bbox 1103 2642 1369 2702; x_wconf 89' lang='lat' dir='ltr'>profundius</span> <span class='ocrx_word' id='word_1_369' title='bbox 1398 2643 1553 2687; x_wconf 90' lang='lat' dir='ltr'>animo</span> <span class='ocrx_word' id='word_1_370' title='bbox 1581 2643 1918 2702; x_wconf 90' lang='lat' dir='ltr'>imprimuntur.</span> <span class='ocrx_word' id='word_1_371' title='bbox 1947 2642 2072 2697; x_wconf 88' lang='lat' dir='ltr'>Quia</span> <span class='ocrx_word' id='word_1_372' title='bbox 2095 2642 2247 2704; x_wconf 87' lang='lat' dir='ltr'>igitur,</span> <span class='ocrx_word' id='word_1_373' title='bbox 2312 2671 2314 2674; x_wconf 63' lang='grc'>«</span> 
     </span>
     <span class='ocr_line' id='line_1_38' title="bbox 274 2707 2318 2771; baseline 0.001 -19"><span class='ocrx_word' id='word_1_374' title='bbox 274 2718 325 2753; x_wconf 90' lang='lat' dir='ltr'>ut</span> <span class='ocrx_word' id='word_1_375' title='bbox 354 2708 512 2753; x_wconf 90' lang='lat' dir='ltr'>beatus</span> <span class='ocrx_word' id='word_1_376' title='bbox 547 2707 808 2753; x_wconf 85' lang='lat' dir='ltr'>Alexander</span> <span class='ocrx_word' id='word_1_377' title='bbox 834 2709 866 2752; x_wconf 91' lang='grc' dir='ltr'>Ι.</span> <span class='ocrx_word' id='word_1_378' title='bbox 894 2723 1012 2768; x_wconf 88' lang='lat' dir='ltr'>papa</span> <span class='ocrx_word' id='word_1_379' title='bbox 1039 2709 1148 2753; x_wconf 89' lang='lat' dir='ltr'>dicit</span> <span class='ocrx_word' id='word_1_380' title='bbox 1175 2709 1308 2768; x_wconf 82' lang='lat' dir='ltr'>(epist.</span> <span class='ocrx_word' id='word_1_381' title='bbox 1336 2714 1370 2755; x_wconf 71' lang='lat'>12</span> <span class='ocrx_word' id='word_1_382' title='bbox 1399 2710 1452 2754; x_wconf 82' lang='lat' dir='ltr'>ad</span> <span class='ocrx_word' id='word_1_383' title='bbox 1479 2726 1615 2755; x_wconf 83' lang='lat' dir='ltr'>omnes</span> <span class='ocrx_word' id='word_1_384' title='bbox 1647 2710 1808 2756; x_wconf 83' lang='lat' dir='ltr'>orthod.</span> <span class='ocrx_word' id='word_1_385' title='bbox 1835 2717 1928 2771; x_wconf 84' lang='lat' dir='ltr'>cap.</span> <span class='ocrx_word' id='word_1_386' title='bbox 1963 2723 2004 2768; x_wconf 92' lang='lat'>4.</span> <span class='ocrx_word' id='word_1_387' title='bbox 2040 2708 2243 2768; x_wconf 84' lang='lat' dir='ltr'>Concil.)‚</span> <span class='ocrx_word' id='word_1_388' title='bbox 2313 2738 2318 2749; x_wconf 55' lang='lat'><em>1</em></span> 
     </span>
     <span class='ocr_line' id='line_1_39' title="bbox 279 2775 2312 2836; baseline 0.003 -19"><span class='ocrx_word' id='word_1_389' title='bbox 279 2775 437 2823; x_wconf 86' lang='lat' dir='ltr'>«nihil</span> <span class='ocrx_word' id='word_1_390' title='bbox 462 2776 508 2819; x_wconf 92' lang='lat' dir='ltr'>in</span> <span class='ocrx_word' id='word_1_391' title='bbox 537 2775 770 2820; x_wconf 88' lang='lat' dir='ltr'>sacrificiis</span> <span class='ocrx_word' id='word_1_392' title='bbox 797 2777 943 2835; x_wconf 86' lang='lat' dir='ltr'>majus</span> <span class='ocrx_word' id='word_1_393' title='bbox 972 2790 1070 2820; x_wconf 91' lang='lat' dir='ltr'>esse</span> <span class='ocrx_word' id='word_1_394' title='bbox 1097 2787 1261 2836; x_wconf 90' lang='lat' dir='ltr'>potest,</span> <span class='ocrx_word' id='word_1_395' title='bbox 1289 2792 1427 2836; x_wconf 89' lang='lat' dir='ltr'>quam</span> <span class='ocrx_word' id='word_1_396' title='bbox 1455 2791 1636 2836; x_wconf 89' lang='lat' dir='ltr'>corpus,</span> <span class='ocrx_word' id='word_1_397' title='bbox 1663 2787 1708 2822; x_wconf 89' lang='lat' dir='ltr'>et</span> <span class='ocrx_word' id='word_1_398' title='bbox 1733 2777 1920 2836; x_wconf 85' lang='lat' dir='ltr'>sanguis</span> <span class='ocrx_word' id='word_1_399' title='bbox 1946 2776 2134 2831; x_wconf 88' lang='lat' dir='ltr'>Christi,</span> <span class='ocrx_word' id='word_1_400' title='bbox 2159 2790 2246 2822; x_wconf 87' lang='lat' dir='ltr'>nec</span> <span class='ocrx_word' id='word_1_401' title='bbox 2309 2794 2312 2796; x_wconf 90' lang='grc'><em>·</em></span> 
     </span>
     <span class='ocr_line' id='line_1_40' title="bbox 276 2842 2306 2903; baseline 0 -16"><span class='ocrx_word' id='word_1_402' title='bbox 276 2842 370 2887; x_wconf 89' lang='lat' dir='ltr'>ulla</span> <span class='ocrx_word' id='word_1_403' title='bbox 396 2843 567 2887; x_wconf 87' lang='lat' dir='ltr'>oblatio</span> <span class='ocrx_word' id='word_1_404' title='bbox 594 2843 681 2887; x_wconf 90' lang='lat' dir='ltr'>hac</span> <span class='ocrx_word' id='word_1_405' title='bbox 705 2844 857 2903; x_wconf 90' lang='lat' dir='ltr'>potior</span> <span class='ocrx_word' id='word_1_406' title='bbox 884 2853 1005 2898; x_wconf 87' lang='lat' dir='ltr'>est»,</span> <span class='ocrx_word' id='word_1_407' title='bbox 1031 2843 1137 2888; x_wconf 90' lang='lat' dir='ltr'>ideo</span> <span class='ocrx_word' id='word_1_408' title='bbox 1165 2854 1214 2888; x_wconf 89' lang='lat' dir='ltr'>ut</span> <span class='ocrx_word' id='word_1_409' title='bbox 1239 2845 1285 2888; x_wconf 90' lang='lat' dir='ltr'>in</span> <span class='ocrx_word' id='word_1_410' title='bbox 1313 2845 1480 2903; x_wconf 89' lang='lat' dir='ltr'>majori</span> <span class='ocrx_word' id='word_1_411' title='bbox 1499 2845 1797 2890; x_wconf 89' lang='lat' dir='ltr'>veneratione</span> <span class='ocrx_word' id='word_1_412' title='bbox 1814 2845 2072 2901; x_wconf 88' lang='lat' dir='ltr'>haberetur,</span> <span class='ocrx_word' id='word_1_413' title='bbox 2088 2844 2248 2889; x_wconf 84' lang='lat' dir='ltr'>Domi·</span> <span class='ocrx_word' id='word_1_414' title='bbox 2302 2848 2306 2851; x_wconf 79' lang='grc'><em>’</em></span> 
     </span>
     <span class='ocr_line' id='line_1_41' title="bbox 275 2910 2311 2971; baseline 0.001 -17"><span class='ocrx_word' id='word_1_415' title='bbox 275 2925 361 2955; x_wconf 87' lang='lat' dir='ltr'>nus</span> <span class='ocrx_word' id='word_1_416' title='bbox 387 2911 433 2955; x_wconf 90' lang='lat' dir='ltr'>in</span> <span class='ocrx_word' id='word_1_417' title='bbox 461 2910 624 2955; x_wconf 89' lang='lat' dir='ltr'>ultimo</span> <span class='ocrx_word' id='word_1_418' title='bbox 652 2911 853 2956; x_wconf 85' lang='lat' dir='ltr'>discessu</span> <span class='ocrx_word' id='word_1_419' title='bbox 881 2925 964 2955; x_wconf 90' lang='lat' dir='ltr'>suo</span> <span class='ocrx_word' id='word_1_420' title='bbox 993 2926 1017 2955; x_wconf 87' lang='lat' dir='ltr'>a</span> <span class='ocrx_word' id='word_1_421' title='bbox 1045 2910 1275 2971; x_wconf 88' lang='lat' dir='ltr'>discipulis</span> <span class='ocrx_word' id='word_1_422' title='bbox 1302 2913 1391 2957; x_wconf 91' lang='lat' dir='ltr'>hoc</span> <span class='ocrx_word' id='word_1_423' title='bbox 1420 2923 1761 2958; x_wconf 89' lang='lat' dir='ltr'>sacramentum</span> <span class='ocrx_word' id='word_1_424' title='bbox 1777 2912 1982 2958; x_wconf 87' lang='lat' dir='ltr'>instituit.</span> <span class='ocrx_word' id='word_1_425' title='bbox 1999 2911 2056 2958; x_wconf 92' lang='lat' dir='ltr'>Et</span> <span class='ocrx_word' id='word_1_426' title='bbox 2070 2912 2162 2957; x_wconf 85' lang='lat' dir='ltr'>hoc</span> <span class='ocrx_word' id='word_1_427' title='bbox 2181 2921 2249 2958; x_wconf 89' lang='lat' dir='ltr'>est</span> <span class='ocrx_word' id='word_1_428' title='bbox 2302 2917 2311 2952; x_wconf 80' lang='lat' dir='ltr'>-J</span> 
     </span>
    </p>
   </div>
   <div class='ocr_carea' id='block_1_10' title="bbox 277 2978 2246 3041">
    <p class='ocr_par' dir='ltr' id='par_1_13' title="bbox 277 2978 2246 3041">
     <span class='ocr_line' id='line_1_42' title="bbox 277 2978 2246 3041; baseline 0.002 -19"><span class='ocrx_word' id='word_1_429' title='bbox 277 2979 399 3038; x_wconf 88' lang='lat' dir='ltr'>quod</span> <span class='ocrx_word' id='word_1_430' title='bbox 427 2979 709 3038; x_wconf 89' lang='lat' dir='ltr'>Augustinus</span> <span class='ocrx_word' id='word_1_431' title='bbox 735 2979 880 3023; x_wconf 89' lang='lat' dir='ltr'>dicit</span> <span class='ocrx_word' id='word_1_432' title='bbox 868 2994 915 3022; x_wconf 83' lang='lat' dir='ltr'>in</span> <span class='ocrx_word' id='word_1_433' title='bbox 937 2978 1053 3023; x_wconf 89' lang='lat' dir='ltr'>libro</span> <span class='ocrx_word' id='word_1_434' title='bbox 1081 2980 1435 3038; x_wconf 87' lang='lat' dir='ltr'>responsionum</span> <span class='ocrx_word' id='word_1_435' title='bbox 1464 2980 1519 3025; x_wconf 92' lang='lat' dir='ltr'>ad</span> <span class='ocrx_word' id='word_1_436' title='bbox 1536 2981 1804 3038; x_wconf 89' lang='lat' dir='ltr'>Januarium</span> <span class='ocrx_word' id='word_1_437' title='bbox 1829 2981 2004 3040; x_wconf 77' lang='lat' dir='ltr'>(scilicet</span> <span class='ocrx_word' id='word_1_438' title='bbox 2026 2982 2148 3041; x_wconf 76' lang='lat' dir='ltr'>epist.</span> <span class='ocrx_word' id='word_1_439' title='bbox 2156 2981 2246 3027; x_wconf 78' lang='lat'>118.</span> 
     </span>
    </p>
   </div>
   <div class='ocr_carea' id='block_1_11' title="bbox 277 3045 2316 3193">
    <p class='ocr_par' dir='ltr' id='par_1_14' title="bbox 277 3045 2318 3181">
     <span class='ocr_line' id='line_1_43' title="bbox 277 3045 2316 3126; baseline 0 -35"><span class='ocrx_word' id='word_1_440' title='bbox 277 3054 370 3106; x_wconf 83' lang='lat' dir='ltr'>cap.</span> <span class='ocrx_word' id='word_1_441' title='bbox 400 3047 442 3091; x_wconf 96' lang='grc'>6.</span> <span class='ocrx_word' id='word_1_442' title='bbox 477 3061 502 3091; x_wconf 91' lang='lat' dir='ltr'>a</span> <span class='ocrx_word' id='word_1_443' title='bbox 536 3045 691 3104; x_wconf 84' lang='lat' dir='ltr'>med.).·</span> <span class='ocrx_word' id='word_1_444' title='bbox 727 3063 751 3088; x_wconf 86' lang='lat'>&lt;‹</span> <span class='ocrx_word' id='word_1_445' title='bbox 771 3045 983 3091; x_wconf 88' lang='lat' dir='ltr'>Salvator</span> <span class='ocrx_word' id='word_1_446' title='bbox 1015 3061 1106 3105; x_wconf 91' lang='lat' dir='ltr'>quo</span> <span class='ocrx_word' id='word_1_447' title='bbox 1139 3047 1457 3092; x_wconf 87' lang='lat' dir='ltr'>vehementius</span> <span class='ocrx_word' id='word_1_448' title='bbox 1493 3048 1841 3093; x_wconf 88' lang='lat' dir='ltr'>commendaret</span> <span class='ocrx_word' id='word_1_449' title='bbox 1879 3048 2085 3126; x_wconf 86' lang='lat' dir='ltr'>mysterii</span> <span class='ocrx_word' id='word_1_450' title='bbox 2112 3047 2248 3107; x_wconf 83' lang='lat' dir='ltr'>hujus</span> <span class='ocrx_word' id='word_1_451' title='bbox 2305 3070 2316 3107; x_wconf 63' lang='lat'><em>5</em></span> 
     </span>
     <span class='ocr_line' id='line_1_44' title="bbox 279 3113 2250 3193; baseline 0.002 -36"><span class='ocrx_word' id='word_1_452' title='bbox 279 3113 581 3168; x_wconf 87' lang='lat' dir='ltr'>altitudinem,</span> <span class='ocrx_word' id='word_1_453' title='bbox 607 3113 822 3158; x_wconf 87' lang='lat' dir='ltr'>ultimum</span> <span class='ocrx_word' id='word_1_454' title='bbox 848 3114 939 3158; x_wconf 93' lang='lat' dir='ltr'>hoc</span> <span class='ocrx_word' id='word_1_455' title='bbox 965 3113 1113 3158; x_wconf 88' lang='lat' dir='ltr'>voluit</span> <span class='ocrx_word' id='word_1_456' title='bbox 1139 3115 1305 3159; x_wconf 88' lang='lat' dir='ltr'>arctius</span> <span class='ocrx_word' id='word_1_457' title='bbox 1332 3115 1520 3174; x_wconf 85' lang='lat' dir='ltr'>infigere</span> <span class='ocrx_word' id='word_1_458' title='bbox 1549 3115 1776 3170; x_wconf 88' lang='lat' dir='ltr'>cordibus,</span> <span class='ocrx_word' id='word_1_459' title='bbox 1803 3125 1848 3161; x_wconf 89' lang='lat' dir='ltr'>et</span> <span class='ocrx_word' id='word_1_460' title='bbox 1867 3116 2096 3193; x_wconf 84' lang='lat' dir='ltr'>memoria</span> <span class='ocrx_word' id='word_1_461' title='bbox 2120 3114 2250 3161; x_wconf 72' lang='lat' dir='ltr'>disci·</span> 
     </span>
    </p>
   </div>
   <div class='ocr_carea' id='block_1_12' title="bbox 277 3181 1612 3241">
    <p class='ocr_par' dir='ltr' id='par_1_15' title="bbox 277 3181 1612 3241">
     <span class='ocr_line' id='line_1_45' title="bbox 277 3181 1612 3241; baseline 0 -16"><span class='ocrx_word' id='word_1_462' title='bbox 277 3181 509 3241; x_wconf 89' lang='lat' dir='ltr'>pulorum,</span> <span class='ocrx_word' id='word_1_463' title='bbox 537 3195 563 3225; x_wconf 88' lang='lat' dir='ltr'>a</span> <span class='ocrx_word' id='word_1_464' title='bbox 590 3181 751 3241; x_wconf 90' lang='lat' dir='ltr'>quibus</span> <span class='ocrx_word' id='word_1_465' title='bbox 775 3181 831 3225; x_wconf 89' lang='lat' dir='ltr'>ad</span> <span class='ocrx_word' id='word_1_466' title='bbox 857 3181 1120 3241; x_wconf 87' lang='lat' dir='ltr'>passionem</span> <span class='ocrx_word' id='word_1_467' title='bbox 1147 3181 1430 3239; x_wconf 85' lang='lat' dir='ltr'>digressurus</span> <span class='ocrx_word' id='word_1_468' title='bbox 1458 3192 1612 3228; x_wconf 87' lang='lat' dir='ltr'>erat»</span> 
     </span>
    </p>
   </div>
   <div class='ocr_carea' id='block_1_13' title="bbox 278 3238 2308 3444">
    <p class='ocr_par' dir='ltr' id='par_1_16' title="bbox 278 3238 2334 3444">
     <span class='ocr_line' id='line_1_46' title="bbox 367 3238 2301 3310; baseline -0.001 -17"><span class='ocrx_word' id='word_1_469' title='bbox 367 3248 443 3293; x_wconf 78' lang='lat' dir='ltr'>An</span> <span class='ocrx_word' id='word_1_470' title='bbox 470 3261 660 3294; x_wconf 80' lang='lat' dir='ltr'>PRIMUM</span> <span class='ocrx_word' id='word_1_471' title='bbox 687 3262 797 3307; x_wconf 89' lang='lat' dir='ltr'>ergo</span> <span class='ocrx_word' id='word_1_472' title='bbox 825 3247 1085 3302; x_wconf 88' lang='lat' dir='ltr'>dicendum,</span> <span class='ocrx_word' id='word_1_473' title='bbox 1113 3249 1234 3306; x_wconf 89' lang='lat' dir='ltr'>quod</span> <span class='ocrx_word' id='word_1_474' title='bbox 1261 3263 1313 3293; x_wconf 83' lang='lat' dir='ltr'>ex</span> <span class='ocrx_word' id='word_1_475' title='bbox 1342 3249 1514 3294; x_wconf 89' lang='lat' dir='ltr'>eisdem</span> <span class='ocrx_word' id='word_1_476' title='bbox 1539 3249 1779 3304; x_wconf 86' lang='lat' dir='ltr'>nutrimur,</span> <span class='ocrx_word' id='word_1_477' title='bbox 1806 3263 1861 3295; x_wconf 82' lang='lat' dir='ltr'>ex</span> <span class='ocrx_word' id='word_1_478' title='bbox 1885 3249 2047 3310; x_wconf 84' lang='lat' dir='ltr'>quibus</span> <span class='ocrx_word' id='word_1_479' title='bbox 2073 3261 2247 3299; x_wconf 68' lang='lat' dir='ltr'>sumus,</span> <span class='ocrx_word' id='word_1_480' title='bbox 2291 3238 2301 3274; x_wconf 64' lang='grc' dir='ltr'>’ἶ</span> 
     </span>
     <span class='ocr_line' id='line_1_47' title="bbox 278 3316 2308 3378; baseline 0.001 -17"><span class='ocrx_word' id='word_1_481' title='bbox 278 3331 372 3361; x_wconf 91' lang='lat' dir='ltr'>non</span> <span class='ocrx_word' id='word_1_482' title='bbox 399 3327 556 3362; x_wconf 90' lang='lat' dir='ltr'>tamen</span> <span class='ocrx_word' id='word_1_483' title='bbox 583 3317 748 3362; x_wconf 88' lang='lat' dir='ltr'>eodem</span> <span class='ocrx_word' id='word_1_484' title='bbox 766 3316 907 3361; x_wconf 90' lang='lat' dir='ltr'>modo</span> <span class='ocrx_word' id='word_1_485' title='bbox 924 3316 1056 3360; x_wconf 81' lang='lat' dir='ltr'>nobis</span> <span class='ocrx_word' id='word_1_486' title='bbox 1076 3316 1444 3372; x_wconf 89' lang='lat' dir='ltr'>advenientibus;</span> <span class='ocrx_word' id='word_1_487' title='bbox 1462 3332 1571 3362; x_wconf 89' lang='lat' dir='ltr'>nam</span> <span class='ocrx_word' id='word_1_488' title='bbox 1589 3331 1657 3372; x_wconf 88' lang='lat' dir='ltr'>ea,</span> <span class='ocrx_word' id='word_1_489' title='bbox 1671 3332 1725 3362; x_wconf 87' lang='lat' dir='ltr'>ex</span> <span class='ocrx_word' id='word_1_490' title='bbox 1741 3318 1905 3378; x_wconf 85' lang='lat' dir='ltr'>quibus</span> <span class='ocrx_word' id='word_1_491' title='bbox 1920 3330 2094 3372; x_wconf 82' lang='lat' dir='ltr'>sumus,</span> <span class='ocrx_word' id='word_1_492' title='bbox 2114 3316 2250 3363; x_wconf 85' lang='lat' dir='ltr'>nobis</span> <span class='ocrx_word' id='word_1_493' title='bbox 2305 3361 2308 3364; x_wconf 81' lang='grc'><em>.</em></span> 
     </span>
     <span class='ocr_line' id='line_1_48' title="bbox 280 3382 2247 3444; baseline 0.002 -17"><span class='ocrx_word' id='word_1_494' title='bbox 280 3384 527 3429; x_wconf 87' lang='lat' dir='ltr'>adveniunt</span> <span class='ocrx_word' id='word_1_495' title='bbox 551 3398 632 3444; x_wconf 92' lang='lat' dir='ltr'>per</span> <span class='ocrx_word' id='word_1_496' title='bbox 658 3384 1030 3443; x_wconf 89' lang='lat' dir='ltr'>generationem;</span> <span class='ocrx_word' id='word_1_497' title='bbox 1057 3382 1218 3427; x_wconf 87' lang='lat' dir='ltr'>eadem</span> <span class='ocrx_word' id='word_1_498' title='bbox 1237 3394 1405 3438; x_wconf 87' lang='lat' dir='ltr'>autem,</span> <span class='ocrx_word' id='word_1_499' title='bbox 1421 3385 1692 3444; x_wconf 88' lang='lat' dir='ltr'>inquantum</span> <span class='ocrx_word' id='word_1_500' title='bbox 1709 3399 1763 3429; x_wconf 85' lang='lat' dir='ltr'>ex</span> <span class='ocrx_word' id='word_1_501' title='bbox 1781 3386 1844 3430; x_wconf 89' lang='lat' dir='ltr'>eis</span> <span class='ocrx_word' id='word_1_502' title='bbox 1859 3384 2099 3440; x_wconf 85' lang='lat' dir='ltr'>nutrimur,</span> <span class='ocrx_word' id='word_1_503' title='bbox 2115 3384 2247 3430; x_wconf 90' lang='lat' dir='ltr'>nobis</span> 
     </span>
    </p>
   </div>
   <div class='ocr_carea' id='block_1_14' title="bbox 281 3450 2247 3579">
    <p class='ocr_par' dir='ltr' id='par_1_17' title="bbox 281 3450 2247 3579">
     <span class='ocr_line' id='line_1_49' title="bbox 281 3450 2247 3512; baseline 0.002 -18"><span class='ocrx_word' id='word_1_504' title='bbox 281 3451 526 3496; x_wconf 87' lang='lat' dir='ltr'>adveniunt</span> <span class='ocrx_word' id='word_1_505' title='bbox 552 3465 632 3510; x_wconf 89' lang='lat' dir='ltr'>per</span> <span class='ocrx_word' id='word_1_506' title='bbox 668 3451 1099 3496; x_wconf 87' lang='lat' dir='ltr'>manducationem:</span> <span class='ocrx_word' id='word_1_507' title='bbox 1133 3450 1250 3495; x_wconf 91' lang='lat' dir='ltr'>unde</span> <span class='ocrx_word' id='word_1_508' title='bbox 1284 3452 1400 3496; x_wconf 87' lang='lat' dir='ltr'>sicut</span> <span class='ocrx_word' id='word_1_509' title='bbox 1425 3466 1505 3511; x_wconf 91' lang='lat' dir='ltr'>per</span> <span class='ocrx_word' id='word_1_510' title='bbox 1532 3452 1810 3511; x_wconf 88' lang='lat' dir='ltr'>baptismum</span> <span class='ocrx_word' id='word_1_511' title='bbox 1842 3464 2171 3512; x_wconf 79' lang='lat' dir='ltr'>regeneramur</span> <span class='ocrx_word' id='word_1_512' title='bbox 2196 3450 2247 3497; x_wconf 85' lang='lat' dir='ltr'>in</span> 
     </span>
     <span class='ocr_line' id='line_1_50' title="bbox 282 3518 1680 3579; baseline 0.002 -17"><span class='ocrx_word' id='word_1_513' title='bbox 282 3518 484 3573; x_wconf 89' lang='lat' dir='ltr'>Christo,</span> <span class='ocrx_word' id='word_1_514' title='bbox 510 3518 573 3563; x_wconf 89' lang='lat' dir='ltr'>ita</span> <span class='ocrx_word' id='word_1_515' title='bbox 598 3533 679 3579; x_wconf 91' lang='lat' dir='ltr'>per</span> <span class='ocrx_word' id='word_1_516' title='bbox 705 3518 1039 3563; x_wconf 88' lang='lat' dir='ltr'>Eucharistiam</span> <span class='ocrx_word' id='word_1_517' title='bbox 1066 3518 1399 3563; x_wconf 85' lang='lat' dir='ltr'>manducamus</span> <span class='ocrx_word' id='word_1_518' title='bbox 1427 3518 1680 3566; x_wconf 86' lang='lat' dir='ltr'>Christum.</span> 
     </span>
    </p>
   </div>
   <div class='ocr_carea' id='block_1_15' title="bbox 371 3584 2246 3647">
    <p class='ocr_par' dir='ltr' id='par_1_18' title="bbox 371 3584 2246 3647">
     <span class='ocr_line' id='line_1_51' title="bbox 371 3584 2246 3647; baseline 0.001 -17"><span class='ocrx_word' id='word_1_519' title='bbox 371 3586 447 3631; x_wconf 82' lang='lat' dir='ltr'>An</span> <span class='ocrx_word' id='word_1_520' title='bbox 474 3598 736 3632; x_wconf 77' lang='lat' dir='ltr'>SECUNDUM</span> <span class='ocrx_word' id='word_1_521' title='bbox 763 3586 1023 3641; x_wconf 87' lang='lat' dir='ltr'>dicendum,</span> <span class='ocrx_word' id='word_1_522' title='bbox 1059 3585 1182 3645; x_wconf 85' lang='lat' dir='ltr'>quod</span> <span class='ocrx_word' id='word_1_523' title='bbox 1216 3584 1503 3631; x_wconf 81' lang='lat' dir='ltr'>Eucharistia</span> <span class='ocrx_word' id='word_1_524' title='bbox 1534 3596 1602 3632; x_wconf 88' lang='lat' dir='ltr'>est</span> <span class='ocrx_word' id='word_1_525' title='bbox 1631 3595 1968 3633; x_wconf 85' lang='lat' dir='ltr'>sacramentum</span> <span class='ocrx_word' id='word_1_526' title='bbox 1993 3584 2246 3647; x_wconf 70' lang='lat' dir='ltr'>perfeetum</span> 
     </span>
    </p>
   </div>
   <div class='ocr_carea' id='block_1_16' title="bbox 2290 1530 2352 3787">
    <p class='ocr_par' dir='ltr' id='par_1_19' title="bbox 2290 1530 2352 3787">
     <span class='ocr_line' id='line_1_52' title="bbox 2290 1530 2352 3787; baseline 0 0"><span class='ocrx_word' id='word_1_527' title='bbox 2290 1530 2352 3787; x_wconf 95' lang='lat' dir='ltr'> </span> 
     </span>
    </p>
   </div>
   <div class='ocr_carea' id='block_1_17' title="bbox 2319 3877 2352 3926">
    <p class='ocr_par' dir='ltr' id='par_1_20' title="bbox 2319 3877 2352 3926">
     <span class='ocr_line' id='line_1_53' title="bbox 2319 3877 2352 3926; baseline 0 0"><span class='ocrx_word' id='word_1_528' title='bbox 2319 3877 2352 3926; x_wconf 95' lang='lat' dir='ltr'> </span> 
     </span>
    </p>
   </div>
  </div>
 </body>
</html>
