2352 3926
586 254 863 300 QUABSTlo
905 254 1050 297 κως.
1076 253 1400 297 lumen-ms
1440 254 1513 292 vr.
1923 255 1994 319 42
2000 256 2027 311 3

111 357 260 403 *SED
285 369 481 402 CONTRA
508 366 589 411 est,
616 357 738 416 quod
761 357 924 401 dicitur
948 356 1112 415 Philip.
1140 369 1205 401 2.:
1232 357 1388 402 Factus
1411 363 1467 402 est
1491 356 1676 402 obediens
1698 370 1824 416 usque
1848 356 1902 401 ad
1922 371 2033 401 mor-

0 375 31 453 ἵ
52 374 173 480 ζώνη,
199 430 374 468 mortem
401 430 538 469 autem
566 426 730 469 crucis:
753 430 925 484 propter
950 424 1057 482 quod
1082 431 1120 468 et
1145 425 1259 468 Deus
1283 424 1484 469 exaltavit
1512 425 1642 468 illum.

0 451 87 554 Ξ·
166 491 454 536 ΚΕεΡοΝῡΕο
488 491 746 544 dicendum,
780 492 899 549 quod
949 491 1161 534 meritum
1195 491 1412 567 importat
1445 491 1673 550 quandam
1712 466 2034 551 aequalitatem

0 555 26 631 ξ
73 558 294 618 iustitiae:
322 559 440 602 unde
467 568 510 602 et
532 559 692 617 Apost.
722 559 831 601 dicit
845 558 981 601 Rom.
1003 569 1062 612 4.,
1089 558 1210 616 quod
1237 560 1273 601 ei
1299 563 1369 615 qui
1392 567 1463 616 op
1456 564 1605 612 ratur,
1628 573 1781 603 merces
1804 559 2036 618 imputatur

0 629 12 644 “
70 625 290 672 secundum
317 625 524 669 debitum:
554 639 659 668 cum
686 634 761 668 aut
764 638 839 668 em
872 623 1032 682 aliquis
1066 639 1119 667 ex
1151 638 1232 667 sua
1263 624 1427 681 injusta
1454 625 1688 669 voluntate
1714 625 1798 669 sibi
1830 626 2031 669 attribuit

0 691 174 752 {plus
192 704 328 751 quam
356 692 440 737 sibi
465 692 693 744 debeatur,
718 692 890 749 justum
911 700 978 734 est
999 700 1047 734 ut
1069 691 1346 734 diminuatur
1364 692 1501 734 etiam
1529 703 1750 750 quantum
1770 692 1827 737 ad
1843 692 1886 736 id
1912 692 2034 751 quod

0 763 2 766 ’
75 758 157 804 sibi
174 759 444 803 debebatur:
471 758 586 803 sicut
613 772 716 802 cum
734 756 903 801 furatur
922 757 1020 816 quis
1048 772 1187 800 unam
1216 772 1366 810 ovem,
1395 758 1551 802 reddet
1578 770 1785 817 quatuor,
1803 770 1852 804 ut
1874 761 2036 804 dicitur

75 826 222 871 Exodi
247 838 342 871 22.:
365 835 410 870 et
435 826 524 869 hoc
553 825 715 868 dicitur
731 825 909 878 mereri,
931 825 1200 883 inquantum
1229 839 1307 882 per
1333 825 1423 867 hoc
1452 826 1633 883 punitur
1659 828 1755 884 ejus
1779 827 1935 885 iniqua
1959 840 2038 871 vo-

74 893 245 937 luntas:
273 893 334 937 ita
356 892 493 936 etiam
521 905 625 935 cum
653 890 815 949 aliquis
840 891 924 936 sibi
950 904 1003 936 ex
1029 893 1147 948 justa
1171 890 1408 936 voluntate
1435 893 1669 946 subtrahit,
1696 894 1818 951 quod
1845 894 2037 938 debebat

72 959 255 1014 habere,
273 969 486 1014 meretur,
512 969 560 1002 ut
577 958 668 1002 -sibi
695 957 888 1016 amplius
915 959 1253 1015 superaddatur,
1272 959 1401 1017 quasi
1419 973 1593 1003 merces
1613 961 1756 1017 justae
1773 960 2034 1005 voluntatis.

54 1023 130 1072 {Et
154 1026 259 1071 inde
285 1035 364 1080 est,
391 1026 528 1084 quod,
555 1025 670 1069 sicut
695 1025 858 1068 dicitur
890 1025 1043 1069 Lucae
1075 1037 1165 1080 14:
1197 1026 1285 1082 Qui
1310 1041 1347 1070 se
1373 1026 1580 1080 humiliat,
1609 1028 1878 1072 exaltabitur.
1907 1028 2038 1073 Chri-

51 1099 168 1138 stus
200 1102 352 1138 autem
385 1093 431 1136 in
458 1106 539 1136 sua
566 1094 776 1151 passione
803 1093 1002 1151 seipsum
1019 1091 1277 1136 humiliavit
1301 1091 1419 1136 infra
1444 1107 1574 1136 suam
1602 1094 1883 1152 dignitatem,
1902 1109 2038 1154 quan-

54 1195 61 1219 3
72 1169 171 1205 tum
197 1160 252 1204 ad
276 1165 479 1219 quatuor:
501 1162 644 1219 primo
673 1159 856 1218 quidem
880 1166 1099 1218 quantum
1128 1160 1183 1203 ad
1202 1159 1485 1218 passionem,
1507 1169 1551 1205 et
1577 1171 1791 1214 mortem,
1814 1163 1941 1219 cujus
1965 1162 2038 1206 de-

53 1222 192 1273 ‘bitot
216 1239 310 1272 non
337 1237 455 1271 erat:
479 1227 652 1271 secundo
676 1236 896 1285 quantum
919 1226 975 1270 ad
1003 1226 1184 1279 locum3
1212 1226 1318 1284 quia
1349 1239 1515 1285 corpus
1541 1228 1638 1285 ejus
1671 1228 1871 1287 positum
1899 1239 1967 1273 est
1990 1229 2037 1273 in

51 1293 330 1354 sepulchro,
357 1306 402 1338 et
427 1295 581 1338 anima
603 1294 649 1338 in
667 1293 868 1338 inferno:
893 1295 1014 1338 tertio
1032 1303 1252 1352 quantum
1272 1293 1326 1340 ad
1346 1293 1680 1348 confusionem,
1708 1305 1754 1339 et
1779 1296 2036 1354 opprobria,

0 1405 8 1417 „
31 1383 33 1385 ·
72 1362 449 1421 quaesustinuiaez
477 1367 629 1420 quarto
655 1371 876 1419 quantum
909 1360 966 1404 ad
990 1360 1083 1404 hoc
1109 1359 1231 1418 quod
1255 1370 1323 1404 est
1341 1361 1529 1407 traditus
1552 1361 1783 1409 humanae
1809 1364 2036 1421 potestati,

0 1445 2 1462 ³
71 1430 325 1474 secundum
355 1429 479 1488 quod
504 1428 599 1488 ipse
625 1428 734 1472 dicit
764 1427 914 1473 Pilato
930 1427 1061 1485 Joan.
1093 1441 1184 1488 19.:
1211 1428 1310 1473 Non
1336 1428 1502 1473 haberes
1523 1430 1567 1472 in
1593 1443 1656 1478 me
1675 1435 1931 1488 potestatem,
1956 1432 2038 1474 nisi

2 1504 3 1507 ’
73 1496 217 1541 datum
253 1497 328 1540 tibi
359 1501 454 1540 esset
483 1496 679 1554 desuper5
716 1505 762 1539 et
796 1494 901 1538 ideo
937 1509 1018 1552 per
1053 1508 1183 1538 suam
1216 1495 1477 1553 passionem
1512 1496 1678 1539 meruit
1711 1495 2035 1541 exaltationem

30 1579 31 1582 ¹
74 1573 295 1623 quantum
329 1563 384 1606 ad
417 1570 624 1621 quatuor,-
644 1564 785 1622 primo
813 1562 995 1620 quidem
1024 1571 1242 1625 quantum
1277 1562 1332 1605 ad
1358 1562 1738 1606 resurrectionem
1769 1563 2036 1621 gloriosam,

72 1630 194 1676 u'n'de
213 1631 376 1674 dicitur
401 1630 447 1674 in
473 1630 544 1674 Ps.
570 1629 687 1688 138.:
723 1630 787 1674 Tu
803 1630 1030 1687 cognovisti
1044 1630 1257 1672 sessionem
1277 1642 1429 1682 meam,
1447 1628 1563 1673 idest
1578 1629 1886 1674 humilitatem
1904 1645 2036 1675 meae

71 1698 309 1757 passionis,
332 1708 369 1742 et
388 1699 726 1749 resurrectionem
743 1711 877 1740 meam
888 1711 904 1748 ;
927 1695 1098 1740 secundo
1118 1706 1337 1755 quantum
1361 1696 1416 1739 ad
1434 1696 1751 1740 ascensionem
1768 1697 1814 1740 in
1838 1697 2036 1752 coelum,

0 1802 2 1804 .
71 1766 191 1809 unde
217 1765 380 1809 dicitur
405 1764 569 1823 Ephes.
597 1776 660 1819 4.:
690 1763 908 1808 Descendit
927 1764 1117 1822 primum
1144 1763 1188 1805 in
1213 1763 1432 1821 inferiores
1454 1770 1596 1822 partes
1616 1770 1778 1809 terrae:
1801 1767 1872 1823 qui
1897 1772 2036 1810 autem

0 1846 10 1899 f
69 1832 286 1892 descendit,
298 1834 411 1892 ipse
418 1838 475 1877 est
490 1838 528 1876 et
548 1834 620 1891 qui
645 1831 824 1876 ascendit
840 1839 932 1890 sup
938 1847 959 1874 r
986 1845 1122 1874 omnes
1138 1831 1293 1888 coelos,·
1312 1832 1430 1874 tertio
1453 1841 1671 1889 quantum
1692 1831 1746 1874 ad
1769 1846 2035 1876 consessum

70 1909 297 1960 paternae
293 1899 527 1953 dexterae,
541 1908 584 1943 et
597 1897 1014 1943 manifestationem
1027 1897 1295 1941 dlvlnltatis
1284 1911 1439 1956 ipsms
1454 1899 1704 1941 secundum
1717 1898 1828 1943 111ud
1841 1899 1927 1943 Isa.
1946 1908 2033 1957 52..

0 1913 55 2023 ἑ
51 1967 340 2013 Exultabitur
354 1973 392 2011 et
412 1967 652 2019 elevabitur,
672 1971 708 2009 et
730 1965 919 2009 sublimis
934 1965 1014 2008 erit
1027 1964 1176 2008 valde:
1194 1966 1300 2008 sicut
1325 1966 1545 2024 obstupuei
1547 1972 1621 2008 unt
1643 1973 1764 2024 super
1785 1982 1877 2010 eum
1893 1967 2032 2021 multi,

50 2026 355 2094 &waffarius
372 2035 451 2078 erit
469 2035 576 2077 mter
584 2034 706 2077 viros
730 2039 914 2091 aspectus
939 2035 1052 2090 ejus:
1073 2041 1119 2076 et
1138 2031 1302 2090 Philip.
1321 2044 1363 2077 2.
1385 2032 1571 2076 dicitur:
1596 2034 1749 2077 Factus
1766 2043 1834 2077 est
1850 2034 2035 2080 obediens

0 2035 34 2182 ἓ
52 2097 211 2160 W
204 2099 293 2145 ad
301 2106 495 2153 mortem,
519 2106 697 2144 mortem
722 2105 860 2143 autem
891 2100 1049 2143 crucis:
1056 2104 1240 2158 propter
1265 2098 1372 2157 quod
1397 2105 1435 2142 et
1458 2100 1574 2143 Deus
1606 2100 1815 2145 exaltavit
1838 2101 1973 2156 illum,
1999 2106 2036 2146 et

0 2171 34 2283 }
50 2162 188 2213 mit
199 2166 282 2213 mi
299 2179 465 2220 nomen,
492 2167 608 2226 quod
637 2174 836 2226 estsuper
868 2181 988 2211 omne
1018 2180 1180 2218 nomen,
1201 2174 1250 2209 ut
1274 2165 1449 2210 scilicet
1466 2166 1519 2210 ab
1540 2167 1752 2211 omnibus
1772 2169 2035 2214 nominetur

67 2232 209 2289 Deus,
230 2244 285 2279 et
315 2248 476 2279 omnes
508 2234 550 2278 ei
581 2235 882 2278 reverentiam
914 2233 1157 2277 exhibeant
1188 2233 1306 2277 sicut
1336 2234 1466 2287 Deo;
1493 2244 1536 2277 et
1569 2234 1659 2279 hoc
1687 2246 1753 2280 est
1780 2235 1902 2294 quod
1929 2236 2033 2280 sub-

0 2292 18 2354 ἷ
66 2301 221 2348 dium
238 2302 302 2346 Ut
332 2303 390 2345 in.
400 2303 567 2346 nomine
593 2302 688 2358 Jesu
715 2315 833 2345 omne
864 2315 970 2359 genu
986 2301 1198 2360 flectatur,
1227 2301 1472 2354 coelestium,
1502 2304 1760 2347 terrestrium
1786 2309 1823 2348 et
1848 2304 2034 2362 inferno-

1 2369 197 2434 QJirum;
215 2375 363 2430 quarto
384 2379 602 2429 quantum
624 2369 677 2412 ad
694 2369 976 2426 judiciariam
992 2378 1291 2427 potestatem.
1313 2368 1476 2412 dicitur
1501 2369 1624 2413 enim
1653 2369 1737 2427 Job
1767 2367 1858 2428 36.;
1895 2371 2034 2417 Causa

2 2420 147 2498 fh!
146 2428 280 2495 &aaut
301 2438 425 2496 impii
438 2436 634 2499 indicata
659 2442 740 2487 est,-
768 2450 941 2480 casatam
959 2435 1246 2494 judiciumque
1270 2437 1456 2494 recipies.

4 2502 133 2550 *52*ss
146 2500 250 2548 ΛΦ
259 2515 451 2549 ramum
473 2516 584 2562 ergo
616 2503 875 2556 dicendum,
909 2503 1031 2562 quod
1061 2501 1337 2579 principium
1369 2503 1576 2550 merendi
1608 2513 1675 2547 est
1701 2518 1757 2548 ex
1781 2514 1907 2563 parte
1941 2505 2030 2549 ani-

14 2565 194 2633 gnae:
210 2568 377 2631 corpus
392 2581 549 2616 autem
564 2579 633 2615 est
647 2571 1001 2614 instrumentum
1018 2570 1240 2614 meritorii
1259 2579 1408 2614 actus:
1430 2579 1474 2614 et
1491 2570 1595 2617 ideo
1614 2570 1833 2647 perfectio
1851 2571 2031 2616 animae

16 2634 255 2696 (Christi,
283 2652 399 2697 quae
424 2636 508 2681 fuit
525 2638 728 2681 merendi
746 2637 1032 2696 principium,
1049 2651 1142 2680 non
1171 2636 1358 2680 debuit'
1346 2650 1393 2681 m
1421 2651 1477 2681 eo
1506 2638 1678 2696 acquiri
1695 2653 1775 2696 per
1801 2639 2030 2693 meritum,

30 2705 187 2750 cut
198 2703 422 2764 perfectio
449 2705 668 2764 corporis,
694 2705 818 2764 quod
842 2703 927 2748 fuit
950 2704 1174 2763 passionis
1200 2703 1470 2761 subjectum,
1497 2713 1540 2749 et
1565 2719 1649 2763 per
1670 2705 1762 2749 hoc
1788 2705 1903 2749 fuit
1891 2706 2031 2765 ipsius

26 2772 236 2816 «meriti
243 2773 607 2817 instrumentum.

24 2836 66 2898 ,ζ
158 2839 236 2884 An
258 2852 518 2884 SECUNDUM
545 2839 802 2893 dicendum,
825 2838 948 2898 quod
969 2852 1048 2897 per
1079 2838 1231 2897 priora
1253 2838 1417 2883 merita
1442 2838 1653 2884 Christus
1680 2839 1846 2884 meruit
1871 2838 2033 2884 exalta-

22 2902 262 2951 nasonem
269 2919 324 2950 ex
349 2916 476 2966 parte
500 2905 641 2964 ipsius
667 2905 863 2959 animae,
891 2906 1017 2963 cujus
1039 2904 1250 2949 voluntas
1269 2905 1503 2959 charitate,
1531 2917 1575 2950 et
1598 2905 1697 2950 aliis
1713 2905 1981 2950 virtutibus
1970 2920 2033 2950 m-

9 2966 372 3024 ffssannabatur.
398 2974 477 3018 sed
503 2974 549 3017 in
575 2974 785 3050 passione
804 2973 968 3016 meruit
993 2986 1125 3016 suam
1143 2971 1465 3017 exaltationem
1484 2988 1563 3049 per
1585 2973 1773 3017 modum
1795 2973 2031 3030 cujusdam

19 3040 510 3100 ‘recompensationis
537 3041 674 3085 etiam
702 3055 756 3084 ex
778 3050 903 3099 parte
931 3040 1161 3097 corporis;
1178 3041 1347 3099 justum
1375 3050 1442 3084 est
1467 3040 1607 3093 enim,
1633 3050 1682 3082 ut
1706 3053 1884 3097 corpus,
1908 3039 2031 3098 quod

16 3127 18 3146 ι
36 3102 285 3154 >immin
298 3105 516 3152 charitate
536 3108 766 3167 ¹‘passionis
787 3107 1293 3165 subjectum‚acciperet
1312 3106 1784 3164 recompensationem
1806 3106 1851 3149 in
1869 3106 2028 3160 gloria.

6 3179 24 3221 ‘3
46 3173 243 3225 *¹r,..:=‘AD,
258 3183 474 3220 TERTIUM
496 3173 755 3227 dicendum,
773 3174 896 3232 quod
913 3173 1248 3232 dispensatione
1267 3174 1463 3231 quadam
1481 3173 1652 3217 factum
1676 3183 1742 3216 est
1757 3173 1804 3215 in
1828 3172 2030 3227 Christo,

70 3250 122 3286 ut
134 3241 291 3305 gloria
298 3243 480 3286 animae
508 3246 613 3287 ante
635 3243 895 3300 passionem
915 3255 1009 3285 non
1028 3241 1298 3285 redundaret
1322 3242 1376 3285 ad
1404 3255 1585 3298 corpus,
1612 3241 1665 3283 ad
1690 3240 1778 3283 hoc
1796 3241 1919 3315 quod
1937 3240 2032 3297 glo-

8 3310 49 3364 'f
69 3309 200 3352 inam
213 3307 419 3373 eorporis
442 3306 757 3353 honorabilius
782 3308 1018 3361 obtineret,
1046 3308 1229 3367 quando
1257 3322 1361 3351 eam
1379 3323 1457 3383 per
1474 3308 1737 3364 passionem
1764 3307 2027 3351 meruisset:

55 3372 280 3441 <gloriani
286 3382 438 3419 autem
454 3375 646 3419 animae·
662 3374 829 3419 differri
850 3386 943 3418 non
971 3375 1297 3418 conveniebat:
1327 3375 1431 3432 quia
1460 3374 1612 3416 anima
1629 3373 1893 3418 immediate
1911 3374 2031 3418 unie-

46 3436 202 3486 batur
217 3436 395 3485 Verbo·
418 3440 543 3485 unde
553 3440 723 3484 decens
735 3451 845 3494 erat,
861 3451 911 3484 ut
935 3440 1082 3499 gloria
1105 3441 1354 3499 repleretur
1371 3441 1453 3483 ab
1443 3453 1542 3498 ipso
1561 3440 1736 3484 Verbo:
1765 3440 1843 3483 sed
1867 3454 2029 3499 corpus

17 3508 313 3578 Qasmebatur
334 3506 488 3551 Verbo
515 3505 744 3551 mediante
770 3507 957 3551 anima.¹
