2352 3926
696 263 976 310 QUAESTIO
1017 263 1107 302 LX.
1147 262 1457 303 ARTICULUS
1494 262 1590 301 vn.
2018 261 2122 315 507

85 397 103 415 „-
253 363 330 409 AD
356 377 574 410 TERTmM
607 365 867 421 dicendum,
901 366 1023 425 quod
1049 365 1126 410 ille
1152 365 1230 425 qui
1255 374 1465 423 corrupte
1491 363 1662 423 profert
1691 362 1829 407 verba
1865 376 2121 407 sacramen-

67 466 69 473 Α
90 444 106 465 ‘³1‘
146 429 287 487 atalia,
313 431 351 476 si
376 431 467 476 hoc
494 446 547 476 ex
574 432 794 477 industria
820 432 941 487 facit,
967 447 1062 477 non
1101 433 1279 476 videtur
1303 431 1536 476 intendere
1570 430 1719 475 facere
1756 430 1878 489 quod
1903 428 2013 473 facit
2039 428 2120 472 Ec-

164 497 326 553 elesia;
354 508 399 544 et
423 498 486 543 ita
506 513 599 543 non
626 499 804 544 videtur
819 499 974 559 perfici
990 510 1351 544 sacramentum:
1380 500 1417 543 si
1435 508 1587 542 autem
1609 498 1700 542 hoc
1724 496 1862 541 faciat
1883 510 1938 541 ex
1956 509 2124 549 errore,

163 564 238 611 vel
257 565 386 625 lapsu
402 565 601 626 linguae,
628 568 664 611 si
691 567 748 611 sit
772 577 897 611 tanta
926 567 1171 626 corruptio,
1200 580 1315 625 quae
1343 567 1533 610 omnino
1570 563 1745 609 auferat
1778 577 1964 609 sensum
2000 562 2125 607 locu-

46 651 61 684 ,ς
161 632 315 688 tionis,
340 647 436 678 non
460 633 639 678 videtur
663 633 820 692 perfici
845 643 1207 678 sacramentum:
1236 642 1279 677 et
1304 634 1395 677 hoc
1422 634 1666 692 praecipue
1684 631 1921 691 contingit,
1938 629 2121 690 quando

55 717 91 749 ιχ
161 699 211 745 fit
229 702 466 762 ‘corruptio
494 716 549 746 ex
574 711 701 760 parte
727 701 935 761 principii
961 700 1195 746 dictionis:
1222 710 1331 759 puta
1363 700 1403 744 si
1427 699 1533 744 loco
1562 701 1659 758 ejus
1695 698 1817 758 quod
1846 707 1935 743 est:
1969 698 2019 742 In
2051 712 2122 741 no·

159 770 271 813 mine
290 769 445 824 Patris,
473 769 618 814 dicat:
645 769 696 814 In
717 770 883 813 nomine
918 770 1080 814 matris.
1116 768 1164 812 Si
1199 782 1310 812 vero
1337 782 1431 811 non
1454 766 1658 811 totaliter
1695 759 1922 811 auferatur
1957 778 2117 810 sensus

159 833 406 889 locutionis
430 850 510 895 per
534 835 799 894 hujusmodi
825 835 1147 895 corruptelam,
1173 834 1472 878 nihilominus
1499 833 1728 893 perficitur
1754 842 2118 878 sacramentum:

159 903 207 947 e't
228 902 320 947 hoc
344 903 587 963 praecipue
615 903 853 962 contingit,
879 903 1063 961 quando
1081 901 1131 946 fit
1149 904 1381 960 corruptio
1399 915 1453 945 ex
1470 911 1596 960 parte
1615 901 1738 945 finis:
1766 910 1872 960 puta
1899 901 1938 944 si
1961 899 2122 959 aliquis

50 962 83 1030 *J
158 968 379 1014 dicat:.In
409 971 575 1014 nomine
600 971 778 1029 patrias,
801 976 841 1014 et
854 970 995 1029 filias:
1029 969 1237 1028 quamvis
1277 969 1401 1012 enim
1437 968 1704 1026 hujusmodi
1739 969 1876 1011 verba
1910 977 2120 1027 corrupte

158 1034 335 1096 prolata
359 1035 474 1080 nihil
490 1036 757 1094 'significent
781 1051 836 1080 ex
856 1037 1018 1080 virtute
1040 1036 1370 1095 impositionis;
1400 1035 1682 1094 accipiuntur
1707 1046 1863 1079 tamen
1885 1045 1935 1079 ut
1955 1034 2124 1094 signifi·

158 1102 308 1149 cantia
333 1116 389 1147 ex
413 1103 845 1148 accommodatione
872 1118 995 1158 usus,
1023 1113 1069 1148 et
1100 1103 1220 1156 ideo,
1247 1102 1354 1147 licet
1379 1113 1579 1146 mutetur
1612 1116 1753 1146 sonus
1779 1102 2024 1154 sensibilis,
2056 1116 2122 1146 re·

153 1178 314 1214 mmet
341 1179 497 1214 tamen
522 1170 646 1214 idem
663 1184 836 1214 sensus.
862 1170 1004 1223 Quod
1021 1180 1174 1214 autern
1197 1170 1370 1214 dictum
1390 1179 1458 1214 est
1474 1170 1529 1214 de
1545 1169 1798 1213 differentia
1816 1169 2120 1228 corruptionis

52 1234 93 1285 τ]
157 1235 279 1281 eirca
302 1236 591 1296 principium,
607 1237 681 1282 vel
695 1237 833 1282 finem
854 1238 1078 1292 dictionis,
1102 1238 1330 1282 rationem
1353 1238 1505 1292 habet,
1539 1238 1643 1296 quia
1673 1237 1792 1295 apud
1819 1251 1905 1281 nos
1928 1237 2119 1281 variatio

82 1347 85 1354 ,,
157 1302 371 1348 dictionis
395 1317 452 1348 ex
482 1314 609 1364 parte
642 1304 852 1364 principii
888 1315 1035 1349 mutat
1071 1305 1480 1364 significationem3
1506 1304 1699 1348 variatio
1728 1314 1880 1348 autem
1914 1313 2121 1363 exparte

156 1368 259 1414 finis
290 1369 502 1416 dictionis
533 1381 583 1416 ut
618 1371 866 1431 plurimum
898 1386 993 1416 non
1031 1383 1177 1416 mutat
1214 1371 1623 1431 significationem:
1660 1386 1775 1430 quae
1813 1382 1967 1415 tamen
2001 1371 2120 1430 apud

157 1435 365 1482 Graecos
398 1437 598 1482 variatur
631 1439 770 1482 etiarn
807 1440 1060 1483 secundum
1096 1440 1369 1499 principium
1408 1439 1620 1483 dictionis
1652 1439 1698 1482 in
1737 1438 2119 1483 declinationibus

154 1503 422 1549 verborum:
445 1507 592 1564 magis
616 1516 771 1550 tamen
788 1506 966 1551 videtur
1002 1506 1276 1551 attendenda
1313 1507 1540 1566 quantitas
1577 1506 1904 1565 corruptionis:
1927 1506 2033 1565 quia
2065 1519 2120 1550 ex

154 1581 344 1631 utraque
369 1582 495 1631 parte
521 1582 670 1631 potest
696 1587 794 1618 esse
816 1584 912 1617 tam
939 1588 1093 1632 parva,
1121 1574 1243 1633 quod
1266 1588 1361 1618 non
1385 1572 1559 1618 auferat
1579 1587 1765 1617 sensum
1787 1573 2049 1626 verborum,
2072 1582 2117 1616 et

154 1647 251 1683 tam
277 1652 460 1698 magna,
486 1641 609 1699 quod
632 1640 827 1699 auferat:
854 1641 934 1685 sed
956 1655 1098 1685 unum
1115 1641 1286 1685 horum
1303 1640 1482 1686 facilius
1499 1640 1665 1685 accidit
1682 1654 1735 1685 ex
1751 1651 1878 1700 parte
1895 1640 2119 1699 principii,

156 1715 202 1750 et
225 1704 348 1750 aliud
374 1719 429 1751 ex
453 1715 579 1766 parte
604 1706 720 1752 finis.

829 1870 1266 1930 ARTICULUS
1305 1872 1462 1928 VIII.
1876 1870 1883 1874 ”
2028 1899 2106 1944 333

352 2005 594 2046 UTRUM
644 2007 898 2047 LICEAT
953 1976 1258 2055 ALIQIJID
1316 2010 1602 2049 ADDERE
1653 2010 1918 2060 VERBIS,

448 2088 506 2127 IN
540 2089 740 2135 QUIBUS
774 2091 1067 2130 CONSISTIT
1102 2092 1290 2131 FORMA
1322 2093 1824 2132 SACRAMENTORUM.

193 2182 207 2202 Ι

696 2201 762 2260 (4.
787 2185 899 2247 ‘D‘ist
921 2218 958 2262 3.
986 2209 1067 2248 art.
1089 2218 1130 2249 2.
1164 2219 1202 2262 q.
1229 2219 1269 2249 2.
1297 2204 1352 2248 ad
1367 2219 1404 2264 3.
1430 2211 1467 2249 et
1491 2206 1570 2263 4.).

178 2324 186 2331 ·
240 2308 317 2358 AD
344 2322 583 2356 OCTAVUM
609 2311 674 2356 sic
711 2313 984 2371 proceditur.
1012 2313 1216 2369 Videtur,
1243 2315 1366 2374 quod
1388 2315 1502 2359 nihil
1529 2315 1664 2361 liceat
1685 2316 1849 2360 addere
1881 2316 2045 2371 verbis,
2069 2317 2114 2362 in

150 2375 312 2436 quibus
339 2377 547 2422 consistit
570 2377 720 2423 forma
741 2389 1158 2427 sacramentorum:
1195 2396 1289 2426 non
1317 2384 1439 2427 enim
1476 2383 1667 2428 minoris
1693 2394 1799 2427 sunt
1829 2384 2114 2428 necessitatis

149 2443 416 2503 hujusmodi
435 2446 573 2489 verba
599 2447 963 2502 sacramentalia,
1000 2463 1139 2508 quam
1174 2449 1313 2493 verba
1348 2465 1506 2495 sacrae
1541 2451 1824 2509 Scripturae:
1853 2451 1931 2496 sed
1964 2451 2113 2495 verbis

37 2557 41 2565 .
130 2520 307 2556 'sacrae
342 2511 601 2570 Scripturae
627 2513 742 2558 nihil
768 2514 874 2559 licet
900 2515 1080 2572 addere,
1098 2515 1171 2560 vel
1190 2517 1419 2573 minuere3
1443 2518 1605 2562 dicitur
1627 2520 1749 2562 enim
1771 2518 1906 2563 Deut.
1925 2530 1990 2573 4.:
2013 2519 2112 2563 Non

150 2576 305 2623 addetis
319 2578 575 2634 adverbum,
598 2581 707 2639 quod
730 2583 848 2626 vobis
866 2582 1026 2641 loquor,
1055 2599 1127 2628 nec
1152 2584 1347 2642 auferetis
1364 2586 1414 2629 ab
1441 2600 1500 2639 eo,
1522 2596 1565 2629 et
1591 2586 1738 2644 Apoc.
1763 2585 1866 2630 ult.:
1897 2586 2113 2630 Contestor

152 2644 267 2688 omni
289 2645 473 2690 audienti
502 2649 633 2692 verba
660 2650 903 2709 prophetiae
935 2651 1036 2695 libri
1068 2652 1218 2710 hujus:
1243 2654 1280 2696 si
1310 2654 1399 2711 quis
1431 2656 1666 2713 apposuerit
1701 2653 1756 2697 ad
1787 2654 1900 2708 haec,
1934 2659 2112 2713 apponet

149 2717 274 2771 super
287 2712 520 2758 aumDeus
539 2713 686 2773 plagas
714 2718 888 2776 scriptas
918 2719 963 2761 in
996 2717 1104 2762 libro
1131 2720 1234 2771 isto;
1267 2726 1306 2764 et
1336 2721 1371 2764 si
1403 2722 1492 2778 quis
1513 2720 1772 2774 diminuerit,
1806 2721 1965 2779 auferet
1997 2721 2111 2764 Deus

35 2781 40 2789 ¹
143 2783 311 2836 partem
331 2780 420 2836 eius
443 2778 488 2823 de
505 2780 612 2824 libro
636 2783 776 2835 vitae,·
804 2798 914 2842 ergo
941 2785 1131 2839 videtur,
1149 2786 1273 2844 quod
1291 2800 1440 2846 neque
1463 2788 1508 2831 in
1527 2787 1687 2832 formis
1711 2797 2106 2832 sacramentorum

49 2857 61 2865 ⁴
150 2843 285 2888 liceat
311 2844 479 2904 aliquid
501 2846 678 2902 addere,
698 2849 770 2893 vel
794 2852 1012 2895 minuere.

240 2923 282 2955 2.
313 2910 610 2958 PRAETEREA.
641 2913 791 2960 Verba
826 2932 874 2961 se
910 2918 1079 2963 habent
1114 2919 1159 2963 in
1187 2921 1484 2966 sacramentis
1511 2936 1590 2980 per
1616 2922 1808 2967 modum
1835 2920 2027 2975 formae,
2059 2930 2108 2964 ut

149 2977 320 3022 dictum
340 2988 407 3023 est
432 2979 535 3041 (art.
546 2982 742 3040 praec.).·
770 2984 850 3028 sed
868 2985 913 3029 in
936 2984 1096 3030 formis
1124 2988 1351 3046 quaelibet
1371 2990 1585 3044 addictio,
1612 2990 1685 3034 vel
1703 2989 1948 3034 subtractio
1965 2988 2108 3032 variat

54 3055 83 3091 ,ε
147 3044 364 3104 speciem,
390 3047 506 3089 sicut
530 3056 573 3091 et
599 3048 645 3091 in
671 3046 885 3105 numeris,
908 3062 956 3096 ut
973 3053 1135 3098 dicitur
1151 3054 1198 3098 ·8.
1226 3055 1483 3115 Metaphys.
1513 3057 1615 3113 (tex.
1634 3053 1755 3115 10,),·
1784 3069 1894 3112 ergo
1918 3055 2107 3108 videtur,

63 3121 93 3167 ³5
146 3111 269 3171 quod
295 3112 333 3156 si
358 3111 527 3171 aliquid
554 3113 754 3170 addatur,
781 3117 854 3161 vel
880 3119 1170 3165 subtrahatur
1197 3136 1222 3165 a
1244 3121 1395 3166 forma
1421 3124 1711 3176 sacramenti,
1745 3137 1838 3166 non
1872 3121 1954 3166 erit
1980 3122 2103 3166 idem

0 3184 2 3187 ’
103 3201 106 3209 v
146 3189 499 3223 sacramentum.

238 3258 275 3303 3.
302 3244 597 3291 PRAETEREA.
627 3247 753 3293 Sicut
787 3250 842 3295 ad
868 3250 1067 3297 formam
1092 3257 1366 3300 sacramenti
1398 3258 1638 3315 requiritur
1670 3256 1995 3299 determinatus
2027 3268 2107 3298 nu·

145 3324 297 3356 merus
322 3312 590 3367 dictionum,
617 3314 678 3358 ita
706 3316 843 3360 etiam
869 3320 1110 3378 requiritur
1133 3322 1457 3367 determinatus
1482 3324 1596 3366 ordo
1619 3324 1879 3376 verborum,
1899 3333 1943 3366 et
1966 3322 2104 3365 etiam

65 3392 70 3441 g
145 3379 365 3423 orationis
394 3381 678 3425 continuitas.
707 3382 755 3426 si
794 3397 904 3442 ergo
937 3386 1120 3442 additio,
1151 3389 1225 3433 vel
1255 3390 1501 3434 subtractio
1535 3405 1628 3433 non
1656 3389 1798 3433 aufert
1831 3389 2104 3433 sacramenti

54 3486 59 3494 ,,
143 3445 396 3501 veritatem,
422 3447 600 3491 videtur
635 3449 757 3507 quod
784 3450 881 3507 pari
911 3453 1087 3498 ratione
1112 3469 1197 3499 nec
1231 3458 1525 3514 transpositio
1565 3457 1823 3511 verborum,
1857 3466 1933 3499 aut
1964 3456 2102 3499 etiam

144 3511 434 3572 interpolatio
461 3515 857 3573 pronuntiationis.

74 3582 77 3583 ’
235 3579 331 3627 San
357 3593 552 3626 CONTRA
579 3591 660 3635 est,
686 3582 807 3640 quod
832 3583 880 3627 in
905 3582 1064 3630 formis
1089 3599 1482 3633 sacramentorum
1511 3589 1736 3647 quaedam
1766 3601 2054 3649 apponuntur
2077 3604 2102 3634 a

0 3663 2 3722 ἐ
32 3643 77 3670 ''²''
145 3645 431 3705 quibusdam,
457 3662 572 3707 quae
600 3649 653 3693 ab
678 3648 775 3694 aliis
812 3663 905 3694 non
943 3665 1254 3718 apponuntur3
1291 3656 1407 3700 sicut
1443 3656 1591 3700 Latini
1627 3656 1854 3715 baptizant
1889 3658 1971 3702 sub
2014 3659 2100 3703 hac
