2352 3926
325 161 432 212 610
861 172 1139 220 QuAasno
1180 175 1306 215 Lxx.
1345 174 1654 216 Ammonos
1694 177 1729 215 1.
1961 174 1985 199 ·

414 276 491 319 AD
530 288 745 320 TERTmM
781 275 1041 329 dicendum,
1079 275 1201 334 quod
1237 275 1490 335 baptismus
1509 276 1699 335 Joannis
1724 277 1808 322 fuit
1832 281 2195 340 praeparatorius
2227 279 2284 324 ad

324 342 601 401 baptismum
622 341 806 395 Christi,
824 351 1046 400 quantum
1064 342 1118 387 ad
1136 342 1402 387 exercitium
1421 351 1561 398 actus,
1588 343 1667 388 sed
1685 345 1974 392 circumcisio
1990 356 2211 407 quantum
2229 346 2284 391 ad

324 408 657 468 professionem
668 407 788 462 fidei,
805 422 922 467 quae
939 409 1181 468 requiritur
1198 410 1243 452 in
1269 410 1513 469 baptismo,
1530 410 1647 455 sicut
1664 411 1836 455 dictum
1864 422 1932 457 est
1950 413 2014 470 (in
2035 414 2284 475 corp.‘art.).

1026 588 1458 645 ARTICULUS
1502 589 1573 644 II.
2152 650 2157 653 ,
2199 617 2286 665 407
2350 602 2352 604 ’

494 722 685 760 UTRUM
719 722 1080 761 CIRCUMCISIO
1114 725 1311 763 FUEmT
1349 725 1775 764 CONVENIENTER
1807 724 2131 765 lust-rrum.

357 833 464 890 (2-2.
497 848 535 892 q.
558 848 651 878 102.
675 839 756 879 art.
777 848 815 893 5.
848 834 902 899 ud
922 850 957 879 1.
981 841 1022 879 et
1043 850 1082 893 q.
1116 851 1202 894 103.
1229 843 1311 880 art.
1342 848 1379 879 1.
1409 835 1509 895 ud3.
1537 842 1574 880 et
1591 852 1626 880 1.
1650 836 1761 880 Dist.
1778 850 1816 883 1.
1842 841 1924 880 art.
1949 849 1990 881 2.
2017 849 2057 894 q.
2078 848 2121 892 4.
2143 842 2258 895 corp.

952 908 991 947 et
1015 917 1053 961 q.
1079 917 1120 948 2.
1153 909 1232 947 art.
1265 919 1301 948 1.
1334 918 1373 962 q.
1395 918 1430 962 3.
1451 911 1530 963 per
1556 904 1649 961 tot).

417 1015 494 1059 AD
526 1027 788 1060 SECUNDUM
820 1014 884 1064 sic
911 1015 1183 1074 proceditur.
1211 1013 1416 1069 Videtur,
1444 1015 1566 1074 quod
1593 1014 1882 1060 circumcisio
1921 1013 2293 1074 fueritlinconve-

326 1083 504 1127 nienter
529 1081 753 1126 instituta:
781 1081 897 1126 sicut
918 1081 1042 1125 enim
1067 1081 1241 1126 dictum
1268 1092 1336 1127 est
1363 1082 1463 1139 (art.
1490 1082 1673 1142 praec),
1701 1082 1746 1126 in
1781 1081 2131 1127 circumcisione
2156 1081 2294 1127 fiebat
2350 1078 2352 1080 ’

328 1150 554 1210 quaedam
581 1148 687 1194 fidei
707 1148 954 1209 professio:
974 1149 1052 1194 sed
1075 1164 1101 1193 a
1118 1159 1308 1208 peccato
1335 1149 1470 1208 primi
1495 1149 1698 1194 hominis
1725 1148 1876 1194 nullus
1908 1162 2113 1209 unquam
2126 1147 2294 1194 salvari

328 1217 488 1277 potuit,
521 1217 608 1261 nisi
648 1231 728 1275 per
752 1216 891 1260 fidem
916 1216 1140 1276 passionis
1160 1215 1345 1270 Christi,
1379 1217 1632 1260 secundum
1652 1215 1764 1260 illud
1781 1216 1917 1261 Rom.
1949 1230 2015 1275 3.:
2045 1217 2182 1273 Quem
2195 1223 2295 1276 pro-

321 1288 461 1345 posuit
487 1286 603 1330 Deus
619 1286 937 1344 propitiatorem
958 1291 1037 1343 per
1046 1283 1176 1344 fidem
1202 1285 1248 1328 in
1273 1286 1472 1342 sanguine
1506 1286 1632 1343 ipsius
1647 1299 1663 1337 ;
1693 1298 1804 1342 ergo
1831 1283 1984 1328 statim
2009 1293 2114 1342 post
2138 1296 2295 1343 pecca·
2348 1289 2352 1335 j

328 1364 426 1397 tum
462 1352 596 1412 primi
628 1352 829 1396 hominis
854 1351 1160 1395 circumcisio
1186 1350 1359 1395 institui
1391 1350 1559 1404 debuit,
1598 1359 1652 1394 et.
1675 1364 1770 1394 non
1795 1360 2004 1409 tempore
2025 1345 2264 1403 Abrahae.
2344 1349 2352 1408 ξ

420 1433 459 1464 2.
487 1414 784 1464 PRAETEREA.
819 1420 870 1462 In
899 1418 1249 1462 circumcisione
1270 1418 1417 1462 homo
1435 1417 1727 1476 profitebatur
1760 1416 2097 1461 observantiam
2130 1416 2296 1463 veteris
2342 1412 2352 1475 ξ-

329 1487 458 1546 legis,
496 1487 612 1531 sicut
656 1486 702 1530 in
742 1486 969 1544 baptismo
997 1485 1233 1544 profitetur
1265 1484 1602 1529 observantiam
1638 1498 1787 1528 novae
1819 1482 1959 1543 legis3
1986 1483 2108 1529 unde
2133 1482 2295 1544 Apost.
2339 1479 2352 1539 ξ

330 1548 441 1599 dicit
468 1553 619 1598 Galat.
652 1567 686 1611 5.
707 1567 716 1597 ε
753 1553 965 1611 Testificor
991 1554 1108 1596 omni
1134 1553 1294 1596 homini
1317 1552 1631 1597 circumcidenti
1655 1567 1707 1606 se,
1729 1553 1928 1610 quoniam
1954 1551 2112 1597 debitor
2127 1557 2185 1597 est
2207 1552 2298 1596 uni·
2340 1579 2341 1582 =

330 1636 470 1667 versae
489 1622 584 1679 legis
596 1620 850 1679 faciendae:
870 1619 948 1663 sed
968 1619 1127 1678 legalis
1157 1619 1444 1663 observantia
1462 1633 1555 1663 non
1575 1629 1641 1663 est
1657 1619 1819 1663 tradita
1844 1627 2052 1695 tempore
2067 1617 2297 1672 Abrahae,
2336 1624 2342 1660 ἰ

330 1689 408 1734 sed
427 1689 576 1746 magis
604 1698 810 1747 tempore
827 1687 1002 1746 Moysi;
1027 1701 1137 1746 ergo
1165 1687 1541 1731 inconvenienter
1557 1686 1759 1730 instituta
1785 1695 1853 1730 est
1878 1685 2169 1731 circumcisio
2186 1694 2300 1769 tem·
2339 1708 2352 1760 ἐ

328 1770 440 1816 pore
462 1755 688 1799 Abrahae.
2345 1775 2348 1802 g

424 1838 462 1882 3.
494 1823 792 1867 PRAETEREA.
827 1821 1134 1866 Circumcisio
1160 1820 1244 1865 fuit
1263 1821 1516 1879 figurativa,
1542 1831 1587 1867 et
1612 1796 1923 1880 praeparativa
1947 1818 2186 1893 baptismi.
2218 1818 2341 1864 sed

329 1891 580 1950 baptismus
618 1890 853 1934 exhibetur
895 1889 1107 1933 omnibus
1149 1887 1343 1948 populis,
1375 1888 1626 1933 secundum
1658 1887 1770 1932 illud
1806 1886 1968 1932 Matth.
2009 1886 2112 1932 ulta
2144 1887 2300 1944 Euntcs
2335 1925 2337 1936 2

332 1959 465 2003 docete
498 1973 634 2002 omnes
662 1963 809 2016 gentes,
838 1958 1092 2016 baptizantes
1121 1971 1211 2009 eos,·
1247 1970 1357 2014 ergo
1391 1955 1680 2000 circumcisio
1722 1969 1816 1999 non
1849 1955 2003 2000 debuit
2032 1954 2219 2010 institui,
2250 1963 2301 1999 ut

333 2025 616 2069 observanda
642 2034 820 2068 tantum
847 2024 901 2067 ab
930 2038 1021 2067 uno
1049 2023 1221 2082 populo
1242 2023 1536 2100 Judaeorum,
1563 2022 1642 2067 sed
1669 2022 1722 2066 ab
1751 2022 1964 2067 omnibus
1984 2021 2180 2081 populis.
2319 2030 2337 2083 ᾗ

421 2104 463 2147 4.
490 2093 787 2137 PRAETEREA.
822 2090 1032 2136 Carnalis
1066 2091 1354 2135 circumcisio
1402 2091 1535 2135 debet
1576 2090 1850 2150 respondere
1899 2089 2135 2148 spirituali,
2185 2089 2309 2134 sicut
2337 2093 2343 2110 ³

334 2159 479 2218 figura
503 2159 718 2218 figurato:
764 2159 846 2203 sed
888 2158 1130 2217 spiritualis
1173 2158 1479 2212 circumcisio,
1522 2172 1638 2217 quae
1664 2157 1713 2201 fit
1738 2171 1820 2216 per
1846 2156 2099 2213 Christum,
2131 2155 2303 2202 indiffe-

334 2236 485 2271 renter
511 2226 725 2270 convenit
750 2226 928 2284 utrique
955 2226 1105 2270 sexui:
1135 2226 1240 2284 quia
1256 2227 1301 2270 in
1325 2225 1491 2270 Christo
1502 2225 1598 2282 Iesu
1614 2239 1699 2269 non
1723 2231 1779 2269 est
1799 2224 2023 2279 masculus,
2038 2230 2078 2270 et
2090 2224 2335 2284 foemina„-

336 2304 384 2338 ut
415 2293 578 2338 dicitur
611 2293 713 2338 Gal.
746 2308 813 2352 3.;
841 2308 951 2352 ergo
984 2293 1361 2338 inconvenienter
1387 2303 1453 2338 est
1476 2291 1765 2336 circumcisio
1790 2291 2010 2346 instituta,
2034 2304 2152 2351 quae
2178 2303 2304 2335 corn·

335 2361 447 2421 petit
472 2360 582 2405 solis
614 2361 827 2405 maribus.
2329 2416 2332 2418 .

427 2428 521 2473 SED
549 2441 745 2473 CONTRA
773 2438 853 2482 est,
880 2427 1017 2487 quod,
1051 2427 1173 2486 quod
1200 2427 1317 2472 sicut
1341 2427 1508 2486 legitur
1535 2426 1700 2472 Genes.
1730 2439 1795 2484 17.
1785 2459 1812 2481 .‚
1830 2424 2120 2471 circumcisio
2147 2434 2217 2471 est
2240 2424 2305 2470 in-
2319 2426 2333 2475 ᾖ,

336 2496 490 2540 stituta
513 2510 538 2539 a
554 2496 672 2549 Deo,
691 2496 818 2553 cuius
845 2493 1043 2554 perfecta
1071 2505 1174 2539 sunt
1195 2509 1347 2552 opera.
2330 2506 2338 2545 3

426 2562 716 2607 RESPONDEO
749 2562 1008 2615 dicendum,
1042 2562 1179 2620 quod,
1211 2562 1329 2605 sicut
1359 2561 1532 2604 dictum
1564 2570 1632 2605 est
1664 2559 1766 2617 (art.
1792 2558 1977 2620 praec),
2011 2572 2303 2604 circumcisio
2317 2612 2319 2615 ι

338 2640 436 2675 erat
473 2628 812 2688 praeparatoria
850 2629 905 2672 ad
946 2628 1238 2687 baptismum,
1271 2628 1541 2687 inquantum
1575 2637 1671 2671 erat
1702 2627 1928 2686 quaedam
1949 2625 2173 2687 professio
2197 2625 2331 2680 fidei:

342 2698 529 2752 Christi,
553 2711 691 2757 quam
725 2697 863 2740 etiarn
890 2695 936 2739 in
963 2695 1190 2755 baptismo
1217 2710 1301 2739 nos
1325 2695 1604 2755 profitemur.
1639 2695 1762 2739 Inter
1794 2694 2006 2754 antiquos
2038 2702 2193 2739 autem
2223 2692 2323 2738 Pa-·

326 2774 431 2821 ⁶tres
471 2765 650 2827 primus
671 2763 908 2808 Abraham
949 2762 1303 2821 promissionem
1332 2762 1508 2822 accepit
1534 2762 1589 2806 de
1625 2761 1817 2822 Christo·
1838 2760 2085 2816 nascituro,
2112 2774 2218 2806 cum
2240 2755 2318 2804 di-'

342 2843 467 2877 ctum
500 2842 565 2876 est
594 2831 636 2876 ei
665 2831 781 2876 Gen.
801 2843 894 2875 22.:
914 2830 964 2874 In
985 2831 1136 2874 semine
1154 2837 1223 2874 tuo
1243 2830 1530 2875 benedicentur
1554 2845 1694 2874 omnes
1716 2835 1848 2887 gentes
1865 2828 2140 2888 terraeaipse
2166 2827 2256 2873 etia
2268 2848 2291 2867 n
2313 2849 2330 2875 je

341 2901 463 2960 prius
496 2914 543 2944 se
563 2914 587 2943 a
614 2899 832 2943 societate
859 2896 1111 2940 infidelium
1138 2899 1409 2955 segregavit,
1428 2897 1679 2942 secundum
1707 2896 1973 2941 mandatum
2000 2894 2090 2940 Dei
2114 2894 2249 2942 dicen

327 2968 384 3018 ‚ei
413 2967 540 3025 (Gen.
567 2982 614 3012 12
620 2967 682 3024 .).·
711 2964 911 3024 Egtedere
938 2964 983 3008 de
1010 2970 1120 3008 terra
1149 2971 1235 3017 tua,
1259 2971 1294 3008 et
1320 2964 1366 3009 de
1389 2965 1627 3023 cognatione
1654 2971 1752 3017 tua,·
1781 2973 1826 3009 et
1849 2962 1955 3008 ideo
1983 2961 2274 3011 convenient

342 3034 631 3079 circumcisio
658 3032 742 3077 fuit
766 3033 968 3076 instituta
1000 3031 1046 3075 in
1070 3031 1321 3076 Abraham.
2306 3029 2319 3081 'f

430 3103 506 3147 AD
533 3114 722 3147 PRIMUM
749 3114 858 3158 ergo
886 3098 1145 3151 dicendum,
1184 3099 1305 3157 quod
1339 3098 1603 3143 immediate
1645 3108 1749 3157 post
1777 3107 2019 3158 peccatum
2054 3096 2191 3156 primi

342 3170 494 3223 rentis,
522 3178 707 3228 propter
733 3165 1026 3211 doctrinam
1015 3166 1154 3224 ipsius
1182 3166 1326 3220 Adae,
1355 3167 1430 3224 qui
1463 3166 1594 3224 plene
1621 3166 1865 3212 instructus
1890 3164 2036 3211 fuerat
2057 3164 2176 3210 dedi
2208 3162 2317 3222 ·”.,,
2351 3211 2352 3214 ,

343 3237 491 3281 adhuc
519 3236 644 3290 fides,
672 3246 716 3279 et
742 3234 855 3279 ratio
882 3232 1098 3277 naturalis
1124 3233 1349 3276 intantum
1387 3233 1570 3292 vigebat
1606 3234 1652 3277 in
1678 3232 1884 3288 homine,
1909 3232 2032 3293 quod
2057 3245 2152 3276 non
2177 3235 2302 3292 op'
2339 3226 2348 3277 f

342 3305 464 3348 tebat
500 3302 793 3348 determinari
831 3300 1095 3345 hominibus
1122 3299 1272 3358 aliqua
1314 3300 1444 3359 signa
1469 3300 1574 3344 fidei
1601 3310 1645 3344 et
1675 3299 1855 3355 salutis;
1888 3292 2336 3359 sed'unusqui:⁴3·s‘'“'v

343 3386 425 3431 pro
468 3386 552 3416 suo
580 3371 707 3415 libito
734 3369 871 3413 fidem
910 3382 1043 3412 suam
1069 3366 1292 3426 aliquibus
1319 3368 1458 3426 signis
1492 3368 1838 3426 protestabatur.
1867 3366 1958 3412 Sed
1985 3366 2104 3411 circa
2129 3368 2330 3430 temps]

343 3439 558 3483 Abrahae
598 3438 819 3482 diminuta
846 3446 942 3480 erat
965 3434 1076 3479 fides
1109 3434 1314 3493 plurimis
1342 3434 1397 3478 ad
1424 3434 1735 3479 idololatriam
1767 3432 2126 3479 declinantibus:
2153 3432 2330 3485 obsi⁵

342 3517 438 3550 rata
464 3506 602 3550 etiam
631 3515 726 3549 erat
750 3504 865 3548 ratio
887 3501 1104 3548 naturalis
1122 3516 1201 3561 per
1214 3512 1513 3560 augmentum
1537 3502 1730 3547 carnalis
1749 3499 2148 3562 concupiscentiae
2165 3507 2307 3563 usqne

346 3573 400 3617 ad
429 3582 666 3633 peccatum
701 3582 861 3616 contra
895 3581 1128 3615 naturam:
1157 3579 1201 3613 et
1239 3569 1341 3613 ideo
1380 3570 1704 3614 convenienter
1736 3579 1859 3625 tunc,
1886 3578 1929 3614 et
1964 3581 2059 3615 non
2092 3576 2198 3617 ante
2225 3564 2310 3626 fu&
2337 3574 2339 3579 ’
