2352 3926
238 169 340 239 184
757 182 1031 228 QUAESTIO
1071 183 1220 223 xv111.
1263 183 1578 224 AR‘rlcuLus,
1607 185 1660 223 v.

938 389 1374 446 ARTICULUS
1414 391 1482 447 V.
2106 389 2188 459 1⁵18

676 524 870 563 UTRUM
907 524 1204 564 VOLUNTAS
1246 525 1479 564 HUMANA
1520 526 1738 564 CHRISTI
2094 578 2115 584 ,.

295 607 490 644 FUERIT
534 606 755 646 OMNINO
800 607 1116 647 CONFORMIS
1157 608 1384 648 DIVINAE
1427 608 1748 647 VOLUNTATI
1789 609 1844 647 IN
1883 587 2145 646 VOLITO'(

597 716 732 775 (Insr.
756 732 795 775 q.
817 731 879 762 21.
905 723 984 762 art.
1009 733 1044 777 3.
1069 725 1108 763 et
1127 732 1168 775 4.
1197 724 1234 763 et
1254 733 1290 778 3.
1318 719 1429 762 Dist.
1456 732 1518 777 17.
1546 724 1624 763 art.
1651 733 1691 763 2.
1719 733 1758 777 q.
1789 731 1828 763 Ι.

821 790 857 829 et
882 785 952 829 lib.
979 798 1020 842 4.
1053 786 1198 830 Contr.
1223 800 1262 844 g.
1290 793 1379 844 cap.
1402 785 1468 844 36.
1491 785 1604 852 fin).

322 894 398 938 AD
431 907 658 945 QUINTUM
683 895 747 939 sic
773 896 1047 954 proceditur.
1074 895 1278 950 Videtur,
1306 896 1430 955 quod
1460 896 1671 940 voluntas
1696 896 1901 940 humana
1930 895 1978 940 in
2006 895 2192 940 Christo

233 975 327 1005 non
348 960 544 1006 voluerit
561 962 698 1016 aliud,
717 977 856 1022 quam
872 963 998 1007 Deus
1016 962 1135 1007 vult:
1155 963 1316 1008 dicitur
1338 964 1459 1007 enim
1478 964 1524 1006 in
1542 965 1613 1007 Ps.
1637 978 1704 1023 39.
1722 978 1776 1007 ex
1793 976 1988 1022 persona
2006 962 2191 1008 Christi:

241 1030 298 1074 Ut
325 1029 514 1087 facerem
537 1030 791 1075 voluntatem
823 1037 955 1084 tuam,
988 1032 1106 1075 Deus
1130 1046 1257 1085 meus,
1283 1031 1430 1075 volui:
1456 1030 1535 1074 sed
1568 1030 1642 1074 ille
1675 1031 1752 1089 qui
1781 1029 1880 1074 vult
1908 1029 2190 1074 voluntatem

234 1096 425 1155 alicujus
459 1095 626 1151 facere,
659 1096 757 1141 vult
789 1098 912 1156 quod
948 1097 1026 1142 ille
1061 1096 1182 1152 vult3
1217 1111 1326 1156 ergo
1357 1098 1547 1151 videtur,
1585 1098 1709 1156 quod
1742 1097 1955 1142 voluntas
1989 1097 2194 1143 humana

235 1163 408 1208 Christi
432 1163 547 1207 nihil
570 1163 691 1208 aliud
716 1165 928 1219 voluerit,
955 1179 1094 1222 quam
1119 1163 1331 1208 voluntas
1357 1165 1510 1207 divina
1535 1164 1690 1223 ipsius.

324 1243 365 1274 2.
406 1231 703 1276 PRAETEREA.
737 1231 909 1275 Anima
943 1231 1114 1275 Christi
1153 1231 1312 1274 habuit
1342 1230 1721 1290 perfectissimam
1748 1230 2033 1284 charitatem,
2076 1243 2193 1289 quae

235 1298 372 1342 etiam
400 1298 863 1357 comprehensionem
889 1309 1073 1342 nostrae
1100 1298 1314 1342 scientiae
1343 1298 1532 1351 excedit,
1570 1298 1822 1356 secundum
1847 1297 1960 1341 illud
1986 1297 2100 1356 Eph.
2131 1310 2194 1355 3.:

237 1365 612 1425 Supereminentem
627 1368 818 1411 scientiae
834 1367 1079 1411 charitatem
1103 1366 1286 1410 Christi:
1310 1365 1388 1409 sed
1408 1365 1639 1409 charitatis
1658 1375 1725 1409 est
1743 1364 1893 1410 facere
1910 1365 2033 1424 quod
2049 1365 2195 1410 horno

234 1432 357 1476 idem
374 1431 496 1487 velit,
523 1433 645 1491 quod
670 1434 822 1487 Deus;
850 1433 969 1476 unde
997 1442 1041 1476 et
1066 1432 1240 1477 Philos.
1257 1433 1303 1475 in
1326 1446 1366 1490 9.
1386 1432 1531 1476 Ethic.
1556 1433 1672 1492 (cap.
1689 1433 1752 1490 4.)
1773 1432 1895 1487 dicit,
1911 1431 2196 1492 quodunum

236 1499 291 1544 de
320 1499 633 1544 amicabilibus
660 1509 728 1543 est
745 1500 907 1543 eadem
924 1499 1058 1553 velle,
1085 1509 1130 1543 et
1156 1499 1344 1558 eligere3
1363 1513 1472 1558 ergo
1490 1498 1702 1544 voluntas
1718 1499 1920 1544 humana
1941 1499 1989 1544 in
2006 1498 2194 1544 Christo

235 1565 351 1610 nihil
374 1566 496 1610 aliud
517 1565 675 1620 voluit,
704 1580 841 1625 quam
868 1566 1034 1610 divina.
2078 1603 2083 1607 .

330 1647 366 1692 3.
394 1633 690 1679 PRAETEREA.
720 1633 929 1677 Christus
959 1632 1044 1677 fuit
1079 1647 1212 1677 verus
1249 1633 1632 1692 comprehensor:
1671 1634 1750 1679 sed
1786 1633 1945 1688 sancti,
1974 1635 2062 1694 qui>
2093 1641 2199 1679 sunt

238 1701 649 1758 comprehensores
675 1701 722 1744 in
744 1700 902 1759 patria,
926 1699 1043 1744 nihil
1061 1699 1182 1743 aliud
1199 1699 1373 1754 volunt,
1400 1715 1539 1759 quam
1557 1701 1679 1759 quod
1704 1701 1830 1746 Deus
1847 1699 1967 1746 vult:
1993 1700 2196 1760 alioquin
2257 1754 2263 1760 .

238 1781 333 1811 non
361 1779 510 1812 essent
536 1768 674 1822 beati;
702 1768 807 1827 quia
833 1782 926 1811 non
952 1767 1173 1811 haberent
1198 1767 1414 1826 quidquid
1433 1767 1625 1812 vellent:
1648 1768 1846 1813 «beatus
1872 1768 1996 1812 enim
2017 1778 2098 1822 est,
2119 1767 2197 1827 qui

238 1836 377 1879 habet
409 1849 722 1894 quaecumque
754 1834 864 1888 vult,
898 1845 942 1879 et
971 1833 1087 1878 nihil
1119 1834 1240 1879 male
1272 1834 1370 1878 vult
1401 1852 1442 1889 n,
1486 1845 1534 1879 ut
1565 1835 1686 1893 Aug.
1721 1835 1829 1879 dicit
1857 1835 1904 1879 in
1929 1834 2004 1881 lib.
2042 1848 2108 1894 13.
2140 1833 2196 1878 de

241 1901 403 1946 Trinit.
436 1902 544 1961 (cap.
562 1902 624 1961 5.)
634 1918 650 1955 ;
669 1917 778 1961 ergo
798 1902 1008 1946 Christus
1030 1901 1145 1945 nihil
1162 1901 1282 1946 aliud
1299 1901 1444 1946 voluit
1467 1902 1718 1946 secundum
1739 1902 2023 1947 voluntatem
2039 1901 2199 1946 huma-

236 1984 360 2023 nam,
388 1983 526 2028 quam
553 1969 750 2013 voluerit
774 1969 985 2014 voluntas
1013 1969 1179 2013 divina.
1218 1964 1220 1966 ’

325 2036 419 2080 SED
453 2049 648 2082 CONTRA
681 2046 760 2090 est,
795 2037 917 2096 quod
949 2037 1142 2095 August.
1170 2036 1278 2081 dicit
1305 2046 1463 2080 contra
1485 2036 1788 2081 Maximinum
1815 2037 1909 2094 Uib.
1927 2053 1964 2097 3.
1996 2045 2088 2098 cap.
2120 2052 2192 2083 20.
2260 2053 2263 2057 ·

233 2105 278 2148 in
303 2103 431 2161 med.)
446 2120 459 2148 .·
490 2120 512 2144 «
538 2104 590 2147 In
615 2104 704 2148 hoc
733 2104 854 2162 quod
873 2104 1078 2148 Christus
1108 2104 1196 2147 ait:
1224 2104 1322 2148 Non
1354 2098 1460 2162 qdod
1477 2119 1544 2162 ego
1568 2105 1679 2158 volo,
1704 2105 1769 2149 sed
1795 2104 1905 2163 quod
1927 2112 1986 2158 tu,
2008 2104 2130 2149 aliud
2147 2119 2197 2149 se

236 2171 433 2214 ostendit
456 2170 671 2225 voluisse,
704 2186 842 2230 quam
868 2171 1030 2225 Pater3
1072 2170 1193 2229 quod
1229 2171 1315 2214 nisi
1357 2165 1562 2215 humano
1591 2171 1728 2215 corde
1759 2186 1854 2216 non
1888 2183 2057 2230 posset,
2090 2186 2198 2217 cum

235 2237 546 2282 infirmitatem
571 2248 774 2283 nostram
800 2239 846 2281 in
872 2252 1005 2282 suum
1026 2252 1120 2282 non
1147 2238 1366 2293 divinum,
1388 2239 1466 2282 sed
1492 2239 1747 2283 humanum
1772 2238 2199 2299 transfiguraret‘afi·

238 2305 411 2350 fectum
443 2323 484 2349 ».

326 2373 614 2418 Rsssponnso
647 2373 903 2427 dicendum,
937 2373 1073 2432 quod,
1109 2374 1224 2417 sicut
1256 2373 1429 2417 dictum
1471 2383 1538 2418 est
1570 2377 1741 2431 (art.,1.
1770 2380 1806 2419 et
1835 2389 1875 2420 2.
1909 2374 1998 2434 huj.
2032 2375 2095 2434 q.)
2103 2407 2121 2431 ,
2144 2373 2198 2419 vin

240 2441 426 2486 Christo
444 2440 695 2484 secundum
720 2441 972 2484 humanam
984 2450 1194 2484 naturam
1212 2441 1395 2498 ponitur
1411 2440 1559 2500 duplex
1576 2440 1789 2486 voluntas
1801 2457 1814 2496 ς
1826 2441 2198 2489 scilicetvoluntas

237 2507 553 2561 sensualitatis,
579 2521 694 2566 quae
726 2508 1036 2566 participative
1061 2507 1272 2558 voluntas
1299 2508 1488 2562 dicitur3
1523 2518 1567 2552 et
1597 2509 1809 2554 voluntas
1839 2509 2090 2564 rationalis,
2114 2511 2199 2555 sive

240 2575 550 2620 consideretur
574 2589 653 2634 per
678 2574 870 2619 modum
887 2585 1088 2628 naturae,
1110 2576 1195 2619 sive
1212 2589 1290 2633 per
1316 2575 1507 2618 modum
1525 2576 1712 2620 rationis
1730 2591 1739 2619 ε
1764 2576 1935 2620 dictum
1953 2585 2020 2621 est
2044 2586 2198 2621 autem

240 2658 375 2702 supra
409 2643 466 2702 (q.
498 2657 563 2701 14.
597 2649 677 2688 art.
709 2659 744 2688 1.
772 2643 827 2687 ad
857 2643 933 2699 2.),
967 2643 1089 2701 quod
1131 2657 1183 2686 ex
1210 2643 1407 2701 quadam
1444 2643 1780 2702 dispensatione
1805 2643 1953 2689 Filius·
1979 2644 2071 2689 Dei
2092 2653 2198 2689 ante

240 2725 372 2756 suam
410 2710 672 2770 passionem
704 2710 989 2769 permittebat
1016 2710 1140 2753 carni
1165 2724 1314 2768 agere,
1353 2721 1397 2754 et
1427 2711 1520 2769 pati
1552 2726 1668 2770 quae
1705 2720 1808 2755 sunt
1839 2711 1882 2756 ei
1913 2711 2125 2771 propria:
2152 2720 2198 2756 et

241 2777 448 2823 similiter
474 2778 610 2822 etiam
636 2778 925 2837 permittebat
950 2777 1162 2821 omnibus
1187 2777 1355 2821 viribus
1385 2779 1564 2822 animae
1591 2793 1740 2837 agere,
1768 2788 1813 2823 et
1836 2779 1930 2837 pati
1954 2792 2071 2838 quae
2100 2791 2200 2838 pro·

241 2846 361 2906 pria3
399 2843 691 2889 manifestum
718 2854 786 2889 est
827 2854 996 2897 autem,
1029 2844 1149 2902 quod
1177 2843 1387 2888 voluntas
1420 2845 1723 2889 sensualitatis
1750 2844 1916 2905 refugit
1938 2845 2200 2892 naturaliter

242 2912 425 2957 dolores
451 2911 701 2966 sensibiles,
724 2922 768 2956 et
794 2912 997 2970 corporis
1023 2910 1305 2956 laesionem:
1334 2912 1538 2956 similiter
1572 2913 1709 2974 etiam
1734 2911 1946 2957 voluntas
1967 2923 2017 2958 ut
2039 2923 2201 2958 natura

242 2981 450 3040 repudiat
485 2994 553 3035 ea,
581 2994 696 3039 quae
728 2989 833 3023 sunt
873 2989 1060 3023 naturae
1089 2979 1328 3032 contraria,
1363 2989 1406 3023 et
1439 2994 1554 3038 quae
1581 2990 1684 3024 sunt
1710 2980 1963 3025 secundum
1988 2993 2038 3025 se
2063 2978 2200 3034 mala,

243 3059 350 3109 puta
377 3057 589 3101 mortem,
623 3057 667 3092 et
704 3047 791 3090 alia
815 3046 1101 3105 hujusmodi:
1137 3047 1213 3090 sed
1252 3047 1364 3090 haec
1392 3057 1548 3091 tamen
1580 3047 1791 3092 voluntas
1823 3048 2097 3108 quandoque
2122 3060 2203 3108 per

244 3115 437 3160 modum
462 3114 649 3159 rationis
676 3113 841 3173 eligere
869 3123 1017 3172 potest
1034 3128 1086 3157 ex
1103 3113 1260 3157 ordine
1289 3114 1342 3156 ad
1361 3114 1500 3158 finem
1519 3131 1528 3158 :
1547 3115 1664 3159 sicut
1685 3115 1824 3160 etiam
1846 3116 1892 3160 in
1918 3115 2070 3175 aliquo
2085 3128 2200 3174 puro

243 3185 434 3229 homine
461 3182 726 3228 sensualitas
755 3183 850 3240 ejus
877 3191 920 3225 et
946 3181 1081 3225 etiam
1108 3180 1318 3224 voluntas
1347 3181 1549 3226 absolute
1577 3182 1862 3227 considerata
1877 3181 2203 3241 refugitustio-

244 3266 366 3306 nem,
390 3265 528 3310 quam
553 3260 708 3295 tamen
724 3248 935 3294 voluntas
953 3248 1202 3292 secundum
1221 3248 1443 3292 rationem
1463 3248 1589 3307 eligit
1614 3259 1798 3308 propter
1812 3249 1952 3295 finem
1973 3248 2201 3305 sanitatis;

242 3319 454 3363 voluntas
481 3327 633 3362 autem
664 3316 753 3361 Dei
785 3325 893 3369 erat,
920 3325 968 3359 ut
995 3314 1202 3359 Christus
1235 3314 1431 3368 dolores,
1464 3325 1508 3359 et
1539 3315 1790 3374 passiones,
1822 3325 1867 3361 et
1897 3326 2098 3361 mortem
2128 3329 2202 3375 pa·

244 3396 436 3441 teretur3
473 3399 567 3429 non
604 3385 726 3444 quod
752 3383 837 3427 ista
859 3391 1008 3428 essent
1035 3396 1059 3425 a
1085 3382 1188 3427 Deo
1216 3381 1357 3425 volita
1383 3383 1635 3426 secundum
1668 3397 1729 3437 se,
1755 3383 1846 3428 ¹sed
1879 3397 1933 3428 ex
1959 3382 2117 3429 ordine
2144 3381 2201 3427 ad

246 3454 385 3498 finem
420 3453 650 3497 humanae
691 3450 869 3505 salutis;
901 3449 1020 3506 unde
1058 3459 1193 3508 patet,
1238 3449 1358 3508 quod
1388 3449 1595 3494 Christus
1638 3450 1889 3494 secundum
1915 3449 2201 3495 voluntatem

248 3520 564 3574 sensualitatis,
592 3529 636 3564 et
671 3517 922 3564 secundum
948 3516 1232 3561 voluntatem
1270 3516 1470 3570 rationis,
1507 3531 1621 3575 quae
1664 3517 1974 3562 consideratur
1993 3530 2078 3578 per
2105 3530 2204 3563 mo-

249 3589 358 3633 dum
375 3597 576 3641 naturae,
604 3586 724 3631 aliud
742 3594 918 3645 poterat
932 3582 1049 3629 velle
1067 3597 1204 3643 quam
1226 3582 1351 3627 Deus
1370 3598 1379 3629 :
1403 3583 1479 3627 sed
1503 3584 1754 3628 secundum
1770 3583 2069 3640 voluntatem,
2084 3597 2200 3644 quae
