2352 3926
653 188 932 243 QUAESTIO
972 196 1065 236 vn.
1106 195 1414 238 ARTICULUS
1453 196 1510 236 X.
1989 197 2054 252 93

102 300 297 354 sionem,
313 306 448 358 prout
462 297 508 343 in
527 310 584 343 eo
606 306 675 343 est
688 297 866 343 intensa
891 298 1037 356 gratia
1063 313 1204 358 usque
1221 299 1277 344 ad
1294 299 1543 345 terminum
1563 297 1813 359 praefixum
1831 297 1872 342 ei
1894 311 1920 342 a
1941 296 2061 351 Deo,

52 372 63 384 ”“
102 365 353 414 secundum
377 364 488 410 illud
513 364 679 424 Ephes.
703 376 771 420 4.:
805 365 1035 424 Unicuique
1066 371 1253 410 nostrum
1283 366 1381 411 data
1405 373 1460 411 est
1488 368 1631 425 gratia
1655 364 1876 411 secundum
1900 379 2063 408 mensu-

103 447 199 479 ram
213 431 444 477 donationis
461 431 635 476 Christi:
651 433 736 476 sive
753 431 891 475 etiam
913 431 1164 476 secundum
1181 433 1393 478 virtutem
1408 450 1418 487 ;
1436 434 1706 494 inquantum
1724 432 1901 479 scilicet
1921 431 2062 475 habet

101 498 367 552 facultatem
394 499 565 558 gratiae
593 498 650 543 ad
675 499 846 552 omnia,
873 513 988 557 quae
1015 499 1239 558 pertinent
1264 500 1319 543 ad
1346 515 1478 544 suurn
1505 500 1724 555 officium,
1745 500 1840 544 sive
1866 507 2060 552 statum;

20 569 58 623 ’ἶς
104 566 222 614 sicut
245 566 407 624 Apost.
432 565 611 611 dicebat
630 565 795 624 Ephes.
827 579 888 624 3.:
917 566 1028 610 Mihi
1054 567 1240 610 omnium
1264 572 1502 611 sanctorum
1529 569 1704 612 minimo
1730 567 1831 612 data
1850 571 1906 611 est
1923 566 2064 624 gratia
2133 592 2141 600 ·

104 634 218 688 haec,
233 633 472 678 illuminare
498 647 647 687 omnes,
668 643 774 677 etc.:
803 643 847 677 et
871 631 974 677 talis
1000 633 1170 691 gratiae
1197 631 1431 691 plenitudo
1447 647 1541 677 non
1561 644 1628 678 est
1652 633 1834 694 prop‘ria
1857 632 2060 686 Christo,

19 710 30 758 ..ss
104 700 184 755 sed
211 702 579 746 communicatur
603 699 701 744 aliis
727 714 806 759 per
833 699 1081 744 Christum.

29 822 34 833 ,Δ
146 776 149 779 ·
193 767 271 814 An
295 780 484 813 PRmUM
511 781 621 826 ergo
648 765 906 820 dicendum,
934 767 1055 825 quod
1083 767 1132 810 B.
1155 765 1300 825 Virgo
1328 766 1448 812 dicta
1475 777 1543 811 est
1567 767 1701 827 plena
1721 768 1879 827 gratia,
1896 781 1991 812 non
2013 780 2068 812 ex

19 863 21 865 -
105 844 232 897 parte
256 835 398 895 ipsius
424 834 619 893 gratiae3
644 834 750 893 quia
774 847 869 878 non
895 834 1052 878 habuit
1078 834 1275 892 gratiam
1299 834 1346 878 in
1373 848 1555 878 summa
1581 834 1850 879 excellentia
1875 849 1965 894 qua
1990 847 2068 894 po-

23 912 39 958 J
103 910 192 949 test
216 901 390 956 haberi,
409 916 495 946 nec
520 901 575 946 ad
598 915 759 946 omnes
782 899 968 946 effectus
995 901 1187 960 gratiae:
1213 901 1293 945 sed
1321 901 1482 946 dicitur
1502 901 1638 945 fuisse
1661 901 1795 960 plena
1818 903 1962 962 gratia
1985 915 2066 961 per

29 965 38 993 ³
106 968 500 1029 comparationem
528 968 583 1013 ad
609 968 778 1027 ipsam3
805 968 911 1027 quia
937 967 1111 1012 scilicet
1134 968 1331 1013 habebat
1357 969 1551 1028 gratiam
1577 968 1879 1014 sufficientem
1906 969 1962 1013 ad
1984 979 2068 1013 sta-

24 1031 42 1087 ⁵,
106 1045 207 1084 tum
231 1035 377 1090 illum,
403 1035 459 1079 ad
485 1049 622 1094 quem
648 1044 743 1079 erat
767 1034 913 1079 electa
939 1049 964 1079 a
981 1035 1100 1088 Deo,
1118 1044 1167 1079 ut
1188 1045 1307 1080 esset
1331 1035 1506 1080 scilicet
1527 1045 1674 1080 mater
1692 1036 1929 1094 Unigeniti
1946 1036 2068 1094 ejus3

105 1113 157 1151 et
169 1102 377 1149 similiter
393 1103 651 1162 Stephanus
669 1102 832 1146 dicitur
848 1101 1008 1161 plenus
1026 1102 1184 1161 gratia,
1202 1103 1308 1162 quia
1332 1103 1530 1147 habebat
1551 1103 1746 1161 gratiam
1768 1101 2070 1147 sufficientem

40 1184 44 1185 ⁷
108 1169 167 1216 ad
191 1170 297 1224 hoc,
321 1169 444 1229 quod
472 1179 590 1214 esset
612 1169 804 1214 idoneus
831 1169 1049 1224 minister,
1075 1179 1120 1213 et
1143 1170 1269 1214 testis
1294 1170 1404 1224 Dei,
1431 1170 1486 1214 ad
1512 1170 1635 1229 quod
1668 1179 1764 1214 erat
1795 1168 1993 1223 electus;
2026 1178 2072 1213 et

108 1237 234 1285 idem
257 1236 501 1282 dicendum
527 1245 596 1281 est
618 1235 675 1280 de
702 1235 823 1280 aliis:
849 1235 1016 1280 harum
1047 1246 1203 1281 tamen
1234 1235 1566 1295 plenitudinem
1592 1251 1683 1280 una
1709 1246 1777 1282 est
1801 1235 1980 1296 plenior
2012 1234 2071 1279 al-

109 1314 227 1359 tera,-
244 1303 497 1364 secundum
523 1302 646 1363 quod
672 1303 834 1363 aliquis
860 1315 926 1348 est
952 1303 1166 1348 divinitus
1191 1303 1536 1363 praeordinatus
1563 1303 1619 1348 ad
1652 1303 1879 1358 altiorem,
1904 1302 1978 1348 vel
2010 1303 2073 1346 in-

4 1359 10 1409 Ῐ
22 1363 38 1424 -Ϋ
107 1371 327 1419 seriorem
352 1381 535 1416 statum.

30 1491 32 1493 ,
201 1439 278 1485 An
305 1451 566 1484 SECUNDUM
590 1438 848 1492 dicendum,
873 1439 996 1498 quod
1021 1437 1274 1498 Apostolus
1294 1439 1358 1483 ibi
1376 1438 1577 1498 loquitur
1603 1438 1658 1483 de
1684 1437 1763 1483 illa
1787 1437 2068 1498 plenitudine

22 1503 39 1562 ἶ·
112 1507 299 1567 gratiae,
321 1521 438 1567 quae
459 1506 747 1565 accipiturfex
764 1516 891 1566 parte
907 1506 1111 1565 subjecti,
1127 1506 1174 1550 in
1193 1507 1537 1565 comparatione
1557 1506 1612 1550 ad
1627 1506 1688 1560 id,
1707 1506 1762 1550 ad
1780 1505 1903 1565 quod
1925 1505 2072 1549 homo

114 1585 183 1620 est
206 1574 419 1620 divinitus
443 1573 808 1633 praeordinatus:
835 1574 958 1632 quod
984 1573 1170 1632 quidem
1192 1583 1260 1617 est
1282 1574 1349 1618 vel
1375 1573 1542 1632 aliquid
1570 1587 1834 1627 commune,
1861 1571 1918 1616 ad
1950 1571 2073 1631 quod

114 1641 490 1702 praeordinantur
516 1654 678 1685 omnes
703 1641 873 1694 sancti3
898 1641 965 1685 vel
991 1640 1159 1699 aliquid
1186 1640 1396 1699 speciale,
1419 1640 1542 1699 quod
1568 1640 1761 1699 pertinet
1779 1639 1835 1683 ad
1852 1638 2073 1684 excellen-

114 1709 228 1754 tiam
254 1707 535 1767 aliquorum;
561 1717 606 1751 et
630 1707 883 1752 secundum
914 1707 1005 1752 hoc
1037 1707 1264 1766 quaedam
1296 1706 1530 1766 plenitudo
1558 1707 1728 1766 gratiae
1762 1716 1831 1751 est
1861 1706 2075 1751 omnibus

115 1775 283 1822 sanctis
308 1774 594 1828 communis;
620 1783 670 1819 ut
694 1773 867 1819 scilicet
892 1774 1091 1819 habeant
1117 1774 1309 1833 gratiam
1331 1773 1632 1819 sufficientem
1650 1773 1706 1818 ad
1723 1774 1995 1819 merendum
2011 1773 2074 1818 vi-

3 1828 42 1903 9ἶρ
113 1853 211 1888 tam
237 1850 482 1895 aeternam,
514 1855 630 1900 quae
660 1841 708 1885 in
740 1840 874 1899 plena
898 1841 988 1885 Dei
1017 1840 1232 1886 fruitione
1265 1841 1495 1897 consistit;
1522 1851 1567 1886 et
1591 1841 1711 1886 hanc
1743 1841 2073 1901 plenitudinem

0 1972 2 1983 Ι
117 1918 245 1970 optat
268 1907 519 1968 Apostolus
544 1908 766 1962 fidelibus,
792 1908 953 1968 quibus
978 1909 1145 1953 scribit.

40 2017 47 2026 2
204 1976 283 2022 AD
314 1988 531 2022 TERTIUM
557 1975 814 2030 dicendum,
841 1975 963 2035 quod
987 1974 1067 2019 illa
1093 1975 1228 2030 dona,
1260 1989 1376 2035 quae
1409 1985 1513 2020 sunt
1539 1975 1806 2020 communia
1837 1975 1885 2020 in
1916 1975 2077 2035 patria,

117 2042 292 2090 scilicet
314 2043 447 2097 visio,
472 2042 838 2102 comprehensio,
871 2052 916 2087 et
945 2041 1114 2096 fruitio,
1141 2052 1186 2088 et
1217 2041 1305 2087 alia
1336 2042 1616 2102 hujusmodi,
1648 2043 1820 2088 habent
1854 2043 2080 2102 quaedam

117 2110 242 2157 dona
264 2109 351 2158 sibi
375 2108 776 2169 correspondentia
800 2109 849 2154 in
874 2119 992 2154 statu
1013 2109 1130 2164 viae,
1151 2124 1268 2169 quae
1294 2111 1433 2154 etiam
1454 2119 1561 2154 sunt
1578 2112 1845 2155 communia
1867 2110 2080 2155 omnibus

50 2196 51 2201 ¹
117 2177 309 2225 sanctis:
341 2186 448 2222 sunt
470 2186 626 2222 tamen
665 2177 891 2236 quaedam
922 2177 1267 2236 praerogativae
1292 2187 1558 2223 sanctorum
1588 2177 1636 2222 in
1667 2177 1827 2238 patria,
1853 2187 1898 2223 et
1921 2178 1970 2222 in
1993 2177 2084 2233 via,

118 2258 239 2307 ,quae
262 2259 360 2291 non
383 2244 608 2290 habentur
639 2244 693 2289 ab
726 2244 953 2290 omnibus.

810 2422 1246 2482 ARTICULUS
1284 2424 1385 2480 XI.
2029 2452 2077 2499 53

552 2558 746 2598 UTRUM
786 2558 1004 2599 CHRISTI
1045 2559 1248 2599 GRATIA
1288 2560 1373 2598 SIT
1414 2560 1676 2601 INFINITA·

189 2670 242 2731 (3.
268 2670 379 2715 Dist.
404 2683 461 2730 13.
487 2684 526 2730 q.
552 2685 588 2716 1.
614 2675 697 2716 art.
723 2684 764 2716 2.
790 2685 829 2730 q.
855 2685 896 2716 2.
922 2676 957 2716 et
981 2671 1093 2716 Dist.
1119 2686 1185 2731 19.
1212 2677 1294 2717 art.
1321 2687 1356 2717 ι.
1384 2686 1422 2731 q.
1449 2687 1485 2717 1.
1511 2677 1551 2717 et
1584 2671 1693 2716 Veri.
1719 2685 1759 2730 q.
1784 2685 1855 2731 29.
1881 2676 1962 2715 art.
1983 2684 2021 2729 3.

624 2744 663 2783 et
687 2745 824 2798 opusc.
851 2738 923 2784 60.
949 2746 1039 2799 cap.
1061 2753 1098 2798 3.
1125 2745 1162 2784 et
1179 2739 1304 2796 Joan.
1327 2754 1362 2798 3.
1389 2739 1477 2784 lect.
1506 2739 1586 2798 6.).

55 2895 57 2905 ,
225 2849 302 2896 AD
334 2862 628 2896 UNDECIMUM
658 2850 723 2895 sic
754 2850 1026 2911 proceditur.
1051 2849 1257 2905 Videtur,
1290 2850 1412 2910 quod
1444 2850 1590 2910 gratia
1616 2849 1789 2895 Christi
1813 2849 1870 2894 sit
1890 2847 2084 2892 infinita:

131 2931 271 2962 omne
297 2917 419 2962 enim
444 2917 723 2963 immensum
751 2927 819 2963 est
843 2917 1090 2963 infinitum:
1109 2918 1186 2963 sed
1205 2919 1349 2977 gratia
1361 2917 1535 2963 Christi
1557 2927 1626 2963 est
1651 2917 1901 2970 immensa;
1926 2915 2088 2959 dicitur

48 2986 74 3044 *g
130 2984 256 3030 enirn
274 2983 404 3043 Joan.
435 2999 496 3043 3.:
523 2985 623 3030 Non
647 2987 757 3030 enim
783 2984 837 3030 ad
861 3000 1099 3030 mensuram
1129 2985 1203 3031 dat
1227 2986 1341 3030 Deus
1359 2986 1573 3050 ‘Spiritum
1598 2985 1730 3039 Filio,
1759 2983 1932 3028 scilicet
1959 2981 2089 3030 Chri-

127 3061 223 3107 st03
250 3065 360 3110 ergo
387 3052 531 3110 gratia
558 3051 732 3097 Christi
758 3062 826 3097 est
849 3051 1039 3096 infinita.

66 3172 70 3178 ᾗ
219 3131 260 3165 2.
285 3118 582 3164 PRAETEREA.
608 3118 807 3164 Effectus
834 3119 1032 3164 infinitus
1056 3119 1338 3164 demonstrat
1359 3120 1573 3164 virtutem
1594 3118 1832 3170 infinitam,
1857 3129 1973 3175 quae
1994 3126 2088 3159 non

55 3209 72 3239 ‹;
129 3195 278 3245 potest
300 3185 479 3231 fundari
502 3186 591 3231 nisi
614 3187 660 3231 in
687 3187 882 3231 essentia
907 3186 1104 3231 infinita:
1132 3186 1211 3231 sed
1238 3185 1424 3231 effectus
1451 3186 1620 3244 gratiae
1649 3183 1820 3230 Christi
1847 3192 1914 3226 est
1938 3180 2084 3225 infini-

1 3289 5 3301 ,
48 3253 70 3302 Ῐὲ,
122 3262 226 3307 ·tus;
252 3253 451 3297 extendit
475 3253 598 3299 enim
622 3267 670 3298 se
698 3254 754 3298 ad
780 3253 973 3298 salutem
1005 3253 1144 3298 totius
1170 3253 1360 3298 humani
1387 3253 1586 3312 generis:
1619 3252 1715 3310 ipse
1742 3250 1865 3295 enim
1898 3257 1965 3292 est
1989 3255 2091 3307 pro-

124 3320 295 3379 pitiatio
309 3326 391 3378 pro
419 3321 596 3376 peccatis
625 3322 787 3374 nostris,
821 3326 857 3365 et
889 3323 1012 3366 totius
1042 3320 1188 3364 mundi
1219 3321 1325 3379 (non
1343 3328 1424 3379 pro
1456 3320 1607 3364 nostris
1637 3324 1776 3362 autem
1809 3321 1987 3368 tantum,
2018 3314 2086 3360 sed

131 3387 260 3432 etiam
285 3387 408 3431 totius
424 3385 605 3443 mundi),
633 3397 681 3430 ut
703 3386 866 3431 dicitur
896 3401 930 3431 1.
953 3387 1082 3445 Joan.
1111 3400 1175 3442 2.;
1205 3401 1314 3445 ergo
1342 3386 1485 3445 gratia
1509 3385 1677 3428 Christi
1706 3393 1773 3427 est
1799 3381 1987 3425 infinita.

227 3466 266 3511 3.
297 3452 594 3498 PRAETEREA.
629 3453 784 3499 Omne
816 3453 993 3499 finitum
1025 3468 1105 3513 per
1137 3454 1414 3498 additionem
1439 3452 1555 3495 finiti
1586 3459 1733 3509 potest
1767 3448 2001 3507 pervenire
2035 3448 2091 3492 ad

136 3519 433 3578 quantitatem
460 3520 785 3579 cujuscumque
811 3520 947 3565 finiti:
969 3520 1007 3564 si
1031 3520 1169 3578 igitur
1196 3521 1339 3577 gratia
1357 3517 1530 3563 Christi
1552 3526 1670 3560 esset
1694 3515 1834 3569 finita,
1858 3525 2013 3574 posset
2035 3514 2094 3559 al-

49 3590 55 3625 i‘
137 3585 275 3631 terius
298 3585 501 3631 hominis
526 3586 670 3645 gratia
693 3596 871 3632 tantum
897 3600 1114 3640 crescere,
1137 3586 1259 3644 quod
1286 3584 1540 3643 perveniret
1564 3583 1619 3626 ad
1647 3582 1968 3641 aequalitatem
1995 3596 2092 3642 gra-
