2352 3926
291 243 394 297 194
822 238 1103 283 QUAESTIO
1144 238 1255 275 XIX.
1297 238 1605 281 ARTICULUS
1645 240 1717 278 1v.

376 357 415 387 2.
443 342 741 386 PRAETEREA.
768 340 840 382 De
866 338 1146 398 plenitudine
1172 339 1345 397 gratiae
1373 339 1545 385 Christi
1571 354 1733 386 omnes
1760 341 2002 400 accipiunt,
2019 351 2069 387 ut
2089 341 2252 388 dicitur

280 410 409 467 Joan.
442 423 499 452 1.:
528 407 606 451 sed
629 406 704 449 alii
726 406 938 449 homines
956 405 1174 449 habentes
1202 406 1398 464 gratiam
1425 406 1597 452 Christi
1615 421 1710 452 non
1726 417 1917 467 possunt
1938 407 2038 452 aliis
2060 410 2250 456 mereri:

285 476 446 519 dicitur
472 474 594 518 enim
622 472 785 516 Ezech.
818 483 900 526 14„
927 471 1050 530 quod
1075 473 1111 516 si
1122 473 1290 531 fuerint
1313 474 1358 517 in
1390 475 1559 518 civitate
1593 475 1698 528 Νοέ,
1723 474 1894 529 Daniel,
1922 480 1958 518 et
1977 474 2072 531 Job,
2089 475 2248 534 filium,

284 550 322 586 et
335 542 477 600 filiam
509 555 590 584 non
622 540 874 591 liberabunt,
911 538 978 582 sed
1001 540 1080 597 ipsi
1106 540 1276 597 justitia
1301 553 1378 584 sua
1407 540 1647 586 liberabunt
1677 542 1841 585 animas
1871 555 1965 586 suas
1975 556 1992 594 ;
2026 543 2258 601 ergofnec

286 608 495 652 Christus
522 606 668 664 potuit
695 604 864 663 aliquid
889 605 1021 649 nobis
1047 606 1227 650 mereri.
2133 606 2135 609 ’

378 688 413 732 3.
442 673 740 716 PRAETEREA.
768 671 961 725 Merces,
988 686 1125 731 quam
1154 672 1253 731 quis
1278 682 1492 728 meretur,
1521 674 1707 718 debetur
1739 674 1992 719 secundum
2016 674 2251 733 justitiam,

284 751 328 784 et
353 754 445 783 non
474 739 726 782 secundum
750 738 958 796 gratiam,
978 748 1027 782 ut
1047 748 1173 797 patet
1188 739 1325 783 Rom.
1351 751 1392 794 4.
1408 755 1419 794 ;
1437 741 1474 784 si
1501 754 1610 799 ergo
1639 741 1848 786 Christus
1866 741 2030 785 meruit
2055 740 2251 787 salutern

282 817 501 860 nostram,
528 805 730 864 sequitur
755 805 879 864 quod
904 804 1026 849 salus
1052 815 1207 849 nostra
1234 819 1329 850 non
1355 808 1412 851 sit
1440 821 1496 851 ex
1521 808 1667 866 gratia
1683 809 1785 862 Dei,
1812 808 1891 853 sed
1914 822 1968 852 ex
1992 809 2185 867 justitia3
2208 818 2252 853 et

282 874 404 932 quod
430 874 595 931 injuste
623 881 728 931 agat
755 886 861 915 cum
888 873 966 926 eis,
990 886 1104 931 quos
1130 886 1226 916 non
1247 872 1405 927 salvat,
1430 888 1536 918 cum
1564 876 1778 920 meritum
1806 875 1978 920 Christi
2004 874 2060 920 ad
2087 889 2250 920 omnes

282 955 330 984 se
358 941 582 983 extendat.

371 1007 465 1051 SED
502 1019 698 1051 CONTRA
726 1015 806 1059 est,
836 1006 958 1064 quod
985 1006 1147 1050 dicitur
1172 1006 1310 1052 Rom.
1341 1020 1401 1065 5.:
1438 1008 1556 1053 Sicut
1569 1016 1648 1068 per
1677 1011 1801 1053 unius
1826 1009 2021 1055 delictum
2041 1010 2087 1054 in
2112 1024 2251 1055 omnes

281 1075 462 1118 homines
483 1075 526 1117 in
548 1073 944 1127 condemnationem,
977 1075 1035 1117 sic
1068 1080 1104 1117 et
1122 1082 1201 1133 per
1221 1075 1343 1118 unius
1369 1077 1579 1133 justitiam
1603 1077 1649 1120 in
1676 1091 1811 1121 omnes
1837 1076 2020 1122 homines
2038 1077 2086 1120 in
2101 1077 2253 1136 justifi-

281 1143 485 1185 cationem
510 1142 649 1185 vitae:
673 1140 752 1184 sed
782 1139 1055 1184 demeritum
1082 1140 1212 1184 Adae
1230 1141 1456 1185 derivatur
1483 1142 1538 1186 ad
1562 1143 1999 1188 condemnationem
2026 1141 2247 1187 aliorum:

281 1221 390 1266 ergo
418 1208 564 1251 multo
593 1207 739 1266 magis
763 1207 980 1250 meritum
1009 1207 1181 1252 Christi
1208 1209 1262 1252 ad
1291 1208 1405 1252 alios
1432 1209 1672 1253 derivatur.

368 1274 658 1318 RESPONDEO
687 1273 947 1327 dicendum,
972 1275 1109 1332 quod,
1132 1275 1248 1319 sicut
1273 1290 1408 1334 supra
1426 1276 1599 1319 dictum
1617 1285 1684 1320 est
1707 1275 1766 1335 (q.
1784 1277 1864 1335 8.),
1881 1276 1929 1320 in
1946 1276 2133 1321 Christo
2154 1290 2250 1320 non

279 1341 432 1385 solum
457 1341 540 1385 fuit
558 1341 715 1399 gratia,
734 1342 851 1385 sicut
871 1342 916 1384 in
938 1341 1139 1400 quodam
1160 1342 1351 1386 homine
1376 1342 1610 1401 singulari,
1637 1343 1715 1387 sed
1738 1344 1855 1387 sicut
1874 1344 1921 1387 in
1939 1344 2086 1403 capite
2109 1344 2250 1388 totius

278 1408 525 1461 Ecclesiae,
547 1408 619 1451 cui
641 1422 802 1452 omnes
821 1409 1037 1451 uniuntur
1053 1409 1170 1452 sicut
1196 1410 1332 1468 capiti
1354 1411 1575 1462 membra,
1595 1424 1649 1454 ex
1666 1410 1827 1468 quibus
1850 1411 2138 1455 constituitur
2154 1424 2251 1470 my-

279 1476 390 1519 stice
417 1490 506 1518 una
524 1489 742 1534 persona:
768 1485 814 1519 et
841 1475 1002 1518 exinde
1029 1485 1109 1529 est,
1148 1476 1271 1534 quod
1298 1476 1514 1520 meritum
1549 1476 1722 1520 Christi
1747 1491 1796 1520 se
1815 1477 2015 1521 extendit
2038 1478 2094 1521 ad
2119 1476 2250 1532 alios,

278 1542 548 1600 inquantum
566 1553 671 1586 sunt
687 1543 894 1586 membra
920 1543 1039 1601 ejus:
1068 1543 1183 1587 sicut
1200 1543 1338 1586 etiam
1364 1544 1409 1586 in
1434 1557 1525 1587 uno
1549 1543 1739 1586 homine
1766 1544 1887 1588 actio
1905 1543 2064 1603 capitis
2084 1543 2251 1604 aliqua·

278 1609 381 1653 liter
404 1610 598 1668 pertinet
612 1610 668 1653 ad
695 1612 852 1654 omnia
869 1610 1077 1653 membra
1095 1612 1215 1668 ejus3
1245 1610 1350 1669 quia
1367 1624 1462 1654 non
1488 1610 1640 1654 solum
1666 1610 1749 1654 sibi
1766 1610 1914 1665 sentit,
1932 1610 2011 1655 sed
2037 1611 2250 1656 omnibus

282 1677 513 1720 membris.

367 1744 443 1787 AD
461 1757 650 1788 PRIMUM
677 1758 787 1803 ergo
807 1744 1065 1799 dicendum,
1085 1745 1208 1803 quod
1226 1754 1469 1803 peccatum
1492 1743 1732 1803 singularis
1758 1758 1982 1803 personae
1998 1758 2095 1789 non
2110 1754 2249 1790 nocet

281 1811 367 1854 nisi
394 1811 478 1854 sibi
498 1811 604 1870 ipsi:
628 1812 706 1855 sed
733 1821 978 1870 peccatum
999 1811 1144 1866 Adae,
1168 1812 1245 1870 qui
1272 1812 1541 1856 constitutus
1564 1821 1630 1855 est
1648 1826 1674 1855 a
1691 1812 1795 1856 Deo
1812 1812 2089 1871 principium
2107 1812 2260 1866 totius,

278 1887 479 1931 naturae,
507 1878 563 1921 ad
591 1877 704 1922 alios
731 1893 811 1938 per
829 1878 976 1922 carnis
995 1879 1297 1937 propaginem
1324 1878 1574 1923 derivatur:
1594 1887 1637 1922 et
1653 1878 1862 1923 similiter
1878 1879 2093 1923 meritum
2117 1878 2249 1924 Chri-

277 1946 346 1999 sti,
375 1946 451 2004 qui
473 1955 540 1989 est
566 1960 592 1989 a
618 1947 721 1990 Deo
749 1946 1020 1990 constitutus
1045 1955 1181 2005 caput
1202 1948 1411 1990 omnium
1431 1945 1691 1999 hominum,
1717 1955 1937 2004 quantum
1956 1946 2011 1990 ad
2036 1947 2246 2005 gratiam,

278 2027 325 2056 se
353 2013 551 2056 extendit
578 2013 633 2056 ad
663 2014 820 2057 omnia
846 2014 941 2072 ejus
970 2013 1189 2057 membra.

367 2080 444 2124 AD
472 2093 733 2124 SECUNDUM
761 2080 1019 2134 dicendum,
1044 2080 1166 2139 quod
1194 2079 1271 2123 alii
1297 2080 1350 2123 de
1377 2079 1657 2139 plenitudine
1686 2079 2126 2140 Christi‘accipiunt,
2152 2094 2247 2125 non

281 2147 466 2206 quidem
507 2147 683 2191 fontem
721 2148 907 2205 gratiae,
942 2147 1020 2191 sed
1048 2147 1296 2206 quamdam
1323 2146 1643 2205 particularem
1685 2147 1901 2205 gratiam:
1943 2156 1988 2192 et
2011 2147 2117 2192 ideo
2151 2161 2247 2193 non

278 2223 472 2273 oportet,
500 2214 622 2272 quod
650 2213 726 2257 alii
752 2215 964 2258 homines
990 2214 1166 2272 possint
1192 2213 1289 2257 aliis
1316 2214 1496 2267 mereri,
1523 2215 1640 2257 sicut
1667 2213 1891 2258 Christus.

366 2282 444 2326 AD
469 2294 686 2325 TERTIUM
713 2281 973 2335 dicendum,
991 2281 1114 2340 quod
1132 2281 1247 2325 sicut
1262 2291 1503 2339 peccatum
1520 2280 1651 2324 Adae
1667 2294 1762 2324 non
1788 2281 2016 2325 derivatur
2031 2280 2088 2326 ad
2115 2280 2245 2336 alios,

277 2347 365 2393 nisi
390 2363 469 2408 per
495 2348 729 2392 carnalem
751 2351 1111 2406 generationem,
1137 2349 1199 2392 ita
1222 2350 1435 2392 meritum
1464 2347 1636 2392 Christi
1660 2362 1755 2392 non
1781 2348 2010 2393 derivatur
2035 2347 2092 2392 ad
2116 2347 2268 2403 alios,·

278 2416 366 2460 nisi
391 2430 472 2474 per
489 2415 887 2474 regenerationem
915 2415 1210 2474 spiritualem,
1239 2429 1353 2473 quae
1370 2414 1420 2458 fit
1441 2415 1486 2458 in
1503 2415 1746 2474 baptismo,
1768 2429 1850 2474 per
1869 2429 2007 2474 quam
2027 2415 2246 2461 homines

284 2482 470 2527 Christo
496 2482 858 2540 incorporantur,
882 2483 1133 2526 secundum
1151 2481 1262 2525 illud
1286 2482 1341 2525 ad
1362 2481 1510 2526 Galat.
1539 2496 1599 2539 3.:
1627 2483 1780 2527 Omnes
1796 2488 1992 2541 quotquot
2010 2484 2056 2526 in
2079 2481 2246 2529 Christo
2283 2498 2288 2502 ·

278 2551 480 2609 baptizati
496 2551 600 2603 estis,
631 2550 843 2594 Christum
868 2549 1084 2593 induistis:
1113 2558 1156 2592 et
1182 2549 1272 2592 hoc
1300 2549 1446 2607 ipsum
1475 2560 1541 2592 est
1572 2549 1758 2607 gratiae,
1787 2549 1910 2608 quod
1934 2549 2114 2594 homini
2141 2563 2246 2594 con·

283 2617 456 2660 ceditur
487 2617 747 2675 regenerari
772 2616 819 2660 in
847 2615 1057 2660 Christo:
1087 2625 1131 2659 et
1156 2616 1219 2659 sic
1248 2615 1369 2660 salus
1395 2615 1597 2659 hominis
1625 2625 1692 2660 est
1718 2631 1773 2660 ex
1799 2617 1956 2675 gratia.

939 2929 1385 3006 QUAESTIO
1437 2930 1586 2989 XX.

771 3085 852 3125 DE
900 3084 1422 3126 CONVENIENTIBUS
1470 3085 1742 3135 CHRISTO,

594 3173 922 3215 SECUNDUM
971 3173 1138 3223 QUOD
1185 3174 1359 3212 PATRI
1406 3174 1545 3214 FUIT
1592 3173 1931 3227 SUBJECTUS,

826 3263 891 3301 IN
925 3262 1082 3303 DUOS
1114 3262 1443 3303 ARTICULOS
1476 3263 1696 3304 DIVISA.

368 3416 546 3460 Deinde
570 3415 954 3460 considerandum
981 3425 1047 3459 est
1072 3415 1128 3459 de
1154 3415 1225 3459 his
1252 3430 1367 3474 quae
1386 3416 1665 3461 conveniunt
1686 3415 1874 3461 Christo
1899 3429 1980 3476 per
1993 3428 2244 3476 ¹compara-

277 3481 456 3526 tionem
475 3484 530 3527 ad
547 3484 754 3528 Patrem:
774 3497 970 3543 quorum
989 3483 1213 3542 quaedam
1232 3484 1437 3526 dicuntur
1456 3483 1511 3528 de
1533 3484 1633 3542 ipso
1651 3484 1905 3529 secundum
1925 3480 2241 3530 habitudinem

2340 2808 2352 2860 ιε’ξμί
2348 2786 2352 2787 1
2340 2667 2352 2762 fflffin‘v-w‘
2348 2647 2352 2651 .
2343 2595 2352 2623 ν.
2349 2562 2352 2563 ,
2344 2522 2352 2541 ,υ
2348 2494 2349 2499 Α

2326 3296 2352 3381 εὐθέα
2339 3281 2349 3290 »
2329 3214 2352 3271 Λ·ῑ·.-.-
2336 3181 2350 3206 we
2331 3000 2352 3175 mausz-kas
2335 2964 2352 2990 [ᾖ
2340 2877 2352 2957 „aaa
2344 2864 2351 2870 i-

278 3550 417 3608 ipsius
445 3551 501 3594 ad
527 3550 735 3605 Patrem3
758 3560 865 3610 puta
893 3550 1015 3610 quod
1043 3559 1109 3594 est
1134 3550 1175 3594 ei
1201 3550 1445 3608 subjectus,
1469 3552 1590 3609 quod
1618 3552 1767 3611 ipsum
1790 3551 1950 3606 oravit,
1976 3550 2101 3612 quod
2125 3550 2175 3596 ei·
2191 3550 2241 3599 in
2314 3603 2315 3606 Ἴ

277 3617 534 3661 sacerdotio
574 3618 868 3662 ministravit:
898 3617 1122 3677 quaedam
1156 3631 1264 3661 vero
1298 3617 1520 3671 dicuntur,
1554 3617 1627 3662 vel
1659 3619 1746 3662 dici
1772 3627 1964 3678 possunt
1987 3617 2239 3665 secundum
2272 3636 2274 3639 ·
