2352 3926
692 234 973 284 QUAESTIO
1014 235 1128 276 vm.
1170 235 1477 276 ARTICULUS
1516 233 1554 275 1.
2028 235 2094 289 99

139 342 203 388 ita
230 340 440 388 Christus
467 339 629 385 dicitur
655 348 791 399 caput
815 338 1048 383 Ecclesiae
1068 338 1318 383 secundum
1337 336 1683 383 similitudinem
1703 335 1896 381 humani
1918 335 2102 395 capitis,

141 411 189 455 in
214 422 306 469 quo
333 410 416 453 tria
442 421 685 468 possumus
709 405 1018 460 considerare;
1045 404 1241 451 scilicet:
1261 405 1463 459 ordinem,
1476 405 1791 466 perfectionem,
1810 412 1855 448 et
1873 404 2099 447 virtutem:

140 475 349 523 ordinem
375 475 574 534 quidem,
602 473 707 533 quia
733 483 869 532 caput
890 483 956 517 est
977 473 1125 532 prima
1150 486 1252 532 pars
1277 473 1494 526 hominis,
1522 470 1781 531 incipiendo
1800 484 1825 515 a
1851 469 2102 529 superiori3

143 553 189 591 et
212 543 318 588 inde
345 553 426 596 est,
453 542 575 602 quod
603 555 740 585 omne
772 540 1045 600 principium
1078 539 1315 584 consuevit
1346 540 1503 584 vocari
1535 549 1682 598 caput,
1715 538 1968 584 secundum
1989 536 2102 581 illud

141 609 371 656 Ezechiel.
404 607 495 654 16.:
521 608 591 654 Ad
622 623 738 653 omne
774 613 900 666 caput
933 609 1028 652 viae
1064 606 1291 666 aedificasti
1325 608 1489 665 signum
1515 607 1824 666 prostitutionis
1859 611 1975 650 tuae:
2007 618 2104 664 per-

141 677 391 724 sectionem
418 686 585 730 autem,
612 676 717 735 quia
739 676 784 720 in
808 675 955 735 capite
982 675 1138 733 vigent
1170 687 1331 718 omnes
1364 687 1520 718 sensus
1555 684 1598 717 et
1628 674 1879 726 interiores,
1912 682 1956 716 et
1988 681 2105 716 exte-

141 744 300 799 riores,
322 758 429 788 cum
456 745 645 787 caeteris
678 742 724 786 in
760 742 977 786 membris
1004 742 1061 786 sit
1096 740 1222 786 solus
1256 751 1428 794 tactus;
1467 750 1509 784 et
1546 741 1649 784 inde
1686 751 1752 784 est
1784 740 1905 800 quod
1941 738 2103 784 dicitur

138 812 225 858 Isa.
242 825 300 872 9.:
318 811 447 857 Senex
462 810 770 869 (Longaevus),
789 815 824 854 et
846 809 1101 854 honorabilis
1122 811 1205 869 ipse
1223 813 1276 853 est
1293 814 1435 867 caput:
1451 807 1666 851 virtutem
1683 822 1808 862 vero,
1826 807 1931 866 quia
1949 808 2106 861 virtus,

140 888 187 925 et
209 888 363 923 motus
389 888 675 922 caeterorum
702 877 1030 931 membrorum,
1058 885 1102 920 et
1133 876 1400 934 gubernatio
1435 889 1596 919 eorum
1628 875 1675 918 in
1707 875 1798 919 suis
1832 875 2004 919 actibus
2037 882 2106 918 est

146 960 174 992 a
198 945 361 1007 capite,
387 955 571 1006 propter
594 945 690 988 vim
716 944 994 998 sensitivam,
1014 953 1058 988 et
1074 943 1297 988 motivam
1320 942 1381 986 ibi
1399 942 1736 996 dominantem3
1755 941 1874 986 unde
1893 951 1938 986 et
1955 950 2105 986 rector

145 1012 307 1059 dicitur
332 1022 468 1072 caput
492 1011 662 1072 populi,
686 1011 939 1056 secundum
965 1010 1077 1054 illud
1110 1025 1146 1054 1.
1172 1009 1286 1069 Reg.
1319 1020 1410 1068 15.t
1440 1010 1547 1055 Cum
1574 1023 1668 1053 esses
1682 1009 1889 1068 parvulus
1914 1011 1960 1052 in
1977 1009 2105 1053 oculis

142 1082 238 1136 mis,
261 1086 388 1141 caput
410 1082 457 1124 in
483 1081 671 1124 tribubus
694 1079 826 1124 Israel
841 1080 986 1138 factus
1010 1093 1060 1122 es.
1088 1077 1215 1121 Haec
1243 1086 1396 1121 autem
1419 1078 1503 1121 tria
1525 1085 1791 1136 competunt
1814 1075 1999 1120 Christo
2018 1075 2107 1135 spi-

144 1147 386 1194 ritualiter:
405 1148 548 1207 primo
575 1147 700 1191 enim
726 1146 980 1190 secundum
1001 1145 1387 1205 propinquitatem
1415 1145 1469 1188 ad
1496 1145 1650 1188 Deum
1677 1143 1822 1202 gratia
1849 1144 1944 1202 ejus
1973 1143 2106 1187 altior

143 1224 225 1271 est,
250 1224 296 1260 et
318 1214 457 1274 prior,
483 1213 567 1258 etsi
591 1227 686 1258 non
711 1223 939 1273 tempore;
967 1213 1073 1272 quia
1100 1226 1261 1256 omnes
1290 1211 1366 1255 alii
1392 1220 1666 1270 acceperunt
1698 1210 1891 1269 gratiam
1924 1224 2004 1268 per
2035 1223 2103 1254 re-

143 1292 351 1343 spectum
378 1281 433 1325 ad
459 1281 654 1340 gratiam
679 1281 835 1340 ipsius,
858 1280 1111 1325 secundum
1137 1279 1247 1323 illud
1273 1279 1409 1323 Rom.
1444 1278 1510 1322 8.:
1545 1279 1661 1335 Quos
1688 1279 1930 1337 praescivit,
1967 1278 2036 1321 hos
2067 1283 2105 1322 et

141 1349 472 1411 praedestinavit
497 1349 728 1407 conformes
748 1349 842 1404 fieri
867 1348 1063 1406 imaginis
1087 1347 1191 1391 Filii
1214 1348 1294 1401 sui,
1322 1352 1365 1390 ut
1388 1347 1442 1390 sit
1466 1348 1547 1405 ipse
1565 1346 1869 1405 primogenitus
1890 1346 1934 1388 in
1967 1345 2106 1389 multis

136 1417 377 1479 fratribus:
403 1416 576 1460 secundo
601 1429 711 1459 vero
729 1414 1057 1474 perfectionem
1073 1414 1211 1458 habet
1236 1423 1457 1473 quantum
1477 1413 1532 1456 ad
1549 1412 1878 1472 plenitudinem
1896 1411 2103 1455 omnium

147 1484 410 1544 gratiarum,
436 1482 687 1526 secundum
713 1481 823 1526 illud
845 1482 975 1540 Joan.
1008 1496 1068 1526 1.:
1105 1482 1291 1526 Vidimus
1316 1496 1409 1525 eum
1429 1481 1602 1540 plenum
1626 1482 1806 1539 gratiae,
1835 1486 1872 1524 et
1896 1480 2105 1533 veritatis,

144 1560 196 1596 ut
220 1551 359 1595 etiam
383 1564 518 1609 supra
546 1559 779 1593 ostensum
807 1559 873 1593 est
899 1549 955 1607 (q.
978 1556 1121 1609 praec.
1149 1555 1231 1593 art.
1256 1550 1317 1608 9.)
1335 1564 1348 1593 .·
1367 1549 1486 1592 tertio
1503 1548 1716 1591 virtutem
1735 1547 1872 1590 habet
1888 1545 2108 1589 influendi

145 1619 339 1679 gratiam
363 1618 409 1662 in
436 1617 591 1660 omnia
614 1616 822 1660 membra
847 1614 1094 1670 Ecclesiae,
1114 1615 1365 1659 secundum
1390 1614 1501 1658 illud
1522 1615 1652 1672 Joan.
1677 1628 1737 1657 1.:
1762 1615 1829 1658 De
1843 1613 2101 1673 plenitudine

145 1687 234 1744 ejus
255 1698 330 1729 nos
351 1697 487 1728 omnes
510 1685 765 1744 accepimus:
793 1693 838 1727 et
862 1683 925 1727 sic
952 1693 1090 1743 patet,
1117 1683 1239 1742 quod
1267 1682 1476 1727 Christus
1502 1682 1825 1727 convenienter
1848 1682 2011 1726 dicitur
2028 1681 2110 1725 Ec-

146 1749 312 1796 clesiae
339 1759 488 1810 caput.

234 1817 311 1862 An
341 1829 531 1862 PRmUM
558 1830 668 1874 ergo
695 1815 956 1871 dicendum,
989 1815 1112 1876 quod
1145 1816 1252 1861 dare
1284 1817 1492 1876 gratiam,
1525 1826 1602 1861 aut
1635 1815 1853 1876 Spiritum
1887 1815 2108 1861 Sanctum

147 1883 363 1930 convenit
387 1881 589 1936 Christo,
617 1883 869 1927 secundum
897 1884 1019 1943 quod
1046 1892 1112 1927 est
1138 1883 1279 1938 Deus,
1313 1884 1649 1928 auctoritative:
1683 1884 1761 1928 sed
1787 1884 2106 1928 instrumenta-

95 1958 97 1960 ’
146 1949 250 1996 liter
275 1950 490 1995 convenit
514 1949 652 1995 etiam
679 1950 734 2005 ei,
761 1951 1014 1995 secundum
1047 1950 1169 2010 quod
1202 1960 1270 1995 est
1299 1951 1470 2006 homo3
1503 1953 1772 2010 inquantum
1805 1950 1980 1995 scilicet
2011 1953 2109 2010 ejus

143 2017 404 2064 humanitas
428 2017 783 2062 instrumentum
808 2017 892 2062 fuit
917 2017 1162 2062 divinitatis
1189 2019 1310 2077 ejus;
1338 2027 1383 2062 et
1406 2018 1468 2062 ita
1496 2019 1697 2062 actiones
1717 2018 1857 2077 ipsius
1875 2032 1930 2062 ex
1946 2019 2110 2063 virtute

68 2084 83 2099 ’
145 2084 394 2131 divinitatis*
414 2083 598 2129 fuerunt
620 2084 753 2130 nobis
774 2084 1047 2140 salutiferae,
1074 2094 1230 2145 utpote
1254 2085 1447 2145 gratiam
1472 2085 1520 2129 in
1541 2085 1673 2130 nobis
1698 2095 1950 2141 causantes,
1969 2095 2013 2130 et
2029 2100 2110 2146 per

143 2151 374 2207 meritum,
400 2161 445 2196 et
469 2165 551 2212 per
575 2150 867 2197 efficientiam
894 2152 1162 2212 quamdam:
1190 2152 1474 2212 Augustinus
1497 2162 1650 2197 autern
1673 2162 1824 2211 negat,
1853 2153 2106 2208 Christum,

141 2218 394 2265 secundum
421 2218 544 2279 quod
565 2218 712 2263 homo
739 2229 820 2275 est,
847 2219 956 2264 dare
982 2219 1202 2279 Spiritum
1229 2219 1450 2265 Sanctum
1473 2234 1553 2280 per
1580 2220 1922 2264 auctoritatem:
1950 2220 2110 2265 instru-

141 2285 401 2332 mentaliter
427 2296 597 2341 autem,
623 2286 719 2331 sive
736 2286 1092 2331 ministerialiter
1109 2287 1248 2332 etiam
1271 2287 1347 2331 alii
1372 2288 1519 2333 sancti
1536 2288 1746 2332 dicuntur
1764 2287 1869 2332 dare
1888 2287 2108 2347 Spiritum

142 2353 380 2408 Sanctum,
405 2352 658 2398 secundum
683 2352 795 2398 illud
820 2353 922 2399 Gal.
954 2368 1015 2414 3.:
1044 2355 1134 2412 Qui
1159 2356 1309 2400 tribuit
1332 2356 1451 2400 vobis
1479 2356 1700 2414 Spiritum,
1730 2364 1816 2400 etc.

230 2420 307 2466 AD
330 2433 592 2466 SECUNDUM
618 2420 879 2475 dicendum,
905 2421 1028 2481 quod
1054 2421 1102 2465 in
1128 2422 1455 2481 metaphoricis
1482 2422 1791 2466 locutionibus
1813 2437 1907 2467 non
1930 2431 2112 2482 oportet

143 2487 316 2534 attendi
340 2486 687 2533 similitudinem
714 2497 933 2548 quantum
960 2488 1016 2532 ad
1040 2489 1218 2532 omnia:
1242 2490 1305 2533 sic
1333 2490 1458 2534 enim
1483 2504 1578 2534 non
1604 2499 1723 2534 esset
1747 2490 2014 2545 similitudo,
2031 2490 2110 2535 sed

142 2555 208 2601 rei
232 2555 422 2599 veritas:
449 2555 608 2615 capitis
633 2555 772 2615 igitur
792 2555 1009 2600 naturalis
1026 2570 1121 2601 non
1140 2566 1207 2600 est
1225 2566 1360 2615 caput
1378 2556 1525 2611 aliud3
1549 2558 1653 2616 quia
1671 2571 1836 2617 corpus
1853 2557 2110 2602 humanum

144 2636 240 2667 non
266 2632 335 2667 est
358 2636 461 2682 pars
489 2621 672 2667 alterius
699 2623 918 2683 corporis,
946 2623 1025 2668 sed
1052 2637 1218 2682 corpus
1236 2624 1602 2669 ¹similitudinarie
1620 2625 1808 2679 dictum,
1826 2625 1942 2670 idest
1960 2619 2111 2685 aliqua

145 2688 390 2736 multitudo
418 2689 639 2744 ordinata,
666 2700 735 2735 est
758 2705 861 2749 pars
889 2690 1069 2735 alterius
1097 2690 1421 2747 multitudinis3
1448 2692 1565 2736 sicut
1590 2691 1835 2736 multitudo
1858 2692 2112 2737 domestica

145 2766 214 2802 est
236 2770 341 2816 pars
367 2755 667 2801 multitudinis
691 2757 859 2812 civilis3
887 2767 933 2802 et
956 2757 1061 2802 ideo
1084 2757 1422 2817 paterfamilias,
1450 2759 1527 2818 qui
1553 2769 1620 2803 est
1646 2770 1783 2819 caput
1808 2759 2109 2804 multitudinis

65 2879 67 2881 ι
145 2823 442 2877 domesticae,
467 2823 606 2868 habet
647 2838 782 2884 supra
817 2839 866 2869 se
900 2834 1035 2884 caput
1065 2835 1296 2869 rectorum
1335 2825 1548 2881 civitatis;
1581 2836 1627 2870 et
1657 2841 1738 2886 per
1767 2827 1890 2873 hunc
1918 2828 2110 2872 modum

65 2887 72 2914 ³
145 2889 261 2935 nihil
281 2890 507 2950 prohibet,
533 2902 667 2952 caput
695 2891 865 2936 Christi
887 2905 986 2937 esse
1011 2891 1190 2947 Deum3
1219 2906 1325 2936 cum
1343 2902 1501 2943 tamen
1526 2893 1624 2953 ipse
1652 2893 1862 2939 Christus
1894 2895 1951 2940 sit
1977 2904 2110 2954 caput

58 2959 66 2987 ἓ·
145 2956 392 3003 Ecclesiae.

51 3035 65 3086 j.
234 3024 312 3069 An
353 3035 570 3070 TERTIUM
602 3024 862 3079 dicendum,
897 3026 1019 3085 quod
1054 3034 1186 3086 caput
1216 3025 1355 3070 habet
1385 3026 1676 3072 manifestam
1711 3028 2008 3073 eminentiam
2041 3042 2110 3073 re-

146 3101 303 3152 spectu
329 3100 616 3136 caeterorum
643 3092 920 3138 exteriorum
950 3093 1288 3137 membrorum:
1308 3094 1386 3138 sed
1411 3109 1490 3139 cor
1505 3095 1643 3140 habet
1659 3096 1905 3155 quamdam
1924 3095 2111 3140 influen-

145 3159 258 3204 tiam
283 3156 546 3214 occultam;
572 3169 617 3204 et
640 3159 745 3204 ideo
774 3160 902 3204 cordi
929 3170 1221 3220 comparatur
1249 3161 1440 3221 Spiritus
1474 3162 1683 3219 Sanctus,
1716 3164 1793 3222 qui
1822 3163 2106 3208 invisibiliter

146 3224 401 3270 Ecclesiam
426 3224 639 3282 vivificat,
665 3235 710 3271 et
734 3228 852 3271 unit:
881 3227 1018 3287 capiti
1036 3237 1189 3272 autem
1208 3238 1499 3288 comparatur
1513 3230 1610 3290 ipse
1629 3230 1839 3275 Christus
1856 3229 2108 3274 secundum

143 3291 372 3337 visibilem
398 3302 624 3348 naturam,
650 3294 902 3339 secundum
929 3308 1067 3354 quam
1092 3295 1238 3339 homo
1264 3295 1527 3341 hominibus
1552 3296 1813 3356 praefertur.
