2352 3926
616 264 895 313 QUABSTIO
934 265 1135 305 LXXXV.
1174 264 1483 306 ARTICULUS
1522 264 1599 304 111.
1978 266 2082 322 795

825 479 1260 539 ARTICULUS
1302 481 1403 537 111.
2006 507 2087 553 522

307 615 503 656 UTRUM
540 617 736 657 VIRTUS
777 617 1187 658 POENITENTIAE
1228 618 1315 657 SIT
1356 618 1570 658 SPECIES
1610 616 1912 673 JUSTITIAE.

403 718 533 779 (Insr.
551 726 635 769 art.
652 720 694 766 6.
712 729 824 781 corp.
843 727 881 767 et
896 735 938 779 4.
951 723 1064 767 Dist.
1082 736 1146 779 14.
1166 737 1204 781 q.
1218 737 1253 769 r.
1274 728 1355 767 art.
1375 737 1410 767 ι.
1429 736 1467 781 q.
1486 734 1529 779 4.
1546 720 1600 766 ad
1614 734 1656 778 4.
1668 726 1705 766 et
1723 735 1759 781 q.
1773 733 1812 781 5.

686 795 726 834 et
754 789 864 833 Dist.
892 803 947 847 15.
975 804 1014 848 q.
1040 805 1076 835 1.
1102 796 1183 834 art.
1207 805 1242 835 1.
1260 804 1298 848 q.
1316 804 1354 849 3.
1377 789 1431 833 ad
1451 790 1533 848 4.).

219 898 297 944 An
324 910 540 945 TERTmM
566 899 631 944 sic
657 900 930 959 proceditur.
956 899 1162 955 Videtur,
1189 901 1312 960 quod
1333 901 1473 945 virtus
1490 900 1796 960 poenitentiae
1814 913 1908 945 non
1930 899 1988 944 sit
1998 912 2095 959 spe·

131 965 224 1012 cies
248 966 466 1026 justitiae:
493 967 662 1027 justitia
695 967 818 1013 enim
848 981 944 1012 non
977 978 1045 1013 est
1076 968 1216 1012 virtus
1251 968 1532 1027 theologica,
1558 968 1637 1012 sed
1663 967 1867 1022 moralis,
1893 977 1943 1012 ut
1971 967 2020 1011 in
2051 978 2093 1011 2.

130 1042 256 1092 patet
281 1038 379 1091 (1-2.
404 1049 444 1093 q.
472 1035 542 1080 62.
567 1040 648 1080 art.
671 1035 758 1094 3.).·
784 1034 1066 1094 poenitentia
1108 1046 1261 1080 autem
1297 1035 1477 1079 videtur
1517 1050 1615 1080 esse
1646 1036 1787 1080 virtus
1812 1034 2093 1094 theologica,

131 1101 238 1162 quia
268 1101 407 1146 habet
436 1102 588 1146 Deum
615 1116 697 1161 pro
730 1102 935 1161 objecto:
969 1102 1186 1148 satisfacit
1222 1102 1346 1147 enim
1381 1103 1500 1158 Deo,
1538 1103 1612 1147 cui
1658 1102 1796 1147 etiam
1827 1101 2096 1147 reconciliat

130 1177 446 1229 peccatorem3
472 1183 583 1230 ergo
608 1169 800 1226 videtur,
827 1170 950 1229 quod
975 1170 1256 1230 poenitentia
1279 1183 1374 1214 non
1401 1169 1459 1214 sit
1483 1170 1659 1230 species
1685 1170 1896 1230 justitiae.

219 1247 262 1280 2.
287 1235 584 1282 Pur-snm.
606 1236 798 1295 Justitia‚
825 1251 930 1282 cum
964 1239 1022 1282 sit
1051 1238 1192 1283 virtus
1233 1236 1435 1292 moralis,
1472 1237 1680 1282 consistit
1724 1238 1771 1281 in
1803 1236 1983 1282 medio:
2016 1235 2095 1282 sed

130 1302 409 1363 poenitentia
433 1317 528 1348 non
555 1303 764 1349 consistit
787 1304 835 1348 in
869 1305 1039 1359 medio,
1066 1305 1144 1350 sed
1170 1305 1218 1349 in
1243 1304 1446 1364 quodam
1473 1318 1674 1359 excessu,
1701 1304 1955 1349 secundum
1980 1302 2094 1348 illud

132 1370 335 1415 Hierem.
360 1368 426 1416 6.:
459 1371 642 1425 Luctum
666 1373 868 1430 unigeniti
879 1372 955 1431 fac
978 1373 1056 1417 tibi
1075 1372 1295 1433 planctum
1320 1385 1545 1426 amarum,·
1570 1386 1680 1431 ergo
1702 1371 1981 1432 poenitentia
2000 1383 2096 1415 non

133 1446 203 1483 est
231 1438 406 1498 species
431 1439 642 1498 justitiae.
2030 1455 2032 1457 ·

225 1519 264 1564 3.
289 1506 587 1552 Fun-rnna.
613 1508 747 1556 Duae
772 1517 877 1552 sunt
902 1508 1076 1567 species
1101 1507 1312 1566 justitiae,
1328 1518 1378 1553 ut
1395 1508 1557 1555 dicitur
1582 1507 1629 1552 in
1649 1520 1687 1564 5.
1705 1506 1851 1553 Ethic.
1875 1507 1991 1568 (cap.
2013 1520 2055 1564 4.
2054 1506 2097 1565 )‚

133 1571 307 1618 scilicet
330 1573 614 1629 distributiva,
642 1584 686 1619 et
711 1577 1043 1620 commutativa:
1072 1575 1151 1620 sed
1184 1575 1264 1619 sub
1291 1586 1453 1620 neutra
1477 1575 1656 1620 videtur
1686 1574 1967 1634 poenitentia
1994 1588 2100 1618 con-

132 1640 287 1695 tineri;
313 1654 424 1700 ergo
449 1641 640 1695 videtur,
667 1642 789 1701 quod
816 1643 1095 1701 poenitentia
1119 1656 1214 1686 non
1241 1643 1296 1687 sit
1322 1643 1496 1702 species
1528 1642 1738 1701 justitiae.

222 1718 264 1763 4.
291 1707 589 1754 PRAETEREA.
618 1704 764 1768 Super
784 1709 895 1754 illud
914 1710 1024 1754 Luc.
1043 1708 1108 1755 6.:
1127 1711 1261 1765 Beati,
1280 1712 1353 1769 qui
1372 1725 1483 1755 nunc
1490 1710 1616 1769 fletis,
1636 1709 1744 1754 dicit
1762 1708 1914 1754 Gloss.
1937 1708 2094 1767 (ordin.

134 1774 316 1833 Bedae):
348 1791 371 1817 κ
396 1774 516 1821 Ecce
543 1776 794 1835 prudentia,
813 1791 901 1836 qua
928 1777 1179 1821 ostenditur
1211 1792 1348 1836 quam
1380 1777 1495 1822 haec
1527 1787 1706 1821 terrena
1729 1777 1819 1821 sint
1850 1776 2031 1831 misera,
2053 1786 2098 1820 et

135 1856 275 1902 quam
305 1842 438 1887 beata
470 1842 686 1888 coelestia
718 1859 767 1887 »:
802 1844 880 1888 sed
911 1843 1019 1889 flere
1053 1855 1118 1889 est
1151 1854 1277 1889 actus
1310 1844 1640 1904 poenitentiae3
1675 1859 1784 1904 ergo
1817 1843 2098 1903 poenitentia

138 1909 285 1969 magis
313 1920 382 1955 est
406 1912 580 1970 species
607 1910 885 1970 prudentiae,
913 1926 1051 1971 quam
1082 1912 1294 1970 justitiae.

226 1977 320 2022 SED
348 1990 544 2023 CONTRA
570 1988 651 2032 est,
673 1978 795 2038 quod
822 1979 1015 2038 August.
1052 1979 1162 2023 dicit
1196 1979 1242 2023 in
1278 1979 1354 2023 lib.
1382 1979 1438 2023 de
1464 1979 1751 2024 Poenitentia
1777 1978 1866 2037 (seu
1891 1979 1958 2024 De
1979 1993 2098 2033 vera,

136 2049 175 2090 et
194 2044 311 2102 falsa
327 2046 484 2104 poenit.
511 2053 604 2105 cap.
630 2046 671 2091 8.
699 2060 726 2090 α
749 2045 852 2091 med.
880 2053 919 2091 et
944 2054 1034 2106 cap.
1051 2048 1167 2106 19.).·
1194 2062 1218 2088 «
1243 2047 1531 2091 Poenitentia
1558 2056 1625 2091 est
1651 2047 1878 2106 quaedam
1904 2045 2100 2090 dolentis

137 2110 353 2165 vindicta,
378 2126 560 2171 semper
584 2113 776 2172 puniens
806 2113 854 2157 in
880 2127 928 2158 se
954 2113 1076 2173 quod
1110 2113 1235 2158 dolet
1267 2114 1554 2158 commisisse
1580 2127 1631 2156 n:
1659 2113 1739 2157 sed
1764 2113 2014 2158 vindictam
2039 2112 2100 2157 fa-

140 2192 244 2224 cere
267 2179 461 2238 pertinet
486 2179 542 2223 ad
582 2180 816 2238 justitiam,
842 2180 962 2224 unde
990 2180 1171 2226 Tullius
1204 2182 1249 2225 in
1282 2196 1365 2226 sua
1395 2181 1645 2226 Rhetorica
1671 2181 1765 2239 (lib.
1793 2195 1832 2226 2.
1860 2180 1907 2225 de
1931 2181 2095 2225 Inveni.

137 2245 341 2305 aliquant.
373 2253 469 2291 ante
489 2247 590 2305 fin.)
619 2247 749 2306 ponit
772 2247 1097 2292 vindicativam
1124 2262 1265 2292 unam
1287 2249 1490 2308 speciem
1522 2248 1743 2308 justitiae3
1773 2262 1884 2307 ergo
1909 2247 2102 2301 videtur,

136 2313 260 2372 quod
284 2313 562 2373 poenitentia
583 2314 640 2358 sit
664 2314 839 2373 species
863 2315 1076 2374 justitiae.

171 2381 179 2389 ‘
225 2380 514 2427 stponnsso
553 2382 812 2437 dicendum,
849 2382 987 2442 quod,
1014 2383 1132 2427 sicut
1165 2397 1301 2443 supra
1338 2383 1510 2428 dictum
1539 2394 1606 2428 est
1634 2383 1736 2440 (art.
1762 2390 1906 2443 praec.
1939 2382 1994 2427 ad
2023 2383 2102 2443 2.),

137 2447 417 2508 poenitentia
441 2463 536 2493 non
560 2449 699 2494 habet
723 2449 847 2509 quod
873 2450 930 2494 sit
954 2450 1095 2495 virtus
1121 2450 1330 2509 specialis
1368 2465 1421 2495 ex
1457 2451 1547 2495 hoc
1586 2451 1703 2507 solo,
1737 2450 1860 2510 quod
1887 2450 2012 2495 dolet
2047 2450 2103 2494 de

139 2513 265 2560 malo
290 2525 548 2575 perpetrato
575 2516 654 2574 (ad
672 2516 764 2561 hoc
783 2517 907 2561 enim
924 2516 1150 2562 sufficeret
1176 2518 1418 2576 charitas);
1445 2518 1524 2563 sed
1552 2533 1606 2563 ex
1633 2533 1689 2563 eo
1716 2518 1839 2577 quod
1865 2519 2104 2577 poenitens

140 2580 267 2627 dolet
290 2581 346 2627 de
372 2593 563 2642 peccato
597 2584 864 2638 commisso,
890 2584 1161 2644 inquantum
1193 2595 1262 2630 est
1293 2584 1469 2630 offensa
1501 2586 1603 2641 Dei,
1637 2600 1743 2629 cum
1770 2584 2104 2629 emendationis

140 2650 400 2708 proposit03
425 2650 686 2695 emendatio
713 2662 867 2696 autem
893 2651 1095 2697 offensae
1122 2662 1282 2697 contra
1309 2651 1508 2712 aliquem
1528 2653 1804 2697 commissae
1830 2666 1925 2696 non
1948 2651 1996 2695 fit
2022 2665 2102 2710 per

142 2714 293 2760 solam
317 2717 623 2762 cessationem
655 2717 882 2773 offensae3
908 2719 988 2763 sed
1020 2720 1212 2778 exigitur
1243 2719 1430 2764 ulterius
1462 2721 1687 2779 quaedam
1720 2718 2103 2777 recompensatio,

143 2796 260 2842 quae
285 2782 605 2828 habet'locum
630 2784 678 2828 in
704 2784 890 2830 offensis
915 2786 963 2831 in
991 2785 1179 2831 alterum
1214 2787 1489 2841 commissis,
1521 2788 1636 2831 sicut
1662 2796 1707 2830 et
1732 2785 1993 2839 retributi03
2019 2784 2106 2829 nisi

142 2850 267 2910 quod
292 2851 657 2910 recompensatio
684 2862 751 2896 est
777 2866 830 2896 ex
855 2862 982 2911 parte
1009 2854 1104 2912 ejus
1131 2854 1208 2913 qui
1233 2853 1435 2909 offendit,
1458 2864 1615 2912 utpote
1643 2868 1748 2896 cum
1775 2851 2012 2896 satisfacit:
2041 2865 2105 2895 re·

143 2916 326 2963 tributio
355 2927 508 2962 autem
535 2928 603 2963 est
634 2933 688 2963 ex
719 2929 844 2978 parte
871 2921 981 2978 ejus,
1014 2920 1059 2964 in
1092 2935 1229 2980 quem
1256 2932 1323 2966 est
1349 2920 1522 2966 offensa
1557 2920 1828 2973 commissa3
1862 2929 2105 2978 utrumque

148 2994 301 3028 autem
328 2984 383 3028 ad
407 2985 646 3029 materiam
671 2986 866 3043 justitiae
893 2987 1099 3046 pertinet,
1137 2988 1242 3047 quia
1268 2999 1510 3046 utrumque
1544 2997 1611 3031 est
1644 2986 1946 3030 commutatio
1973 2999 2106 3044 quae-

146 3051 276 3106 dam3
302 3050 422 3096 unde
448 3051 739 3096 manifestum
765 3063 846 3107 est,
872 3053 995 3112 quod
1021 3055 1300 3113 poenitentia
1328 3055 1579 3099 secundum
1607 3054 1729 3111 quod
1756 3063 1825 3098 est
1853 3053 2010 3105 virtus,
2037 3062 2106 3097 est

144 3133 247 3179 pars
271 3118 480 3178 justitiae.
510 3119 758 3163 Sciendum
790 3129 944 3164 tamen
971 3131 1051 3176 est,
1079 3122 1215 3181 quod,
1244 3122 1495 3166 secundum
1522 3120 1791 3179 Philosoph.
1817 3120 1864 3164 in
1895 3133 1932 3177 5.
1959 3119 2104 3164 Ethic.

147 3187 260 3246 (cap.
287 3185 369 3244 6.),
401 3185 619 3245 dupliciter
650 3186 811 3231 dicitur
835 3188 1020 3245 justum,
1046 3189 1220 3233 scilicet
1243 3190 1502 3248 simpliciter,
1531 3197 1575 3232 et
1598 3187 1816 3232 secundnm
1848 3187 1973 3247 quid:
2007 3187 2110 3231 sim-

146 3251 322 3312 pliciter
347 3252 531 3311 quidem
548 3254 717 3311 justum
734 3263 802 3298 est
817 3254 932 3298 inter
950 3255 1184 3314 aequales;
1205 3270 1260 3299 eo
1279 3254 1401 3314 quod
1428 3254 1596 3312 justitia
1615 3263 1683 3298 est
1705 3254 1952 3313 aequalitas
1972 3268 2109 3312 quae-

148 3319 270 3374 dam,
295 3320 419 3379 quod
443 3320 540 3379 ipse
565 3329 701 3364 vocat
740 3321 910 3378 justum
949 3322 1202 3381 politicum,
1240 3321 1313 3365 vel
1350 3320 1498 3375 civile,
1533 3334 1588 3365 eo
1624 3321 1747 3379 quod
1785 3334 1946 3365 omnes
1984 3321 2105 3364 cives

149 3385 361 3446 aequales
388 3397 506 3440 sunt,
529 3397 749 3446 quantum
776 3387 831 3431 ad
853 3388 943 3432 hoc
968 3390 1089 3447 quod
1111 3390 1375 3433 immediate
1393 3398 1497 3433 sunt
1512 3388 1593 3432 sub
1612 3388 1828 3447 principe,
1847 3388 1964 3431 sicut
1982 3386 2110 3431 liberi

150 3454 412 3499 existentes:
439 3454 608 3511 justum
635 3464 788 3498 autem
814 3455 1065 3500 secundum
1092 3456 1199 3516 quid
1218 3456 1393 3510 dicitur,
1412 3454 1534 3514 quod
1553 3464 1619 3499 est
1640 3455 1756 3499 inter
1778 3454 1896 3508 illos,
1914 3468 2109 3514 quorum

149 3534 267 3565 unus
292 3530 361 3566 est
384 3520 466 3565 sub
490 3531 712 3580 potestate
740 3520 937 3576 alterius,
955 3522 1074 3567 sicut
1094 3537 1249 3568 servus
1272 3523 1353 3567 sub
1381 3522 1588 3576 domino,
1606 3521 1724 3566 filius
1741 3523 1822 3566 sub
1839 3532 1980 3580 patre,
1998 3536 2111 3566 uxor

150 3587 232 3633 sub
258 3587 373 3643 viro,
399 3597 443 3633 et
466 3586 558 3633 tale
583 3589 753 3647 justum
779 3588 1090 3634 consideratur
1109 3590 1157 3634 in
1179 3589 1482 3649 poeniteutia3
1510 3589 1629 3633 unde
1656 3588 1895 3647 poenitens
1922 3589 2111 3634 recurrit

155 3653 211 3699 ad
235 3653 389 3700 Deum
415 3668 523 3701 cum
549 3654 880 3702 emendationis
906 3656 1158 3716 proposit0,
1181 3657 1297 3702 sicut
1320 3669 1475 3701 servus
1498 3655 1554 3700 ad
1577 3655 1832 3711 dominum,
1859 3655 2110 3702 secundum
