<?xml version="1.0" encoding="UTF-8"?>
<!DOCTYPE html PUBLIC "-//W3C//DTD XHTML 1.0 Transitional//EN"
    "http://www.w3.org/TR/xhtml1/DTD/xhtml1-transitional.dtd">
<html xmlns="http://www.w3.org/1999/xhtml" xml:lang="en" lang="en">
 <head>
  <title>
</title>
<meta http-equiv="Content-Type" content="text/html;charset=utf-8" />
  <meta name='ocr-system' content='tesseract 3.04.00' />
  <meta name='ocr-capabilities' content='ocr_page ocr_carea ocr_par ocr_line ocrx_word'/>
</head>
<body>
  <div class='ocr_page' id='page_1' title='image "./divithomaeaquina04thom_0294.png"; bbox 0 0 2352 3926; ppageno 0'>
   <div class='ocr_carea' id='block_1_1' title="bbox 272 200 1760 262">
    <p class='ocr_par' dir='ltr' id='par_1_1' title="bbox 272 200 1760 262">
     <span class='ocr_line' id='line_1_1' title="bbox 272 200 1760 262; baseline -0.001 -17"><span class='ocrx_word' id='word_1_1' title='bbox 272 206 379 262; x_wconf 84' lang='lat'>290</span> <span class='ocrx_word' id='word_1_2' title='bbox 783 204 1064 250; x_wconf 78' lang='lat' dir='ltr'><strong>QUAESTIO</strong></span> <span class='ocrx_word' id='word_1_3' title='bbox 1105 204 1292 243; x_wconf 84' lang='lat' dir='ltr'>XXXIV.</span> <span class='ocrx_word' id='word_1_4' title='bbox 1323 200 1642 249; x_wconf 69' lang='lat' dir='ltr'>-ARTICULUS</span> <span class='ocrx_word' id='word_1_5' title='bbox 1682 204 1760 245; x_wconf 82' lang='lat'>111.</span> 
     </span>
    </p>
   </div>
   <div class='ocr_carea' id='block_1_2' title="bbox 270 305 2244 436">
    <p class='ocr_par' dir='ltr' id='par_1_2' title="bbox 270 305 2244 436">
     <span class='ocr_line' id='line_1_2' title="bbox 361 305 2241 384; baseline 0.001 -32"><span class='ocrx_word' id='word_1_6' title='bbox 361 322 399 367; x_wconf 86' lang='lat'>3.</span> <span class='ocrx_word' id='word_1_7' title='bbox 419 308 717 352; x_wconf 71' lang='lat' dir='ltr'>PRAETEREA.</span> <span class='ocrx_word' id='word_1_8' title='bbox 738 305 788 350; x_wconf 92' lang='lat' dir='ltr'>Id</span> <span class='ocrx_word' id='word_1_9' title='bbox 806 305 929 383; x_wconf 79' lang='lat' dir='ltr'>quod</span> <span class='ocrx_word' id='word_1_10' title='bbox 947 305 1091 351; x_wconf 90' lang='lat' dir='ltr'>semel</span> <span class='ocrx_word' id='word_1_11' title='bbox 1109 306 1270 365; x_wconf 89' lang='lat' dir='ltr'>aliquis</span> <span class='ocrx_word' id='word_1_12' title='bbox 1287 307 1464 363; x_wconf 86' lang='lat' dir='ltr'>meruit,</span> <span class='ocrx_word' id='word_1_13' title='bbox 1481 309 1575 384; x_wconf 83' lang='lat' dir='ltr'>jam</span> <span class='ocrx_word' id='word_1_14' title='bbox 1592 306 1699 351; x_wconf 87' lang='lat' dir='ltr'>fecit</span> <span class='ocrx_word' id='word_1_15' title='bbox 1715 306 2062 367; x_wconf 87' lang='lat' dir='ltr'>quodammodo</span> <span class='ocrx_word' id='word_1_16' title='bbox 2081 322 2241 359; x_wconf 81' lang='lat' dir='ltr'>suum:</span> 
     </span>
     <span class='ocr_line' id='line_1_3' title="bbox 270 373 2244 436; baseline -0.001 -17"><span class='ocrx_word' id='word_1_17' title='bbox 270 385 316 420; x_wconf 93' lang='lat' dir='ltr'>et</span> <span class='ocrx_word' id='word_1_18' title='bbox 340 375 401 419; x_wconf 87' lang='lat' dir='ltr'>ita</span> <span class='ocrx_word' id='word_1_19' title='bbox 427 389 522 418; x_wconf 88' lang='lat' dir='ltr'>non</span> <span class='ocrx_word' id='word_1_20' title='bbox 547 374 740 428; x_wconf 86' lang='lat' dir='ltr'>videtur,</span> <span class='ocrx_word' id='word_1_21' title='bbox 768 374 891 432; x_wconf 91' lang='lat' dir='ltr'>quod</span> <span class='ocrx_word' id='word_1_22' title='bbox 917 373 1084 417; x_wconf 91' lang='lat' dir='ltr'>iterum</span> <span class='ocrx_word' id='word_1_23' title='bbox 1106 375 1250 433; x_wconf 89' lang='lat' dir='ltr'><strong>possit</strong></span> <span class='ocrx_word' id='word_1_24' title='bbox 1274 373 1386 418; x_wconf 92' lang='lat' dir='ltr'>illud</span> <span class='ocrx_word' id='word_1_25' title='bbox 1404 374 1590 428; x_wconf 81' lang='lat' dir='ltr'>mereri3</span> <span class='ocrx_word' id='word_1_26' title='bbox 1608 374 1712 433; x_wconf 91' lang='grc'><strong>(11113</strong></span> <span class='ocrx_word' id='word_1_27' title='bbox 1731 373 1882 418; x_wconf 90' lang='lat' dir='ltr'>nullus</span> <span class='ocrx_word' id='word_1_28' title='bbox 1900 385 2100 436; x_wconf 79' lang='lat' dir='ltr'>meretur</span> <span class='ocrx_word' id='word_1_29' title='bbox 2121 376 2244 436; x_wconf 72' lang='lat' dir='ltr'>quod</span> 
     </span>
    </p>
   </div>
   <div class='ocr_carea' id='block_1_3' title="bbox 269 438 2300 520">
    <p class='ocr_par' dir='ltr' id='par_1_3' title="bbox 269 438 2300 520">
     <span class='ocr_line' id='line_1_4' title="bbox 269 438 2300 520; baseline 0 -33"><span class='ocrx_word' id='word_1_30' title='bbox 269 457 404 487; x_wconf 82' lang='lat' dir='ltr'>suum</span> <span class='ocrx_word' id='word_1_31' title='bbox 432 452 527 495; x_wconf 74' lang='lat' dir='ltr'>est3</span> <span class='ocrx_word' id='word_1_32' title='bbox 555 442 592 484; x_wconf 79' lang='lat' dir='ltr'>Sl</span> <span class='ocrx_word' id='word_1_33' title='bbox 620 455 730 499; x_wconf 76' lang='lat' dir='ltr'>ergo</span> <span class='ocrx_word' id='word_1_34' title='bbox 760 440 968 485; x_wconf 74' lang='lat' dir='ltr'>ChrlstUS</span> <span class='ocrx_word' id='word_1_35' title='bbox 1000 440 1047 483; x_wconf 80' lang='lat' dir='ltr'>ln</span> <span class='ocrx_word' id='word_1_36' title='bbox 1080 455 1230 500; x_wconf 79' lang='lat' dir='ltr'>prlmO</span> <span class='ocrx_word' id='word_1_37' title='bbox 1263 441 1448 485; x_wconf 72' lang='lat' dir='ltr'>Instanti</span> <span class='ocrx_word' id='word_1_38' title='bbox 1478 455 1587 485; x_wconf 80' lang='lat' dir='ltr'>suae</span> <span class='ocrx_word' id='word_1_39' title='bbox 1620 441 1954 499; x_wconf 69' lang='lat' dir='ltr'>conceptionls</span> <span class='ocrx_word' id='word_1_40' title='bbox 1962 438 2245 520; x_wconf 52' lang='lat' dir='ltr'>memitsstffe‘</span> <span class='ocrx_word' id='word_1_41' title='bbox 2298 467 2300 469; x_wconf 91' lang='lat'>·</span> 
     </span>
    </p>
   </div>
   <div class='ocr_carea' id='block_1_4' title="bbox 238 505 2245 3104">
    <p class='ocr_par' dir='ltr' id='par_1_4' title="bbox 266 505 2245 635">
     <span class='ocr_line' id='line_1_5' title="bbox 271 505 2245 587; baseline 0.002 -35"><span class='ocrx_word' id='word_1_42' title='bbox 271 509 421 567; x_wconf 87' lang='lat' dir='ltr'>quitur</span> <span class='ocrx_word' id='word_1_43' title='bbox 449 508 571 567; x_wconf 92' lang='lat' dir='ltr'>quod</span> <span class='ocrx_word' id='word_1_44' title='bbox 598 518 757 567; x_wconf 89' lang='lat' dir='ltr'>postea</span> <span class='ocrx_word' id='word_1_45' title='bbox 782 506 897 551; x_wconf 85' lang='lat' dir='ltr'>nihil</span> <span class='ocrx_word' id='word_1_46' title='bbox 919 507 1161 552; x_wconf 87' lang='lat' dir='ltr'>meruerit:</span> <span class='ocrx_word' id='word_1_47' title='bbox 1180 507 1303 567; x_wconf 92' lang='lat' dir='ltr'>quod</span> <span class='ocrx_word' id='word_1_48' title='bbox 1320 518 1444 567; x_wconf 89' lang='lat' dir='ltr'>patet</span> <span class='ocrx_word' id='word_1_49' title='bbox 1466 522 1565 552; x_wconf 90' lang='lat' dir='ltr'>esse</span> <span class='ocrx_word' id='word_1_50' title='bbox 1579 505 1771 562; x_wconf 83' lang='lat' dir='ltr'>falsum3</span> <span class='ocrx_word' id='word_1_51' title='bbox 1788 521 1884 556; x_wconf 86' lang='lat' dir='ltr'>non</span> <span class='ocrx_word' id='word_1_52' title='bbox 1901 521 2012 573; x_wconf 81' lang='lat' dir='ltr'>ergo</span> <span class='ocrx_word' id='word_1_53' title='bbox 2033 507 2245 587; x_wconf 69' lang='grc'><strong>(311118113</strong></span> 
     </span>
     <span class='ocr_line' id='line_1_6' title="bbox 266 574 1388 635; baseline -0.001 -16"><span class='ocrx_word' id='word_1_54' title='bbox 266 576 313 619; x_wconf 87' lang='grc'>111</span> <span class='ocrx_word' id='word_1_55' title='bbox 339 576 488 635; x_wconf 89' lang='lat' dir='ltr'>primo</span> <span class='ocrx_word' id='word_1_56' title='bbox 515 575 702 619; x_wconf 89' lang='lat' dir='ltr'>instanti</span> <span class='ocrx_word' id='word_1_57' title='bbox 727 587 835 618; x_wconf 88' lang='grc'><strong>51138</strong></span> <span class='ocrx_word' id='word_1_58' title='bbox 864 574 1180 633; x_wconf 86' lang='lat' dir='ltr'>conceptionis</span> <span class='ocrx_word' id='word_1_59' title='bbox 1211 575 1388 619; x_wconf 89' lang='lat' dir='ltr'>meruit.</span> 
     </span>
    </p>

    <p class='ocr_par' dir='ltr' id='par_1_5' title="bbox 271 640 2243 970">
     <span class='ocr_line' id='line_1_7' title="bbox 361 640 2242 718; baseline 0 -31"><span class='ocrx_word' id='word_1_60' title='bbox 361 643 455 687; x_wconf 78' lang='lat' dir='ltr'>SED</span> <span class='ocrx_word' id='word_1_61' title='bbox 484 654 681 687; x_wconf 80' lang='lat' dir='ltr'>CONTRA</span> <span class='ocrx_word' id='word_1_62' title='bbox 709 651 789 696; x_wconf 82' lang='lat' dir='ltr'>est,</span> <span class='ocrx_word' id='word_1_63' title='bbox 817 641 939 700; x_wconf 91' lang='lat' dir='ltr'>quod</span> <span class='ocrx_word' id='word_1_64' title='bbox 975 641 1225 700; x_wconf 86' lang='lat' dir='ltr'>Gregorius</span> <span class='ocrx_word' id='word_1_65' title='bbox 1252 642 1360 686; x_wconf 92' lang='lat' dir='ltr'>dicit</span> <span class='ocrx_word' id='word_1_66' title='bbox 1386 656 1521 718; x_wconf 82' lang='lat' dir='ltr'>super</span> <span class='ocrx_word' id='word_1_67' title='bbox 1546 640 1688 686; x_wconf 81' lang='lat' dir='ltr'>Exod.</span> <span class='ocrx_word' id='word_1_68' title='bbox 1715 641 1805 699; x_wconf 82' lang='lat' dir='ltr'>(seu</span> <span class='ocrx_word' id='word_1_69' title='bbox 1831 642 2025 687; x_wconf 81' lang='lat' dir='ltr'>Paterius</span> <span class='ocrx_word' id='word_1_70' title='bbox 2044 643 2155 690; x_wconf 77' lang='lat' dir='ltr'>inter</span> <span class='ocrx_word' id='word_1_71' title='bbox 2175 650 2242 704; x_wconf 80' lang='lat' dir='ltr'>op.</span> 
     </span>
     <span class='ocr_line' id='line_1_8' title="bbox 276 706 2244 786; baseline 0 -31"><span class='ocrx_word' id='word_1_72' title='bbox 276 710 399 768; x_wconf 80' lang='lat' dir='ltr'>Greg</span> <span class='ocrx_word' id='word_1_73' title='bbox 434 718 526 768; x_wconf 82' lang='lat' dir='ltr'>cap.</span> <span class='ocrx_word' id='word_1_74' title='bbox 559 723 630 766; x_wconf 87' lang='lat'>40.</span> <span class='ocrx_word' id='word_1_75' title='bbox 659 715 752 752; x_wconf 80' lang='lat' dir='ltr'>ante</span> <span class='ocrx_word' id='word_1_76' title='bbox 779 709 938 766; x_wconf 80' lang='lat' dir='ltr'>med)</span> <span class='ocrx_word' id='word_1_77' title='bbox 972 724 995 750; x_wconf 85' lang='lat'>«</span> <span class='ocrx_word' id='word_1_78' title='bbox 1012 708 1120 753; x_wconf 91' lang='lat' dir='ltr'>Non</span> <span class='ocrx_word' id='word_1_79' title='bbox 1147 709 1304 752; x_wconf 85' lang='lat' dir='ltr'>habuit</span> <span class='ocrx_word' id='word_1_80' title='bbox 1329 709 1520 753; x_wconf 89' lang='lat' dir='ltr'>omnino</span> <span class='ocrx_word' id='word_1_81' title='bbox 1549 708 1759 753; x_wconf 84' lang='lat' dir='ltr'>Christus</span> <span class='ocrx_word' id='word_1_82' title='bbox 1785 709 1908 766; x_wconf 85' lang='lat' dir='ltr'>juxta</span> <span class='ocrx_word' id='word_1_83' title='bbox 1942 706 2123 754; x_wconf 87' lang='lat' dir='ltr'>animae</span> <span class='ocrx_word' id='word_1_84' title='bbox 2152 722 2244 786; x_wconf 55' lang='grc'><strong>1118-</strong></span> 
     </span>
     <span class='ocr_line' id='line_1_9' title="bbox 271 774 2243 852; baseline 0.001 -31"><span class='ocrx_word' id='word_1_85' title='bbox 271 777 423 832; x_wconf 88' lang='lat' dir='ltr'>ritum‚</span> <span class='ocrx_word' id='word_1_86' title='bbox 450 790 541 836; x_wconf 90' lang='lat' dir='ltr'>quo</span> <span class='ocrx_word' id='word_1_87' title='bbox 569 775 790 852; x_wconf 82' lang='lat' dir='ltr'>potuisset</span> <span class='ocrx_word' id='word_1_88' title='bbox 821 775 1041 835; x_wconf 87' lang='lat' dir='ltr'>proficere</span> <span class='ocrx_word' id='word_1_89' title='bbox 1059 790 1113 819; x_wconf 76' lang='lat' dir='ltr'>»z</span> <span class='ocrx_word' id='word_1_90' title='bbox 1141 775 1364 835; x_wconf 91' lang='lat' dir='ltr'>potuisset</span> <span class='ocrx_word' id='word_1_91' title='bbox 1404 786 1556 819; x_wconf 89' lang='lat' dir='ltr'>autem</span> <span class='ocrx_word' id='word_1_92' title='bbox 1599 774 1857 834; x_wconf 88' lang='lat' dir='ltr'>proficere</span> <span class='ocrx_word' id='word_1_93' title='bbox 1845 790 1892 819; x_wconf 90' lang='lat' dir='ltr'>m</span> <span class='ocrx_word' id='word_1_94' title='bbox 1918 776 2097 831; x_wconf 87' lang='lat' dir='ltr'>merito,</span> <span class='ocrx_word' id='word_1_95' title='bbox 2126 775 2166 822; x_wconf 87' lang='lat' dir='ltr'>si</span> <span class='ocrx_word' id='word_1_96' title='bbox 2196 778 2243 823; x_wconf 86' lang='lat' dir='ltr'>in</span> 
     </span>
     <span class='ocr_line' id='line_1_10' title="bbox 271 843 2243 923; baseline 0.001 -36"><span class='ocrx_word' id='word_1_97' title='bbox 271 844 420 904; x_wconf 89' lang='lat' dir='ltr'>primo</span> <span class='ocrx_word' id='word_1_98' title='bbox 447 843 633 887; x_wconf 91' lang='lat' dir='ltr'>instanti</span> <span class='ocrx_word' id='word_1_99' title='bbox 660 857 769 886; x_wconf 88' lang='lat' dir='ltr'>suae</span> <span class='ocrx_word' id='word_1_100' title='bbox 798 843 1112 901; x_wconf 81' lang='lat' dir='ltr'>conceptionis</span> <span class='ocrx_word' id='word_1_101' title='bbox 1135 857 1230 887; x_wconf 92' lang='lat' dir='ltr'>non</span> <span class='ocrx_word' id='word_1_102' title='bbox 1257 843 1518 897; x_wconf 85' lang='lat' dir='ltr'>meruisset3</span> <span class='ocrx_word' id='word_1_103' title='bbox 1546 856 1656 902; x_wconf 86' lang='lat' dir='ltr'>ergo</span> <span class='ocrx_word' id='word_1_104' title='bbox 1682 843 1729 886; x_wconf 90' lang='lat' dir='ltr'>in</span> <span class='ocrx_word' id='word_1_105' title='bbox 1756 843 1905 923; x_wconf 79' lang='lat' dir='ltr'>primo</span> <span class='ocrx_word' id='word_1_106' title='bbox 1927 844 2113 893; x_wconf 81' lang='lat' dir='ltr'>instanti</span> <span class='ocrx_word' id='word_1_107' title='bbox 2127 857 2243 892; x_wconf 85' lang='lat' dir='ltr'>suae</span> 
     </span>
     <span class='ocr_line' id='line_1_11' title="bbox 274 909 2168 970; baseline -0.002 -15"><span class='ocrx_word' id='word_1_108' title='bbox 274 910 590 970; x_wconf 87' lang='lat' dir='ltr'>conceptionis</span> <span class='ocrx_word' id='word_1_109' title='bbox 618 910 784 954; x_wconf 89' lang='lat' dir='ltr'>meruit</span> <span class='ocrx_word' id='word_1_110' title='bbox 813 909 1036 955; x_wconf 89' lang='lat' dir='ltr'>Christus</span> <span class='ocrx_word' id='word_1_111' title='bbox 2165 931 2168 937; x_wconf 46' lang='lat'><strong>¹</strong></span> 
     </span>
    </p>

    <p class='ocr_par' dir='ltr' id='par_1_6' title="bbox 238 976 2244 1762">
     <span class='ocr_line' id='line_1_12' title="bbox 359 976 2244 1040; baseline -0.001 -17"><span class='ocrx_word' id='word_1_112' title='bbox 359 978 650 1023; x_wconf 76' lang='lat' dir='ltr'>RESPONDEo</span> <span class='ocrx_word' id='word_1_113' title='bbox 679 977 937 1031; x_wconf 90' lang='lat' dir='ltr'>dicendum,</span> <span class='ocrx_word' id='word_1_114' title='bbox 965 977 1102 1037; x_wconf 92' lang='lat' dir='ltr'>quod,</span> <span class='ocrx_word' id='word_1_115' title='bbox 1130 977 1247 1022; x_wconf 85' lang='lat' dir='ltr'>sicut</span> <span class='ocrx_word' id='word_1_116' title='bbox 1272 992 1406 1037; x_wconf 91' lang='lat' dir='ltr'>supra</span> <span class='ocrx_word' id='word_1_117' title='bbox 1433 977 1605 1021; x_wconf 90' lang='lat' dir='ltr'>dictum</span> <span class='ocrx_word' id='word_1_118' title='bbox 1624 987 1691 1021; x_wconf 93' lang='lat' dir='ltr'>est</span> <span class='ocrx_word' id='word_1_119' title='bbox 1719 976 1820 1033; x_wconf 83' lang='lat' dir='ltr'>(art.</span> <span class='ocrx_word' id='word_1_120' title='bbox 1838 993 1874 1023; x_wconf 83' lang='grc'>1.</span> <span class='ocrx_word' id='word_1_121' title='bbox 1895 977 1984 1037; x_wconf 80' lang='lat' dir='ltr'>huj.</span> <span class='ocrx_word' id='word_1_122' title='bbox 2011 978 2090 1040; x_wconf 86' lang='lat' dir='ltr'>q.),</span> <span class='ocrx_word' id='word_1_123' title='bbox 2113 976 2244 1025; x_wconf 88' lang='lat' dir='ltr'>Chri·</span> 
     </span>
     <span class='ocr_line' id='line_1_13' title="bbox 269 1043 2243 1105; baseline -0.001 -15"><span class='ocrx_word' id='word_1_124' title='bbox 269 1056 363 1091; x_wconf 93' lang='lat' dir='ltr'>stus</span> <span class='ocrx_word' id='word_1_125' title='bbox 389 1046 435 1089; x_wconf 90' lang='lat' dir='ltr'>in</span> <span class='ocrx_word' id='word_1_126' title='bbox 468 1045 617 1105; x_wconf 89' lang='lat' dir='ltr'>primo</span> <span class='ocrx_word' id='word_1_127' title='bbox 649 1045 834 1088; x_wconf 90' lang='lat' dir='ltr'>instanti</span> <span class='ocrx_word' id='word_1_128' title='bbox 866 1058 974 1088; x_wconf 89' lang='lat' dir='ltr'>suae</span> <span class='ocrx_word' id='word_1_129' title='bbox 1009 1044 1323 1103; x_wconf 90' lang='lat' dir='ltr'>conceptionis</span> <span class='ocrx_word' id='word_1_130' title='bbox 1356 1043 1663 1088; x_wconf 87' lang='lat' dir='ltr'>sanctificatus</span> <span class='ocrx_word' id='word_1_131' title='bbox 1694 1043 1777 1087; x_wconf 87' lang='lat' dir='ltr'>fuit</span> <span class='ocrx_word' id='word_1_132' title='bbox 1810 1059 1891 1103; x_wconf 91' lang='lat' dir='ltr'>per</span> <span class='ocrx_word' id='word_1_133' title='bbox 1921 1044 2140 1104; x_wconf 86' lang='lat' dir='ltr'>gratiam:</span> <span class='ocrx_word' id='word_1_134' title='bbox 2174 1054 2243 1094; x_wconf 84' lang='lat' dir='ltr'>est</span> 
     </span>
     <span class='ocr_line' id='line_1_14' title="bbox 271 1111 2241 1172; baseline 0 -15"><span class='ocrx_word' id='word_1_135' title='bbox 271 1124 424 1157; x_wconf 87' lang='lat' dir='ltr'>autem</span> <span class='ocrx_word' id='word_1_136' title='bbox 451 1113 602 1172; x_wconf 77' lang='lat' dir='ltr'>duplex</span> <span class='ocrx_word' id='word_1_137' title='bbox 627 1111 950 1156; x_wconf 85' lang='lat' dir='ltr'>sanctificatio:</span> <span class='ocrx_word' id='word_1_138' title='bbox 977 1126 1064 1155; x_wconf 85' lang='lat' dir='ltr'>una</span> <span class='ocrx_word' id='word_1_139' title='bbox 1090 1111 1274 1170; x_wconf 91' lang='lat' dir='ltr'>quidem</span> <span class='ocrx_word' id='word_1_140' title='bbox 1309 1111 1583 1166; x_wconf 89' lang='lat' dir='ltr'>adultorum,</span> <span class='ocrx_word' id='word_1_141' title='bbox 1617 1111 1694 1170; x_wconf 89' lang='lat' dir='ltr'>qui</span> <span class='ocrx_word' id='word_1_142' title='bbox 1726 1111 1979 1157; x_wconf 90' lang='lat' dir='ltr'>secundum</span> <span class='ocrx_word' id='word_1_143' title='bbox 2005 1112 2241 1171; x_wconf 89' lang='lat' dir='ltr'>proprium</span> 
     </span>
     <span class='ocr_line' id='line_1_15' title="bbox 238 1179 2240 1238; baseline 0 -13"><span class='ocrx_word' id='word_1_144' title='bbox 238 1215 242 1225; x_wconf 91' lang='lat'><em>.</em></span> <span class='ocrx_word' id='word_1_145' title='bbox 269 1191 423 1225; x_wconf 90' lang='lat' dir='ltr'>actum</span> <span class='ocrx_word' id='word_1_146' title='bbox 451 1179 813 1224; x_wconf 86' lang='lat' dir='ltr'>sanctificantur:</span> <span class='ocrx_word' id='word_1_147' title='bbox 843 1180 929 1223; x_wconf 84' lang='lat' dir='ltr'>alia</span> <span class='ocrx_word' id='word_1_148' title='bbox 957 1188 1110 1223; x_wconf 80' lang='lat' dir='ltr'>autem</span> <span class='ocrx_word' id='word_1_149' title='bbox 1137 1194 1399 1238; x_wconf 91' lang='lat' dir='ltr'>puerorum,</span> <span class='ocrx_word' id='word_1_150' title='bbox 1426 1179 1503 1238; x_wconf 91' lang='lat' dir='ltr'>qui</span> <span class='ocrx_word' id='word_1_151' title='bbox 1523 1193 1617 1223; x_wconf 91' lang='lat' dir='ltr'>non</span> <span class='ocrx_word' id='word_1_152' title='bbox 1633 1179 1972 1227; x_wconf 86' lang='lat' dir='ltr'>sanctificantur</span> <span class='ocrx_word' id='word_1_153' title='bbox 1988 1181 2240 1231; x_wconf 82' lang='lat' dir='ltr'>secundum</span> 
     </span>
     <span class='ocr_line' id='line_1_16' title="bbox 267 1245 2242 1308; baseline 0.001 -17"><span class='ocrx_word' id='word_1_154' title='bbox 267 1250 505 1308; x_wconf 88' lang='lat' dir='ltr'>proprium</span> <span class='ocrx_word' id='word_1_155' title='bbox 534 1257 685 1291; x_wconf 88' lang='lat' dir='ltr'>actum</span> <span class='ocrx_word' id='word_1_156' title='bbox 713 1246 831 1300; x_wconf 89' lang='lat' dir='ltr'>fidei,</span> <span class='ocrx_word' id='word_1_157' title='bbox 859 1246 938 1290; x_wconf 91' lang='lat' dir='ltr'>sed</span> <span class='ocrx_word' id='word_1_158' title='bbox 965 1246 1215 1290; x_wconf 87' lang='lat' dir='ltr'>secundum</span> <span class='ocrx_word' id='word_1_159' title='bbox 1256 1245 1396 1290; x_wconf 89' lang='lat' dir='ltr'>fidem</span> <span class='ocrx_word' id='word_1_160' title='bbox 1432 1256 1689 1305; x_wconf 88' lang='lat' dir='ltr'>parentum,</span> <span class='ocrx_word' id='word_1_161' title='bbox 1714 1246 1789 1290; x_wconf 89' lang='lat' dir='ltr'>vel</span> <span class='ocrx_word' id='word_1_162' title='bbox 1819 1246 2076 1294; x_wconf 82' lang='lat' dir='ltr'>Ecclesiae.</span> <span class='ocrx_word' id='word_1_163' title='bbox 2095 1250 2242 1308; x_wconf 86' lang='lat' dir='ltr'>prima</span> 
     </span>
     <span class='ocr_line' id='line_1_17' title="bbox 271 1306 2240 1373; baseline 0 -14"><span class='ocrx_word' id='word_1_164' title='bbox 271 1324 424 1361; x_wconf 89' lang='lat' dir='ltr'>autem</span> <span class='ocrx_word' id='word_1_165' title='bbox 452 1306 751 1358; x_wconf 87' lang='lat' dir='ltr'>sanctificatio</span> <span class='ocrx_word' id='word_1_166' title='bbox 781 1324 847 1358; x_wconf 89' lang='lat' dir='ltr'>est</span> <span class='ocrx_word' id='word_1_167' title='bbox 878 1313 1135 1372; x_wconf 89' lang='lat' dir='ltr'>perfectior,</span> <span class='ocrx_word' id='word_1_168' title='bbox 1168 1327 1307 1373; x_wconf 90' lang='lat' dir='ltr'>quam</span> <span class='ocrx_word' id='word_1_169' title='bbox 1338 1311 1541 1365; x_wconf 79' lang='lat' dir='ltr'>secunda;</span> <span class='ocrx_word' id='word_1_170' title='bbox 1576 1314 1692 1357; x_wconf 87' lang='lat' dir='ltr'>sicut</span> <span class='ocrx_word' id='word_1_171' title='bbox 1725 1323 1852 1358; x_wconf 85' lang='lat' dir='ltr'>actus</span> <span class='ocrx_word' id='word_1_172' title='bbox 1893 1324 1963 1359; x_wconf 86' lang='lat' dir='ltr'>est</span> <span class='ocrx_word' id='word_1_173' title='bbox 1985 1313 2240 1373; x_wconf 78' lang='lat' dir='ltr'>perfectior,</span> 
     </span>
     <span class='ocr_line' id='line_1_18' title="bbox 269 1379 2240 1442; baseline 0 -16"><span class='ocrx_word' id='word_1_174' title='bbox 269 1396 429 1442; x_wconf 90' lang='lat' dir='ltr'>quam</span> <span class='ocrx_word' id='word_1_175' title='bbox 439 1381 634 1434; x_wconf 87' lang='lat' dir='ltr'>habitus,</span> <span class='ocrx_word' id='word_1_176' title='bbox 663 1391 707 1424; x_wconf 92' lang='lat' dir='ltr'>et</span> <span class='ocrx_word' id='word_1_177' title='bbox 733 1380 855 1439; x_wconf 92' lang='lat' dir='ltr'>quod</span> <span class='ocrx_word' id='word_1_178' title='bbox 884 1390 951 1424; x_wconf 93' lang='lat' dir='ltr'>est</span> <span class='ocrx_word' id='word_1_179' title='bbox 976 1394 1054 1438; x_wconf 93' lang='lat' dir='ltr'>per</span> <span class='ocrx_word' id='word_1_180' title='bbox 1080 1394 1144 1433; x_wconf 90' lang='lat' dir='ltr'>se,</span> <span class='ocrx_word' id='word_1_181' title='bbox 1173 1393 1228 1423; x_wconf 90' lang='lat' dir='ltr'>eo</span> <span class='ocrx_word' id='word_1_182' title='bbox 1256 1379 1379 1438; x_wconf 92' lang='lat' dir='ltr'>quod</span> <span class='ocrx_word' id='word_1_183' title='bbox 1408 1389 1475 1423; x_wconf 91' lang='lat' dir='ltr'>est</span> <span class='ocrx_word' id='word_1_184' title='bbox 1496 1394 1576 1439; x_wconf 90' lang='lat' dir='ltr'>per</span> <span class='ocrx_word' id='word_1_185' title='bbox 1603 1379 1748 1423; x_wconf 83' lang='grc'><strong>31111(1·</strong></span> <span class='ocrx_word' id='word_1_186' title='bbox 1778 1395 1885 1424; x_wconf 89' lang='lat' dir='ltr'>cum</span> <span class='ocrx_word' id='word_1_187' title='bbox 1911 1394 2022 1440; x_wconf 91' lang='lat' dir='ltr'>ergo</span> <span class='ocrx_word' id='word_1_188' title='bbox 2049 1381 2240 1427; x_wconf 88' lang='lat' dir='ltr'>sanctifi-</span> 
     </span>
     <span class='ocr_line' id='line_1_19' title="bbox 269 1445 2240 1506; baseline 0.001 -13"><span class='ocrx_word' id='word_1_189' title='bbox 269 1449 388 1493; x_wconf 88' lang='lat' dir='ltr'>catio</span> <span class='ocrx_word' id='word_1_190' title='bbox 417 1448 590 1493; x_wconf 87' lang='lat' dir='ltr'>Christi</span> <span class='ocrx_word' id='word_1_191' title='bbox 615 1446 749 1491; x_wconf 90' lang='lat' dir='ltr'>fuerit</span> <span class='ocrx_word' id='word_1_192' title='bbox 775 1446 1102 1506; x_wconf 88' lang='lat' dir='ltr'>perfectissima</span> <span class='ocrx_word' id='word_1_193' title='bbox 1130 1445 1257 1504; x_wconf 88' lang='lat' dir='ltr'>(quia</span> <span class='ocrx_word' id='word_1_194' title='bbox 1284 1446 1347 1490; x_wconf 90' lang='lat' dir='ltr'>sic</span> <span class='ocrx_word' id='word_1_195' title='bbox 1375 1446 1683 1491; x_wconf 86' lang='lat' dir='ltr'>sanctificatus</span> <span class='ocrx_word' id='word_1_196' title='bbox 1710 1457 1791 1503; x_wconf 90' lang='lat' dir='ltr'>est,</span> <span class='ocrx_word' id='word_1_197' title='bbox 1824 1457 1874 1491; x_wconf 92' lang='lat' dir='ltr'>ut</span> <span class='ocrx_word' id='word_1_198' title='bbox 1899 1457 2019 1493; x_wconf 91' lang='lat' dir='ltr'>esset</span> <span class='ocrx_word' id='word_1_199' title='bbox 2042 1447 2240 1494; x_wconf 86' lang='lat' dir='ltr'>aliorum</span> 
     </span>
     <span class='ocr_line' id='line_1_20' title="bbox 271 1513 2239 1573; baseline -0.001 -12"><span class='ocrx_word' id='word_1_200' title='bbox 271 1515 599 1571; x_wconf 87' lang='lat' dir='ltr'>sanctificator)</span> <span class='ocrx_word' id='word_1_201' title='bbox 629 1527 913 1572; x_wconf 90' lang='lat' dir='ltr'>consequens</span> <span class='ocrx_word' id='word_1_202' title='bbox 947 1523 1029 1567; x_wconf 88' lang='lat' dir='ltr'>est,</span> <span class='ocrx_word' id='word_1_203' title='bbox 1063 1513 1185 1572; x_wconf 92' lang='lat' dir='ltr'>quod</span> <span class='ocrx_word' id='word_1_204' title='bbox 1218 1514 1314 1572; x_wconf 91' lang='lat' dir='ltr'>ipse</span> <span class='ocrx_word' id='word_1_205' title='bbox 1356 1513 1609 1560; x_wconf 89' lang='lat' dir='ltr'>secundum</span> <span class='ocrx_word' id='word_1_206' title='bbox 1636 1514 1871 1573; x_wconf 90' lang='lat' dir='ltr'>proprium</span> <span class='ocrx_word' id='word_1_207' title='bbox 1898 1524 2079 1559; x_wconf 89' lang='lat' dir='ltr'>motum</span> <span class='ocrx_word' id='word_1_208' title='bbox 2109 1515 2239 1560; x_wconf 88' lang='lat' dir='ltr'>liberi</span> 
     </span>
     <span class='ocr_line' id='line_1_21' title="bbox 271 1580 2241 1639; baseline 0.001 -13"><span class='ocrx_word' id='word_1_209' title='bbox 271 1583 441 1627; x_wconf 88' lang='lat' dir='ltr'>arbitrii</span> <span class='ocrx_word' id='word_1_210' title='bbox 465 1583 512 1625; x_wconf 92' lang='lat' dir='ltr'>in</span> <span class='ocrx_word' id='word_1_211' title='bbox 538 1582 691 1625; x_wconf 90' lang='lat' dir='ltr'>Deum</span> <span class='ocrx_word' id='word_1_212' title='bbox 717 1580 852 1624; x_wconf 89' lang='lat' dir='ltr'>fuerit</span> <span class='ocrx_word' id='word_1_213' title='bbox 877 1580 1207 1624; x_wconf 89' lang='lat' dir='ltr'>sanctificatus:</span> <span class='ocrx_word' id='word_1_214' title='bbox 1236 1581 1311 1639; x_wconf 89' lang='lat' dir='ltr'>qui</span> <span class='ocrx_word' id='word_1_215' title='bbox 1339 1580 1525 1639; x_wconf 91' lang='lat' dir='ltr'>quidem</span> <span class='ocrx_word' id='word_1_216' title='bbox 1552 1591 1705 1626; x_wconf 91' lang='lat' dir='ltr'>motus</span> <span class='ocrx_word' id='word_1_217' title='bbox 1731 1581 1860 1626; x_wconf 91' lang='lat' dir='ltr'>liberi</span> <span class='ocrx_word' id='word_1_218' title='bbox 1878 1582 2048 1633; x_wconf 78' lang='lat' dir='ltr'>arbitrii</span> <span class='ocrx_word' id='word_1_219' title='bbox 2065 1592 2133 1628; x_wconf 88' lang='lat' dir='ltr'>est</span> <span class='ocrx_word' id='word_1_220' title='bbox 2148 1597 2241 1628; x_wconf 88' lang='lat' dir='ltr'>me·</span> 
     </span>
     <span class='ocr_line' id='line_1_22' title="bbox 268 1642 2240 1709; baseline 0.001 -16"><span class='ocrx_word' id='word_1_221' title='bbox 268 1642 474 1694; x_wconf 90' lang='lat' dir='ltr'>ritorius:</span> <span class='ocrx_word' id='word_1_222' title='bbox 503 1648 622 1692; x_wconf 88' lang='lat' dir='ltr'>unde</span> <span class='ocrx_word' id='word_1_223' title='bbox 650 1661 936 1707; x_wconf 90' lang='lat' dir='ltr'>consequens</span> <span class='ocrx_word' id='word_1_224' title='bbox 965 1657 1045 1701; x_wconf 91' lang='lat' dir='ltr'>est,</span> <span class='ocrx_word' id='word_1_225' title='bbox 1074 1646 1196 1707; x_wconf 92' lang='lat' dir='ltr'>quod</span> <span class='ocrx_word' id='word_1_226' title='bbox 1212 1647 1257 1690; x_wconf 89' lang='lat' dir='ltr'>in</span> <span class='ocrx_word' id='word_1_227' title='bbox 1276 1647 1425 1706; x_wconf 90' lang='lat' dir='ltr'>primo</span> <span class='ocrx_word' id='word_1_228' title='bbox 1443 1648 1629 1692; x_wconf 89' lang='lat' dir='ltr'>instanti</span> <span class='ocrx_word' id='word_1_229' title='bbox 1646 1662 1754 1693; x_wconf 90' lang='lat' dir='ltr'>suae</span> <span class='ocrx_word' id='word_1_230' title='bbox 1778 1649 2092 1709; x_wconf 72' lang='lat' dir='ltr'>conceptionis</span> <span class='ocrx_word' id='word_1_231' title='bbox 2109 1649 2240 1697; x_wconf 85' lang='lat' dir='ltr'>Chri-</span> 
     </span>
     <span class='ocr_line' id='line_1_23' title="bbox 270 1715 2181 1762; baseline -0.001 0"><span class='ocrx_word' id='word_1_232' title='bbox 270 1726 363 1762; x_wconf 88' lang='lat' dir='ltr'>stus</span> <span class='ocrx_word' id='word_1_233' title='bbox 396 1715 626 1760; x_wconf 87' lang='lat' dir='ltr'>meruerit.</span> <span class='ocrx_word' id='word_1_234' title='bbox 2178 1748 2181 1750; x_wconf 60' lang='grc'><strong><em>«</em></strong></span> 
     </span>
    </p>

    <p class='ocr_par' dir='ltr' id='par_1_7' title="bbox 264 1781 2238 2312">
     <span class='ocr_line' id='line_1_24' title="bbox 355 1781 2237 1841; baseline 0.001 -13"><span class='ocrx_word' id='word_1_235' title='bbox 355 1783 432 1828; x_wconf 84' lang='lat' dir='ltr'>AD</span> <span class='ocrx_word' id='word_1_236' title='bbox 451 1795 640 1828; x_wconf 82' lang='lat' dir='ltr'>PRIMUM</span> <span class='ocrx_word' id='word_1_237' title='bbox 664 1795 774 1841; x_wconf 88' lang='lat' dir='ltr'>ergo</span> <span class='ocrx_word' id='word_1_238' title='bbox 793 1781 1053 1836; x_wconf 89' lang='lat' dir='ltr'>dicendum,</span> <span class='ocrx_word' id='word_1_239' title='bbox 1080 1781 1203 1841; x_wconf 91' lang='lat' dir='ltr'>quod</span> <span class='ocrx_word' id='word_1_240' title='bbox 1219 1781 1415 1826; x_wconf 88' lang='lat' dir='ltr'>liberum</span> <span class='ocrx_word' id='word_1_241' title='bbox 1443 1781 1679 1826; x_wconf 85' lang='lat' dir='ltr'>arbitrium</span> <span class='ocrx_word' id='word_1_242' title='bbox 1703 1796 1799 1826; x_wconf 92' lang='lat' dir='ltr'>non</span> <span class='ocrx_word' id='word_1_243' title='bbox 1826 1781 1994 1828; x_wconf 82' lang='lat' dir='ltr'>eodem</span> <span class='ocrx_word' id='word_1_244' title='bbox 2014 1784 2162 1829; x_wconf 81' lang='lat' dir='ltr'>modo</span> <span class='ocrx_word' id='word_1_245' title='bbox 2186 1797 2237 1834; x_wconf 89' lang='lat' dir='ltr'>se</span> 
     </span>
     <span class='ocr_line' id='line_1_25' title="bbox 266 1838 2236 1908; baseline 0 -13"><span class='ocrx_word' id='word_1_246' title='bbox 266 1851 404 1895; x_wconf 90' lang='lat' dir='ltr'>habet</span> <span class='ocrx_word' id='word_1_247' title='bbox 429 1850 484 1894; x_wconf 87' lang='lat' dir='ltr'>ad</span> <span class='ocrx_word' id='word_1_248' title='bbox 511 1838 700 1903; x_wconf 75' lang='lat' dir='ltr'>honum,</span> <span class='ocrx_word' id='word_1_249' title='bbox 729 1858 773 1893; x_wconf 92' lang='lat' dir='ltr'>et</span> <span class='ocrx_word' id='word_1_250' title='bbox 799 1848 1003 1892; x_wconf 91' lang='lat' dir='ltr'>malum:</span> <span class='ocrx_word' id='word_1_251' title='bbox 1030 1863 1140 1893; x_wconf 89' lang='lat' dir='ltr'>nam</span> <span class='ocrx_word' id='word_1_252' title='bbox 1167 1849 1221 1892; x_wconf 90' lang='lat' dir='ltr'>ad</span> <span class='ocrx_word' id='word_1_253' title='bbox 1247 1849 1423 1893; x_wconf 90' lang='lat' dir='ltr'>bonurn</span> <span class='ocrx_word' id='word_1_254' title='bbox 1450 1863 1498 1892; x_wconf 92' lang='lat' dir='ltr'>se</span> <span class='ocrx_word' id='word_1_255' title='bbox 1524 1849 1663 1893; x_wconf 88' lang='lat' dir='ltr'>habet</span> <span class='ocrx_word' id='word_1_256' title='bbox 1687 1863 1768 1908; x_wconf 91' lang='lat' dir='ltr'>per</span> <span class='ocrx_word' id='word_1_257' title='bbox 1792 1863 1856 1905; x_wconf 85' lang='lat' dir='ltr'>se,</span> <span class='ocrx_word' id='word_1_258' title='bbox 1880 1859 1926 1895; x_wconf 90' lang='lat' dir='ltr'>et</span> <span class='ocrx_word' id='word_1_259' title='bbox 1946 1851 2236 1908; x_wconf 77' lang='lat' dir='ltr'>naturaliter3</span> 
     </span>
     <span class='ocr_line' id='line_1_26' title="bbox 268 1915 2238 1976; baseline 0.002 -15"><span class='ocrx_word' id='word_1_260' title='bbox 268 1918 324 1962; x_wconf 88' lang='lat' dir='ltr'>ad</span> <span class='ocrx_word' id='word_1_261' title='bbox 350 1917 527 1961; x_wconf 89' lang='lat' dir='ltr'>malum</span> <span class='ocrx_word' id='word_1_262' title='bbox 554 1926 707 1961; x_wconf 91' lang='lat' dir='ltr'>autem</span> <span class='ocrx_word' id='word_1_263' title='bbox 750 1930 797 1961; x_wconf 89' lang='lat' dir='ltr'>se</span> <span class='ocrx_word' id='word_1_264' title='bbox 838 1916 978 1960; x_wconf 89' lang='lat' dir='ltr'>habet</span> <span class='ocrx_word' id='word_1_265' title='bbox 1002 1930 1082 1975; x_wconf 92' lang='lat' dir='ltr'>per</span> <span class='ocrx_word' id='word_1_266' title='bbox 1114 1916 1306 1960; x_wconf 89' lang='lat' dir='ltr'>modum</span> <span class='ocrx_word' id='word_1_267' title='bbox 1340 1915 1556 1970; x_wconf 89' lang='lat' dir='ltr'>defectus,</span> <span class='ocrx_word' id='word_1_268' title='bbox 1585 1926 1629 1961; x_wconf 86' lang='lat' dir='ltr'>et</span> <span class='ocrx_word' id='word_1_269' title='bbox 1654 1927 1832 1976; x_wconf 88' lang='lat' dir='ltr'>praeter</span> <span class='ocrx_word' id='word_1_270' title='bbox 1855 1927 2093 1968; x_wconf 82' lang='lat' dir='ltr'>naturam:</span> <span class='ocrx_word' id='word_1_271' title='bbox 2119 1919 2238 1969; x_wconf 79' lang='lat' dir='ltr'>sicut</span> 
     </span>
     <span class='ocr_line' id='line_1_27' title="bbox 268 1982 2238 2045; baseline 0.001 -16"><span class='ocrx_word' id='word_1_272' title='bbox 268 1994 419 2029; x_wconf 89' lang='lat' dir='ltr'>autem</span> <span class='ocrx_word' id='word_1_273' title='bbox 447 1983 620 2028; x_wconf 90' lang='lat' dir='ltr'>Philos.</span> <span class='ocrx_word' id='word_1_274' title='bbox 651 1983 760 2028; x_wconf 90' lang='lat' dir='ltr'>dicit</span> <span class='ocrx_word' id='word_1_275' title='bbox 791 1983 838 2027; x_wconf 92' lang='lat' dir='ltr'>in</span> <span class='ocrx_word' id='word_1_276' title='bbox 865 1996 905 2028; x_wconf 87' lang='lat'>2.</span> <span class='ocrx_word' id='word_1_277' title='bbox 931 1984 1004 2027; x_wconf 92' lang='lat' dir='ltr'>De</span> <span class='ocrx_word' id='word_1_278' title='bbox 1033 1982 1182 2028; x_wconf 89' lang='lat' dir='ltr'>Coelo</span> <span class='ocrx_word' id='word_1_279' title='bbox 1210 1984 1315 2041; x_wconf 81' lang='lat' dir='ltr'>(tex.</span> <span class='ocrx_word' id='word_1_280' title='bbox 1347 1983 1448 2040; x_wconf 65' lang='lat'>18),</span> <span class='ocrx_word' id='word_1_281' title='bbox 1477 1985 1698 2042; x_wconf 88' lang='lat' dir='ltr'>posterius</span> <span class='ocrx_word' id='word_1_282' title='bbox 1727 1995 1795 2029; x_wconf 90' lang='lat' dir='ltr'>est</span> <span class='ocrx_word' id='word_1_283' title='bbox 1820 1984 1943 2044; x_wconf 91' lang='lat' dir='ltr'>quod</span> <span class='ocrx_word' id='word_1_284' title='bbox 1969 1995 2038 2030; x_wconf 90' lang='lat' dir='ltr'>est</span> <span class='ocrx_word' id='word_1_285' title='bbox 2060 1996 2238 2045; x_wconf 81' lang='lat' dir='ltr'>praeter</span> 
     </span>
     <span class='ocr_line' id='line_1_28' title="bbox 264 2050 2236 2111; baseline 0.002 -16"><span class='ocrx_word' id='word_1_286' title='bbox 264 2062 490 2104; x_wconf 87' lang='lat' dir='ltr'>naturam,</span> <span class='ocrx_word' id='word_1_287' title='bbox 515 2065 570 2095; x_wconf 93' lang='lat' dir='ltr'>eo</span> <span class='ocrx_word' id='word_1_288' title='bbox 595 2051 718 2110; x_wconf 93' lang='lat' dir='ltr'>quod</span> <span class='ocrx_word' id='word_1_289' title='bbox 745 2060 813 2095; x_wconf 92' lang='lat' dir='ltr'>est</span> <span class='ocrx_word' id='word_1_290' title='bbox 837 2050 1091 2095; x_wconf 90' lang='lat' dir='ltr'>secundum</span> <span class='ocrx_word' id='word_1_291' title='bbox 1118 2059 1354 2094; x_wconf 89' lang='lat' dir='ltr'>naturam:</span> <span class='ocrx_word' id='word_1_292' title='bbox 1380 2051 1485 2109; x_wconf 85' lang='lat' dir='ltr'>quia</span> <span class='ocrx_word' id='word_1_293' title='bbox 1510 2051 1555 2094; x_wconf 91' lang='lat' dir='ltr'>id</span> <span class='ocrx_word' id='word_1_294' title='bbox 1579 2051 1700 2109; x_wconf 93' lang='lat' dir='ltr'>quod</span> <span class='ocrx_word' id='word_1_295' title='bbox 1725 2061 1792 2096; x_wconf 91' lang='lat' dir='ltr'>est</span> <span class='ocrx_word' id='word_1_296' title='bbox 1813 2062 1989 2111; x_wconf 87' lang='lat' dir='ltr'>praeter</span> <span class='ocrx_word' id='word_1_297' title='bbox 2010 2063 2236 2109; x_wconf 71' lang='lat' dir='ltr'>naturam,</span> 
     </span>
     <span class='ocr_line' id='line_1_29' title="bbox 266 2117 2236 2178; baseline 0 -14"><span class='ocrx_word' id='word_1_298' title='bbox 266 2130 333 2164; x_wconf 89' lang='lat' dir='ltr'>est</span> <span class='ocrx_word' id='word_1_299' title='bbox 360 2118 585 2178; x_wconf 84' lang='lat' dir='ltr'>quaedam</span> <span class='ocrx_word' id='word_1_300' title='bbox 613 2119 782 2163; x_wconf 86' lang='lat' dir='ltr'>excisio</span> <span class='ocrx_word' id='word_1_301' title='bbox 826 2118 880 2162; x_wconf 85' lang='lat' dir='ltr'>ab</span> <span class='ocrx_word' id='word_1_302' title='bbox 925 2132 996 2172; x_wconf 88' lang='lat' dir='ltr'>eo,</span> <span class='ocrx_word' id='word_1_303' title='bbox 1025 2117 1147 2176; x_wconf 93' lang='lat' dir='ltr'>quod</span> <span class='ocrx_word' id='word_1_304' title='bbox 1175 2127 1240 2162; x_wconf 90' lang='lat' dir='ltr'>est</span> <span class='ocrx_word' id='word_1_305' title='bbox 1278 2117 1531 2162; x_wconf 88' lang='lat' dir='ltr'>secundum</span> <span class='ocrx_word' id='word_1_306' title='bbox 1556 2128 1790 2162; x_wconf 90' lang='lat' dir='ltr'>naturam:</span> <span class='ocrx_word' id='word_1_307' title='bbox 1829 2129 1874 2164; x_wconf 89' lang='lat' dir='ltr'>et</span> <span class='ocrx_word' id='word_1_308' title='bbox 1904 2119 2009 2166; x_wconf 80' lang='lat' dir='ltr'>ideo</span> <span class='ocrx_word' id='word_1_309' title='bbox 2042 2119 2236 2171; x_wconf 75' lang='lat' dir='ltr'>liberum</span> 
     </span>
     <span class='ocr_line' id='line_1_30' title="bbox 265 2183 2236 2244; baseline 0.001 -14"><span class='ocrx_word' id='word_1_310' title='bbox 265 2187 502 2230; x_wconf 88' lang='lat' dir='ltr'>arbitrium</span> <span class='ocrx_word' id='word_1_311' title='bbox 529 2195 761 2229; x_wconf 87' lang='lat' dir='ltr'>creaturae</span> <span class='ocrx_word' id='word_1_312' title='bbox 788 2185 834 2229; x_wconf 90' lang='lat' dir='ltr'>in</span> <span class='ocrx_word' id='word_1_313' title='bbox 861 2185 1011 2244; x_wconf 90' lang='lat' dir='ltr'>primo</span> <span class='ocrx_word' id='word_1_314' title='bbox 1038 2185 1224 2228; x_wconf 90' lang='lat' dir='ltr'>instanti</span> <span class='ocrx_word' id='word_1_315' title='bbox 1251 2183 1494 2229; x_wconf 87' lang='lat' dir='ltr'>creationis</span> <span class='ocrx_word' id='word_1_316' title='bbox 1512 2194 1662 2243; x_wconf 90' lang='lat' dir='ltr'>potest</span> <span class='ocrx_word' id='word_1_317' title='bbox 1678 2187 1855 2230; x_wconf 88' lang='lat' dir='ltr'>moveri</span> <span class='ocrx_word' id='word_1_318' title='bbox 1876 2185 1933 2230; x_wconf 90' lang='lat' dir='ltr'>ad</span> <span class='ocrx_word' id='word_1_319' title='bbox 1948 2187 2122 2232; x_wconf 88' lang='lat' dir='ltr'>bonum</span> <span class='ocrx_word' id='word_1_320' title='bbox 2144 2201 2236 2242; x_wconf 74' lang='lat' dir='ltr'>me-</span> 
     </span>
     <span class='ocr_line' id='line_1_31' title="bbox 264 2251 2024 2312; baseline 0.001 -16"><span class='ocrx_word' id='word_1_321' title='bbox 264 2253 423 2305; x_wconf 88' lang='lat' dir='ltr'>rendo,</span> <span class='ocrx_word' id='word_1_322' title='bbox 449 2266 544 2296; x_wconf 91' lang='lat' dir='ltr'>non</span> <span class='ocrx_word' id='word_1_323' title='bbox 573 2262 726 2296; x_wconf 90' lang='lat' dir='ltr'>autem</span> <span class='ocrx_word' id='word_1_324' title='bbox 743 2252 810 2295; x_wconf 72' lang='lat' dir='ltr'>‘ad</span> <span class='ocrx_word' id='word_1_325' title='bbox 837 2251 1012 2295; x_wconf 87' lang='lat' dir='ltr'>malum</span> <span class='ocrx_word' id='word_1_326' title='bbox 1039 2252 1289 2310; x_wconf 86' lang='lat' dir='ltr'>peccandO,</span> <span class='ocrx_word' id='word_1_327' title='bbox 1317 2252 1356 2295; x_wconf 90' lang='lat' dir='ltr'>si</span> <span class='ocrx_word' id='word_1_328' title='bbox 1381 2261 1537 2295; x_wconf 90' lang='lat' dir='ltr'>tamen</span> <span class='ocrx_word' id='word_1_329' title='bbox 1563 2262 1724 2295; x_wconf 85' lang='lat' dir='ltr'>natura</span> <span class='ocrx_word' id='word_1_330' title='bbox 1751 2252 1807 2296; x_wconf 89' lang='lat' dir='ltr'>sit</span> <span class='ocrx_word' id='word_1_331' title='bbox 1832 2253 2024 2312; x_wconf 91' lang='lat' dir='ltr'>integra.</span> 
     </span>
    </p>

    <p class='ocr_par' dir='ltr' id='par_1_8' title="bbox 261 2318 2237 2778">
     <span class='ocr_line' id='line_1_32' title="bbox 355 2318 2234 2380; baseline 0.002 -17"><span class='ocrx_word' id='word_1_332' title='bbox 355 2320 431 2363; x_wconf 87' lang='lat' dir='ltr'>AD</span> <span class='ocrx_word' id='word_1_333' title='bbox 459 2332 720 2364; x_wconf 80' lang='lat' dir='ltr'>SECUNDUM</span> <span class='ocrx_word' id='word_1_334' title='bbox 744 2318 1004 2373; x_wconf 90' lang='lat' dir='ltr'>dicendum,</span> <span class='ocrx_word' id='word_1_335' title='bbox 1032 2318 1154 2378; x_wconf 91' lang='lat' dir='ltr'>quod</span> <span class='ocrx_word' id='word_1_336' title='bbox 1182 2318 1293 2363; x_wconf 91' lang='lat' dir='ltr'>illud</span> <span class='ocrx_word' id='word_1_337' title='bbox 1321 2319 1442 2377; x_wconf 91' lang='lat' dir='ltr'>quod</span> <span class='ocrx_word' id='word_1_338' title='bbox 1469 2318 1615 2362; x_wconf 90' lang='lat' dir='ltr'>homo</span> <span class='ocrx_word' id='word_1_339' title='bbox 1642 2319 1780 2363; x_wconf 92' lang='lat' dir='ltr'>habet</span> <span class='ocrx_word' id='word_1_340' title='bbox 1803 2320 1849 2364; x_wconf 93' lang='lat' dir='ltr'>in</span> <span class='ocrx_word' id='word_1_341' title='bbox 1875 2320 2100 2380; x_wconf 88' lang='lat' dir='ltr'>principio</span> <span class='ocrx_word' id='word_1_342' title='bbox 2125 2335 2234 2367; x_wconf 91' lang='lat' dir='ltr'>suae</span> 
     </span>
     <span class='ocr_line' id='line_1_33' title="bbox 264 2386 2237 2440; baseline 0.002 -10"><span class='ocrx_word' id='word_1_343' title='bbox 264 2386 523 2440; x_wconf 88' lang='lat' dir='ltr'>creationis,</span> <span class='ocrx_word' id='word_1_344' title='bbox 541 2386 795 2430; x_wconf 89' lang='lat' dir='ltr'>secundum</span> <span class='ocrx_word' id='word_1_345' title='bbox 820 2400 1119 2430; x_wconf 90' lang='lat' dir='ltr'>communem</span> <span class='ocrx_word' id='word_1_346' title='bbox 1142 2395 1330 2429; x_wconf 90' lang='lat' dir='ltr'>naturae</span> <span class='ocrx_word' id='word_1_347' title='bbox 1354 2400 1552 2440; x_wconf 89' lang='lat' dir='ltr'>cursum,</span> <span class='ocrx_word' id='word_1_348' title='bbox 1576 2396 1643 2430; x_wconf 92' lang='lat' dir='ltr'>est</span> <span class='ocrx_word' id='word_1_349' title='bbox 1664 2386 1844 2430; x_wconf 89' lang='lat' dir='ltr'>homini</span> <span class='ocrx_word' id='word_1_350' title='bbox 1864 2387 2098 2432; x_wconf 84' lang='lat' dir='ltr'>naturale:</span> <span class='ocrx_word' id='word_1_351' title='bbox 2120 2388 2237 2433; x_wconf 89' lang='lat' dir='ltr'>nihil</span> 
     </span>
     <span class='ocr_line' id='line_1_34' title="bbox 262 2452 2235 2515; baseline 0.002 -18"><span class='ocrx_word' id='word_1_352' title='bbox 262 2464 419 2498; x_wconf 88' lang='lat' dir='ltr'>tamen</span> <span class='ocrx_word' id='word_1_353' title='bbox 447 2453 672 2512; x_wconf 89' lang='lat' dir='ltr'>prohibet,</span> <span class='ocrx_word' id='word_1_354' title='bbox 706 2453 812 2512; x_wconf 88' lang='lat' dir='ltr'>quin</span> <span class='ocrx_word' id='word_1_355' title='bbox 847 2452 998 2512; x_wconf 90' lang='lat' dir='ltr'>aliqua</span> <span class='ocrx_word' id='word_1_356' title='bbox 1036 2463 1242 2497; x_wconf 82' lang='lat' dir='ltr'>creatura</span> <span class='ocrx_word' id='word_1_357' title='bbox 1278 2453 1325 2496; x_wconf 90' lang='lat' dir='ltr'>in</span> <span class='ocrx_word' id='word_1_358' title='bbox 1367 2453 1591 2511; x_wconf 89' lang='lat' dir='ltr'>principio</span> <span class='ocrx_word' id='word_1_359' title='bbox 1628 2467 1737 2497; x_wconf 91' lang='lat' dir='ltr'>suae</span> <span class='ocrx_word' id='word_1_360' title='bbox 1775 2454 2016 2499; x_wconf 88' lang='lat' dir='ltr'>creationis</span> <span class='ocrx_word' id='word_1_361' title='bbox 2049 2454 2235 2515; x_wconf 89' lang='lat' dir='ltr'>aliquod</span> 
     </span>
     <span class='ocr_line' id='line_1_35' title="bbox 261 2519 2234 2582; baseline 0.002 -18"><span class='ocrx_word' id='word_1_362' title='bbox 261 2519 537 2565; x_wconf 90' lang='lat' dir='ltr'>beneficium</span> <span class='ocrx_word' id='word_1_363' title='bbox 567 2522 738 2578; x_wconf 87' lang='lat' dir='ltr'>gratiae</span> <span class='ocrx_word' id='word_1_364' title='bbox 768 2534 792 2563; x_wconf 91' lang='lat' dir='ltr'>a</span> <span class='ocrx_word' id='word_1_365' title='bbox 818 2520 922 2564; x_wconf 81' lang='lat' dir='ltr'>Deo</span> <span class='ocrx_word' id='word_1_366' title='bbox 951 2529 1281 2578; x_wconf 78' lang='lat' dir='ltr'>consequaturt</span> <span class='ocrx_word' id='word_1_367' title='bbox 1310 2529 1354 2563; x_wconf 87' lang='lat' dir='ltr'>et</span> <span class='ocrx_word' id='word_1_368' title='bbox 1378 2519 1470 2563; x_wconf 91' lang='lat' dir='ltr'>hoc</span> <span class='ocrx_word' id='word_1_369' title='bbox 1503 2520 1645 2563; x_wconf 92' lang='lat' dir='ltr'>modo</span> <span class='ocrx_word' id='word_1_370' title='bbox 1674 2520 1827 2564; x_wconf 88' lang='lat' dir='ltr'>anima</span> <span class='ocrx_word' id='word_1_371' title='bbox 1853 2520 2025 2566; x_wconf 84' lang='lat' dir='ltr'>Christi</span> <span class='ocrx_word' id='word_1_372' title='bbox 2044 2522 2091 2566; x_wconf 80' lang='lat' dir='ltr'>in</span> <span class='ocrx_word' id='word_1_373' title='bbox 2113 2523 2234 2582; x_wconf 89' lang='lat' dir='ltr'>prin-</span> 
     </span>
     <span class='ocr_line' id='line_1_36' title="bbox 264 2586 2232 2645; baseline 0.002 -14"><span class='ocrx_word' id='word_1_374' title='bbox 264 2587 384 2645; x_wconf 90' lang='lat' dir='ltr'>cipio</span> <span class='ocrx_word' id='word_1_375' title='bbox 413 2601 520 2630; x_wconf 91' lang='lat' dir='ltr'>suae</span> <span class='ocrx_word' id='word_1_376' title='bbox 549 2586 791 2630; x_wconf 89' lang='lat' dir='ltr'>creationis</span> <span class='ocrx_word' id='word_1_377' title='bbox 826 2596 1075 2630; x_wconf 89' lang='lat' dir='ltr'>consecuta</span> <span class='ocrx_word' id='word_1_378' title='bbox 1103 2596 1170 2630; x_wconf 89' lang='lat' dir='ltr'>est</span> <span class='ocrx_word' id='word_1_379' title='bbox 1197 2586 1405 2644; x_wconf 85' lang='lat' dir='ltr'>gratiam,</span> <span class='ocrx_word' id='word_1_380' title='bbox 1430 2600 1518 2645; x_wconf 90' lang='lat' dir='ltr'>qua</span> <span class='ocrx_word' id='word_1_381' title='bbox 1536 2597 1689 2644; x_wconf 90' lang='lat' dir='ltr'>posset</span> <span class='ocrx_word' id='word_1_382' title='bbox 1706 2588 1896 2631; x_wconf 86' lang='lat' dir='ltr'>mereri:</span> <span class='ocrx_word' id='word_1_383' title='bbox 1916 2597 1960 2632; x_wconf 91' lang='lat' dir='ltr'>et</span> <span class='ocrx_word' id='word_1_384' title='bbox 1982 2603 2035 2632; x_wconf 88' lang='lat' dir='ltr'>ea</span> <span class='ocrx_word' id='word_1_385' title='bbox 2056 2590 2232 2636; x_wconf 89' lang='lat' dir='ltr'>ratione</span> 
     </span>
     <span class='ocr_line' id='line_1_37' title="bbox 262 2652 2233 2713; baseline 0.002 -16"><span class='ocrx_word' id='word_1_386' title='bbox 262 2654 404 2713; x_wconf 84' lang='lat' dir='ltr'>gratia</span> <span class='ocrx_word' id='word_1_387' title='bbox 432 2653 510 2696; x_wconf 89' lang='lat' dir='ltr'>illa</span> <span class='ocrx_word' id='word_1_388' title='bbox 537 2653 790 2705; x_wconf 81' lang='lat' dir='ltr'>secundum</span> <span class='ocrx_word' id='word_1_389' title='bbox 817 2653 1067 2712; x_wconf 87' lang='lat' dir='ltr'>quamdam</span> <span class='ocrx_word' id='word_1_390' title='bbox 1093 2652 1437 2696; x_wconf 87' lang='lat' dir='ltr'>similitudinem</span> <span class='ocrx_word' id='word_1_391' title='bbox 1465 2653 1629 2697; x_wconf 90' lang='lat' dir='ltr'>dicitur</span> <span class='ocrx_word' id='word_1_392' title='bbox 1653 2652 1790 2698; x_wconf 91' lang='lat' dir='ltr'>fuisse</span> <span class='ocrx_word' id='word_1_393' title='bbox 1818 2653 1884 2698; x_wconf 90' lang='lat' dir='ltr'>illi</span> <span class='ocrx_word' id='word_1_394' title='bbox 1908 2655 2088 2708; x_wconf 86' lang='lat' dir='ltr'>homini</span> <span class='ocrx_word' id='word_1_395' title='bbox 2108 2666 2233 2702; x_wconf 79' lang='lat' dir='ltr'>natu-</span> 
     </span>
     <span class='ocr_line' id='line_1_38' title="bbox 261 2719 1419 2778; baseline -0.003 -13"><span class='ocrx_word' id='word_1_396' title='bbox 261 2720 382 2774; x_wconf 90' lang='lat' dir='ltr'>ralis,</span> <span class='ocrx_word' id='word_1_397' title='bbox 405 2730 454 2764; x_wconf 93' lang='lat' dir='ltr'>ut</span> <span class='ocrx_word' id='word_1_398' title='bbox 479 2729 602 2778; x_wconf 88' lang='lat' dir='ltr'>patet</span> <span class='ocrx_word' id='word_1_399' title='bbox 628 2733 708 2778; x_wconf 87' lang='lat' dir='ltr'>per</span> <span class='ocrx_word' id='word_1_400' title='bbox 733 2720 853 2778; x_wconf 88' lang='lat' dir='ltr'>Aug.</span> <span class='ocrx_word' id='word_1_401' title='bbox 883 2722 927 2763; x_wconf 89' lang='lat' dir='ltr'>in</span> <span class='ocrx_word' id='word_1_402' title='bbox 955 2719 1135 2763; x_wconf 90' lang='lat' dir='ltr'>Enchir.</span> <span class='ocrx_word' id='word_1_403' title='bbox 1167 2719 1275 2778; x_wconf 82' lang='lat' dir='ltr'>(cap.</span> <span class='ocrx_word' id='word_1_404' title='bbox 1303 2719 1419 2776; x_wconf 85' lang='lat'><em>40.).</em></span> 
     </span>
    </p>

    <p class='ocr_par' dir='ltr' id='par_1_9' title="bbox 261 2786 2232 3104">
     <span class='ocr_line' id='line_1_39' title="bbox 347 2786 2231 2848; baseline 0.002 -16"><span class='ocrx_word' id='word_1_405' title='bbox 347 2788 423 2832; x_wconf 86' lang='lat' dir='ltr'>AD</span> <span class='ocrx_word' id='word_1_406' title='bbox 448 2800 663 2833; x_wconf 64' lang='grc' dir='ltr'><strong>ΤΕΒ-111111</strong></span> <span class='ocrx_word' id='word_1_407' title='bbox 690 2787 948 2840; x_wconf 88' lang='lat' dir='ltr'>dicendum,</span> <span class='ocrx_word' id='word_1_408' title='bbox 975 2787 1096 2845; x_wconf 91' lang='lat' dir='ltr'>quod</span> <span class='ocrx_word' id='word_1_409' title='bbox 1123 2786 1238 2830; x_wconf 87' lang='lat' dir='ltr'>nihil</span> <span class='ocrx_word' id='word_1_410' title='bbox 1264 2786 1488 2845; x_wconf 90' lang='lat' dir='ltr'>prohibet,</span> <span class='ocrx_word' id='word_1_411' title='bbox 1514 2786 1637 2830; x_wconf 90' lang='lat' dir='ltr'>idem</span> <span class='ocrx_word' id='word_1_412' title='bbox 1665 2801 1763 2831; x_wconf 87' lang='lat' dir='ltr'>esse</span> <span class='ocrx_word' id='word_1_413' title='bbox 1790 2787 1978 2848; x_wconf 89' lang='lat' dir='ltr'>alicujus</span> <span class='ocrx_word' id='word_1_414' title='bbox 2005 2803 2059 2834; x_wconf 85' lang='lat' dir='ltr'>ex</span> <span class='ocrx_word' id='word_1_415' title='bbox 2090 2790 2231 2835; x_wconf 89' lang='lat' dir='ltr'>diver-</span> 
     </span>
     <span class='ocr_line' id='line_1_40' title="bbox 262 2853 2231 2916; baseline 0.002 -16"><span class='ocrx_word' id='word_1_416' title='bbox 262 2855 517 2900; x_wconf 77' lang='lat' dir='ltr'>sis&#39;causis:</span> <span class='ocrx_word' id='word_1_417' title='bbox 559 2864 603 2899; x_wconf 92' lang='lat' dir='ltr'>et</span> <span class='ocrx_word' id='word_1_418' title='bbox 629 2854 882 2901; x_wconf 88' lang='lat' dir='ltr'>secundum</span> <span class='ocrx_word' id='word_1_419' title='bbox 907 2854 999 2897; x_wconf 89' lang='lat' dir='ltr'>hoc</span> <span class='ocrx_word' id='word_1_420' title='bbox 1027 2853 1237 2897; x_wconf 88' lang='lat' dir='ltr'>Christus</span> <span class='ocrx_word' id='word_1_421' title='bbox 1270 2853 1467 2912; x_wconf 86' lang='lat' dir='ltr'>gloriam</span> <span class='ocrx_word' id='word_1_422' title='bbox 1498 2853 1868 2910; x_wconf 87' lang='lat' dir='ltr'>immortalitatis,</span> <span class='ocrx_word' id='word_1_423' title='bbox 1894 2870 2034 2916; x_wconf 84' lang='lat' dir='ltr'>quam</span> <span class='ocrx_word' id='word_1_424' title='bbox 2065 2858 2231 2906; x_wconf 88' lang='lat' dir='ltr'>meruit</span> 
     </span>
     <span class='ocr_line' id='line_1_41' title="bbox 261 2920 2232 2981; baseline 0.002 -15"><span class='ocrx_word' id='word_1_425' title='bbox 261 2923 308 2967; x_wconf 91' lang='lat' dir='ltr'>in</span> <span class='ocrx_word' id='word_1_426' title='bbox 334 2922 484 2981; x_wconf 91' lang='lat' dir='ltr'>primo</span> <span class='ocrx_word' id='word_1_427' title='bbox 516 2921 699 2966; x_wconf 89' lang='lat' dir='ltr'>instanti</span> <span class='ocrx_word' id='word_1_428' title='bbox 734 2935 842 2965; x_wconf 88' lang='lat' dir='ltr'>suae</span> <span class='ocrx_word' id='word_1_429' title='bbox 878 2920 1205 2979; x_wconf 89' lang='lat' dir='ltr'>conceptionis,</span> <span class='ocrx_word' id='word_1_430' title='bbox 1241 2920 1388 2979; x_wconf 90' lang='lat' dir='ltr'>potuit</span> <span class='ocrx_word' id='word_1_431' title='bbox 1429 2921 1567 2964; x_wconf 87' lang='lat' dir='ltr'>etiam</span> <span class='ocrx_word' id='word_1_432' title='bbox 1608 2921 1932 2980; x_wconf 90' lang='lat' dir='ltr'>posterioribus</span> <span class='ocrx_word' id='word_1_433' title='bbox 1965 2923 2153 2979; x_wconf 78' lang='lat' dir='ltr'>actibus,</span> <span class='ocrx_word' id='word_1_434' title='bbox 2185 2934 2232 2973; x_wconf 84' lang='lat' dir='ltr'>et</span> 
     </span>
     <span class='ocr_line' id='line_1_42' title="bbox 262 2987 2229 3052; baseline 0.002 -20"><span class='ocrx_word' id='word_1_435' title='bbox 262 2988 549 3048; x_wconf 88' lang='lat' dir='ltr'>passionibus</span> <span class='ocrx_word' id='word_1_436' title='bbox 578 2988 757 3043; x_wconf 90' lang='lat' dir='ltr'>mereri,</span> <span class='ocrx_word' id='word_1_437' title='bbox 783 3002 877 3032; x_wconf 91' lang='lat' dir='ltr'>non</span> <span class='ocrx_word' id='word_1_438' title='bbox 900 2988 1085 3047; x_wconf 88' lang='lat' dir='ltr'>quidem</span> <span class='ocrx_word' id='word_1_439' title='bbox 1113 2997 1159 3031; x_wconf 91' lang='lat' dir='ltr'>ut</span> <span class='ocrx_word' id='word_1_440' title='bbox 1183 2997 1300 3032; x_wconf 89' lang='lat' dir='ltr'>esset</span> <span class='ocrx_word' id='word_1_441' title='bbox 1326 2987 1409 3031; x_wconf 88' lang='lat' dir='ltr'>sibi</span> <span class='ocrx_word' id='word_1_442' title='bbox 1437 2988 1583 3047; x_wconf 88' lang='lat' dir='ltr'>magis</span> <span class='ocrx_word' id='word_1_443' title='bbox 1607 2988 1771 3043; x_wconf 90' lang='lat' dir='ltr'>debita,</span> <span class='ocrx_word' id='word_1_444' title='bbox 1793 2990 1874 3035; x_wconf 89' lang='lat' dir='ltr'>sed</span> <span class='ocrx_word' id='word_1_445' title='bbox 1895 2999 1946 3036; x_wconf 86' lang='lat' dir='ltr'>ut</span> <span class='ocrx_word' id='word_1_446' title='bbox 1965 2990 2051 3039; x_wconf 84' lang='lat' dir='ltr'>sibi</span> <span class='ocrx_word' id='word_1_447' title='bbox 2066 3005 2120 3036; x_wconf 79' lang='lat' dir='ltr'>ex</span> <span class='ocrx_word' id='word_1_448' title='bbox 2134 2990 2229 3052; x_wconf 83' lang='lat' dir='ltr'>plu-</span> 
     </span>
     <span class='ocr_line' id='line_1_43' title="bbox 262 3055 834 3104; baseline -0.002 -4"><span class='ocrx_word' id='word_1_449' title='bbox 262 3056 383 3101; x_wconf 92' lang='lat' dir='ltr'>ribus</span> <span class='ocrx_word' id='word_1_450' title='bbox 411 3056 558 3104; x_wconf 79' lang='lat' dir='ltr'>causis</span> <span class='ocrx_word' id='word_1_451' title='bbox 585 3055 834 3101; x_wconf 87' lang='lat' dir='ltr'>deberetur.</span> 
     </span>
    </p>
   </div>
   <div class='ocr_carea' id='block_1_5' title="bbox 2329 3366 2352 3926">
    <p class='ocr_par' dir='ltr' id='par_1_10' title="bbox 2329 3366 2352 3926">
     <span class='ocr_line' id='line_1_44' title="bbox 2329 3366 2352 3926; textangle 90"><span class='ocrx_word' id='word_1_452' title='bbox 2331 3832 2352 3926; x_wconf 44' lang='lat' dir='ltr'>maist-32⁴2„</span> <span class='ocrx_word' id='word_1_453' title='bbox 2329 3628 2352 3826; x_wconf 46' lang='lat' dir='ltr'>&amp;izffssffimae</span> <span class='ocrx_word' id='word_1_454' title='bbox 2336 3404 2352 3613; x_wconf 43' lang='lat' dir='ltr'>*mm-..Q</span> <span class='ocrx_word' id='word_1_455' title='bbox 2350 3366 2352 3369; x_wconf 84' lang='lat'>.</span> 
     </span>
    </p>
   </div>
  </div>
 </body>
</html>
