2352 3926
326 227 435 295 364
849 240 1128 284 QUAESTIO
1169 241 1320 279 xmu.
1354 230 1663 281 ARTICtJLUS
1703 242 1775 281 1v.

318 351 442 385 retur
473 340 706 384 miraculis
734 340 886 383 divina
918 341 1082 385 virtute
1113 340 1268 386 factis:
1304 353 1348 387 et
1372 342 1477 387 ideo
1505 343 1668 387 dicitur
1699 343 1845 388 Marci
1875 357 1936 388 1.:
1961 345 2184 402 Quaenam
2212 343 2283 389 do·

319 410 457 452 ctrina
480 409 576 451 haec
599 422 725 460 nova,
750 410 847 465 quia
874 409 918 451 in
940 415 1136 466 potestate
1159 412 1372 468 spiritibus
1397 410 1623 454 immundis
1648 412 1842 469 imperat,
1870 418 1906 456 et
1931 412 2124 457 obediunt
2148 413 2223 457 ei?

407 476 482 518 AD
515 488 702 518 PRIMUM
745 489 854 532 ergo
883 475 1142 529 dicendum,
1170 477 1291 535 quod
1327 478 1441 521 haec
1476 487 1570 520 erat
1606 478 1803 535 objectio
1843 478 2110 523 Gentilium.
2144 477 2281 523 Unde

317 541 510 599 August.
538 542 646 584 dicit
671 541 716 584 in
745 541 882 600 Epist.
913 543 967 585 ad
994 541 1301 587 Volusianum
1327 545 1454 602 (quae
1480 551 1535 588 est
1557 539 1603 602 3(
1619 558 1646 588 a
1662 544 1815 602 med.).·
1837 561 1860 586 «
1876 545 2040 602 Nullis,
2059 545 2283 604 inquiunt,

318 608 681 665 competentibus
718 609 858 666 signis
891 619 1043 653 tantae
1081 611 1329 668 maJestatis
1362 611 1528 655 indicia
1556 610 1835 655 claruerunt:
1862 607 1968 670 quia
1993 611 2174 656 larvalis
2205 611 2284 656 illa

317 675 544 732 purgatio,
572 689 661 733 qua
687 675 863 719 scilicet
888 676 1138 721 daemones
1166 676 1407 736 effugabat,
1426 678 1643 721 debilium
1662 692 1812 732 curae,
1829 678 2002 722 reddita
2019 679 2112 723 vita
2133 677 2285 723 defun-

319 742 416 795 ctis,
434 742 471 785 si
498 753 542 785 et
568 741 654 785 alia
683 742 1039 797 considerentur,
1058 744 1161 788 Deo
1188 759 1327 803 parva
1356 755 1459 788 sunt
1476 762 1516 789 ».
1535 744 1590 788 Et
1607 745 1662 788 ad
1685 745 1775 788 hoc
1803 745 2048 804 respondet
2064 745 2282 804 August.:

321 825 344 850 (ε
368 808 582 852 Fatemur
616 819 659 852 et
689 823 774 853 nos
800 810 908 853 talia
935 811 1159 869 quaedam
1196 810 1357 856 fecisse
1390 812 1643 870 Prophetas
1665 829 1674 856 ε
1711 812 1790 856 sed
1817 822 1862 856 et
1886 812 1982 871 ipse
2007 812 2208 871 Moyses,
2242 823 2287 856 et

319 877 486 919 caeteri
511 876 768 934 Prophetae
794 877 1052 921 Dominum
1071 877 1227 935 Jesum
1254 879 1655 937 prophetaverunt,
1689 890 1732 924 et
1765 879 1807 922 ei
1838 879 2035 937 gloriam
2066 893 2285 938 magnam

319 943 550 986 dederunt.
582 942 676 995 Qui
702 953 942 1002 propterea
968 944 1075 988 talia
1102 956 1146 989 et
1171 945 1266 1003 ipse
1293 945 1443 990 facere
1470 945 1629 1000 voluit,
1656 961 1713 989 ne
1740 956 1859 990 esset
1884 946 2145 1000 absurdum,
2167 960 2284 1004 quae

318 1025 397 1070 per
422 1010 526 1054 illos
553 1010 739 1065 fecerat,
766 1012 802 1054 si
829 1011 925 1070 ipse
954 1013 1088 1056 etiam
1116 1027 1209 1056 non
1242 1011 1422 1056 faceret.
1463 1013 1552 1056 Sed
1585 1024 1739 1057 tamen
1777 1023 1821 1057 et
1855 1012 2023 1072 aliquid
2051 1013 2284 1072 proprium

317 1078 466 1123 facere
493 1079 660 1132 debuit,
687 1080 814 1123 nasci
840 1080 895 1123 de
921 1080 1110 1138 virgine,
1137 1095 1371 1139 resurgere
1399 1096 1424 1124 a
1452 1082 1657 1135 mortuis,
1686 1080 1868 1125 coelum
1896 1082 2165 1135 ascendere,
2191 1081 2282 1124 hoc

318 1147 420 1190 Deo
444 1147 521 1205 qui
538 1161 699 1205 parum
724 1156 863 1205 putat,
882 1147 988 1205 quid
1006 1147 1106 1206 plus
1125 1158 1330 1206 expectet
1346 1148 1533 1206 ignoro:
1552 1163 1663 1191 num
1682 1148 1871 1192 homine
1890 1158 2124 1206 assumpto
2142 1147 2284 1191 alium

317 1215 540 1257 mundum
567 1213 715 1258 facere
740 1215 907 1268 debuit,
934 1225 982 1258 ut
1009 1229 1113 1258 eum
1142 1230 1240 1259 esse
1270 1216 1572 1269 crederemus,
1601 1229 1678 1272 per
1705 1229 1841 1273 quem
1867 1213 2013 1258 factus
2052 1225 2121 1258 est
2151 1228 2283 1258 mun·
2346 1272 2349 1277 Ι

317 1281 433 1325 dus?
463 1281 552 1325 Sed
578 1296 664 1325 nec
701 1283 850 1339 maior
886 1282 1098 1334 mundus,
1126 1296 1209 1326 nec
1238 1282 1311 1326 isti
1339 1281 1541 1340 aequalis
1577 1282 1624 1324 in
1660 1282 1750 1325 hoc
1785 1282 1959 1325 mundo
1985 1281 2083 1326 fieri
2104 1291 2282 1341 posset:

316 1349 355 1392 si
371 1360 524 1392 autem
544 1349 771 1392 minorem
795 1348 964 1392 faceret
980 1348 1096 1392 infra
1113 1349 1266 1402 istum,
1285 1348 1492 1409 similiter
1509 1348 1600 1392 hoc
1620 1362 1802 1407 quoque
1820 1362 1981 1407 parum
1995 1358 2285 1407 putaretur».

320 1415 453 1467 Quae
466 1426 622 1459 tamen
637 1416 712 1459 alii
728 1415 948 1469 fecerunt,
969 1416 1179 1460 Christus
1199 1407 1492 1460 excellentius
1504 1414 1625 1460 fecit.
1641 1416 1775 1460 Unde
1793 1430 1927 1473 super
1937 1415 2185 1474 illudJoan.
2204 1428 2285 1474 15.:

314 1484 361 1527 Si
386 1491 511 1542 opera
542 1498 625 1527 non
638 1484 827 1542 fecissem
859 1485 902 1527 in
934 1485 1003 1537 eis,
1038 1498 1141 1541 quae
1173 1498 1289 1527 nemo
1324 1484 1431 1527 alius
1454 1484 1572 1541 fecit,
1598 1493 1682 1527 etc.
1701 1483 1810 1527 dicit
1834 1484 2027 1542 August.
2049 1484 2197 1541 (tract.
2219 1497 2284 1542 91.

316 1565 342 1594 α
366 1553 556 1609 princ.):
589 1550 766 1594 «Nulla
792 1551 838 1593 in
866 1551 1076 1609 operibus
1104 1550 1273 1594 Christi
1301 1550 1511 1594 videntur
1537 1564 1635 1594 esse
1662 1551 1852 1608 majora,
1879 1563 2018 1608 quam
2050 1549 2285 1595 suscitatio

318 1630 632 1672 mortuorum;
661 1618 782 1676 quod
810 1618 980 1661 scimus
1007 1618 1144 1661 etiam
1174 1619 1384 1676 antiquos
1410 1616 1571 1661 fecisse
1598 1617 1874 1676 Prophetas:
1899 1616 2008 1662 fecit
2030 1627 2186 1662 tamen
2213 1617 2289 1661 ali-

317 1700 405 1744 qua
433 1686 657 1739 Christus,
685 1700 800 1744 quae
826 1700 967 1730 nemo
995 1685 1108 1729 alius
1134 1684 1262 1730 fecit:
1290 1685 1369 1728 sed
1396 1685 1694 1742 respondetur
1720 1684 1868 1739 nobis,
1894 1694 1940 1729 et
1965 1685 2078 1729 alios
2105 1680 2285 1738 fecisse,

317 1767 434 1812 quae
460 1767 545 1796 nec
572 1753 684 1811 ipse,
709 1767 795 1796 nec
824 1752 937 1796 alius
963 1752 1094 1796 fecit:
1122 1753 1201 1797 sed
1221 1753 1298 1811 qui
1322 1762 1418 1796 tam
1441 1751 1583 1795 multa
1607 1752 1730 1805 vitia,
1748 1762 1792 1796 et
1818 1751 1964 1796 malas
1989 1750 2285 1805 valetudines,

315 1821 671 1879 vexationesque
698 1820 966 1864 mortalium
993 1830 1117 1863 tanta
1144 1830 1366 1879 potestate
1393 1830 1587 1873 sanaret,
1613 1818 1764 1863 nullus
1789 1819 1979 1863 omnino
1995 1816 2161 1878 legitur
2176 1819 2288 1863 anti-

317 1902 537 1946 quorum:
566 1898 614 1931 ut
639 1888 762 1931 enim
788 1898 984 1941 taceam,
1026 1902 1140 1946 quos
1181 1887 1395 1946 jubendo,
1430 1888 1547 1931 sicut
1583 1886 1864 1943 occurrebat,
1896 1886 2048 1932 salvos
2079 1886 2286 1946 singulos

316 1955 436 2009 fecit,
463 1956 645 1998 Marcus
673 1955 795 2008 dicit,
823 1956 945 2013 quod
972 1969 1264 2013 quocumque
1303 1954 1408 1998 loco
1445 1954 1661 1998 introibat
1690 1954 1737 1997 in
1769 1954 1912 2008 vicos,
1951 1964 2028 1999 aut
2052 1955 2100 1998 in
2136 1953 2283 2007 villas,

318 2033 395 2066 aut
419 2023 464 2065 in
493 2023 712 2081 civitates,
740 2023 785 2066 in
813 2022 973 2081 plateis
1000 2024 1231 2081 ponebant
1256 2022 1485 2066 infirmos:
1521 2032 1565 2065 et
1597 2021 1957 2080 deprecabantur
1989 2035 2110 2076 eum,
2135 2032 2185 2066 ut
2207 2019 2284 2065 vel

316 2090 544 2133 fimbriam
571 2090 832 2134 vestimenti
858 2092 955 2148 ejus
981 2101 1242 2148 tangerent;
1271 2099 1313 2134 et
1330 2099 1555 2148 quotquot
1569 2089 1819 2147 tangebant
1835 2102 1957 2143 eum,
1974 2088 2088 2133 salvi
2104 2087 2286 2134 fiebant.

317 2158 443 2200 Haec
470 2171 608 2200 nemo
637 2157 749 2200 alius
775 2156 884 2201 fecit
910 2159 955 2201 in
982 2157 1066 2211 eis;
1094 2160 1158 2201 sic
1186 2157 1309 2201 enim
1336 2156 1684 2215 intelligendum
1702 2167 1784 2209 est,
1812 2156 1935 2215 quod
1953 2157 2015 2200 ait
2029 2157 2076 2200 in
2090 2156 2173 2210 eis,
2189 2169 2285 2200 non

314 2225 432 2268 inter
459 2239 553 2277 eos,
582 2235 658 2268 aut
686 2238 843 2268 coram
871 2225 949 2278 eis,
984 2225 1061 2268 sed
1097 2239 1280 2283 prorsus
1314 2225 1360 2268 in
1399 2226 1484 2279 eis;
1521 2225 1625 2283 quia
1662 2224 1840 2268 sanavit
1880 2237 1974 2268 eos.
2000 2224 2099 2269 Nec
2129 2233 2287 2268 tamen

316 2292 430 2336 alius
448 2293 724 2350 quicumque
750 2293 796 2335 in
825 2293 888 2336 eis
915 2292 1023 2336 talia
1050 2307 1189 2351 opera
1215 2292 1343 2336 fecit:
1364 2292 1584 2351 qu'oniam
1603 2292 1805 2350 quisquis
1822 2290 1936 2336 alius
1954 2291 2101 2335 homo
2117 2290 2287 2350 aliquid

316 2374 477 2403 eorum
509 2358 631 2413 fecit,
663 2361 762 2418 ipso
788 2358 984 2404 faciente
1011 2359 1146 2414 fecit3
1173 2360 1263 2403 hoc
1298 2370 1450 2403 autem
1473 2360 1569 2418 ipse
1591 2373 1686 2403 non
1714 2359 1800 2403 illis
1829 2357 2099 2403 facientibus
2120 2357 2286 2403 fecit».

406 2427 482 2470 AD
508 2440 769 2471 SECUNDUM
796 2427 1056 2480 dicendum,
1083 2427 1206 2485 quod
1233 2427 1427 2484 August.
1455 2429 1595 2484 (tract.
1620 2441 1682 2486 71.
1709 2426 1764 2470 ad
1772 2427 1874 2485 fin.)
1909 2439 2142 2484 exponens
2172 2424 2286 2469 illud

316 2495 506 2539 verbum
525 2494 730 2552 Joannis,
757 2494 954 2552 inquirit,
982 2509 1098 2552 quae
1125 2495 1214 2537 sint
1238 2494 1322 2537 ista
1350 2508 1489 2552 opera
1508 2495 1697 2552 majora,
1720 2508 1836 2552 quae
1863 2492 2163 2538 credentesin
2180 2505 2287 2537 eum

317 2572 446 2606 erant
470 2561 654 2605 facturi:
686 2577 709 2602 (ε
728 2561 803 2604 An
829 2560 945 2604 forte
973 2561 1095 2619 quod
1124 2575 1285 2619 aegros
1302 2561 1409 2618 ipsis
1427 2561 1763 2604 transeuntibus
1781 2561 1920 2605 etiam
1938 2574 2101 2605 eorum
2124 2559 2286 2604 umbra

317 2629 536 2674 sanabat?
566 2630 712 2686 majus
740 2638 808 2672 est
840 2629 977 2681 enirn,
1010 2628 1131 2686 quod
1175 2637 1303 2671 sanet
1334 2628 1509 2682 umbra,
1552 2642 1690 2686 quam
1726 2627 1928 2672 fimbria:
1955 2626 2287 2671 Verumtamen

317 2697 500 2756 quando
527 2697 613 2739 ista
639 2695 848 2739 Christus
867 2696 1059 2748 dicebat,
1076 2695 1321 2738 verborum
1341 2709 1529 2738 suorum
1546 2694 1680 2748 facta,
1699 2705 1743 2738 et
1762 2708 1901 2752 opera
1919 2693 2286 2738 commendabat.

319 2764 440 2809 Cum
469 2763 591 2807 enim
619 2763 747 2806 dixit:
774 2763 900 2806 Pater
925 2764 969 2805 in
995 2777 1058 2806 me
1084 2777 1252 2805 manens
1278 2764 1360 2820 ipse
1378 2762 1489 2819 facit
1515 2770 1655 2820 opera,
1670 2775 1787 2820 quae
1805 2775 1947 2820 opera
1966 2771 2075 2806 tunc
2094 2761 2286 2814 dicebat,
2337 2763 2342 2769 ’

316 2833 404 2876 nisi
429 2832 566 2876 verba
598 2845 715 2890 quae
742 2830 1044 2889 loquebatur?
1073 2840 1116 2873 et
1143 2829 1412 2873 eorumdem
1438 2830 1683 2873 verborum
1715 2828 1887 2874 fructus
1919 2839 2016 2873 erat
2046 2828 2159 2873 fides
2189 2826 2288 2872 illo-

315 2915 433 2945 rum.
461 2900 806 2951 Verumtamen,
849 2897 1264 2955 evangelizantibus
1303 2896 1548 2954 discipulis,
1589 2911 1682 2940 non
1724 2907 1818 2941 tam
1861 2897 2010 2956 pauci,
2050 2900 2187 2955 quam
2221 2893 2289 2939 illi

319 2977 461 3020 erant,
508 2966 587 3010 sed
633 2975 790 3024 gentes
824 2965 961 3008 etiam
996 2964 1283 3008 crediderunt
1316 2964 1440 3021 (quae
1480 2971 1720 3023 sequuntur,
1760 2965 1966 3009 habentur
2005 2969 2126 3009 tract.
2169 2962 2286 3022 72.),·

317 3049 472 3079 nonne
499 3035 552 3078 ab
581 3047 660 3078 ore
687 3034 823 3092 ipsius
857 3033 981 3075 dives
1007 3031 1084 3075 ille
1111 3032 1246 3075 tristis
1274 3032 1503 3085 abscessit,
1531 3033 1609 3091 qui
1635 3033 1688 3075 ab
1718 3045 1773 3076 eo
1800 3033 1920 3076 vitae
1947 3041 2160 3076 aeternae
2177 3043 2288 3075 con-

317 3102 470 3147 silium
497 3100 748 3161 quaesivit?
778 3110 821 3144 et
847 3110 1000 3143 tamen
1024 3109 1182 3157 postea
1210 3099 1331 3157 quod
1360 3099 1413 3142 ab
1433 3098 1512 3142 illo
1542 3099 1745 3143 auditum
1771 3113 1866 3143 non
1891 3097 1999 3143 fecit
2018 3110 2149 3152 unus,
2168 3096 2292 3143 fece-

317 3181 421 3214 runt
447 3169 593 3224 multi,
619 3183 725 3213 cum
758 3181 838 3226 per
863 3166 1110 3225 discipulos
1143 3166 1417 3224 loqueretur.
1451 3167 1570 3211 Ecce
1605 3168 1781 3224 maiora
1807 3165 1916 3211 fecit
1940 3164 2238 3224 praedicatus
2258 3178 2285 3208 a

319 3237 617 3290 credentibus,
645 3250 784 3294 quam
810 3234 989 3278 locutus
1018 3234 1314 3277 audientibus.
1343 3234 1515 3277 Verum
1543 3234 1633 3277 hoc
1663 3234 1811 3278 adhuc
1834 3242 2006 3286 movet,-
2025 3232 2149 3292 quod
2166 3231 2283 3276 haec

318 3306 495 3362 majora
521 3319 600 3363 per
636 3301 890 3362 Apostolos
928 3301 1048 3345 fecit.
1082 3301 1189 3344 Non
1224 3310 1376 3344 autem
1416 3301 1540 3359 ipsos
1581 3311 1758 3345 tantum
1794 3299 2056 3359 significans
2084 3299 2168 3343 ait:
2195 3299 2288 3356 Qui

319 3373 446 3418 credit
471 3374 515 3416 in
542 3387 620 3425 me,
649 3379 776 3431 opera
814 3383 918 3428 quac
953 3383 1022 3427 ego
1041 3369 1177 3426 facio,
1206 3375 1242 3412 et
1275 3370 1357 3427 ipse
1375 3369 1520 3426 faciet.
1549 3369 1670 3412 Audi
1699 3381 1825 3427 ergo,
1857 3378 1903 3412 et
1933 3365 2162 3425 intellige:
2198 3365 2291 3423 Qui

319 3441 449 3485 credit
474 3442 518 3483 in
544 3455 622 3494 me,
651 3447 776 3498 opera
798 3451 901 3497 quae
923 3450 993 3495 ego
1012 3437 1147 3495 facio,
1176 3442 1214 3479 et
1236 3437 1318 3494 ipse
1336 3436 1481 3493 saciet.
1506 3436 1636 3479 Prius
1661 3449 1748 3493 ego
1774 3434 1910 3488 facio,
1937 3432 2100 3479 deinde
2123 3441 2167 3478 et
2189 3432 2288 3492 ipse
2348 3448 2352 3478 s

317 3507 477 3551 saciet:
504 3507 609 3565 quia
636 3506 771 3556 facio,
800 3515 848 3549 ut
871 3503 1019 3548 faciat.
1047 3503 1180 3555 Quae
1208 3516 1361 3560 opera,
1388 3502 1473 3546 nisi
1506 3513 1554 3546 ut
1581 3517 1632 3546 ex
1660 3502 1803 3560 impio
1830 3502 1974 3560 justus
1997 3498 2112 3546 fiat?
2142 3491 2284 3566 Quod

322 3574 478 3632 utique
505 3574 550 3617 in
578 3573 674 3627 illo,
702 3573 779 3616 sed
806 3586 902 3615 non
928 3571 1024 3615 sine
1051 3570 1130 3614 illo
1173 3569 1383 3613 Christus
1416 3579 1642 3627 operatur.
1676 3569 1867 3613 Prorsus
1894 3568 2041 3626 majus
2065 3567 2287 3612 hoc-esse

320 3641 527 3694 dixerim,
551 3654 689 3700 quarn
710 3653 864 3684 creare
888 3637 1087 3691 coelum,
1106 3646 1150 3682 et
1171 3630 1362 3681 terram:
1382 3637 1538 3681 coelum
1555 3638 1679 3689 enim,
1699 3642 1734 3680 et
1751 3642 1864 3681 tarra
1882 3635 2145 3687 transiemus,-
2163 3642 2287 3693 prae-

2315 3249 2346 3449 uvffsgzw
2345 3149 2347 3152 .
2346 3106 2347 3109 „
2343 3065 2349 3070 .
2340 3028 2349 3037 Α,
2344 2954 2346 2956 .
