2352 3926
301 171 404 241 378
835 183 1115 229 QUAESTIO
1155 182 1281 220 XLV.
1322 181 1630 221 ARTICULUS
1669 181 1726 221 11.

384 289 462 333 AD
489 299 706 332 TERTmM
732 285 991 340 dicendum,
1015 285 1136 344 quod
1159 285 1278 330 sicut
1303 284 1497 338 claritas,
1523 298 1640 344 quae
1661 294 1759 329 erat
1781 283 1830 329 in
1855 297 2050 345 corpore
2066 283 2258 341 chtisti,

292 355 659 414 repraesentabat
682 353 881 396 futuram
909 352 1162 396 claritatem
1195 352 1401 410 corporis
1427 352 1549 409 ejus;
1575 351 1639 397 ita
1670 350 1852 396 claritas
1881 352 2260 397 vestimentorum

293 424 389 479 ejus
416 422 683 479 designabat
711 419 911 463 futuram
944 420 1196 464 claritatem
1225 420 1516 473 Sanctorum,
1544 433 1660 477 quae
1687 419 1968 478 superabitur
2000 433 2027 463 a
2057 419 2260 464 claritate

293 489 480 543 Christi,
507 490 625 532 sicut
652 488 824 531 candor
849 488 966 532 nivis
992 498 1228 547 superatur
1253 502 1278 531 a
1305 487 1548 546 splendore
1575 486 1710 540 solis;
1736 486 1856 530 unde
1880 485 2263 546 Gregoriusfficit

296 569 363 615 32.
389 555 550 599 Moral.
581 558 697 614 (cap.
715 568 752 613 7.
769 569 795 598 a
808 554 972 614 princ.)
999 554 1121 614 quod
1142 570 1167 596 «
1188 555 1460 599 vestimenta
1487 553 1660 598 Christi
1684 552 1806 598 facta
1831 563 1936 598 sunt
1960 551 2261 614 splendentia,

291 623 397 681 quia
424 625 469 665 in
497 636 719 680 supernae
748 622 963 666 claritatis
996 620 1197 666 culmine
1225 622 1382 666 Sancti
1409 635 1571 666 omnes
1603 623 1646 666 ei
1677 620 1780 665 luce
1815 621 2011 680 justitiae
2035 619 2261 680 fulgentes

294 690 605 733 adhaerebunt
632 704 683 743 »3
709 690 907 733 vestium
934 682 1056 733 enim
1089 689 1278 733 nomine
1310 691 1469 747 justos,
1497 701 1612 748 quos
1644 688 1729 732 sibi
1762 688 1991 748 adjunget,
2017 688 2259 748 significat,

292 758 544 802 secundum
571 756 683 800 illud
710 757 854 800 Isaiae
881 769 980 814 49.:
1006 757 1089 801 His
1114 758 1304 801 omnibus
1328 757 1441 800 velut
1462 762 1704 800 ornamento
1726 757 1926 808 vestieris;
1943 755 2086 800 nubes
2107 765 2259 800 autem

291 823 442 867 lucida
469 823 695 882 significat
722 823 914 882 Spiritus
929 823 1086 867 Sancti
1112 823 1322 882 gloriam,
1348 823 1422 867 vel
1447 823 1661 867 virtutem
1688 823 1948 876 Paternam,
1966 833 2016 867 ut
2033 821 2261 883 Origenes

293 892 401 935 dicit
429 891 557 947 (hom.
580 907 615 950 3.
644 893 688 935 in
707 892 981 936 Matth.inter
999 890 1102 935 med.
1126 897 1162 935 et
1167 892 1286 950 fin),
1311 905 1390 950 per
1416 904 1554 950 quam
1579 891 1735 934 Sancti
1761 890 1807 934 in
1823 889 1972 935 futura
1994 890 2142 950 gloria
2158 904 2263 950 pro-

291 968 524 1017 tegentur:
553 960 760 1017 quamvis
789 957 928 1002 etiam
946 958 1272 1002 convenienter
1293 957 1550 1016 significare
1573 958 1715 1016 possit
1741 957 1994 1002 claritatem
2019 957 2180 1002 mundi
2199 958 2263 1002 in-

291 1026 464 1079 novati,
491 1039 607 1084 quae
635 1027 718 1070 erit
745 1025 1023 1070 Sanctorum
1048 1024 1416 1079 tabernaculum3
1443 1025 1576 1079 unde,
1599 1025 1735 1069 Petro
1764 1025 2033 1085 disponente
2057 1025 2263 1070 taberna-

295 1091 399 1137 cula
422 1091 588 1148 facere,
614 1092 757 1137 nubes
782 1091 935 1137 lucida
961 1091 1209 1152 discipulos
1242 1092 1543 1137 obumbravit.

963 1278 1397 1336 ARTICULUS
1440 1278 1541 1333 III.
2172 1304 2258 1348 244

529 1429 724 1468 UTRUM
756 1427 960 1467 TESTES
994 1426 1564 1467 TRANSFIGURATIONIS
1599 1405 2025 1468 CONVENIENTER

1014 1503 1250 1543 FUERINT
1284 1503 1535 1543 INDUCTI.

382 1628 459 1673 AD
487 1641 704 1673 TERTIUM
730 1629 795 1673 sic
822 1629 1096 1688 proceditur.
1119 1629 1324 1684 Videtur,
1347 1629 1470 1688 quod
1501 1643 1596 1673 non
1630 1628 1955 1673 convenienter
1978 1626 2265 1674 inducti¹fue·

292 1694 383 1739 rint
407 1706 543 1740 testes
569 1696 1001 1755 transfigurationis:
1029 1697 1339 1756 unusquisque
1372 1697 1495 1740 enim
1523 1696 1721 1740 maxime
1756 1705 1905 1755 potest
1936 1695 2174 1754 perhibere
2203 1705 2265 1741 te-

293 1764 559 1807 stimonium
599 1764 655 1807 de
690 1764 834 1808 notis:
868 1764 947 1808 sed
981 1764 1126 1823 qualis
1149 1774 1266 1809 esset
1287 1763 1436 1808 futura
1460 1763 1607 1821 gloria
1627 1773 1836 1822 ternpore
1856 1762 2265 1822 transfigurationis

295 1831 480 1885 Christi,
507 1831 622 1874 nulli
645 1831 826 1875 homini
848 1846 928 1890 per
950 1832 1312 1890 experimentum
1339 1841 1432 1875 erat
1460 1831 1607 1874 adhuc
1626 1841 1804 1884 notum,
1827 1830 1906 1875 sed
1927 1829 2038 1875 solis
2063 1830 2264 1890 angelis;

294 1912 404 1958 ergo
431 1909 567 1942 testes
595 1898 1004 1957 transfigurationis
1032 1898 1179 1957 magis
1206 1899 1458 1942 debuerunt
1483 1912 1580 1942 esse
1608 1898 1774 1956 angeli,
1801 1912 1940 1957 quam
1965 1898 2194 1943 homines.

383 1979 422 2009 2.
446 1967 744 2011 PRAETEREA.
765 1965 927 2010 Testes
945 1967 1146 2010 veritatis
1172 1980 1266 2009 non
1285 1966 1416 2009 decet
1434 1965 1583 2024 aliqua
1602 1965 1741 2019 fictio,
1764 1965 1843 2009 sed
1864 1965 2054 2010 veritast
2076 1965 2264 2025 Moyses

294 2044 462 2088 autem,
491 2045 535 2077 et
561 2034 717 2078 Helias
743 2048 837 2078 non
863 2034 925 2077 ibi
942 2048 1050 2078 vere
1069 2032 1321 2087 adfuerunt,
1343 2033 1422 2077 sed
1441 2033 1734 2090 imaginarie:
1763 2033 1870 2077 dicit
1887 2033 2011 2076 enim
2037 2034 2261 2092 quaedam

296 2101 463 2145 Glossa
491 2102 727 2159 (colligitur
757 2093 815 2145 ex>
833 2102 902 2145 lib.
923 2116 960 2160 3.
987 2101 1033 2144 de
1066 2102 1336 2145 Mirabilibus
1371 2101 1413 2145 S.
1449 2101 1693 2159 Scripturae
1720 2108 1813 2159 cap.
1838 2115 1879 2158 9.
1905 2106 1942 2144 et
1967 2115 2032 2146 ιο.
2058 2102 2170 2146 inter
2194 2109 2264 2161 op.

293 2170 490 2227 August.)
515 2183 648 2227 super
674 2168 785 2215 illud
804 2169 955 2212 Lucae
983 2183 1051 2228 9.:
1077 2169 1215 2213 Erant
1237 2175 1373 2214 autem
1401 2169 1574 2227 Moyses,
1599 2174 1635 2212 et
1655 2168 1815 2221 Helias,
1835 2177 1945 2212 etc.:
1973 2183 1997 2208 «
2014 2167 2264 2212 Sciendum

293 2246 360 2280 est
385 2252 408 2278 »
439 2237 586 2295 inquit
614 2252 637 2278 κ
663 2250 758 2279 non
787 2249 994 2294 corpora,
1028 2235 1101 2279 vel
1134 2236 1309 2279 animas
1341 2236 1507 2294 Moysi,
1535 2245 1579 2279 et
1605 2235 1766 2279 Heliae
1791 2234 1854 2278 ibi
1880 2235 2156 2294 apparuisse,
2182 2234 2264 2280 sed

294 2303 342 2347 in
368 2304 571 2362 subjecta
599 2314 805 2347 creatura
844 2303 923 2346 illa
956 2316 1149 2361 corpora
1180 2302 1318 2347 fuisse
1350 2302 1562 2346 formata.
1594 2302 1752 2346 Potest
1787 2301 1926 2346 etiam
1959 2302 2096 2357 credi,
2130 2316 2265 2362 ange-

292 2370 384 2414 lico
402 2370 657 2415 ministerio
681 2370 771 2414 hoc
799 2369 971 2414 factum
997 2385 1108 2424 esse,
1127 2379 1174 2413 ut
1198 2369 1350 2428 angeli
1374 2384 1534 2414 eorum
1552 2383 1770 2429 personas
1793 2379 2078 2414 assumerent
2095 2384 2119 2412 ιο
2135 2384 2148 2425 ;
2164 2381 2265 2415 :non

294 2451 404 2496 ergo
431 2438 622 2491 videtur,
649 2437 772 2496 quod
798 2436 964 2481 fuerint
992 2438 1315 2482 convenientes
1342 2446 1492 2482 testes.

386 2520 423 2565 3.
452 2506 750 2551 PRAETEREA.
779 2505 882 2550 Act.
915 2518 980 2549 10.
1009 2506 1184 2560 dicitur,
1218 2505 1340 2564 quod
1371 2505 1537 2550 Christo
1565 2519 1701 2549 omnes
1720 2503 1947 2564 prophatae
1979 2504 2259 2550 testimonium

284 2573 532 2632 perhibent;
553 2586 663 2631 ergo
690 2586 784 2616 non
812 2571 899 2616 soli
924 2573 1125 2631 Moyses,
1153 2583 1197 2617 et
1223 2572 1378 2617 Helias
1401 2572 1654 2616 debuerunt
1680 2572 1838 2616 adesse
1863 2581 2083 2630 tanquam
2106 2581 2261 2626 testes,

293 2640 373 2685 sed
405 2640 544 2684 etiam
577 2654 739 2684 omnes
773 2639 1036 2698 prophetae

382 2720 424 2763 4.
444 2708 742 2752 PRAETEREA
763 2705 923 2750 Gloria
942 2706 1113 2750 Christi
1131 2707 1343 2751 omnibus
1381 2706 1762 2752 Christifidelibus
1780 2682 2123 2764 repromittitur,
2144 2718 2260 2765 quos

293 2789 374 2835 per
414 2789 544 2819 suam
575 2773 1022 2832 transfigurationem
1051 2775 1105 2817 ad
1132 2774 1252 2818 illius
1287 2774 1460 2833 gloriae
1498 2774 1772 2818 desiderium
1812 2772 2061 2818 accendere
2091 2772 2260 2828 voluit3

293 2858 389 2887 non
417 2856 526 2901 ergo
554 2841 680 2886 solos
706 2841 906 2894 Petrum,
935 2851 979 2885 et
998 2841 1236 2898 Jacobum,
1265 2853 1308 2885 et
1328 2843 1555 2899 Joannem
1581 2841 1627 2885 in
1654 2839 1970 2885 testimonium
1993 2854 2104 2886 suae
2124 2850 2264 2886 trans·

293 2910 577 2971 figurationis
610 2922 841 2953 assumere
875 2908 1039 2961 debuit,
1073 2908 1149 2953 sed
1185 2923 1345 2952 omnes
1379 2909 1640 2967 discipulos.

382 2979 435 3023 IN
456 2989 774 3022 CONTRARIUM
792 2985 859 3020 est
877 2975 1181 3034 Evangelicae
1202 2976 1462 3035 Scripturae
1483 2976 1728 3021 auctoritas
1748 2975 2206 3036 (Matth.17.etMar0
2218 2989 2260 3035 9

293 3052 330 3091 et
355 3047 458 3090 Luc.
487 3045 566 3105 9.)

382 3114 672 3158 Rsssponnao
690 3110 949 3163 dicendum,
969 3110 1090 3168 quod
1111 3110 1320 3154 Christus
1338 3111 1647 3168 transfigurari
1664 3109 1824 3164 voluit,
1842 3119 1892 3155 ut
1911 3107 2108 3169 gloriam
2129 3121 2261 3155 suam
2305 3138 2345 3173 4.

293 3181 558 3226 hominibus
601 3178 874 3231 ostenderet,
902 3187 946 3221 et
988 3178 1041 3220 ad
1070 3191 1172 3221 earn
1201 3178 1545 3221 desiderandam
1581 3178 1794 3222 homines
1827 3186 2114 3237 provocaret,
2145 3176 2264 3231 sieut

293 3262 426 3308 supra
454 3248 626 3292 dictum
655 3255 720 3290 est
750 3245 850 3302 (art.
884 3261 918 3290 ι.
952 3244 1072 3302 hujus
1104 3259 1140 3302 q.
1143 3247 1193 3298 ).·
1227 3245 1280 3287 ad
1310 3244 1505 3301 gloriam
1534 3255 1685 3288 autern
1725 3254 1934 3289 aeternae
1973 3242 2262 3290 beatitud&
2331 3255 2338 3287 ’.

295 3316 580 3360 adducuntur
605 3314 818 3358 homines
844 3326 924 3371 per
952 3311 1202 3364 Christum,
1241 3326 1333 3354 non
1371 3311 1520 3355 solum
1558 3312 1634 3370 qui
1675 3322 1778 3370 post
1811 3324 1917 3357 eum
1956 3310 2150 3365 fuerunt,
2180 3306 2261 3356 sed

296 3384 433 3428 etiam
463 3383 537 3442 qui
566 3396 671 3426 eum
690 3389 1057 3440 praecesserunt:
1085 3379 1218 3432 unde,
1239 3394 1293 3422 eo
1314 3379 1367 3421 ad
1392 3380 1653 3437 passionem
1676 3389 1961 3438 properante,
1982 3388 2079 3423 tam
2100 3377 2259 3427 turbae
2285 3373 2341 3440 [ξς

295 3464 411 3509 quae
438 3450 753 3509 sequebantur,
782 3461 919 3507 quam
946 3460 1062 3505 quae
1081 3446 1425 3505 praecedebant,
1446 3446 1486 3490 ei
1510 3447 1769 3490 clamabant
1792 3446 2008 3499 Hosanna,
2028 3455 2077 3489 ut
2098 3443 2303 3489 dicitur,

294 3518 456 3562 Matth.
485 3530 553 3562 21.
582 3516 710 3576 quasi
737 3515 931 3560 salutem
959 3514 1013 3558 ab
1042 3527 1097 3558 eo
1125 3524 1351 3573 petentes;
1380 3524 1423 3557 et
1449 3515 1552 3558 ideo
1572 3515 1850 3559 conveniens
1866 3513 1963 3569 fuit,
1985 3524 2034 3559 ut
2060 3515 2115 3559 de
2136 3511 2318 3574 prae-⁸³}

295 3586 557 3631 cedentibus
583 3585 732 3644 ipsum
758 3593 896 3629 testes
923 3582 1144 3636 adessent,
1171 3580 1345 3626 scilicet
1377 3581 1578 3640 Moyses,
1617 3591 1660 3627 et
1696 3580 1876 3636 Helias;
1908 3591 1953 3626 et
1982 3580 2040 3626 de
2073 3583 2310 3640 sequeu-
