2352 3926
279 224 387 295 498
813 237 1094 283 QUAEsno
1135 236 1261 276 ux:
1285 211 1595 277 Anrrcums
1633 237 1706 278 v1.

272 347 491 401 peccatore
516 341 817 400 poenitentiam
844 345 1013 397 agente:
1042 348 1086 382 et
1112 338 1249 382 etiam
1277 349 1498 398 quantum
1525 338 1581 383 ad
1606 351 1778 399 poenas
1809 340 2113 387 accidentales
2139 341 2246 388 doe-

277 422 486 461 monum,
513 408 674 466 quibus
700 415 972 464 torquentur
996 404 1069 450 vel
1097 405 1189 459 hic,
1206 405 1281 449 vel
1305 404 1599 450 recluduntur
1623 407 1671 450 in
1696 406 1898 452 inferno:
1926 417 1971 453 et
1994 409 2085 455 hoc
2103 410 2243 458 etiam
2277 451 2282 455 .

275 475 468 533 pertinet
486 476 540 518 ad
559 473 799 517 hominem
819 472 1083 516 Christum:
1102 473 1222 516 unde
1239 473 1380 516 Marc.
1403 487 1440 517 1.
1454 473 1630 527 dicitur,
1649 474 1772 532 quod
1789 475 1987 519 daemon
2004 475 2241 525 clamabit:

278 543 396 599 Quid
416 544 548 594 nobis,
574 547 610 585 et
637 542 727 595 tibi,
755 542 851 597 jesu
878 541 1132 598 Nazarene?
1157 542 1308 585 venisti
1340 546 1433 585 ante
1465 547 1624 600 tempus
1642 541 1815 600 perdere
1835 554 1932 586 nos:
1961 545 2081 591 tertio
2107 558 2243 602 quan-

277 619 375 652 tum
403 609 457 651 ad
486 608 739 666 praemium
760 608 999 651 essentiale
1017 608 1247 652 bonorum
1266 607 1553 665 angelorum,
1571 609 1694 667 quod
1712 619 1779 653 est
1793 608 2026 654 beatitudo
2044 621 2242 666 aeterna,

276 686 319 719 et
345 686 565 734 quantum
594 676 648 718 ad
676 689 875 733 poenam
903 674 1192 719 essentialem
1221 675 1491 733 angelorum
1519 674 1765 730 malorum,
1783 689 1900 735 quae
1919 685 1987 721 est
2008 677 2241 723 damnatio

274 753 486 786 aeterna:
516 743 592 786 sed
620 743 710 786 hoc
743 741 916 786 factum
950 752 1018 786 est
1044 756 1124 802 per
1155 741 1408 796 Christum,
1445 743 1717 802 inquantum
1757 753 1825 787 est
1848 742 2053 788 Verbum
2078 744 2182 800 Dei,
2214 759 2241 790 a

273 810 497 868 principio
524 809 697 853 mundi.

363 877 440 922 AD
471 890 660 921 PRIMUM
694 891 805 935 ergo
834 877 1093 932 dicendum,
1121 877 1243 936 quod
1266 876 1382 921 ratio
1409 876 1486 921 illa
1514 877 1720 936 procedit
1745 877 1801 922 de
1825 877 1996 937 Judicio
2020 888 2239 937 quantum

273 944 328 988 ad
356 944 614 1003 praemium
642 943 897 999 essentiale,
926 954 971 988 et
996 958 1195 1004 poenam
1222 943 1534 1004 principalem.

362 1011 438 1055 AD
466 1024 728 1055 SECUNDUM
755 1011 1015 1066 dicendum,
1040 1012 1176 1070 quod,
1194 1011 1446 1055 sicutdicit
1467 1011 1662 1069 August.
1689 1011 1735 1055 in
1762 1011 1837 1055 lib.
1865 1011 1920 1055 de
1945 1011 2067 1056 Vera
2089 1011 2236 1071 Relig.

270 1079 383 1138 (cap.
412 1094 471 1138 31.
499 1093 525 1122 a
556 1078 700 1136 med),
732 1094 755 1120 «
787 1078 895 1122 licet
920 1078 1165 1137 spiritualis
1206 1079 1376 1137 judicet
1402 1079 1574 1132 omnia,
1613 1089 1768 1122 tamen
1801 1078 2027 1137 judicatur
2054 1079 2108 1123 ab
2140 1079 2239 1139 ipsa

269 1146 458 1190 veritate
484 1160 525 1188 »z
554 1157 598 1189 et
623 1145 727 1189 ideo
754 1144 862 1189 licet
889 1145 1041 1204 angeli
1068 1160 1121 1189 ex
1149 1160 1203 1189 eo
1233 1146 1355 1204 quod
1382 1156 1486 1191 sunt
1511 1145 1766 1205 spirituales
1793 1145 2016 1204 judicent;
2037 1146 2239 1205 judican-

268 1223 341 1257 tur
365 1223 520 1257 tamen
547 1227 573 1256 a
600 1213 803 1265 Christo,
830 1213 1102 1271 inquantum
1130 1223 1197 1256 est
1222 1213 1405 1257 veritas.

358 1281 435 1325 AD
463 1293 680 1325 TERTmM
707 1280 969 1333 dicendum,
997 1280 1119 1339 quod
1149 1280 1360 1325 Christus
1388 1280 1525 1324 habet
1550 1280 1772 1338 judicium
1804 1293 1900 1324 non
1926 1279 2078 1330 solum
2103 1295 2239 1341 super

269 1348 473 1407 angelos,
492 1349 570 1392 sed
597 1350 735 1392 etiarn
762 1363 897 1406 super
918 1348 1360 1392 administrationem
1387 1348 1525 1392 totius
1554 1357 1797 1391 creaturae.
1818 1347 1869 1391 Si
1891 1347 2028 1402 enirn,
2045 1357 2096 1392 ut
2115 1347 2236 1407 Aug.

268 1416 378 1460 dicit
402 1416 448 1459 in
479 1430 515 1474 3.
543 1415 599 1459 de
629 1414 756 1458 Trin.
788 1416 899 1474 (cap.
925 1416 1003 1472 4.),
1041 1431 1064 1456 «
1090 1415 1307 1458 inferiora
1332 1415 1533 1473 quodam
1562 1415 1720 1459 ordine
1742 1414 2124 1471 regunturaDeo
2157 1429 2238 1474 per

267 1483 501 1543 superiora
527 1499 568 1536 ›>‚
591 1493 772 1541 oportet
800 1483 965 1547 dicere,
988 1480 1116 1541 'quod
1145 1482 1302 1525 omnia
1328 1492 1546 1539 reguntur
1572 1496 1652 1541 per
1679 1481 1883 1529 animam
1918 1481 2102 1536 Christi,
2118 1497 2236 1542 quae

268 1561 335 1595 est
360 1565 493 1609 supra
521 1564 710 1594 omnem
745 1559 1025 1594 creaturam:
1054 1549 1174 1593 unde
1202 1559 1246 1593 et
1267 1549 1429 1608 Apost.
1454 1549 1565 1592 dicit
1591 1548 1705 1594 Heb.
1734 1561 1798 1592 2.:
1826 1549 1926 1593 Non
1946 1550 2059 1593 enim
2084 1549 2236 1608 angelis

265 1619 436 1676 subjecit
461 1619 576 1661 Deus
603 1618 743 1661 orbem
776 1623 911 1660 terrae
939 1617 1153 1674 futurum,
1173 1616 1219 1660 de
1242 1631 1320 1675 quo
1341 1616 1568 1675 loquimur,
1598 1616 1851 1673 subjectum
1875 1615 1932 1669 ei,
1957 1615 2077 1660 idest
2107 1615 2236 1660 Chri-

266 1695 350 1728 sto.
379 1685 477 1728 Nec
503 1694 660 1728 tamen
687 1693 871 1742 propter
896 1684 987 1727 hoc
1015 1685 1147 1727 alium
1175 1685 1386 1728 constituit
1410 1685 1526 1728 Deus
1555 1691 1680 1743 super
1705 1690 1864 1728 terram
1873 1698 1890 1736 ;
1924 1683 2031 1742 quia
2056 1697 2171 1727 unus
2190 1693 2242 1728 et.

264 1752 388 1796 idem
417 1762 484 1795 est
509 1752 650 1804 Deus,
683 1761 727 1795 et
752 1751 913 1804 homo,
949 1751 1180 1795 Dominus
1210 1751 1340 1809 Jesus
1376 1750 1600 1796 Christus.
1633 1751 1704 1795 De
1738 1751 1866 1809 cujus
1904 1750 2233 1802 incarnationis

265 1820 482 1878 mysterio
512 1819 567 1862 ad
590 1833 804 1877 praesens
830 1818 951 1863 dicta
977 1817 1216 1863 sufficiant.

933 2224 1381 2301 QUAESTIO
1432 2223 1568 2284 LX.

513 2378 595 2418 DE
626 2379 1056 2429 SACRAMENTIS,
1093 2379 1159 2419 IN
1193 2379 1347 2420 OCTO
1379 2379 1711 2420 ARTICULOS
1743 2378 1965 2420 DIVISA.

348 2557 461 2602 Post
482 2557 897 2602 considerationem
923 2572 1099 2611 eorum,
1119 2572 1235 2616 quae
1256 2557 1484 2616 pertinent
1506 2556 1561 2601 ad
1588 2556 1804 2616 mysteria
1826 2556 1964 2601 Verbi
1987 2557 2225 2612 incarnati,

260 2625 643 2669 considerandum
669 2635 737 2669 est
762 2625 817 2669 de
843 2625 1076 2670 Ecclesiae
1109 2625 1420 2677 sacramentis,
1445 2639 1562 2683 quae
1595 2625 1648 2668 ab
1681 2624 1781 2683 ipso
1799 2623 1954 2668 Verbo
1985 2623 2224 2670 incarnato

260 2691 512 2736 efficaciam
544 2692 734 2736 habent:
765 2702 809 2736 et
828 2694 976 2751 prima
1004 2692 1309 2735 consideratio
1344 2691 1427 2735 erit
1460 2692 1514 2735 de
1547 2691 1844 2736 sacramentis
1875 2691 1922 2735 in
1956 2691 2224 2746 communi;

257 2760 433 2805 secunda
459 2759 514 2803 de
542 2773 821 2818 unoquoque
844 2769 1239 2803 sacramentorum
1265 2759 1311 2802 in
1339 2758 1538 2817 speciali.

335 2827 488 2872 Circa
510 2828 709 2887 primum
742 2829 920 2886 quinque
953 2827 1282 2871 consideranda
1309 2837 1432 2870 sunt:
1461 2828 1601 2885 primo
1630 2826 1735 2885 quid
1762 2826 1818 2871 sit
1853 2837 2195 2872 sacramentum
2209 2842 2228 2882 3*

257 2894 446 2949 secundo,
465 2894 520 2938 de
542 2895 810 2939 necessitate
844 2903 1263 2947 sacramentorum;
1297 2895 1431 2947 tertio,
1457 2894 1513 2938 de
1540 2893 1774 2938 effectibus
1800 2889 2222 2950 sacramentorumss

259 2969 424 3022 quarto,
454 2962 509 3007 de
536 2976 674 3007 causa
700 2976 884 3016 eorum;
912 2963 1071 3021 quint0,
1104 2961 1159 3004 de
1186 2975 1394 3004 numero.

859 3073 988 3118 Circa
1013 3074 1204 3133 primum
1231 3079 1492 3132 quaeruntur
1525 3079 1627 3117 octo.

347 3164 520 3210 Primo,
547 3163 715 3209 Utrum
741 3172 1079 3208 sacramentum
1107 3162 1163 3206 sit
1188 3162 1233 3205 in
1268 3176 1433 3221 genere
1461 3162 1593 3221 signi.

350 3232 580 3277 Secundo.
607 3231 773 3276 Utrum
801 3245 939 3275 omne
965 3230 1148 3288 signum
1176 3230 1239 3274 rei
1266 3244 1421 3274 sacrae
1449 3231 1504 3275 sit
1530 3238 1885 3275 sacramentum.

351 3299 524 3344 Tertio.
553 3299 719 3344 Utrum
746 3307 1083 3342 sacramentum
1115 3299 1172 3341 sit
1198 3297 1379 3354 signum
1407 3298 1538 3342 unius
1564 3298 1630 3342 rei
1655 3307 1847 3351 tantum,
1878 3295 1952 3342 vel
1977 3294 2190 3357 plurium.
2216 3351 2217 3354 Ἰ

350 3367 544 3419 Quarto.
573 3366 738 3411 Utrum
765 3375 1099 3410 sacramentum
1128 3365 1184 3408 sit
1210 3364 1406 3422 signum,
1435 3366 1556 3424 quod
1585 3375 1652 3410 est
1678 3379 1748 3409 res
1778 3363 2017 3411 sensibilis.

352 3431 542 3487 Quinto.
568 3434 733 3478 Utrum
761 3433 816 3477 ad
843 3442 1181 3483 sacramentum
1209 3432 1461 3490 requiratur
1488 3433 1789 3476 determinata
1813 3444 1885 3476 res
1912 3429 2152 3481 sensibilis.

351 3502 506 3546 Sexto.
531 3501 698 3545 Utrum
726 3500 780 3544 ad
799 3509 1134 3545 sacramentum
1153 3499 1404 3556 requiratur
1421 3499 1708 3557 significatio,
1735 3513 1851 3558 quae
1878 3507 1947 3544 est
1970 3511 2051 3558 per
2066 3497 2217 3543 verba.

353 3569 571 3628 Septimo.
600 3568 765 3613 Utrum
795 3566 1078 3626 requirantur
1105 3563 1402 3610 determinata
1430 3566 1579 3610 verba.
2168 3588 2170 3591 .

353 3636 549 3682 Octavo.
578 3635 745 3681 Utrum
772 3635 860 3680 illis
886 3634 1033 3679 verbis
1066 3633 1207 3693 possit
1235 3631 1402 3691 aliquid
1432 3633 1549 3687 addi,
1576 3632 1649 3677 vel
1675 3631 1890 3677 subtrahi.
