2352 3926
613 185 892 234 QUAESTIO
931 185 1078 225 Lx1v.
1118 182 1428 224 Anrtcums
1466 183 1541 222 1x.
1950 182 2051 237 543
2100 198 2102 201 -

99 292 194 351 (ub.
219 291 268 338 de
295 293 430 338 Unico
455 291 671 350 Baptismo
693 295 801 335 cont.
830 288 946 334 Petit.
972 294 1063 347 cap.
1086 301 1142 346 13.
1169 300 1196 331 a
1225 285 1383 342 med.).·
1419 299 1444 326 c<
1474 283 1724 343 Martyrem
1757 281 2059 343 Cyprianum,

99 362 177 421 qui
202 359 321 420 apud
346 358 619 411 haereticos,
643 355 719 401 vel
745 354 1062 400 schismaticos
1089 354 1246 397 datum
1266 351 1543 411 baptismum
1560 349 1747 394 nolebat
1762 362 2059 408 cognoscere,

98 437 225 474 tanta
266 425 430 470 merita
462 439 604 483 usque
637 424 693 467 ad
724 422 1005 481 triumphum
1038 420 1243 479 martyrii
1273 429 1429 463 secuta
1460 428 1577 471 sunt,
1610 427 1658 461 ut
1690 415 1936 470 charitatis,
1969 429 2059 475 qua

99 493 366 544 excellebat,
391 492 492 536 luce
520 490 810 535 obumbratio
836 489 915 532 illa
939 487 1185 546 fugaretur,
1219 496 1262 531 et
1293 487 1332 530 si
1364 485 1470 545 quid
1502 483 1791 543 purgandum
1823 493 1932 537 erat,
1965 497 2061 542 pas-

21 599 28 604 .
98 561 240 607 sionis
265 560 384 605 falce
410 558 645 603 tolleretur
671 573 711 600 ».

188 629 267 673 AD
288 639 507 672 TERTmM
534 625 792 676 dicendum,
819 621 941 681 quod
965 630 1164 680 potestas
1183 619 1469 664 ministrandi
1490 628 1777 663 sacramenta
1795 619 1988 678 pertinet
2004 617 2060 662 ad

98 695 377 756 spiritualem
423 694 750 747 characterem,
768 690 845 749 qui
866 688 1118 733 indelebilis
1146 698 1225 740 est,
1253 698 1300 731 ut
1327 702 1380 731 ex
1407 687 1674 746 supradictis
1697 695 1820 745 patet
1845 686 1906 744 (q.
1916 694 2059 745 praec.

99 769 181 808 art.
195 763 276 822 5.),·
295 773 340 806 et
355 762 460 806 ideo
483 775 563 820 per
587 760 677 803 hoc
705 758 827 816 quod
854 756 1015 815 aliquis
1042 756 1095 799 ab
1123 754 1329 799 Ecclesia
1346 755 1645 813 suspenditur,
1666 753 1740 797 vel
1752 753 2062 798 excommuni-

99 839 242 883 catur,
266 828 339 872 vel
358 828 495 872 etiam
522 825 804 884 degradatur,
830 837 925 867 non
945 822 1108 866 amittit
1135 830 1406 880 potestatem
1429 820 1692 865 conferendi
1709 830 2061 875 sacramentum,

99 897 180 943 sed
207 895 440 940 licentiam
459 893 614 938 utendi
636 893 722 935 hac
742 900 991 949 potestate3
1019 899 1064 933 et
1084 889 1188 932 ideo
1206 897 1541 932 sacramentum
1563 887 1745 945 quidem
1774 886 1964 942 confert,
1983 887 2061 931 sed

99 973 258 1009 tamen
289 972 451 1022 peccat
473 958 769 1004 conferendo:
798 967 843 1002 et
863 956 1071 1001 similiter
1095 955 1172 999 ille
1194 955 1272 1014 qui
1298 955 1351 999 ab
1372 969 1427 998 eo
1446 954 1611 1013 accipit
1632 964 1996 1009 sacramentum;
2018 963 2062 999 et

98 1031 164 1076 sic
180 1044 274 1075 non
291 1028 482 1088 percipit
505 1041 604 1072 rem
629 1024 916 1077 sacramenti,
942 1024 1028 1067 nisi
1051 1022 1168 1067 forte
1195 1037 1275 1080 per
1299 1022 1607 1080 ignorantiam
1641 1031 1894 1066 excusetur.

813 1185 1248 1245 ARTICULUS
1280 1186 1350 1242 X.
1980 1213 2062 1259 359

376 1325 571 1365 UTRUM
609 1325 875 1365 INTENTIO
915 1323 1096 1362 RECTA
1134 1322 1377 1361 MINISTRI
1417 1322 1773 1368 REQUIRATUR

606 1407 681 1445 AD
723 1405 1146 1445 PERFECTIONEM
1187 1404 1555 1444 SACRAMENTI.

102 1518 236 1578 (Insr.
263 1533 302 1578 q.
330 1530 399 1578 74.
425 1524 508 1563 art.
534 1531 575 1563 2.
602 1516 656 1561 ad
680 1531 720 1562 2.
743 1522 779 1560 et
795 1530 836 1573 4.
855 1516 964 1560 Dist.
983 1515 1025 1561 6.
1044 1530 1082 1575 q.
1100 1531 1136 1560 r.
1154 1522 1238 1560 art.
1255 1530 1295 1560 2.
1314 1529 1351 1574 q.
1370 1529 1409 1560 2.
1427 1521 1466 1559 et
1488 1515 1602 1559 Dist.
1619 1529 1678 1559 Η.
1697 1520 1780 1560 art.
1798 1530 1833 1560 1.
1852 1529 1890 1574 q.
1904 1529 1940 1574 3.
1959 1513 2014 1558 ad
2029 1530 2064 1559 1.

710 1589 747 1629 et
772 1585 883 1628 Dist.
910 1598 974 1628 ιο.
1002 1598 1040 1642 q.
1067 1598 1104 1628 ι.
1131 1588 1211 1627 art.
1234 1597 1270 1642 3.
1300 1582 1355 1627 ad
1375 1581 1450 1642 3.).

190 1696 268 1741 ΑΒ
294 1708 518 1741 DECIMUM
545 1693 609 1738 sic
632 1693 905 1753 proceditur.
928 1693 1133 1747 Videtur,
1161 1693 1283 1752 quod
1308 1693 1500 1737 intentio
1532 1702 1657 1737 recta
1689 1692 1884 1738 ministri
1919 1692 2065 1752 requi-

102 1773 226 1809 ratur
248 1763 303 1807 ad
322 1761 648 1822 perfectionem
672 1761 970 1805 sacramenti:
988 1761 1180 1805 intentio
1204 1760 1327 1804 enim
1345 1760 1539 1804 ministri
1557 1761 1691 1804 debet
1709 1759 1987 1804 conformari
2002 1760 2065 1803 in-

99 1831 291 1876 tentioni
317 1829 564 1883 Ecclesiae,
591 1838 640 1872 ut
666 1843 720 1872 ex
738 1828 868 1872 dictis
885 1837 1008 1887 patet
1026 1828 1124 1884 (art.
1142 1829 1182 1872 8.
1203 1828 1341 1886 huj.q.
1357 1827 1411 1872 ad
1433 1829 1494 1884 2.)
1509 1844 1521 1872 :
1536 1827 1613 1871 sed
1627 1827 1819 1871 intentio
1832 1827 2066 1872 Ecclesiae

101 1913 281 1958 semper
305 1907 375 1942 est
400 1907 544 1950 recta;
571 1909 681 1954 ergo
705 1895 760 1939 de
785 1895 1055 1940 necessitate
1083 1895 1139 1938 ad
1165 1894 1439 1939 sacramenti
1464 1894 1794 1954 perfectionem
1825 1895 2067 1954 requiritur

101 1964 295 2010 intentio
320 1974 443 2008 recta
464 1962 671 2007 ministri.

191 2044 232 2077 2.
258 2029 558 2076 Puni-Enna.
585 2030 804 2074 Perversa
829 2029 1021 2074 intentio
1048 2029 1245 2074 deterior
1267 2043 1367 2074 esse
1392 2029 1583 2083 videtur,
1611 2044 1749 2088 quam
1781 2030 1973 2075 intentio
2005 2031 2069 2090 jo—

100 2113 233 2147 cosa:
260 2098 341 2144 sed
362 2098 554 2142 intentio
580 2098 739 2156 jocosa
763 2096 886 2140 tollit
910 2107 1275 2151 sacramentum3
1297 2107 1403 2156 puta
1430 2098 1467 2141 si
1495 2097 1655 2156 aliquis
1691 2112 1785 2141 non
1821 2099 1955 2152 serio,
1988 2098 2067 2142 sed

1 2144 28 2221 ξ
98 2167 211 2213 ludo
233 2166 432 2226 aliquem
459 2164 729 2224 baptizaret;
757 2178 866 2222 ergo
900 2163 1046 2226 multo
1085 2164 1234 2223 magis
1271 2178 1484 2223 perversa
1515 2165 1706 2208 intentio
1745 2164 1891 2209 aufert
1921 2180 2067 2209 sacra-

100 2244 335 2288 mentum;
361 2242 470 2292 puta
491 2232 529 2276 si
556 2231 717 2290 aliquis
741 2230 941 2290 aliquem
962 2231 1223 2289 baptizaret,
1248 2242 1296 2275 ut
1321 2231 1620 2290 postmodum
1639 2246 1744 2276 eum
1765 2233 2007 2277 occideret.

195 2316 232 2362 3.
259 2301 558 2346 PRAETEREA.
586 2299 805 2343 Perversa
840 2298 1032 2343 intentio
1069 2298 1179 2343 facit
1213 2309 1362 2343 totum
1396 2313 1511 2358 opus
1547 2300 1779 2354 vitiosum,
1816 2301 2067 2344 secundum

98 2368 212 2415 illud
238 2368 349 2414 Luc.
382 2379 469 2412 12.:
498 2367 543 2412 Si
569 2367 710 2411 oculus
736 2373 828 2411 tuus
847 2366 979 2424 fuerit
1002 2381 1198 2424 nequam,
1219 2372 1348 2410 totum
1367 2375 1519 2425 corpus
1535 2373 1650 2411 tuum
1678 2368 1933 2412 tenebrosum
1961 2370 2067 2413 erit:

99 2436 180 2483 sed
192 2444 479 2481 sacramenta
498 2433 671 2479 Christi
686 2447 779 2478 non
798 2442 989 2493 possunt
1004 2433 1229 2493 inquinari
1243 2447 1322 2491 per
1332 2433 1479 2478 malos
1497 2433 1725 2488 homines,
1743 2435 1859 2479 sicut
1875 2436 2067 2494 August.

102 2503 212 2549 dicit
238 2510 398 2547 contra
422 2500 552 2546 Petil.
582 2501 678 2558 (lib.
707 2516 745 2546 2.
771 2509 860 2560 cap.
887 2514 956 2560 47.
984 2501 1038 2545 ad
1053 2503 1132 2560 fin.
1160 2508 1198 2546 et
1223 2502 1294 2546 lib.
1322 2517 1353 2559 3.
1381 2508 1487 2546 cont.
1519 2501 1710 2547 Crescon.
1739 2512 1829 2563 cap.
1851 2519 1887 2562 5.
1915 2510 1952 2548 et
1977 2505 2039 2562 6.)
2050 2519 2066 2556 ,·

103 2583 214 2629 ergo
239 2569 428 2623 videtur,
446 2568 569 2629 quod
595 2569 633 2612 si
658 2568 716 2613 sit
740 2582 953 2628 perversa
976 2569 1167 2613 intentio
1196 2569 1405 2623 ministri,
1427 2583 1521 2614 non
1546 2570 1604 2614 sit
1634 2570 1696 2614 ibi
1727 2584 1887 2615 verum
1919 2586 2068 2616 sacra-

104 2646 323 2682 mentum.

196 2703 292 2748 SED
318 2713 515 2748 CONTRA
536 2712 618 2756 est,
645 2703 766 2761 quod
783 2716 994 2762 perversa
1011 2702 1202 2747 intentio
1220 2703 1414 2762 pertinet
1431 2703 1485 2748 ad
1509 2704 1732 2749 malitiam
1754 2705 1971 2750 ministri:
1990 2706 2067 2751 sed

106 2770 282 2816 malitia
303 2768 500 2813 ministri
523 2782 617 2813 non
641 2769 760 2814 tollit
787 2780 1150 2824 sacramentum3
1177 2784 1287 2829 ergo
1309 2785 1394 2815 nec
1421 2786 1633 2829 perversa
1654 2773 1862 2817 intentio.

192 2838 481 2883 REsPonm-:o
507 2835 765 2891 dicendum,
797 2837 918 2896 quod
951 2837 1143 2882 intentio
1176 2838 1371 2882 ministri
1405 2849 1556 2898 potest
1590 2840 1786 2899 perverti
1816 2840 2066 2899 dupliciter:

72 2913 187 2951 ‘uno
220 2904 341 2949 modo
377 2913 584 2962 respectu
621 2903 762 2962 ipsius
784 2905 1079 2959 sacramenti3
1112 2915 1220 2963 puta
1247 2919 1352 2949 cum
1386 2906 1548 2966 aliquis
1587 2921 1682 2951 non
1703 2908 1895 2951 intendit
1919 2921 2069 2951 sacra-

105 2983 314 3018 mentum
347 2969 567 3023 conferre,
599 2970 679 3015 sed
705 2970 923 3016 derisorie
957 2971 1125 3031 aliquid
1159 2987 1325 3030 agere;
1353 2983 1398 3017 et
1421 2973 1525 3018 talis
1552 2975 1821 3033 perversitas
1853 2973 1973 3018 tollit
1996 2988 2070 3018 ve·

105 3042 285 3085 ritatem
311 3037 601 3091 sacramenti,
616 3038 858 3097 praecipue
883 3040 1067 3097 quando
1089 3053 1219 3083 suam
1237 3040 1541 3085 intentionem
1565 3042 1757 3086 exterius
1785 3041 2066 3086 manifestat:

105 3109 191 3154 alio
217 3107 338 3152 modo
360 3114 510 3165 potest
533 3105 729 3164 perverti
746 3105 946 3151 intentio
973 3107 1167 3151 ministri
1193 3118 1413 3166 quantum
1441 3108 1496 3151 ad
1530 3109 1589 3161 id,
1623 3108 1746 3167 quod
1772 3109 1974 3167 sequitur
2004 3122 2071 3152 sa-

39 3177 44 3179 ’
106 3184 419 3227 eramentum3
446 3182 554 3231 puta
579 3171 617 3216 si
637 3172 851 3217 sacerdos
875 3173 1080 3217 intendat
1106 3173 1304 3233 aliquam
1338 3173 1590 3219 foeminam
1624 3175 1866 3233 baptizare,
1893 3185 1943 3218 ut
1967 3175 2085 3218 abu-,

106 3253 227 3288 tatur
250 3255 321 3295 ea,
350 3239 424 3284 vel
445 3239 484 3284 si
508 3239 711 3283 intendat
733 3239 959 3284 conficere
986 3254 1151 3299 corpus
1186 3242 1371 3295 Christi,
1397 3251 1447 3285 ut
1472 3256 1527 3286 eo
1561 3242 1617 3285 ad
1642 3241 1864 3285 veneficia
1896 3251 2070 3287 utatur:

108 3320 154 3355 et
184 3310 289 3369 quia
314 3308 437 3367 prius
462 3320 556 3350 non
585 3306 809 3365 dependet
835 3320 860 3350 a
886 3308 1141 3366 posteriori,
1175 3309 1279 3352 inde
1306 3319 1374 3353 est
1404 3309 1525 3367 quod
1552 3308 1653 3352 talis
1685 3308 1950 3353 intentionis
1975 3323 2070 3368 per·

107 3377 295 3422 versitas
317 3374 555 3419 veritatem
586 3373 862 3418 sacramenti
890 3387 986 3418 non
1010 3373 1149 3429 tollit;
1175 3376 1253 3419 sed
1279 3376 1375 3434 ipse
1402 3375 1608 3419 minister
1633 3388 1688 3418 ex
1713 3374 1792 3419 tali
1818 3376 2068 3420 intentione

45 3439 46 3442 ¹
107 3445 303 3504 graviter
328 3451 500 3501 peccat.

196 3511 274 3556 An
298 3521 486 3555 ramum
514 3521 625 3567 ergo
650 3506 912 3561 dicendum,
943 3507 1067 3567 quod
1091 3508 1325 3554 Ecclesiae
1356 3509 1549 3554 intentio
1581 3519 1707 3554 recta
1739 3519 1820 3564 est,
1857 3520 1903 3556 et
1932 3524 2070 3570 quan-

107 3588 208 3624 tum
233 3577 289 3623 ad
305 3574 582 3622 sacramenti
604 3573 949 3635 perfectionem,
966 3585 1247 3634 etquantum
1273 3576 1330 3621 ad
1355 3576 1631 3621 sacramenti
1652 3590 1809 3622 usum:
1827 3576 1906 3623 sed
1922 3579 2070 3638 prima
