2352 3926
553 263 829 315 QUAESTIO
866 266 1032 308 van.
1066 260 1381 308 'ARTICULUS
1419 266 1535 307 vm.
1923 263 2026 323 579

732 464 1165 523 ARTICULUS
1205 465 1360 522 vm.
1943 478 2021 539 383

256 599 449 640 UTRUM
487 582 610 638 'ILLE
651 600 749 647 QUI
788 600 1038 647 ALIQUEM
1077 600 1256 639 LEVAT
1295 601 1369 639 DE
1410 600 1585 639 SACRO
1627 595 1814 640 FONTE

513 682 807 722 TENEATUR
844 683 919 720 AD
952 682 1073 736 EJUS
1107 682 1578 722 INSTRUCTIONEM.

186 792 318 852 (Infr.
345 807 382 851 q.
411 805 479 852 71.
506 799 586 838 art.
614 809 649 838 1.
676 792 729 837 ad
750 808 786 852 3.
809 798 845 837 et
865 806 907 850 4.
930 794 1039 837 Dist.
1065 793 1106 837 6.
1130 807 1167 851 q.
1194 806 1233 837 2.
1261 799 1343 837 art.
1370 807 1409 837 2.
1437 807 1475 850 q.
1499 807 1536 851 3.
1562 801 1677 852 corp.
1703 798 1740 837 et
1761 792 1814 837 ad
1830 793 1905 852 3.).

0 944 5 964 ÷
157 904 234 950 AD
261 917 499 950 OCTAVUM
526 906 590 950 sic
623 906 896 964 proceditur.
921 904 1126 958 Videtur,
1154 904 1275 963 quod
1308 903 1383 948 ille
1416 904 1494 963 qui
1526 905 1712 964 suscipit
1743 903 1942 964 aliquem
1971 905 2027 949 de

0 1001 4 1007 ,
67 985 200 1017 sacro
225 972 350 1017 fonte
382 986 477 1017 non
494 972 719 1031 obligetur
737 972 792 1016 ad
811 974 906 1030 ejus
924 972 1296 1025 instructionem;
1315 973 1418 1030 quia
1444 971 1596 1015 nullus
1618 982 1767 1030 potest
1791 972 2028 1026 instruere,

66 1038 155 1085 nisi
182 1039 446 1084 instructus:
474 1040 552 1086 sed
585 1038 723 1084 etiam
755 1039 940 1098 quidam
972 1052 1066 1083 non
1099 1038 1320 1092 instructi,
1354 1039 1432 1082 sed
1467 1037 1697 1097 simplices
1731 1038 2029 1083 admittuntur

1 1161 3 1163 Ι
66 1105 218 1151 levare
247 1106 445 1166 aliquem
472 1106 527 1150 de
553 1120 683 1150 sacro
710 1105 862 1160 fonte3
890 1120 999 1165 ergo
1035 1105 1111 1150 ille
1143 1105 1221 1165 qui
1252 1105 1441 1164 susci-pit
1470 1105 1763 1164 baptizatum,
1795 1120 1890 1150 non
1923 1106 2034 1151 obli-

0 1211 2 1213 >
68 1182 200 1233 gatur
225 1173 281 1217 ad
304 1174 400 1231 ejus
422 1174 782 1218 instructionem.

0 1241 16 1302 ἓ
156 1252 199 1285 2.
223 1240 522 1286 PRAETEREA.
549 1240 688 1285 Filius
715 1242 862 1300 magis
889 1250 1039 1300 potest
1056 1254 1082 1284 a
1102 1250 1229 1300 patre
1246 1240 1421 1294 instrui,
1440 1254 1578 1299 quam
1601 1239 1654 1283 ab
1679 1239 1769 1284 alio
1787 1250 2026 1296 extrane03

0 1264 12 1364 Ξ
66 1321 176 1353 nam
201 1307 320 1352 filius
345 1307 481 1352 habet
508 1322 534 1352 a
559 1318 686 1366 patre
703 1321 816 1362 esse,
836 1317 879 1352 et
896 1307 1240 1361 nutrimentum,
1268 1316 1311 1352 et
1337 1306 1640 1366 disciplinam,
1662 1317 1711 1351 ut
1727 1307 1900 1352 Philos.
1924 1308 2032 1352 dicit

0 1365 15 1435 Ξ
66 1375 115 1420 in
140 1376 182 1419 8.
208 1374 355 1419 Ethic.
384 1374 494 1435 (cap.
516 1390 578 1421 12.
603 1377 678 1420 cir.
697 1375 853 1434 med.).·
882 1375 921 1419 si
947 1389 1057 1433 ergo
1083 1374 1160 1419 ille
1187 1374 1264 1433 qui
1285 1375 1472 1433 suscipit
1486 1375 1778 1432 baptizatum,
1803 1384 2032 1419 teneretur

67 1456 175 1487 eum
199 1442 435 1496 instruere,
463 1443 610 1501 magis
637 1452 756 1487 esset
787 1443 1086 1496 conveniens,
1113 1442 1235 1500 quod
1261 1451 1388 1500 pater
1413 1441 1607 1486 carnalis
1638 1441 1782 1486 filium
1815 1456 1949 1486 suum
1975 1442 2030 1486 de

8 1511 21 1544 ⁵·-
66 1508 193 1554 fonte
219 1509 481 1568 susciperet,
499 1524 639 1569 quam
664 1509 826 1571 aliquis
854 1509 990 1554 alius:
1019 1509 1141 1568 quod
1162 1519 1319 1553 tamen
1340 1508 1518 1553 videtur
1539 1523 1638 1553 esse
1664 1508 1960 1568 prohibitum,
1981 1519 2031 1553 ut

0 1541 21 1659 Ξξ
51 1575 258 1623 habetur
282 1577 329 1620 in
353 1577 489 1621 Decr.
520 1590 586 1636 30.
613 1591 656 1636 q.
688 1590 724 1621 1.
751 1577 892 1635 (cap.:
918 1576 1128 1630 Pervenit,
1151 1582 1188 1621 et
1209 1584 1298 1635 cap.
1320 1592 1333 1621 .·
1358 1577 1534 1620 Dictum
1559 1577 1649 1634 est).

159 1658 197 1703 3.
223 1643 521 1688 Pium-mm.
548 1644 707 1688 Plures
732 1643 879 1702 magis
902 1652 1090 1702 possunt
1115 1643 1351 1696 instruere,
1373 1657 1511 1702 quam
1539 1656 1655 1686 unus
1682 1641 1831 1697 solus;
1854 1643 1893 1687 si
1915 1657 2027 1702 ergo

0 1678 15 1768 ἓ
66 1710 145 1756 ille
171 1711 250 1771 qui
269 1710 458 1770 suscipit
483 1710 683 1770 aliquem
708 1709 987 1769 baptizatum
1020 1719 1247 1754 teneretur
1269 1723 1374 1754 eum
1397 1710 1631 1764 instruere,
1649 1710 1797 1768 magis
1814 1710 2031 1756 deberent

0 1762 21 1794 ξ’
66 1778 218 1839 plures
244 1777 489 1837 suscipere,
513 1792 652 1837 quam
678 1791 794 1822 unus
816 1776 959 1821 solus:
985 1778 1112 1835 cuius
1130 1777 1408 1821 contrarium
1426 1776 1618 1821 habetur
1635 1791 1689 1820 ex
1704 1776 1839 1821 Decr.
1858 1777 2028 1822 Leonis

65 1860 210 1907 papae
247 1845 373 1905 (quod
397 1846 530 1891 habet.
557 1853 646 1904 cap.
678 1860 766 1891 τοι.
799 1846 867 1889 De
901 1845 1093 1890 Consecr.
1118 1845 1229 1889 Dist.
1255 1844 1322 1901 4.)
1336 1860 1349 1888 .·
1394 1844 1542 1888 «Non
1578 1843 1742 1903 plures,
1773 1844 1933 1903 inquit,
1967 1846 2022 1888 ad

58 1913 407 1973 ,suscipiendum
449 1912 504 1956 de
538 1913 766 1972 baptismo
802 1911 1038 1965 infantem,
1081 1925 1219 1970 quam
1256 1925 1386 1965 unus,
1426 1911 1659 1965 accedant,
1692 1911 1787 1955 sive
1817 1911 1900 1965 vir,
1932 1911 2027 1956 sive

26 1982 39 2001 ’“’
59 1980 230 2026 <mulier
244 1997 286 2025 >›.

150 2046 254 2093 ”SED
286 2059 482 2092 CONTRA
509 2056 589 2101 est,
622 2046 743 2106 quod
771 2046 1054 2105 Augustinus
1081 2045 1190 2089 dicit
1214 2045 1261 2089 in
1287 2045 1489 2104 quodam
1515 2059 1648 2090 serm.
1687 2045 1902 2090 Paschali
1935 2046 2029 2105 (qui

66 2114 127 2161 ti't
149 2113 236 2174 163.
261 2114 309 2159 de
342 2114 484 2174 Temp.
512 2127 539 2158 a
563 2114 718 2171 med.).·
749 2130 773 2155 «
790 2113 887 2157 Vos
915 2122 1018 2157 ante
1045 2113 1203 2157 omnia
1227 2121 1323 2158 tam
1349 2113 1485 2166 viros,
1519 2127 1657 2172 quam
1689 2112 1918 2168 mulieres,
1951 2113 2028 2172 qui

69 2179 191 2227 filios
215 2181 262 2225 in
286 2180 557 2240 baptismate
580 2180 854 2240 suscepistis,
882 2194 1051 2224 moneo
1083 2189 1132 2224 ut
1157 2194 1240 2223 vos
1268 2180 1558 2239 cognoscatis
1586 2180 1874 2240 fideiussores
1908 2180 2027 2240 apud

68 2248 224 2294 Deum
250 2248 447 2293 extitisse
474 2262 556 2307 pro
582 2247 685 2302 illis,
713 2262 826 2307 quos
853 2248 938 2291 visi
965 2247 1070 2292 estis
1097 2247 1151 2291 de
1178 2246 1305 2291 fonte
1331 2247 1619 2306 suscipere».

153 2315 442 2361 Rssronnno
468 2315 726 2368 dicendum,
753 2315 875 2374 quod
902 2314 1210 2373 unusquisque
1237 2314 1465 2373 obligatur
1498 2315 1552 2359 ad
1586 2315 1901 2374 exequendum
1929 2314 2023 2360 offi-

21 2375 38 2447 ’ἶ
65 2381 203 2432 cium,
229 2382 352 2442 quod
379 2384 579 2442 accepit:
605 2382 778 2426 dictum
806 2391 873 2426 est
899 2391 1051 2426 autem
1078 2381 1184 2439 (art.
1205 2383 1388 2441 praec),
1414 2382 1537 2441 quod
1559 2381 1635 2426 ille
1653 2382 1731 2442 qui
1746 2383 1932 2442 suscipit
1953 2382 2029 2427 ali-

35 2454 40 2484 ὶ
66 2462 204 2509 quem
229 2449 285 2494 de
310 2463 441 2494 sacro
466 2448 608 2504 fonte,
636 2448 824 2494 assumit
849 2449 934 2493 sibi
967 2447 1170 2493 officium
1202 2449 1473 2508 paedagogi,
1506 2459 1548 2494 et
1580 2450 1686 2494 ideo
1713 2449 1940 2508 obligatur
1970 2450 2027 2495 ad

26 2515 323 2573 ,habendam
350 2530 507 2560 curam
533 2515 590 2561 de
615 2517 730 2575 ipso,
757 2517 794 2560 si
818 2516 1066 2560 necessitas
1092 2516 1375 2570 immineret3
1397 2518 1513 2561 sicut
1531 2531 1587 2561 eo
1604 2527 1826 2576 tempore,
1845 2527 1889 2562 et
1904 2516 2026 2572 loco,

66 2582 114 2629 in
139 2596 231 2643 quo
255 2583 469 2643 baptizati
494 2583 611 2628 inter
635 2583 839 2628 infideles
859 2583 1139 2628 nutriuntur:
1167 2583 1246 2627 sed
1263 2583 1339 2627 ubi
1355 2583 1613 2628 nutriuntur
1633 2584 1750 2629 inter
1772 2584 2027 2629 catholicos

10 2654 36 2695 4ἐ,
69 2649 355 2704 christianos»,
386 2650 493 2695 satis
525 2661 715 2709 possunt
747 2650 800 2694 ab
833 2650 921 2696 hac
954 2665 1062 2695 cura
1095 2652 1313 2705 excusari,
1352 2652 1685 2710 praesumendo
1724 2652 1845 2711 quod
1878 2667 1903 2697 a
1936 2652 2028 2696 suis

12 2689 327 2778 {parentibus
352 2716 591 2776 diligenter
615 2718 915 2762 instruantur:
941 2719 979 2762 si
1005 2727 1160 2762 tamen
1187 2731 1479 2781 quocumque
1507 2719 1647 2763 modo
1675 2719 1891 2764 sentirent
1923 2734 2029 2764 con-

14 2764 19 2776 h

22 2808 43 2829 ιι
66 2783 273 2838 trarium,
283 2793 544 2828 tenerentur
559 2784 811 2830 secundum
824 2799 958 2830 suum
976 2785 1167 2829 modum
1185 2784 1319 2830 saluti
1334 2786 1635 2845 spiritualium
1652 2786 1851 2831 filiorum
1870 2801 2026 2831 curam

22 2848 348 2911 thmpendere.

0 2961 2 2963 ,
157 2918 233 2962 An
249 2929 438 2962 PRIMUM
463 2930 573 2976 ergo
600 2917 856 2973 dicendum,
881 2920 1004 2978 quod
1022 2919 1099 2963 ubi
1115 2920 1376 2965 immineret
1393 2919 1661 2980 periculum,
1681 2930 1911 2980 oporteret
1928 2934 2026 2965 esse

30 2980 268 3046 ssaliquem
295 2984 483 3029 doctum
508 2986 555 3029 in
580 2984 756 3040 divinis,
782 2987 899 3031 sicut
922 2987 1172 3046 Dionysius
1199 2987 1309 3031 dicit
1335 2987 1445 3048 (cap.
1462 3002 1498 3047 7.
1523 2989 1636 3032 Eccl.
1655 2988 1774 3033 Hier.
1792 3003 1898 3032 vers.
1911 2988 2025 3045 fin.),

0 3057 3 3090 'z
38 3054 85 3110 ζ·
99 3052 147 3097 ui
170 3052 446 3110 baptizatum
469 3051 524 3095 de
546 3065 676 3096 sacro
693 3051 818 3097 fonte
834 3053 1102 3113 susciperet:
1122 3055 1200 3098 sed
1218 3055 1294 3098 ubi
1310 3055 1399 3099 hoc
1417 3054 1670 3113 periculum
1688 3069 1782 3099 non
1800 3055 2025 3109 imminet,

50 3120 252 3194 :propter
277 3117 367 3162 hoc
397 3117 518 3176 quod
544 3118 671 3176 pueri
696 3119 952 3167 nutriuntur
977 3120 1093 3164 inter
1120 3121 1388 3176 catholicos,
1422 3122 1719 3166 admittuntur
1751 3122 2024 3180 quicumque

46 3185 128 3243 {ad
153 3186 244 3230 hoc
272 3184 499 3239 officium3
526 3185 631 3244 quia
658 3199 711 3229 ea
737 3200 852 3245 quae
878 3187 1102 3245 pertinent
1129 3188 1183 3232 ad
1211 3189 1503 3234 christianam
1531 3190 1686 3242 vitam,
1710 3198 1754 3232 et
1775 3188 1927 3242 fidem,
1950 3204 2027 3249 pu-

46 3250 184 3298 lice
211 3252 422 3296 omnibus
452 3262 563 3296 nota
598 3262 725 3297 sunt:
754 3262 953 3297 attamen
987 3254 1080 3309 ille,
1117 3256 1193 3314 qui
1229 3270 1323 3300 non
1358 3267 1425 3301 est
1459 3257 1722 3316 baptizatus,
1756 3270 1849 3300 non
1876 3266 2028 3315 potest

124 3319 296 3379 scipere
322 3319 614 3378 baptizatum,
641 3329 690 3363 ut
715 3329 782 3363 est
807 3319 1084 3365 declaratum
1107 3322 1153 3365 in
1177 3322 1392 3367 Concilio
1410 3324 1681 3381 Moguntino
1701 3324 1896 3380 (habetur
1912 3332 2023 3384 cap.:

52 3384 121 3444 {In
143 3386 401 3446 baptismate,
430 3387 495 3431 De
522 3385 713 3430 Consecr.
741 3386 851 3431 Dist.
874 3388 953 3444 4.)‚
992 3387 1098 3432 licet
1114 3403 1207 3432 non
1226 3390 1475 3449 baptizatus
1493 3390 1635 3449 possit
1651 3389 1876 3448 baptizare
1891 3406 1902 3445 ;
1920 3391 2026 3450 quia

57 3466 80 3512 {fu
111 3465 265 3497 rsona
293 3452 558 3511 baptizantis
586 3462 652 3497 est
679 3452 733 3496 de
758 3453 1026 3498 necessitate
1053 3457 1340 3511 sacramenti,
1367 3470 1460 3500 non
1488 3467 1640 3500 autem
1666 3470 1860 3515 persona
1886 3458 2028 3502 susci-

79 3516 112 3529 ’”
154 3518 246 3574 tis,
271 3518 387 3564 sicut
411 3519 583 3572 dictum
610 3529 677 3563 est
703 3518 802 3575 (art.
823 3527 964 3579 praec.
993 3521 1047 3565 ad
1070 3523 1145 3579 2.).

157 3586 235 3631 AD
261 3598 520 3631 SECUNDUM
547 3585 804 3639 dicendum,
837 3587 958 3645 quod
985 3587 1100 3633 sicut
1131 3598 1199 3634 est
1230 3590 1318 3634 alia
1345 3589 1579 3648 generatio
1612 3590 1853 3648 spiritualis
1880 3605 1906 3635 a
1932 3605 2024 3637 car-

46 3650 179 3716 ,²¹52
203 3652 264 3697 ita
290 3653 428 3697 etiam
459 3652 591 3697 debet
623 3666 720 3697 esse
758 3652 847 3696 alia
880 3653 1128 3714 disciplina,
1159 3656 1410 3700 secundum
1445 3655 1555 3700 illud
1592 3656 1727 3701 Hebr.
1766 3670 1854 3702 12.:
1881 3659 2023 3704 Patres
