2352 3926
597 218 875 266 QUAESTIO
914 218 1106 257 xxvm.
1147 216 1456 258 ARTICULUS
1496 215 1573 255 111.
1963 214 2070 271 247

203 331 245 365 2.
270 319 568 366 PRAETEREA.
595 318 768 364 Ibidem
787 319 992 364 subditur
1013 334 1067 364 ex
1083 319 1231 364 verbis
1248 319 1417 379 Angeli
1433 318 1662 378 loquentis
1680 316 1737 363 ad
1748 316 1944 376 Joseph:
1971 318 2073 363 Noli

34 443 36 450 Ξ
114 387 258 432 timere
282 389 467 447 accipere
495 388 684 432 Mariam
710 388 925 446 conjugem
952 393 1093 431 tuam.-
1136 387 1402 445 conjugium
1435 396 1588 430 autem
1621 394 1968 430 consummatur
1993 397 2073 443 per

112 453 346 498 carnalem
373 453 614 513 copulam;
640 467 750 512 ergo
775 452 967 507 videtur,
995 453 1116 511 quod
1143 453 1417 512 quandoque
1452 451 1646 498 carnalis
1681 450 1847 509 copula
1882 451 2073 495 interve-

111 520 230 565 nerit
252 520 370 565 inter
394 521 603 574 Mariam,
635 529 680 565 et
699 520 894 580 Joseph:
939 530 984 564 et
1017 520 1079 564 ita
1114 520 1307 574 videtur,
1337 521 1459 579 quod
1484 533 1579 563 non
1611 518 1911 578 permanserit
1939 518 2071 578 virgo

112 596 216 647 post
239 598 435 648 partum.

205 668 242 714 3.
269 654 566 700 PRAETEREA.
592 653 767 699 Ibidem
789 664 894 714 post
917 667 1063 714 pauca
1089 653 1314 698 subditur:
1349 654 1406 698 Et
1437 655 1598 711 accepit
1629 655 1842 712 conjugem
1871 667 2008 709 suam,
2034 659 2073 698 et

112 735 194 766 non
218 724 483 781 cognoscebat
511 738 618 777 eam,
645 722 770 767 donec
788 724 952 781 peperit
972 721 1116 780 filium
1148 735 1271 765 suum
1298 722 1655 779 primogenitum:
1688 721 1779 765 hoc
1814 730 1966 765 autem
1999 719 2073 765 ad-

111 788 318 833 verbium
343 789 467 835 donec
494 789 731 834 consuevit
757 789 1110 833 determinatum
1136 798 1317 846 tempus
1343 787 1537 846 signare,
1565 801 1656 845 quo
1683 787 1874 846 impleto
1900 787 1979 832 fiat
2009 787 2070 843 id,

111 856 234 915 quod
260 870 403 916 usque
429 857 484 901 ad
510 856 622 901 illud
648 866 828 915 tempus
853 870 947 900 non
975 855 1134 900 fiebat:
1161 855 1351 899 verbum
1385 863 1539 898 autem
1578 856 1889 913 cognoscendi
1920 855 1982 899 ibi
2014 855 2071 899 ad

0 913 13 996 Ξ
111 922 285 967 coitum
310 923 525 978 refertur;
551 924 669 968 sicut
690 934 733 967 et
752 923 918 968 Genes.
934 935 977 978 4.
1004 923 1181 976 dicitur,
1205 921 1326 981 quod
1350 921 1491 966 Adam
1518 923 1710 979 cognovit
1734 937 1906 966 uxorem
1923 936 2069 974 suam;

109 1002 223 1049 ergo
246 989 437 1045 videtur,
474 992 597 1050 quod
637 1001 741 1050 post
773 1000 952 1050 partum
979 991 1119 1034 Beata
1151 989 1296 1048 Virgo
1329 987 1464 1033 fuerit
1489 987 1728 1032 carnaliter
1754 1003 1779 1032 a
1800 988 1972 1048 Joseph
1999 1003 2073 1034 co-

102 1056 257 1116 gnita3
284 1070 396 1116 ergo
421 1058 611 1112 videtur,
639 1058 761 1117 quod
787 1072 881 1102 non
907 1057 1208 1117 permanserit
1228 1057 1360 1115 virgo
1387 1066 1491 1115 post
1516 1065 1711 1115 partum.

197 1135 241 1180 4.
266 1124 565 1171 PRAETEREA.
590 1125 928 1184 primogenitus
954 1139 1049 1169 non
1076 1133 1225 1183 potest
1247 1124 1350 1177 dici,
1377 1123 1465 1167 nisi
1491 1123 1569 1182 qui
1594 1123 1761 1167 habeat
1786 1121 1944 1168 fratres
1970 1124 2070 1168 sub-

107 1201 374 1251 sequentes:
400 1193 519 1237 unde
546 1202 591 1237 et
615 1192 751 1237 Rom.
771 1193 811 1236 8.
836 1192 1021 1236 dicitur:
1042 1193 1159 1249 Quos
1169 1192 1417 1251 praescivit,
1437 1196 1472 1235 et
1482 1189 1815 1249 praedestinavit
1839 1191 2071 1249 conformes

103 1259 202 1316 fieri
221 1260 417 1318 imaginis
440 1260 550 1304 Filii
574 1262 649 1312 sui,
682 1266 727 1304 ut
750 1261 804 1304 sit
828 1261 911 1319 ipse
930 1261 1236 1319 primogenitus
1267 1260 1312 1302 in
1343 1257 1485 1302 multis
1496 1258 1737 1316 fratribus:
1765 1257 1843 1301 sed
1869 1257 2072 1316 Evange-

106 1324 212 1370 lista
235 1327 445 1371 nominat
470 1326 707 1372 Christum
738 1327 1095 1386 primogenitum
1123 1325 1280 1370 matris
1306 1326 1426 1384 ejus;
1468 1338 1578 1383 ergo
1615 1324 1774 1368 habuit
1805 1323 1919 1368 alios
1949 1324 2070 1369 filios

105 1402 212 1451 post
236 1392 499 1439 Christum:
528 1404 573 1440 et
598 1396 660 1439 ita
684 1394 876 1449 videtur,
904 1394 1025 1454 quod
1052 1403 1198 1438 mater
1225 1392 1399 1438 Christi
1432 1406 1528 1436 non
1560 1391 1780 1436 manserit
1803 1392 1935 1451 virgo
1966 1402 2072 1452 post

105 1469 301 1519 partum.

201 1541 237 1587 5.
264 1528 563 1575 ΡΒΑΕΤΕΒΕΑ.
585 1529 714 1587 Joan.
744 1542 784 1574 2.
814 1529 1001 1574 dicitur:
1030 1531 1127 1575 Post
1148 1530 1246 1574 haec
1268 1528 1471 1573 descendit
1498 1527 1803 1587 Capharnaum
1825 1528 1922 1586 ipse,
1956 1526 2072 1572 scili-

9 1631 21 1651 Ξ,
107 1604 180 1639 cet
205 1595 429 1651 Christus,
456 1604 496 1643 et
518 1605 656 1643 mater
680 1600 780 1655 ejus,
799 1604 838 1642 et
854 1598 1015 1657 fratres
1041 1601 1157 1656 ejus:
1178 1596 1256 1641 sed
1282 1595 1442 1639 fratres
1471 1595 1694 1648 dicuntur,
1721 1595 1798 1653 qni
1824 1609 1878 1638 ex
1904 1594 2070 1639 eodem

30 1679 32 1681 '
105 1673 291 1723 parente
319 1665 460 1723 geniti
485 1675 618 1720 sunt;
645 1679 755 1757 ergo
773 1665 964 1719 videtur,
988 1665 1110 1724 quod
1128 1665 1269 1709 Beata
1285 1663 1430 1722 Virgo
1458 1662 1667 1707 habuerit
1694 1662 1810 1706 alios
1832 1662 1951 1707 filios
1967 1672 2072 1722 post

107 1729 359 1777 Christum.

18 1841 35 1853 ,Ξ
194 1796 236 1843 6.
263 1799 561 1844 Puni-nm.
588 1799 750 1845 Matth.
769 1812 839 1858 27.
867 1799 1049 1844 dicitur:
1076 1801 1216 1845 Erant
1239 1801 1314 1853 ibi,
1345 1797 1657 1855 scilicetjuxta
1675 1810 1859 1841 crucem
1879 1796 2066 1852 Christi,

20 1917 40 1929 ‚<
103 1866 296 1911 mulieres
320 1867 476 1912 multae
493 1881 521 1911 a
541 1868 672 1926 longe,
692 1882 794 1926 quae
809 1874 968 1912 secutae
985 1874 1103 1912 erant
1120 1868 1259 1924 Iesum
1287 1881 1314 1910 a
1341 1866 1549 1918 Galilaea,
1573 1866 1856 1908 ministrantes
1880 1866 1944 1909 ei:
1963 1866 2070 1910 inter

18 1932 40 1984 Jae
104 1946 206 1993 quas
235 1940 325 1979 erat
360 1936 508 1979 Maria
544 1935 805 1994 Magdalene,
833 1941 870 1980 et
894 1937 1042 1980 Maria
1062 1937 1225 1992 Jacobi,
1259 1941 1295 1979 et
1314 1934 1463 1993 Joseph
1485 1939 1634 1987 mater,
1658 1938 1695 1976 et
1723 1938 1858 1976 mater
1880 1932 2067 1989 filiorum

105 2000 326 2047 Zebedaei:
348 2001 527 2047 videtur
545 2013 697 2046 autem
714 2002 830 2047 haec
852 2002 1010 2058 Maria,
1037 2017 1153 2062 quae
1179 2002 1256 2046 hic
1280 1999 1628 2058 diciturJacobi,
1656 2009 1700 2044 et
1710 1999 1882 2058 Joseph
1907 2009 2067 2054 mater,

25 2074 75 2130 J}-
104 2080 205 2114 esse
231 2068 369 2113 etiam
394 2079 540 2114 mater
567 2069 766 2124 Christi3
794 2070 954 2114 dicitur
981 2070 1103 2114 enirn
1125 2069 1256 2128 Joan.
1291 2083 1371 2128 19„
1410 2068 1531 2127 quod
1568 2068 1706 2112 stabat
1738 2069 1867 2125 juxta
1903 2081 2066 2111 crucem

83 2133 194 2193 'Im
231 2136 380 2181 Maria
415 2143 551 2182 mater
575 2139 690 2196 ejus5
727 2150 838 2196 ergo
874 2137 1065 2191 videtur,
1104 2137 1226 2196 quod
1259 2146 1406 2180 mater
1433 2135 1606 2180 Christi
1642 2148 1736 2178 non
1769 2134 2068 2193 permanserit

86 2201 232 2262 ⁴»virgo
257 2213 361 2262 post
391 2212 582 2263 partum.

192 2269 286 2315 SED
320 2283 516 2316 CONTRA
545 2280 625 2325 est,
658 2271 781 2330 quod
816 2271 980 2316 dicitur
1004 2271 1170 2316 Ezech.
1207 2283 1305 2326 44.;
1343 2271 1475 2315 Porta
1507 2270 1605 2314 haec
1632 2270 1774 2314 clausa
1796 2271 1891 2323 erit,
1919 2275 1958 2314 et
1982 2283 2065 2313 non

26 2343 67 2400 fi,
90 2338 326 2397 «aperietur,
353 2344 392 2384 et
414 2339 486 2382 vir
517 2352 601 2382 non
624 2340 817 2383 transibit
839 2347 918 2398 per
949 2353 1069 2384 eam:
1096 2341 1297 2415 quoniam
1323 2339 1534 2382 Dominus
1559 2337 1676 2380 Deus
1701 2336 1834 2380 Israel
1862 2338 2064 2394 ingressus

92 2410 160 2450 est
179 2412 259 2465 per
281 2419 388 2450 eam.
416 2404 558 2458 Quod
584 2419 816 2464 exponens
842 2406 1125 2465 Augustinus
1158 2407 1204 2449 in
1237 2405 1439 2465 quodam
1466 2418 1679 2449 sermone
1717 2403 1890 2459 (scilicet
1919 2405 1984 2449 18.
2018 2402 2064 2447 de

32 2468 252 2534 2·};»Tmp.
272 2480 433 2533 parum
455 2487 482 2517 a
499 2475 680 2532 princ),
709 2473 846 2519 dicit:
876 2489 900 2514 «
919 2473 1044 2526 Quid
1072 2483 1139 2518 est
1164 2483 1295 2533 porta
1319 2473 1367 2516 in
1395 2472 1534 2516 domo
1561 2470 1755 2514 Domini
1778 2470 1946 2524 clausa,
1978 2470 2066 2514 nisi

41 2538 224 2602 ῑ-ὲῗῖςυοά
249 2538 396 2583 Maria
421 2553 604 2598 semper
629 2540 714 2584 erit
738 2539 938 2584 intacta?
966 2540 1023 2584 Et
1047 2540 1155 2599 quid
1182 2550 1263 2594 est,
1290 2540 1411 2584 homo
1437 2554 1520 2583 non
1543 2539 1736 2583 transibit
1752 2545 1829 2596 per
1850 2552 1958 2592 eam,
1975 2537 2065 2581 nisi

43 2604 68 2663 ³3
101 2604 224 2665 quod
244 2605 415 2665 Joseph
440 2620 536 2651 non
562 2617 815 2666 cognoscet
840 2606 974 2652 eam?
1005 2607 1061 2652 Et
1086 2606 1193 2669 quid
1220 2617 1301 2661 est,
1324 2606 1554 2651 Dominus
1570 2605 1694 2650 solus
1713 2606 1862 2659 intrat,
1881 2614 1926 2649 et
1943 2618 2067 2664 egre-

44 2668 220 2718 >⁴ditur
239 2687 320 2733 per
341 2687 460 2728 eam,
491 2674 579 2718 nisi
605 2674 728 2733 quod
755 2674 947 2733 Spiritus
985 2674 1180 2719 Sanctus
1205 2673 1541 2732 impraegnabit
1567 2687 1685 2726 eam,
1719 2682 1763 2716 et
1794 2671 2063 2731 angelorum

101 2737 315 2786 dominus
339 2750 551 2785 nascetur
576 2755 656 2801 per
681 2741 814 2786 eam?
837 2741 894 2786 Et
905 2742 1011 2801 quid
1029 2752 1110 2796 est,
1138 2742 1278 2787 clausa
1294 2743 1375 2786 erit
1400 2743 1444 2785 in
1466 2747 1696 2794 aeternum,
1718 2739 1806 2784 nisi
1832 2739 1954 2799 quod
1970 2740 2064 2783 Ma-

101 2803 168 2851 τὶι
186 2806 318 2866 virgo
344 2817 413 2852 est
438 2818 542 2852 ante
567 2818 763 2868 partum,
795 2818 839 2853 et
863 2809 994 2868 virgo
1020 2809 1067 2852 in
1093 2819 1237 2867 partu,
1265 2818 1310 2853 et
1333 2808 1464 2867 virgo
1498 2817 1601 2866 post
1627 2807 1838 2866 partum?
1857 2824 1880 2850 >›

48 2878 74 2938 J}
189 2873 478 2920 RESPONDEO
516 2874 775 2929 dicendum,
807 2875 931 2935 quod
968 2877 1136 2935 absque
1174 2875 1302 2920 omni
1337 2875 1475 2919 dubio
1505 2874 1795 2919 detestandus
1832 2883 1901 2918 est
1938 2888 2063 2918 error

45 2937 316 3004 34'1Helvidii,
341 2941 420 3001 qui
445 2941 596 2986 dicere
622 2943 939 3002 praesumpsit,
957 2943 1154 2987 Matrem
1182 2943 1355 2987 Christi
1380 2952 1484 3001 post
1509 2951 1691 3000 partum
1718 2955 1744 2984 a
1763 2941 1934 3000 Joseph
1962 2955 2061 2984 esse

48 3003 340 3059 5322.camaliter
360 3008 608 3068 cognitam,
636 3019 680 3053 et
706 3009 820 3053 alios
847 3008 965 3053 filios
992 3010 1227 3069 genuisse;
1254 3010 1346 3054 hoc
1370 3009 1493 3054 enim
1513 3010 1655 3068 primo
1675 3008 1866 3066 derogat
1889 3007 2059 3051 Christi

54 3070 389 3133 {xgperfectionn
416 3075 494 3134 qui
519 3075 636 3120 sicut
658 3076 910 3120 secundum
929 3077 1131 3121 divinam
1148 3087 1357 3120 naturam
1385 3076 1644 3135 unigenitus
1671 3085 1739 3119 est
1764 3074 1924 3127 Patris,
1950 3084 2063 3118 tam-

55 3160 82 3206 ν’,
102 3152 239 3199 quam
260 3141 484 3201 perfectus
509 3156 589 3201 per
611 3145 767 3187 omnia
793 3143 910 3187 filius
944 3145 1063 3202 ejus3
1090 3144 1152 3188 ita
1184 3144 1335 3188 decuit
1365 3154 1415 3187 ut
1446 3153 1564 3187 esset
1599 3142 1856 3218 unigenitus
1890 3141 2061 3195 matris,

49 3201 335 3283 {tamquam
355 3208 736 3268 perfectissimum
763 3224 951 3286 germen
978 3212 1099 3269 ejus;
1125 3210 1296 3255 secundo
1323 3210 1398 3254 hic
1427 3224 1552 3254 error
1583 3209 1796 3267 injuriam
1822 3207 1931 3251 facit
1957 3207 2058 3266 Spi-

54 3271 203 3338 {smui
233 3273 421 3330 Sancto,
454 3276 582 3334 cujus
617 3277 866 3321 sacrarium
901 3276 986 3321 fuit
1011 3286 1164 3322 uterus
1189 3276 1448 3336 virginalis3
1483 3277 1529 3319 in
1557 3290 1646 3334 quo
1676 3288 1861 3318 carnem
1887 3273 2061 3318 Christi

47 3335 336 3397 formavit
361 3342 480 3386 unde
506 3356 600 3387 non
626 3343 829 3397 decebat,
859 3343 981 3402 quod
1008 3344 1064 3388 de
1091 3354 1272 3388 caetero
1299 3343 1547 3387 violaretur
1578 3355 1657 3399 per
1679 3340 2058 3384 commixtionem

55 3402 300 3471 jsfjvirilem3
326 3410 446 3454 tertio
473 3409 664 3468 derogat
689 3410 911 3469 dignitati,
938 3421 982 3455 et
1017 3411 1246 3455 sanctitati
1277 3410 1434 3454 Matris
1468 3409 1570 3462 Dei,
1604 3422 1718 3466 quae
1752 3406 2060 3464 ingratissima

4 3518 5 3522 ,
50 3469 341 3551 finderetur,
382 3475 420 3519 si
453 3483 582 3520 tanto
621 3475 737 3520 Filio
765 3487 980 3521 contenta
1005 3492 1098 3521 non
1127 3487 1258 3531 esset,
1287 3487 1330 3522 et
1366 3477 1404 3520 si
1428 3475 1750 3532 virginitatem,
1778 3487 1892 3532 quae
1927 3474 1973 3517 in
2006 3487 2059 3518 ea

25 3557 26 3560 ¹
74 3588 75 3591 ,
72 3537 375 3586 *miraculose
402 3552 671 3586 conservata
694 3541 855 3597 fuerat,
881 3554 1043 3602 sponte
1070 3545 1256 3602 perdere
1296 3543 1434 3587 vellet
1458 3556 1547 3618 per·
1565 3541 1711 3585 carnis
1740 3540 2059 3595 concubitum,

7 3606 77 3665 ξς
101 3611 249 3662 quarto
274 3608 412 3652 etiam
437 3608 524 3667 ipsi
547 3608 719 3668 Joseph
752 3619 871 3654 esset
903 3609 958 3654 ad
991 3611 1241 3654 maximam
1274 3608 1693 3669 praesumptionem
1724 3607 2058 3667 imputandum,

0 1004 12 1031 ξ’,

0 1107 5 1118 ι

0 1126 16 1199 ἓ,

0 1360 15 1394 Ξ

0 1398 23 1425 P<2
