2352 3926
681 203 958 287 031me
994 236 1087 278 Lx.
1124 236 1435 279 ARTICULUS
1471 236 1588 277 vm.
2017 238 2122 294 509

60 363 102 394 ς
254 341 334 387 An
357 352 620 388 secuuntur
647 340 909 396 dicendum,
934 340 1058 401 quod
1093 341 1232 386 verba
1267 340 1495 400 pertinent
1527 340 1582 385 ad
1615 339 1815 386 formam
1851 341 2126 387 sacramenti

144 409 343 466 ’‘ratione
368 422 528 455 sensus
554 408 820 467 significat13
843 418 888 453 et
912 408 1019 454 ideo
1040 421 1356 468 quaecumque
1377 408 1456 452 fiat
1474 408 1658 463 additio,
1675 407 1749 453 vel
1760 408 2011 453 subtractio
2032 422 2127 452 ver-

135 466 345 530 ss'bom'm,
357 487 474 536 quae
489 488 585 520 non
603 474 738 520 addat
754 473 937 535 aliquid,
956 485 1032 520 aut
1046 474 1283 521 subtrahat
1298 475 1449 520 debito
1468 475 1635 529 sensui,
1651 488 1746 520 non
1761 475 1936 521 tollitur
1950 475 2124 535 species

145 537 456 591 'sacramenti

169 619 181 643 f
253 611 331 656 An
351 620 570 656 ‘rx-:nnuma
596 609 856 663 dicendum,
882 608 1004 668 quod
1031 608 1068 652 si
1094 607 1152 652 sit
1177 618 1300 652 tanta
1327 609 1594 668 interruptio
1619 609 1879 664 verborum,
1912 610 2034 669 quod
2064 610 2129 654 in·

162 677 428 739 tercipiatur
441 676 635 721 intentio
651 676 999 734 pronuntiantis,
1012 674 1187 730 tollitur
1202 688 1360 719 sensus
1377 676 1664 730 sacramenti,
1682 687 1727 721 et
1747 691 1828 736 per
1844 690 2128 736 consequens

54 739 90 790 2²³¹
163 745 331 790 veritas
344 745 461 803 ejus:
477 757 572 788 non
586 753 739 787 autem
750 742 938 795 tollitur,
950 741 1136 800 quando
1154 752 1221 785 est
1237 755 1375 800 parva
1392 742 1675 801 interruptio,
1693 758 1809 803 quae
1825 744 2127 789 intentionem

59 811 69 819 ⁴
164 810 449 873 proferentis,
476 820 520 855 et
544 808 827 854 intellectum
849 809 1093 852 verborum
1119 821 1213 851 non
1240 807 1407 853 aufert:
1436 818 1482 853 et
1496 809 1616 853 idem
1635 820 1703 854 est
1719 811 1856 855 etiam
1880 811 2126 855 dicendum

165 879 222 924 de
248 876 600 938 transpositione
625 876 895 929 verborum3
921 875 1026 934 quia
1048 875 1087 919 si
1109 874 1230 918 tollit
1262 888 1446 919 sensum
1478 875 1739 931 locutionis,
1770 891 1866 922 non
1898 877 2129 937 perficitur

164 954 530 999 sacramentum3
555 943 675 988 sicut
699 951 822 1003 patet
845 942 902 986 de
927 942 1173 1001 negatione
1199 942 1472 1001 praeposita,
1504 942 1579 986 vel
1610 945 1861 1002 postposita
1893 944 2055 1003 signo:
2088 944 2128 990 si

166 1022 320 1058 autem
345 1012 404 1057 sit
426 1010 528 1057 talis
553 1010 865 1069 transpositio,
892 1023 1008 1068 quae
1034 1022 1219 1053 sensum
1246 1008 1493 1053 locutionis
1514 1023 1609 1053 non
1640 1012 1797 1066 variet,
1829 1025 1924 1056 non
1954 1011 2129 1057 tollitur

164 1080 332 1129 veritas
353 1078 648 1125 sacramenti:
674 1078 796 1136 quia,
827 1076 1081 1121 secundum
1113 1076 1236 1135 quod
1268 1076 1578 1135 Philosophus
1611 1078 1720 1122 dicit
1746 1078 1837 1134 (lib.
1870 1093 1910 1123 2.
1944 1079 2128 1124 Periher.

44 1142 85 1199 ’,ζζ
108 1155 113 1162 ”
132 1148 147 1155 ”“
162 1141 269 1208 ἥρ.
286 1156 330 1191 te
351 1144 409 1191 ad
420 1146 533 1205 sim),
562 1160 587 1187 et
611 1144 817 1200 nomina,
844 1154 890 1189 et
914 1145 1051 1188 verba
1077 1143 1351 1202 transposita
1373 1144 1494 1188 idern
1520 1144 1778 1203 sIgnificant
1799 1161 1842 1189 ».

832 1466 1280 1546 QUAESTIO
1332 1465 1494 1526 LXI.

435 1624 527 1665 DE
588 1621 1092 1664 NECESSITATE
1146 1621 1857 1673 SACRAMENTORUM,

653 1711 720 1752 IN
744 1710 1033 1764 QUATUOR
1057 1710 1387 1752 ARTICULOS
1412 1710 1633 1752 DIVISA.

257 1881 436 1928 Deinde
459 1881 840 1928 considerandum
869 1890 938 1926 est
958 1881 1015 1926 de
1040 1881 1311 1926 necessitate
1335 1890 1749 1926 sacramentorum.

751 1993 807 2038 Et
831 1994 946 2038 circa
966 1993 1041 2038 hoc
1066 1999 1327 2052 quaeruntur
1351 1999 1547 2052 quatuor.

174 2103 177 2107 ·
253 2083 427 2130 Primo.
453 2082 621 2128 Utrum
646 2092 932 2127 sacramenta
958 2083 1047 2127 sint
1071 2083 1327 2128 necessaria
1355 2083 1411 2127 ad
1437 2082 1632 2127 salutem
1658 2082 1927 2127 humanam.

260 2149 492 2196 Secundo.
520 2151 686 2195 Utrum
711 2149 878 2195 fuerint
901 2151 1159 2195 necessaria
1184 2151 1231 2201 in
1264 2160 1382 2196 statu
1417 2161 1520 2194 ante
1546 2160 1803 2209 peccatum.

264 2216 439 2263 Tertio.
467 2217 632 2262 Utrum
659 2217 825 2262 fuerint
849 2218 1106 2262 necessaria
1132 2218 1179 2261 in
1204 2227 1322 2262 statu
1348 2227 1453 2277 post
1476 2223 1719 2276 peccatum
1746 2226 1849 2262 ante
1877 2217 2131 2262 Christum.

265 2283 460 2338 Quarto.
487 2285 654 2330 Utrum
678 2283 843 2329 fuerint
868 2285 1125 2330 necessaria
1151 2293 1254 2345 post
1281 2285 1453 2330 Christi
1480 2283 1741 2349 adventum.

43 2539 50 2545 ,
881 2461 1314 2519 ARTICULUS
1357 2461 1400 2518 Ῑ.
1803 2492 1806 2495 “
2050 2488 2134 2535 334

214 2594 405 2636 UTRUM
442 2573 805 2636 SACRAMENTA
845 2597 968 2636 SINT
1008 2566 1342 2637 NECESSARIA
1381 2598 1455 2636 AD
1498 2597 1774 2636 HUMANAM
1814 2595 2091 2635 SALUTEM·

472 2703 537 2763 (4.
560 2705 671 2750 Dist.
698 2721 732 2751 1.
750 2720 789 2765 q.
812 2721 847 2752 ι.
875 2713 957 2752 art.
985 2721 1024 2752 2.
1052 2721 1090 2765 q.
1117 2723 1152 2752 1.
1179 2714 1217 2751 et
1239 2707 1309 2751 lib.
1333 2722 1368 2766 3.
1391 2705 1539 2752 Contr.
1555 2721 1594 2766 g.
1622 2713 1716 2766 cap.
1744 2675 1832 2752 no.

767 2778 804 2817 et
825 2774 894 2819 lib.
912 2787 955 2832 4.
978 2781 1069 2833 cap.
1089 2788 1146 2833 55.
1154 2774 1234 2833 fin.
1258 2780 1294 2818 et
1319 2781 1409 2834 cap.
1432 2773 1536 2833 56).

268 2882 344 2928 AD
368 2892 556 2927 PRIMUM
572 2881 636 2928 sic
662 2885 934 2942 proceditur.
965 2885 1166 2940 Videtur,
1190 2885 1312 2945 quod
1338 2895 1625 2930 sacramenta
1651 2899 1746 2929 non
1767 2885 1856 2929 sint
1872 2883 2133 2928 necessaria

181 2948 237 2992 ad
263 2947 516 2993 humanam
541 2949 755 2994 salutem:
782 2952 891 2997 dicit
917 2953 1039 2997 enim
1068 2952 1229 3012 Apost.
1262 2966 1296 2997 1.
1326 2952 1380 2996 ad
1416 2951 1623 2996 Timoth‚
1655 2965 1722 3007 4.:
1750 2951 2000 3011 Corporalis
2024 2965 2135 2995 excr-

180 3017 324 3061 ct'tatio
342 3016 397 3061 ad
412 3015 620 3061 modicum
647 3017 758 3063 utilis
772 3025 855 3064 est:
881 3019 959 3065 sed
987 3032 1092 3064 usus
1118 3030 1514 3064 sacramentorum
1541 3020 1733 3078 pertinet
1758 3019 1813 3062 ad
1842 3016 2130 3076 corporalem

180 3083 569 3136 exercitationem,
602 3097 658 3128 eo
684 3085 806 3143 quod
832 3097 1116 3131 sacramenta
1134 3087 1424 3146 perficiuntur
1439 3087 1486 3130 in
1502 3085 1833 3144 significatione
1851 3083 2134 3128 sensibilium

30 3159 34 3161 ’
181 3162 348 3203 rerum,
375 3160 417 3194 et
442 3149 701 3204 verborum,
723 3160 772 3195 ut
793 3151 965 3196 dictum
991 3163 1058 3198 est
1083 3154 1144 3212 (q.
1163 3162 1303 3213 praec.
1330 3159 1412 3199 art.
1439 3154 1481 3198 6.
1509 3153 1563 3197 ad
1594 3153 1658 3210 2.)
1669 3168 1685 3205 ,·
1715 3165 1824 3210 ergo
1848 3161 2134 3195 sacramenta

180 3228 275 3261 non
299 3227 404 3261 sunt
433 3216 688 3261 necessaria
719 3218 775 3261 ad
800 3217 1051 3263 humanam
1077 3219 1285 3264 salutem.

271 3296 311 3327 2.
338 3283 633 3328 Pium-mm.
653 3295 692 3329 2.
718 3283 774 3328 ad
787 3284 894 3329 Cor.
920 3297 984 3330 12.
1009 3286 1236 3345 Apostolo
1255 3287 1436 3331 dicitur:
1461 3287 1619 3346 Sufficit
1635 3287 1713 3330 tibi
1726 3286 1866 3343 gratia
1891 3298 2009 3329 mea:
2038 3298 2134 3328 non

184 3361 335 3395 autem
361 3349 599 3403 sufficeret,
626 3350 661 3395 si
688 3362 972 3396 sacramenta
998 3364 1149 3398 essent
1174 3354 1428 3399 necessaria
1452 3353 1507 3396 ad
1530 3352 1748 3405 salutem3
1775 3365 1868 3395 non
1896 3361 2000 3395 sunt
2022 3365 2133 3410 ergo

183 3426 467 3462 sacramenta
494 3416 627 3460 saluti
651 3417 880 3462 humanae
906 3420 1176 3466 necessaria.

276 3498 312 3543 3.
340 3483 636 3544 PRAETEREA.
663 3483 816 3528 Posita
834 3498 970 3530 causa
986 3485 1238 3542 sufficienti,
1257 3487 1371 3532 nihil
1390 3487 1507 3530 aliud
1527 3486 1702 3529 videtur
1715 3499 1811 3529 esse
1824 3485 2133 3529 necessarium

184 3549 240 3595 ad
267 3548 504 3595 effectum:
531 3551 608 3596 sed
627 3552 778 3610 passio
796 3551 967 3596 Christi
988 3562 1055 3600 est
1074 3553 1301 3598 sufficiens
1324 3568 1460 3599 causa
1476 3563 1658 3597 nostrae
1676 3551 1853 3596 salutis:
1875 3551 1985 3596 dicit
2010 3552 2132 3596 enim

184 3617 347 3677 Apost.
372 3615 509 3662 Rom.
539 3629 601 3675 5.:
627 3618 674 3663 Si
697 3631 793 3663 cum
816 3619 982 3664 inimici
995 3633 1180 3676 mamus,
1196 3622 1456 3667 reconciliati
1470 3632 1609 3664 sumus
1628 3620 1718 3664 Deo
1736 3627 1816 3681 per
1834 3625 2012 3665 mortam
2029 3618 2134 3665 Filii
