2352 3926
0 1591 11 1649 -..-·<*
0 1344 20 1570 ffp.2goqu·÷vfe=
7 1298 9 1302 -
6 1155 9 1159 Δ
0 1081 3 1114 ·‘
2 1036 5 1038 ¹

651 207 926 256 QUAESTIO
966 208 1131 248 LXXX.
1171 206 1481 249 ARTICULUS
1520 207 1593 246 IV.
1997 207 2098 263 721

142 312 294 373 specie
318 313 607 368 sacramenti,
628 326 767 373 quam
789 312 869 357 sub
893 312 1042 372 specie
1064 312 1270 372 propria:
1292 311 1370 357 sed
1392 320 1660 372 peccatores
1680 319 1918 370 tangentes
1942 323 2106 368 corpus

143 379 316 426 Christi
347 380 427 424 sub
459 380 610 439 specie
642 380 824 440 propria
855 393 950 424 non
981 379 1256 438 peccabant3
1288 379 1396 439 quin
1429 378 1568 423 etiam
1597 377 1783 422 veniam
1812 386 2107 436 peccatorum

142 447 550 506 consequebantur,
582 447 698 493 sicut
728 446 892 506 legitur
929 447 1039 491 Luc.
1068 459 1108 505 7.
1141 446 1196 491 de
1229 446 1421 490 muliere
1453 444 1731 504 peccatrice3
1765 453 1809 488 et
1834 443 1997 488 Matth.
2040 455 2106 498 14.

142 514 327 560 dicitur:
352 515 615 573 Quicumque
632 516 851 572 tetigerunt
859 515 1081 573 fimbriam
1102 515 1331 558 vestimenti
1353 515 1453 571 ejus,
1476 512 1585 557 salvi
1601 512 1713 570 facti
1731 517 1829 556 sunt
1837 526 1855 564 ‚·
1880 524 1990 570 ergo
2012 524 2107 555 non

141 591 347 640 peccant,
378 581 456 626 sed
490 582 637 640 magis
669 580 863 626 salutem
908 590 1261 639 consequuntur,
1303 588 1642 625 sacramentum
1687 577 1891 637 corporis
1935 577 2108 623 Christi

142 648 380 694 sumendo.

232 726 272 760 2.
299 714 597 760 PRAETEREA.
624 715 727 760 Hoc
762 724 1115 768 sacramentum,
1147 714 1264 758 sicut
1295 723 1341 758 et
1372 713 1474 768 alia,
1507 723 1575 758 est
1606 712 1832 772 quaedam
1865 711 2108 772 spiritualis

142 781 390 827 medicina:
414 782 492 826 sed
514 782 740 827 medicina
763 782 892 825 datur
913 781 1104 824 infirmis
1127 781 1181 824 ad
1204 780 1411 834 salutern,
1437 781 1689 825 secundum
1715 779 1827 824 illud
1853 780 2015 826 Matth.
2041 794 2107 841 9.:

141 850 241 896 Non
266 855 322 894 est
345 856 446 909 opus
469 850 702 894 valentibus
730 848 924 903 medicus,
956 847 1023 892 sed
1054 848 1159 892 male
1190 848 1458 900 habentibus;
1499 847 1669 891 infirmi
1702 856 1869 901 autem,
1891 847 1965 891 vel
1987 847 2108 892 male

141 916 360 962 habentes
391 915 679 975 spiritualiter
710 925 814 961 sunt
844 924 1136 974 peccatores;
1170 928 1281 974 ergo
1307 915 1399 958 hoc
1423 924 1763 959 sacramentum
1784 914 1954 974 absque
1975 913 2108 974 culpa

141 997 322 1028 sumere
352 993 556 1044 possunt.

235 1064 272 1110 3.
298 1050 596 1095 PRAETEREA.
623 1050 726 1094 Hoc
749 1059 1104 1103 sacramentum,
1133 1063 1237 1094 cum
1270 1051 1315 1093 in
1348 1063 1397 1094 se
1432 1049 1670 1094 Christum
1691 1049 1939 1104 contineat,
1962 1059 2031 1094 est
2052 1049 2108 1095 de

141 1118 354 1162 maximis
384 1116 540 1161 bonis:
571 1116 774 1161 maxima
807 1126 961 1161 autern
991 1116 1128 1170 bona,
1160 1115 1414 1161 secundum
1440 1116 1633 1175 August.
1667 1116 1714 1160 in
1745 1115 1820 1160 lib.
1857 1129 1896 1160 2.
1940 1116 1996 1161 de
2039 1116 2110 1160 Li-

139 1184 250 1230 bero
281 1184 450 1228 Arbitr.
492 1183 601 1244 (cap.
631 1185 736 1243 19),
769 1193 874 1227 sunt
912 1183 1073 1243 quibus
1114 1183 1266 1228 nullus
1297 1183 1419 1228 male
1451 1193 1604 1243 potest
1643 1183 1733 1228 uti:
1775 1182 1926 1228 nullus
1955 1193 2109 1227 autem

140 1261 314 1311 peccat,
343 1251 432 1296 nisi
461 1265 541 1311 per
572 1251 764 1296 abusum
797 1250 987 1309 alicujus
1017 1250 1106 1306 rei3
1142 1264 1253 1309 ergo
1284 1249 1435 1295 nullus
1466 1260 1680 1310 peccator
1710 1264 1896 1294 sumens
1921 1250 2014 1296 hoc
2039 1263 2111 1295 sa-

141 1329 428 1364 cramentum
458 1330 631 1378 peccat.

229 1398 271 1442 4.
295 1385 594 1431 Pus-mam.
629 1385 758 1430 Sicut
797 1385 889 1430 hoc
931 1394 1269 1430 sacramentum
1311 1386 1501 1430 sentitur
1539 1394 1689 1444 gustu,
1724 1394 1770 1429 et
1798 1393 1938 1438 tactu,
1969 1383 2034 1428 ita
2065 1394 2110 1429 et

140 1453 264 1509 visu;
297 1453 336 1498 si
367 1467 478 1511 ergo
510 1463 739 1512 peccator,
762 1467 816 1497 ex
848 1466 904 1496 eo
931 1452 1054 1512 quod
1086 1453 1225 1497 sumit
1245 1452 1336 1498 hoc
1359 1462 1714 1506 sacramentum,
1736 1461 1910 1512 peccet,
1931 1451 2110 1496 videtur

142 1521 280 1565 etiam
304 1521 427 1580 quod
452 1530 663 1580 peccaret
685 1519 909 1575 vidend03
936 1519 1059 1579 quod
1075 1530 1199 1579 patet
1216 1533 1315 1564 esse
1331 1519 1514 1574 falsum,
1543 1533 1649 1564 curn
1667 1518 1876 1564 Ecclesia
1893 1519 2106 1563 omnibus

141 1588 233 1632 hoc
259 1596 599 1632 sacramentum
630 1587 893 1641 videndum,
920 1596 965 1631 et
991 1588 1276 1632 adorandum
1312 1596 1563 1646 proponat;
1605 1600 1717 1646 ergo
1756 1596 1973 1646 peccator
2011 1599 2107 1631 non

142 1665 317 1715 peccat,
343 1669 398 1699 ex
422 1654 514 1699 hoc
540 1655 661 1714 quod
689 1654 938 1699 manducat
961 1655 1051 1698 hoc
1079 1665 1432 1699 sacramentum.

237 1734 274 1780 5.
306 1721 604 1767 PRAETEREA.
640 1721 880 1780 Contingit
915 1721 1202 1780 quandoque,
1237 1722 1360 1781 quod
1398 1721 1560 1780 aliquis
1591 1730 1806 1780 peccator
1842 1735 1937 1765 non
1969 1719 2108 1765 habet

144 1788 474 1834 conscientiam
496 1787 566 1832 sui
591 1788 781 1847 peccati,
816 1802 901 1832 nec
927 1798 1083 1832 tamen
1108 1788 1210 1833 talis
1237 1803 1426 1848 peccare
1452 1789 1630 1832 videtur
1652 1802 1816 1847 corpus
1839 1787 2014 1832 Christi
2040 1801 2110 1831 su-

145 1855 336 1910 mendo3
363 1855 468 1914 quia
494 1855 747 1899 secundum
771 1856 862 1899 hoc
886 1869 1047 1899 omnes
1070 1866 1325 1915 peccarent,
1351 1856 1429 1915 qui
1454 1866 1654 1909 sumunt,
1681 1856 1809 1915 quasi
1827 1854 2034 1914 periculo
2059 1869 2107 1900 se

145 1930 438 1982 exponentes,
465 1935 571 1966 cum
598 1921 757 1981 Apost.
781 1922 902 1966 dicat
932 1936 967 1966 1.
993 1922 1203 1967 Corinth.
1229 1935 1294 1978 4.:
1322 1923 1444 1968 Nihil
1463 1924 1568 1967 mihi
1589 1925 1771 1968 conscius
1796 1938 1916 1975 sum,·
1939 1922 2004 1967 sed
2023 1937 2108 1967 non

143 1989 190 2033 in
214 1989 289 2034 hoc
308 1990 557 2047 justificatus
579 2004 696 2042 sum,·
730 2003 825 2033 non
851 2003 963 2048 ergo
989 1989 1180 2044 videtur,
1207 1990 1329 2049 quod
1355 1990 1587 2048 peccatori
1613 1990 1745 2034 cedat
1770 1990 1817 2033 in
1845 1989 2043 2049 culpam,
2070 1990 2108 2034 si

144 2055 236 2101 hoc
257 2065 597 2100 sacramentum
622 2065 786 2100 sumat.

235 2121 331 2167 SED
356 2134 553 2167 CONTRA
579 2132 659 2177 est,
685 2123 808 2183 quod
842 2123 1094 2183 Apostolus
1117 2124 1226 2168 dicit
1256 2138 1291 2168 1.
1320 2123 1532 2169 Corinth.
1563 2138 1653 2168 11.:
1689 2125 1778 2181 Qui
1804 2123 2044 2178 manducat,
2072 2130 2109 2168 et

146 2190 252 2235 bibit
265 2189 445 2248 indigne,
464 2189 676 2248 judicium
696 2192 776 2235 sibi
795 2190 1037 2245 manducat,
1055 2196 1092 2235 et
1108 2191 1225 2245 bibit,
1253 2190 1369 2236 idest
1398 2190 1793 2236 condemnationem.
1811 2191 1936 2235 Dicit
1953 2201 2107 2236 autem

146 2255 299 2302 GIOSS.
325 2257 464 2315 (Petri
489 2257 655 2311 Lomb.)
689 2257 874 2312 ibidem,
907 2258 1030 2317 quod
1060 2258 1291 2317 «indigne
1324 2258 1585 2313 manducat,
1619 2268 1663 2303 et
1694 2259 1820 2313 bibit,
1854 2260 1929 2317 qui
1956 2260 2002 2302 in
2029 2259 2111 2302 cri-

143 2323 267 2368 mine
292 2333 372 2378 est,
403 2322 478 2368 vel
507 2324 804 2369 irreverenter
834 2334 996 2369 tractat
1020 2341 1071 2379 »3
1098 2339 1208 2384 ergo
1235 2325 1312 2384 qui
1339 2335 1406 2370 est
1430 2326 1477 2370 in
1510 2335 1699 2385 peccato
1733 2325 1930 2380 mortali,
1954 2326 1992 2370 si
2013 2326 2104 2370 hoc

143 2399 483 2435 sacramentum
507 2390 713 2449 accipiat,
741 2390 1086 2435 damnationem
1114 2391 1318 2450 acquirit,
1346 2391 1599 2436 mortaliter
1624 2406 1836 2451 peccans,

233 2456 523 2503 stpounno
549 2457 809 2512 dicendum,
827 2458 950 2517 quod
976 2458 1022 2501 in
1049 2458 1139 2502 hoc
1166 2469 1470 2513 sacramento,
1488 2459 1604 2503 sicut
1620 2459 1667 2502 in
1691 2459 1803 2514 aliis,
1829 2459 1874 2504 id
1901 2459 2023 2519 quod
2043 2468 2110 2504 est

145 2535 496 2578 sacramentum,
522 2533 591 2568 est
613 2524 794 2584 signum
821 2526 933 2584 ejus,
961 2525 1082 2584 quod
1106 2535 1173 2569 est
1194 2538 1265 2569 res
1288 2526 1584 2571 sacramenti:
1612 2526 1764 2586 duplex
1781 2536 1934 2571 autem
1954 2536 2021 2571 est
2037 2540 2108 2571 res

145 2590 280 2649 hujus
305 2591 592 2645 sacramenti,
614 2591 731 2636 sicut
755 2605 890 2651 supra
916 2592 1088 2635 dictum
1108 2602 1176 2636 est
1196 2592 1258 2651 (q.
1282 2606 1339 2651 73.
1363 2599 1444 2637 art.
1467 2593 1550 2651 6.).·
1574 2608 1660 2638 una
1686 2594 1885 2652 quidem,
1903 2607 2018 2652 quae
2041 2603 2110 2638 est

145 2656 413 2717 significata,
439 2667 484 2701 et
509 2667 736 2711 contenta,
763 2658 936 2703 scilicet
961 2658 1057 2716 ipse
1085 2658 1320 2704 Christus:
1355 2660 1444 2704 alia
1478 2670 1631 2704 autem
1664 2670 1732 2704 est
1763 2660 2031 2719 significata,
2064 2670 2109 2704 et

146 2726 249 2769 non
268 2732 496 2777 contenta,
522 2723 697 2769 scilicet
718 2738 882 2784 corpus
904 2725 1075 2770 Christi
1095 2726 1356 2786 mysticum,
1373 2727 1495 2786 quod
1521 2737 1589 2772 est
1610 2727 1806 2771 societas
1828 2736 2107 2771 sanctorum.

150 2791 443 2850 Quicumque
479 2803 590 2850 ergo
625 2790 716 2835 hoc
753 2802 1092 2836 sacramentum
1129 2794 1280 2848 sumit,
1318 2807 1373 2838 ex
1407 2793 1499 2838 hoc
1535 2794 1635 2853 ipso
1673 2793 1899 2852 significat
1930 2806 1977 2837 se
2009 2807 2108 2838 esse

148 2857 335 2904 Christo
361 2858 553 2911 unitum,
579 2865 623 2902 et
647 2858 864 2902 membris
891 2860 988 2917 ejus
1013 2859 1380 2919 incorporatum:
1413 2861 1536 2920 quod
1570 2861 1755 2920 quidem
1786 2860 1836 2904 fit
1866 2874 1945 2919 per
1970 2859 2108 2904 fidem

147 2923 408 2978 formatam,
434 2937 573 2983 quam
597 2923 748 2968 nullus
773 2923 911 2969 habet
936 2939 1043 2969 cum
1067 2937 1257 2986 peccato
1285 2927 1483 2972 mortali.
1506 2928 1562 2971 Et
1584 2927 1687 2971 ideo
1712 2925 2004 2970 manifestum
2027 2936 2107 2982 est,

147 2991 270 3051 quod
297 2991 572 3051 quicumque
599 3004 704 3035 cum
727 3001 917 3050 peccato
938 2993 1123 3037 mortali
1143 2994 1234 3039 hoc
1257 3005 1596 3039 sacramentum
1619 2994 1771 3047 sumit,
1793 2993 2038 3038 falsitatem
2058 2994 2106 3038 in

147 3059 239 3104 hoc
264 3068 552 3103 sacramento
579 3058 837 3113 committit,
864 3069 908 3102 et
927 3059 1032 3104 ideo
1050 3061 1237 3106 incurrit
1254 3061 1559 3122 sacrilegium,
1578 3071 1797 3120 tanquam
1832 3061 2107 3106 sacramenti

146 3125 358 3179 violator,
385 3135 430 3170 et
454 3134 638 3184 propter
661 3125 753 3170 hoc
780 3126 1032 3171 mortaliter
1057 3138 1229 3186 peccat.

237 3193 313 3236 An
338 3205 526 3237 pumma
554 3205 663 3250 ergo
690 3191 948 3246 dicendum,
966 3194 1088 3252 quod
1107 3194 1316 3239 Christus
1338 3195 1382 3238 in
1406 3195 1587 3253 propria
1604 3195 1754 3254 specie
1774 3208 1996 3254 apparens
2013 3208 2108 3239 non

149 3259 390 3304 exhibebat
415 3273 462 3303 se
488 3258 769 3317 tangendum
795 3259 1057 3305 hominibus
1084 3262 1129 3305 in
1156 3262 1336 3320 signum
1365 3261 1607 3320 spiritualis
1640 3262 1821 3305 unionis
1854 3262 1909 3305 ad
1943 3261 2108 3322 ipsum,

149 3326 265 3370 sicut
281 3326 518 3370 exhibetur
534 3325 783 3369 sumendus
810 3325 856 3369 in
882 3326 972 3370 hoc
990 3339 1302 3373 sacramento:
1331 3339 1373 3372 et
1399 3328 1502 3371 ideo
1530 3338 1795 3387 peccatores
1821 3342 1927 3372 eum
1944 3329 1989 3371 in
2011 3343 2110 3388 pro-

149 3393 244 3452 pria
282 3393 433 3451 specie
466 3402 704 3451 tangentes
740 3406 834 3436 non
869 3392 1156 3438 incurrebant
1191 3395 1363 3438 crimen
1400 3394 1606 3438 falsitatis
1640 3395 1760 3438 circa
1794 3394 1960 3448 divina,
1993 3396 2109 3440 sicut

148 3469 412 3519 peccatores
438 3469 668 3517 sumentes
695 3459 784 3503 hoc
813 3471 1172 3507 sacramentum:
1202 3472 1245 3506 et
1267 3471 1499 3520 praeterea
1522 3461 1730 3505 Christus
1754 3462 1900 3505 adhuc
1925 3462 2108 3521 gerebat
2162 3485 2171 3497 κ

149 3525 493 3571 similitudinem
510 3528 657 3570 carnis
674 3526 865 3584 peccati,
887 3535 932 3570 et
950 3526 1055 3571 ideo
1078 3529 1404 3573 convenienter
1430 3541 1478 3572 se
1494 3528 1810 3586 peccatoribus
1826 3528 2108 3588 tangendum

13 3587 35 3645 ζ.
71 3601 84 3605 “
150 3592 417 3638 exhibebat:
443 3593 523 3638 sed
548 3603 727 3638 remota
743 3592 1039 3638 similitudine
1061 3595 1208 3640 carnis
1234 3595 1410 3654 peccati
1435 3608 1515 3654 per
1536 3594 1732 3654 gloriam
1750 3595 2108 3651 resurrectionis,

332 3695 367 3728 S.
392 3694 547 3730 Tuom
572 3695 702 3730 summa
734 3694 936 3738 neotogiea.
961 3694 1043 3731 vol.
1069 3696 1131 3733 1v.
1889 3699 1932 3741 46
