2352 3926
619 235 895 283 QUAESTIO
935 236 1100 276 xrvn.
1141 235 1448 277 ARTICULUS
1488 235 1566 275 111.
1613 207 1615 209 ⁵
1984 236 2089 291 405

226 338 303 384 An
318 351 536 384 TERTIUM
561 338 822 399 dicendum,
839 338 961 398 quod
983 339 1147 384 eadem
1173 341 1292 384 actio
1315 338 1619 384 diversimode
1640 338 1864 398 judicatur
1887 338 1935 382 in
1955 338 2098 394 bono,

138 405 210 451 vel
235 406 282 450 in
308 405 448 460 malo,
474 406 727 450 secundum
754 405 876 465 quod
899 421 952 451 ex
979 406 1155 451 diversa
1181 406 1333 451 radice
1356 407 1582 466 procedit:
1605 407 1742 451 Pater
1766 405 1891 451 enim
1916 405 2101 450 tradidit

138 470 388 527 Christum,
414 482 459 517 et
483 473 579 532 ipse
605 473 901 532 semetipsum
930 487 983 517 ex
1017 472 1256 517 charitate:
1285 483 1329 517 et
1359 473 1463 517 ideo
1496 472 1748 517 laudantur.
1775 472 1913 531 Judas
1945 482 2099 516 autem

135 539 318 585 tradidit
341 540 490 599 ipsum
507 554 560 584 ex
578 540 836 599 cupiditate,
855 539 1018 599 Judaei
1040 549 1193 584 autem
1220 554 1273 584 ex
1302 540 1486 594 invidia,
1509 539 1682 584 Pilatus
1709 554 1764 584 ex
1789 540 1955 584 timore
1972 553 2102 583 mun-

138 605 274 661 dano,
301 620 392 666 quo
417 606 569 651 timuit
595 606 866 652 Caesarem:
895 616 939 650 et
963 606 1067 650 ideo
1093 606 1179 665 ipsi
1204 606 1528 665 vituperantur.

824 761 1258 818 ARTICULUS
1302 761 1428 848 Νι
2011 774 2092 820 261

206 895 418 948 ‚UTRUM
458 895 653 935 FUERIT
696 895 1041 935 CONVENIENS
1084 895 1365 935 CHRISTUM
1405 895 1530 932 PATI
1572 896 1606 932 A
1648 896 1994 934 GENTILIBUS.

224 1003 301 1048 An
320 1015 556 1054 QUARTUM
583 1003 647 1047 sic
679 1004 952 1063 proceditur.
979 1003 1184 1057 Videtur,
1218 1004 1339 1062 quod
1373 1016 1467 1047 non
1493 1001 1629 1046 fuerit
1666 1003 1945 1047 conveniens
1969 1003 2101 1048 Chri-

132 1073 255 1115 stum
272 1069 370 1130 -pati
392 1084 418 1113 a
446 1069 725 1114 Gentilibus:
754 1071 859 1129 quia
886 1071 1010 1114 enim
1027 1085 1108 1130 per
1129 1081 1328 1115 mortem
1357 1069 1529 1114 Christi
1554 1069 1765 1113 homines
1795 1079 1923 1114 erant
1949 1085 1973 1113 a
1996 1084 2097 1129 pec-

127 1136 499 1191 catoliberandi,
527 1138 803 1181 conveniens
819 1138 1070 1192 videbatur,
1096 1149 1144 1183 ut
1171 1137 1436 1197 paucissimi
1460 1137 1506 1180 in
1525 1146 1675 1181 morte
1703 1138 1799 1196 ejus
1826 1147 2096 1195 peccarent:

131 1214 437 1267 peccaverunt
454 1214 604 1248 autem
618 1205 664 1248 in
688 1215 835 1250 morte
849 1206 945 1264 ejus
956 1206 1129 1263 Judaei,
1143 1220 1197 1249 ex
1210 1219 1407 1265 quorum
1424 1218 1619 1264 persona
1637 1204 1798 1247 dicitur
1825 1204 1987 1248 Matth.
2007 1217 2091 1250 21.:

131 1267 218 1317 Hic
240 1278 297 1317 est
312 1272 460 1317 haeres
476 1288 493 1315 .-
513 1273 664 1326 venite,
694 1272 927 1317 occidamus
949 1288 1040 1318 eum
1050 1288 1066 1326 ;
1092 1287 1203 1331 ergo
1229 1273 1406 1316 videtur
1425 1273 1704 1316 conveniens
1725 1269 1880 1326 fuisse,
1907 1271 2029 1331 quod
2052 1272 2098 1315 in

130 1347 323 1398 peccato
348 1338 591 1383 occisionis
620 1338 792 1383 Christi
815 1339 1021 1384 Gentiles
1048 1354 1142 1383 non
1167 1339 1522 1398 implicarentur.

222 1417 263 1449 2.
296 1405 591 1450 PRAETEREA.
624 1405 802 1450 Veritas
835 1407 968 1451 debet
993 1408 1267 1467 respondere
1299 1406 1498 1464 figurae:
1533 1405 1611 1450 sed
1642 1404 1849 1464 figuralia
1875 1404 2098 1450 sacrificia

131 1472 295 1517 veteris
321 1471 434 1531 legis
459 1486 553 1517 non
581 1472 800 1527 Gentiles,
833 1474 913 1518 sed
933 1474 1094 1532 Judaei
1119 1473 1392 1528 offerebant3
1421 1487 1531 1532 ergo
1553 1487 1701 1532 neque
1728 1473 1880 1531 passio
1908 1472 2096 1527 Christi,

131 1552 248 1598 quae
270 1537 354 1584 fuit
377 1552 536 1583 verum
563 1539 852 1595 sacrificium,
877 1540 1058 1600 impleri
1085 1541 1238 1585 debuit
1263 1555 1342 1599 per
1368 1555 1531 1585 manus
1561 1539 1830 1584 Gentilium.

225 1621 260 1665 3.
288 1606 584 1651 PRAETERss-A.
615 1606 742 1651 Sicut
764 1607 927 1651 dicitur
938 1608 1069 1666 Joan.
1103 1622 1153 1665 5.,
1175 1608 1335 1666 Judaei
1367 1608 1643 1666 quaerebant
1670 1606 1907 1650 Christum
1933 1606 2098 1650 interfi-

132 1686 248 1727 cere,
275 1687 369 1717 non
385 1673 536 1718 solum
563 1674 667 1732 quia
699 1674 903 1718 solvebat
918 1676 1170 1728 sabbatum,
1183 1675 1261 1719 sed
1280 1675 1416 1718 etiam
1435 1675 1540 1733 quia
1554 1675 1738 1718 Patrem
1756 1688 1889 1718 suum
1917 1674 2096 1717 dicebat

130 1739 300 1794 Deum,
333 1739 573 1799 aequalem
605 1754 652 1784 se
679 1742 781 1785 Deo
814 1741 1008 1786 faciens:
1043 1742 1123 1786 sed
1155 1743 1245 1785 hoc
1273 1742 1509 1785 videbatur
1542 1755 1640 1785 esse
1667 1740 1818 1784 solum
1846 1749 2004 1784 contra
2037 1741 2097 1788 le-

131 1821 238 1866 gem
263 1807 563 1865 Judaeorurn3
590 1807 709 1851 unde
744 1818 788 1852 et
826 1809 910 1867 ipsi
936 1809 1090 1852 dicunt
1117 1809 1248 1867 Joan.
1297 1823 1378 1869 19.:
1412 1808 1642 1853 Secundum
1668 1808 1793 1866 legem
1826 1807 1936 1852 debet
1966 1810 2093 1861 mori,

130 1877 230 1935 quia
247 1875 387 1933 filium
409 1876 494 1919 Dei
517 1889 556 1920 se
571 1875 703 1934 facin
732 1876 909 1920 videtur
936 1890 1045 1935 ergo
1075 1876 1352 1919 conveniens
1378 1875 1530 1929 fuisse,
1559 1875 1680 1934 quod
1710 1874 1921 1918 Christus
1947 1888 2041 1918 non
2070 1889 2095 1917 a

131 1941 402 1997 Gentilibus,
422 1942 502 1986 sed
529 1942 752 2000 aJudaeis
784 1952 1024 2002 pateretur,
1052 1953 1096 1987 et
1120 1942 1286 1986 falsum
1315 1956 1413 1986 esse
1440 1942 1562 2000 quod
1596 1942 1822 1985 dixerunt:
1851 1942 1983 1986 Nobis
2008 1955 2094 1984 non

27 2047 45 2062 γ,
130 2008 224 2054 licet
247 2009 477 2068 interficere
508 2023 770 2068 quemquam,
814 2023 919 2054 cum
954 2009 1098 2054 multa
1129 2019 1316 2070 peccata
1348 2009 1601 2053 secundum
1641 2008 1793 2067 legem
1834 2017 1983 2052 morte
2017 2022 2094 2067 pu-

33 2079 50 2101 ·¹
128 2075 324 2130 niantur,
349 2086 398 2120 ut
422 2085 546 2135 patet
566 2076 709 2120 Levit.
738 2090 807 2121 20.

38 2137 44 2182 J
219 2142 314 2188 SED
337 2155 532 2188 CONTRA
554 2152 635 2197 est,
668 2143 790 2202 quod
817 2145 912 2203 ipse
937 2143 1168 2188 Dominus
1195 2143 1303 2187 dicit
1328 2143 1489 2187 Matth.
1518 2155 1618 2188 20.:
1655 2142 1840 2188 Tradent
1864 2157 1956 2187 eum
1981 2157 2086 2200 gen-

32 2221 40 2230 ⁰
118 2209 237 2255 ,tibus
257 2209 311 2254 ad
331 2209 600 2263 illudendum,
629 2216 666 2254 et
685 2211 1000 2269 flagellandum,
1027 2217 1063 2256 et
1084 2211 1419 2269 crucifigendum.

175 2286 178 2289 ’
219 2275 510 2322 RESPONDEO
528 2276 787 2332 dicendum,
812 2278 934 2337 quod
951 2278 998 2321 in
1029 2278 1128 2337 ipso
1157 2278 1298 2322 modo
1312 2277 1536 2336 passionis
1564 2276 1738 2321 Christi
1762 2276 2091 2336 praefiguratus

129 2353 199 2388 est
211 2342 398 2389 effectus
417 2344 579 2402 ipsius:
585 2345 730 2404 primo
757 2345 879 2389 enirn
897 2345 1048 2404 passio
1068 2345 1242 2389 Christi
1267 2344 1481 2388 effectum
1494 2344 1648 2388 salutis
1661 2344 1818 2388 habuit
1834 2344 1880 2387 in
1897 2344 2094 2401 Judaeis,

121 2421 327 2469 quorum
351 2409 536 2470 plurimi
560 2411 607 2454 in
628 2421 777 2455 morte
805 2411 977 2456 Christi
993 2412 1204 2471 baptizati
1231 2422 1349 2466 sunt,
1367 2422 1416 2455 ut
1442 2421 1565 2470 patet
1586 2411 1689 2455 Act.
1707 2424 1746 2454 2.
1771 2420 1815 2455 et
1841 2425 1893 2469 3.:
1918 2410 2091 2455 secundo

27 2510 49 2522 ³
119 2488 255 2532 vero,
274 2477 458 2536 Judaeis
489 2478 866 2536 praedicantibus,
897 2478 1084 2523 effectus
1116 2479 1340 2538 passionis
1375 2478 1549 2523 Christi
1579 2478 1786 2522 transivit
1812 2477 1867 2521 ad
1909 2487 2089 2536 gentes:

119 2548 178 2589 kt
194 2540 300 2589 ideo
326 2545 604 2589 conveniens
629 2544 727 2600 fuit,
745 2556 793 2590 ut
810 2546 1019 2591 Christus
1048 2561 1074 2590 a
1092 2546 1275 2604 Judaeis
1295 2548 1387 2605 pati
1414 2546 1648 2604 inciperet,
1666 2555 1711 2589 et
1727 2554 1886 2604 postea
1907 2544 2090 2602 Judaeis

123 2607 423 2667 tradentibus,
445 2626 526 2672 per
549 2624 713 2657 manus
741 2613 995 2658 Gentilium
1021 2615 1117 2672 ejus
1143 2614 1295 2673 passio
1321 2613 1536 2657 finiretur.

201 2677 295 2723 AD
318 2690 508 2724 ramum
533 2693 644 2738 ergo
662 2679 920 2734 dicendum,
947 2681 1070 2739 quod
1090 2681 1298 2725 Christus
1326 2680 1381 2724 ad
1406 2679 1738 2724 ostendendam
1765 2677 2089 2724 abundantiam

125 2743 362 2790 charitatis
384 2759 509 2799 suae,
531 2760 586 2790 ex
610 2761 700 2806 qua
725 2747 991 2806 patiebatur,
1008 2748 1055 2790 in
1073 2762 1206 2791 cruce
1224 2747 1397 2807 positus
1415 2747 1599 2791 veniam
1617 2761 1699 2806 pro
1722 2745 2087 2805 persecutoribus

132 2809 403 2871 postulavit.
435 2822 480 2856 et
509 2812 614 2857 ideo
641 2824 690 2857 ut
719 2814 854 2872 hujus
872 2814 1107 2891 petitionis
1118 2813 1288 2859 fructus
1318 2815 1372 2858 ad
1389 2815 1602 2873 Judaeos‚
1633 2823 1677 2858 et
1704 2812 1909 2858 Gentiles
1935 2825 2093 2871 perve-

130 2879 262 2932 niret,
292 2876 439 2923 voluit
470 2878 678 2924 Christus
706 2880 759 2924 ab
786 2882 986 2940 utrisque
1018 2881 1124 2939 pati.
1551 2910 1553 2912 >

224 2944 302 2989 AD
327 2957 587 2990 SECUNDUM
626 2946 887 3002 dicendum,
914 2949 1036 3007 quod
1077 2948 1230 3007 passio
1259 2947 1431 2993 Christi
1461 2947 1545 2991 fuit
1571 2946 1782 2991 sacrificii
1813 2945 1999 2999 oblatio,
2033 2945 2095 2988 in-

0 3049 3 3068 :
125 3021 353 3073 quantum
379 3006 588 3056 Christus
613 3014 796 3073 propria
820 3014 1054 3059 voluntate
1087 3025 1283 3059 mortem
1311 3014 1520 3059 sustinuit
1553 3029 1607 3059 ex
1634 3014 1872 3058 charitate:
1907 3012 2093 3071 inquan-

0 3108 3 3117 ι
53 3079 67 3097 ‘³
130 3089 231 3125 tum
258 3089 410 3123 autem
437 3091 463 3121 a
493 3081 853 3137 persecutoribus
882 3091 950 3126 est
973 3096 1148 3141 passus,
1180 3096 1274 3126 non
1306 3081 1390 3126 fuit
1420 3081 1711 3134 sacrificium,
1739 3080 1816 3124 sed
1850 3088 2090 3137 peccatum

0 3154 2 3167 ²
51 3159 62 3177 s
131 3145 466 3206 gravissimum.

220 3212 298 3257 An
324 3223 539 3256 Tutanum
562 3211 819 3267 dicendum,
846 3214 983 3273 quod,
1010 3217 1126 3259 sicut
1151 3216 1344 3273 August.
1372 3214 1482 3258 dicit
1513 3212 1661 3274 (tract.
1688 3227 1774 3269 114.
1793 3214 1837 3255 in
1852 3212 1978 3268 Joan.
2012 3212 2089 3255 cir.

129 3278 271 3337 med),
303 3294 327 3320 α
347 3278 507 3336 Judaei
543 3277 774 3323 dicentes:
814 3281 944 3325 Nobis
974 3295 1058 3325 non
1090 3282 1184 3326 licet
1214 3282 1444 3336 interficere
1477 3294 1738 3339 quemquam,
1772 3277 2094 3322 intellexerunt

36 3347 73 3400 ῐῇ
111 3357 225 3390 ’Ποῦ
251 3345 334 3390 sibi
375 3344 513 3389 licere
555 3344 808 3390 interficere
834 3359 1110 3406 quemquam
1145 3358 1330 3406 propter
1361 3347 1462 3391 festi
1505 3347 1594 3390 diei
1621 3346 1924 3398 sanctitatem,
1950 3358 2091 3403 quam

133 3411 361 3457 celebrare
386 3413 479 3470 jam
507 3422 754 3470 coeperant
777 3427 828 3455 »z
851 3413 925 3457 vel
946 3413 1036 3457 hoc
1063 3414 1287 3468 dicebant,
1315 3424 1363 3458 ut
1390 3414 1628 3471 Chrysost.
1653 3412 1760 3456 dicit
1794 3411 1923 3467 (hom.
1951 3412 2019 3456 82.
2046 3413 2092 3455 in

65 3478 252 3536 chan.
294 3490 322 3523 a
356 3478 502 3535 med),
549 3494 572 3519 α
599 3478 703 3536 quia
728 3477 945 3523 volebant
983 3493 1089 3524 eum
1126 3482 1289 3535 occidi,
1325 3494 1419 3524 non
1450 3489 1668 3538 tanquam
1710 3489 2092 3536 transgressorem

131 3542 277 3613 legio,
302 3545 382 3590 sed
421 3545 641 3604 tanquam
681 3545 916 3622 publicum
940 3546 1138 3602 hostem,
1165 3547 1270 3606 quia
1297 3560 1344 3591 se
1363 3560 1517 3604 regem
1553 3544 1744 3598 fecerat3
1776 3545 1831 3588 de
1869 3557 1960 3603 quo
2001 3558 2096 3588 non

131 3606 250 3656 citat
257 3622 420 3658 eorum
445 3612 699 3671 judicarem
725 3611 800 3656 vel
826 3611 932 3671 quia
956 3625 1051 3657 non
1075 3612 1242 3658 licebat
1275 3614 1338 3657 eis
1365 3611 1629 3670 crucifigere
1644 3611 1788 3670 (quod
1816 3611 2093 3669 cupiebant),
