2352 3926
261 217 369 271 470
815 214 1090 259 QUAESTIO
1131 214 1216 252 LV.
1257 206 1564 252 ARTICULUS
1603 213 1678 252 VI.

262 327 311 361 ut
336 317 497 361 dicitur
532 317 641 360 Luc.
682 315 759 359 ult.
803 316 1089 373 Argumenta
1123 315 1262 358 etiam
1294 313 1474 358 fuerunt
1515 313 1784 358 sufficientia
1811 314 1867 358 ad
1895 312 2228 359 ostendendam

261 399 416 427 veram
444 383 838 435 resurrectionem,
878 392 921 425 et
959 381 1234 440 gloriosam:
1271 381 1393 440 quod
1430 390 1583 425 autem
1623 379 1757 425 fuerit
1797 394 1904 424 vera
1944 380 2229 435 resurrectiO,

264 451 461 494 ostendit
491 465 572 493 uno
600 449 719 492 modo
748 464 800 491 ex
824 459 949 507 parte
979 449 1203 507 corporis;
1224 451 1344 492 circa
1371 449 1491 507 quod
1511 450 1595 492 tria
1621 448 1841 492 ostendit:
1857 450 2002 508 primo
2029 448 2229 507 quidem,

264 519 384 576 quod
419 527 535 560 esset
562 531 725 575 corpus
757 531 931 569 verum,
960 526 1004 560 et
1025 516 1238 569 solidum,
1264 530 1358 559 non
1382 529 1547 574 corpus
1573 512 1927 574 phantasticum,
1959 513 2033 559 vel
2056 528 2227 568 rarum,

264 586 381 628 sicut
407 595 474 628 est
500 598 599 637 aer;
618 594 660 626 et
678 583 768 627 hoc
789 583 985 627 ostendit
1006 597 1085 642 per
1109 582 1215 637 hoc,
1243 583 1366 641 quod
1392 595 1556 639 corpus
1583 591 1716 626 suum
1749 579 1974 641 palpabile
2000 581 2230 640 praebuit:

194 647 197 650 ⁴
264 652 382 695 unde
410 651 504 709 ipse
533 651 640 694 dicit
666 650 778 694 Luc.
805 650 915 694 ult.:
948 650 1135 710 Palpate,
1168 657 1204 694 et
1234 649 1381 703 videte,
1417 651 1516 708 quia
1549 650 1720 707 spiritus
1747 654 1931 703 carnem,
1963 653 2001 693 et
2031 661 2120 693 ossa
2143 663 2228 692 non

263 719 395 771 habet,
427 719 532 761 sicut
563 733 626 761 me
655 717 802 762 videtis
818 718 965 762 habere
984 734 997 762 .·
1020 717 1193 762 secundo
1229 716 1440 770 ostendit,
1467 716 1590 775 quod
1618 725 1737 759 esset
1763 729 1928 774 corpus
1959 714 2230 769 humanum,

265 785 548 828 ostendendo
577 785 640 828 eis
666 799 823 827 veram
857 783 1070 843 effigiem,
1098 799 1235 843 quam
1269 783 1414 827 oculis
1440 782 1749 827 intuerentur:
1784 784 1904 827 tertio
1931 782 2128 826 ostendit
2149 781 2229 836 eis,

265 852 385 910 quod
410 861 527 895 esset
548 852 671 894 idem
696 866 889 895 numero
918 866 1096 910 corpus,
1124 852 1247 910 quod
1273 851 1394 910 prius
1416 850 1650 905 habuerat,
1678 849 1960 900 ostendendo
1982 849 2047 894 eis
2074 847 2231 905 vulne-

263 933 366 961 rum
400 918 658 973 cicatrices3
693 919 827 972 unde,
865 929 914 962 ut
948 918 1114 976 legitur
1161 918 1271 962 LuC.
1301 918 1395 972 ult„
1434 918 1544 961 dixit
1571 917 1656 962 eis:
1694 916 1829 961 Videte
1861 930 2015 971 manus
2044 930 2170 971 meffis,
2195 921 2234 966 et

258 986 378 1045 pedes
410 1001 533 1040 meos,
568 988 667 1044 quia
698 1001 766 1044 ego
808 988 890 1045 ipse
919 1001 1024 1030 sum.
1052 985 1159 1029 Alio
1193 985 1334 1029 modo
1362 985 1557 1030 ostendit
1591 984 1655 1028 eis
1680 984 1921 1036 veritatem
1952 997 2061 1033 suae
2093 997 2236 1039 resur-

263 1053 478 1096 rectionis
512 1067 565 1095 ex
591 1063 716 1111 parte
744 1053 924 1096 animae
956 1054 1118 1096 iterato
1153 1053 1335 1110 corpori
1362 1053 1534 1106 unitae;
1568 1062 1612 1095 et
1642 1051 1734 1095 hoc
1762 1050 1959 1106 ostendit
1983 1064 2063 1110 per
2095 1063 2236 1110 opera

266 1121 441 1178 triplicis
473 1120 613 1175 vitae;
631 1122 771 1179 primo
796 1120 980 1179 quidem
1003 1135 1082 1179 per
1108 1134 1223 1179 opus
1249 1121 1368 1163 vitae
1394 1119 1634 1163 nutritivae
1653 1120 1697 1162 in
1719 1119 1826 1174 hoc,
1844 1117 1966 1177 quod
1984 1132 2091 1162 curn
2107 1116 2236 1169 disci-

243 1187 383 1244 ,pulis
411 1187 720 1241 manducavit,
748 1198 792 1231 et
822 1188 946 1241 bibit,
974 1199 1022 1231 ut
1047 1187 1212 1246 legitur
1239 1187 1349 1230 Luc.
1383 1186 1478 1230 ult:
1510 1186 1681 1231 secundo
1714 1200 1793 1244 per
1826 1199 1968 1244 opera
1990 1185 2110 1238 vitae
2134 1199 2236 1239 sen-

268 1254 426 1298 sitivae
467 1254 511 1296 in
553 1254 660 1308 hoc,
688 1255 810 1313 quod
846 1254 1078 1313 discipulis
1116 1254 1172 1297 ad
1219 1254 1498 1312 interrogata
1540 1253 1858 1310 respondebat,
1890 1262 1936 1295 et
1977 1261 2236 1311 praesentes

265 1321 512 1375 salutabat3
546 1322 591 1363 in
619 1336 710 1380 quo
745 1322 1012 1365 ostendebat
1044 1335 1092 1364 se
1120 1331 1163 1364 et
1194 1321 1362 1374 videre,
1397 1332 1441 1364 et
1467 1321 1651 1363 audire:
1686 1321 1804 1363 tertio
1836 1332 1915 1379 per
1946 1332 2086 1377 opera
2117 1318 2237 1371 vitae

265 1388 570 1431 intellectivae
597 1388 643 1431 in
671 1389 775 1441 hoc,
803 1389 924 1447 quod
963 1388 1026 1432 eis
1059 1387 1344 1446 loquebatur,
1380 1397 1423 1431 et
1454 1387 1509 1430 de
1537 1386 1781 1444 Scripturis
1813 1385 2083 1440 disserebat:
2101 1394 2156 1438 ..et
2178 1398 2236 1438 ne

266 1455 375 1514 quid
401 1455 579 1498 deesset
608 1455 662 1498 ad
690 1454 1019 1514 perfectionem
1047 1453 1444 1508 manifestationis,
1473 1454 1674 1509 ostendit
1696 1453 1836 1496 etiam
1861 1466 1910 1497 se
1936 1449 2239 1506 haberedivi-

265 1537 374 1565 nam
411 1532 621 1565 naturam
649 1537 728 1581 per
765 1522 1054 1576 miraculum,
1082 1522 1205 1580 quod
1246 1520 1353 1565 fecit
1378 1522 1422 1565 in
1458 1521 1654 1580 piscibus
1688 1519 1943 1579 capiendis;
1976 1529 2021 1564 et
2052 1512 2238 1580 ,ulterius

266 1604 346 1648 per
372 1589 477 1642 hoc,
506 1589 628 1647 quod
663 1589 726 1632 eis
760 1590 1014 1632 videntibus
1048 1589 1252 1632 ascendit
1277 1589 1323 1632 in
1352 1588 1559 1632 coelum:
1593 1589 1711 1646 quia,
1739 1596 1786 1630 ut
1818 1586 1983 1644 dicitur
2000 1586 2135 1646 Joan.
2171 1599 2238 1644 3.:

269 1657 402 1701 Nemo
436 1656 616 1700 ascendit
656 1658 700 1699 in
733 1657 905 1711 coelum,
943 1658 1024 1700 nisi
1057 1658 1128 1715 qui
1164 1656 1364 1700 descendit
1394 1656 1441 1700 de
1474 1656 1599 1706 coelo,
1633 1654 1769 1699 Filius
1803 1654 1996 1709 hominis,
2018 1654 2092 1712 qui
2116 1658 2175 1708 es}
2195 1654 2239 1705 in

269 1724 391 1768 coelo.
421 1723 631 1767 Gloriam
656 1723 794 1766 etiam
821 1737 929 1767 suae
955 1724 1298 1767 resurrectionis
1326 1723 1524 1768 ostendit
1549 1721 1782 1781 discipulis
1805 1735 1886 1781 per
1901 1721 2009 1775 hoc,
2036 1720 2240 1781 quod3ad

268 1805 347 1834 eos
379 1791 525 1848 januis
554 1790 717 1834 clausis
744 1791 947 1846 intravit3
975 1791 1226 1834 secundum
1257 1791 1379 1834 enim
1402 1791 1525 1849 quod
1554 1789 1692 1848 Greg.
1711 1789 1820 1832 dicit
1836 1788 1885 1832 in
1910 1786 2170 1847 hom-(affl
2193 1788 2241 1833 in.

268 1860 469 1917 Evangel.
490 1867 650 1918 parum
684 1874 710 1903 a
742 1861 916 1919 princ),
940 1875 963 1899 ‹<
996 1859 1271 1918 palpandam
1299 1874 1485 1903 carnem
1511 1858 1742 1902 Dominus
1767 1844 1984 1916 praehuit,
2010 1870 2149 1916 quarn
2173 1856 2240 1915 jae

268 1927 370 1971 nuis
398 1926 564 1970 clausis
596 1927 859 1981 introduxit,
885 1937 934 1970 ut
960 1941 1058 1970 esse
1085 1937 1188 1985 post
1213 1927 1593 1971 resurrectionem
1626 1924 1888 1969 ostenderet
1914 1937 2079 1983 corpus
2096 1936 2240 1971 :suum

271 2005 316 2037 et
350 1995 553 2051 ejusdem
586 2005 790 2047 naturae,
833 2004 877 2037 et
919 1994 1102 2037 alterius
1129 1993 1302 2052 gloriae
1339 2010 1379 2037 ».
1415 1992 1635 2038 Similiter
1667 1992 1804 2036 etiam
1832 1990 1888 2036 ad
1914 1990 2239 2051 proprietatem

271 2061 445 2119 gloriae
482 2061 748 2118 pertinebat,
789 2061 910 2119 quod
946 2063 1078 2114 subito
1111 2062 1163 2104 ab
1198 2061 1324 2105 oculis
1349 2067 1491 2105 eorum
1520 2061 1703 2113 evanuit,
1739 2069 1786 2102 ut
1812 2059 1975 2111 dicitur
2000 2057 2110 2111 Luc.
2142 2055 2240 2111 ult.;

269 2128 375 2186 quia
401 2142 479 2185 per
506 2128 595 2171 hoc
624 2127 960 2181 ostendebatur,
989 2128 1110 2186 quod
1137 2128 1182 2170 in
1210 2138 1432 2185 potestate
1461 2129 1556 2185 ejus
1590 2137 1685 2170 erat
1709 2125 1867 2180 videri,
1894 2135 1940 2170 et
1963 2122 2244 2178 nonvideri,

272 2195 394 2253 quod
422 2196 615 2253 pertinet
642 2194 697 2237 ad
726 2195 1041 2238 conditionem
1072 2195 1276 2254 corporis
1303 2195 1508 2254 gloriosi,
1535 2204 1584 2238 ut
1615 2207 1750 2252 supra
1792 2192 1964 2236 dictum
1991 2200 2059 2236 est
2084 2190 2144 2251 (q.
2172 2204 2241 2250 54.

270 2268 351 2306 art.
385 2277 419 2306 Ι.
453 2262 508 2305 ad
533 2277 571 2306 2.
600 2268 637 2305 et
659 2268 788 2320 art.3.
812 2262 865 2305 ad
882 2264 954 2320 1.).
2134 2302 2137 2305 ,
2162 2295 2164 2298 -
2230 2291 2231 2294 =

362 2330 436 2372 AD
464 2342 653 2372 PRIMUM
682 2343 790 2387 ergo
819 2329 1079 2382 dicendum,
1108 2329 1230 2388 quod
1257 2328 1364 2374 licet
1389 2329 1568 2387 singula
1603 2336 1978 2387 argumentorum
2003 2339 2099 2370 non
2123 2323 2243 2380 suffi-

273 2405 429 2440 cerent
456 2396 512 2439 ad
539 2395 919 2440 manifestandam
939 2396 1136 2455 perfecte
1153 2396 1322 2441 Christi
1341 2397 1914 2451 resurrectionem3tamen
1930 2394 2090 2439 omnia
2105 2391 2243 2438 simul

272 2474 460 2523 accepta
487 2462 685 2521 perfecte
706 2463 877 2507 Christi
895 2465 1274 2508 resurrectionem
1304 2463 1820 2517 manifestant,maxime
1843 2471 2026 2521 propter
2043 2460 2244 2520 Scriptu-

275 2545 351 2574 rae
387 2530 719 2584 testimonium,
757 2541 799 2574 et
828 2531 1099 2589 angelorum
1138 2531 1273 2585 dicta,
1307 2541 1352 2575 et
1385 2531 1523 2574 etiam
1555 2531 1696 2588 ipsius
1733 2529 1906 2574 Christi
1942 2524 2241 2581 assertionem

273 2597 505 2642 miraculis
539 2597 882 2641 confirmatam:
913 2598 1064 2656 angeli
1108 2609 1259 2642 autem
1294 2609 1560 2657 apparentes
1592 2612 1686 2641 non
1727 2596 1986 2641 asserebant
2016 2609 2064 2640 se
2095 2594 2243 2640 homi·

273 2680 354 2710 nes
397 2679 510 2718 esse,
552 2665 669 2708 sicut
710 2666 900 2709 asseruit
944 2666 1153 2709 Christus
1193 2680 1298 2708 vere
1326 2680 1374 2709 se
1411 2666 1651 2709 hominem
1693 2678 1814 2717 esse;
1849 2673 1894 2708 et
1916 2673 2072 2708 tamen
2115 2661 2242 2706 aliter

276 2732 483 2777 Christus
512 2732 819 2785 manducavit,
848 2743 892 2775 et
919 2733 1047 2776 aliter
1074 2732 1247 2791 angeli;
1265 2747 1373 2776 nam
1398 2733 1502 2791 quia
1530 2746 1725 2791 corpora
1742 2731 1795 2775 ab
1819 2730 1992 2790 angelis
2011 2738 2243 2788 assumpta

272 2814 367 2852 non
395 2810 522 2843 erant
546 2813 741 2858 corpora
761 2799 878 2853 viva,
905 2799 978 2842 vel
1007 2800 1220 2853 animata,
1247 2814 1340 2843 non
1369 2810 1464 2843 erat
1489 2814 1594 2843 vera
1619 2798 1858 2852 comestio,
1874 2797 1983 2842 licet
2001 2806 2123 2842 esset
2135 2809 2243 2841 vera

275 2868 362 2911 cibi
391 2868 620 2920 contritio,
654 2876 696 2910 et
722 2867 929 2924 trajectio
955 2868 998 2910 in
1026 2867 1288 2910 interiorem
1328 2877 1501 2926 partem
1535 2866 1738 2924 corporis
1773 2864 2020 2923 assumpti:
2047 2863 2168 2908 unde
2198 2872 2244 2907 et

275 2934 464 2994 angelus
492 2935 599 2979 dixit
628 2934 806 2979 Tobiae
835 2947 922 2978 12.:
956 2935 1062 2978 Cum
1090 2950 1209 2978 essem
1230 2937 1504 2978 vobiscum...
1522 2934 1696 2979 videbar
1718 2933 1881 2992 quidem
1897 2932 2111 2987 vobiscum
2127 2944 2245 2975 man·

276 3003 443 3056 ducam,
472 3010 510 3047 et
537 3004 687 3056 bibere,
721 3000 785 3045 sed
815 3016 887 3059 ego
921 3003 1009 3045 cibo
1037 3002 1242 3044 invisibili
1269 3008 1388 3046 utor:
1418 3002 1494 3046 sed
1523 3002 1628 3060 quia
1655 3014 1820 3058 corpus
1840 2998 2010 3045 Christi
2035 3012 2141 3044 vere
2158 2996 2241 3043 fuit

276 3071 544 3124 animatum,
571 3084 676 3114 vera
702 3068 785 3125 fuit
821 3070 917 3126 ejus
952 3069 1197 3111 comestio:
1234 3078 1281 3112 ut
1321 3070 1443 3112 enim
1471 3069 1664 3126 August.
1693 3068 1802 3111 dicit
1832 3080 1899 3125 13.
1936 3066 1992 3112 de
2022 3065 2123 3111 (Σίν.
2153 3063 2243 3110 Dei

275 3139 390 3197 (cap.
417 3152 484 3182 22.
509 3139 553 3181 in
582 3139 693 3194 fin),
721 3152 743 3176 «
771 3151 863 3179 non
892 3146 1106 3194 potestaS,
1122 3136 1197 3178 sed
1227 3145 1403 3193 egestas
1427 3137 1590 3180 edendi
1617 3134 1883 3194 corporibus
1908 3131 2246 3192 ,resurgentium

277 3205 502 3249 auferetur
524 3220 575 3259 >›;
603 3205 736 3256 unde,
770 3204 886 3247 sicut
914 3203 1035 3247 Beda
1063 3203 1171 3246 dicit
1198 3203 1309 3261 (cap.
1345 3218 1412 3262 97.
1438 3205 1481 3247 in
1509 3204 1651 3261 Luc),
1675 3201 1928 3261 «Christus
1955 3198 2245 3246 manducavit

276 3283 514 3330 potestate,
541 3287 635 3316 non
658 3282 859 3331 egestate
887 3288 927 3314 ».

364 3341 440 3384 An
469 3353 730 3384 SECUNDUM
763 3338 1019 3394 dicendum,
1054 3336 1190 3395 quod,
1224 3337 1340 3380 sicut
1372 3337 1544 3381 dictum
1588 3347 1656 3381 est
1697 3337 1774 3393 (in.
1808 3343 1920 3396 corp.
1953 3336 2073 3392 art),
2112 3347 2244 3393 argu·

277 3418 431 3451 menta
459 3408 683 3466 quaedam
711 3406 1038 3450 inducebantur
1064 3419 1088 3447 a
1119 3404 1303 3448 Christo
1333 3404 1386 3447 ad
1421 3404 1703 3462 probandam
1735 3403 1976 3448 veritatem
2007 3402 2239 3447 humanae

277 3486 478 3528 naturae,
507 3475 731 3533 quaedam
764 3488 872 3517 vero
901 3473 954 3516 ad
983 3471 1265 3531 probandam
1299 3471 1498 3527 gloriam
1526 3471 1826 3530 resurgenti53
1855 3469 2059 3521 conditio
2086 3479 2241 3514 autem

278 3552 465 3585 naturae
493 3542 737 3594 humanae,
770 3541 1023 3584 secundum
1057 3539 1178 3597 quod
1212 3538 1255 3581 in
1289 3552 1336 3582 se
1371 3538 1695 3591 consideratur,
1729 3547 1948 3596 quantum
1981 3534 2156 3581 scilicet
2186 3532 2244 3581 ad

279 3618 444 3652 statum
480 3619 779 3667 praesentem,
817 3607 1116 3652 contrariatur
1151 3604 1403 3649 conditioni
1446 3604 1634 3663 gloriae,
1674 3604 1926 3649 secundum
1964 3601 2083 3653 illua
2120 3614 2156 3646 1.
2187 3600 2245 3645 ad

549 3700 581 3720 ’ἱ
