2352 3926
679 180 958 227 QUABSTIO
998 180 1144 220 XLIV·
1185 178 1492 220 ARTICULUS
1532 179 1602 218 1v.
2015 177 2118 234 375

12 256 29 275 ³
90 278 93 282 ’
160 281 284 328 unde
306 282 426 343 Aug.
452 296 587 342 super
610 281 742 341 Joan.
768 282 909 341 (tract.
935 295 1004 340 24.
1030 291 1189 343 parum
1214 295 1243 327 a
1274 280 1436 342 princ.)
1462 279 1590 325 dicit:
1635 295 1660 322 ι(
1682 278 1818 325 Unde
1849 277 2124 337 multiplicat

163 350 220 396 de
243 350 400 410 paucis
427 349 579 410 granis
600 359 795 410 segetes,
815 350 921 396 inde
941 350 988 394 in
1010 350 1220 394 manibus
1242 349 1334 394 suis
1357 347 1675 408 multiplicavit
1697 346 1895 407 quinque
1911 360 2054 405 panes
2070 361 2122 401 >³3

162 416 456 463 manifestum
472 427 541 462 est
557 427 724 472 autem,
741 417 864 476 quod
881 431 962 477 per
978 416 1329 461 conversionem
1342 429 1484 474 grana
1496 413 1855 474 multiplicantur
1867 414 1913 459 in
1930 423 2122 473 segetes.

783 753 1231 832 QUAESTIO
1290 753 1489 813 XLV.

514 908 602 949 DE
652 907 1403 949 TRANSFIGURATIONE
1452 900 1766 958 CHRISTI,

641 997 707 1037 IN
739 996 1027 1049 QUATUOR
1058 997 1388 1038 ARTICULOS
1420 993 1642 1038 DIVISA.

292 1080 310 1100 Ο

246 1149 424 1194 Deinde
450 1149 834 1195 considerandum
859 1159 927 1195 est
952 1151 1008 1195 de
1032 1150 1430 1209 transfiguratione
1458 1150 1646 1196 Christi.

740 1263 797 1308 Et
821 1264 937 1308 circa
962 1262 1036 1308 hoc
1062 1269 1322 1323 quaeruntur
1346 1269 1539 1322 quatuor.

245 1349 417 1395 Primo.
444 1350 613 1396 Utrum
639 1351 917 1396 conveniens
942 1350 1075 1397 fuerit
1103 1351 1342 1397 Christum
1367 1351 1692 1411 transfigurari.

245 1417 474 1463 Secundo.
501 1417 670 1463 Utrum
697 1418 877 1464 claritas
902 1419 1312 1478 transfigurationis
1336 1418 1473 1464 fuerit
1498 1419 1679 1464 claritas
1706 1417 1923 1478 gloriosa.

245 1483 420 1530 Tertio.
446 1484 518 1529 De
543 1486 731 1538 testibus
757 1485 1182 1545 transfigurationis.
1233 1505 1241 1511 ·

249 1550 444 1604 Quarto.
469 1552 541 1597 De
566 1553 829 1597 testimonio
855 1563 1071 1612 paternae
1096 1554 1240 1598 vocis.

883 1729 1318 1787 ARTICULUS
1361 1729 1402 1785 Ι.
1446 1791 1455 1798 ,
2035 1755 2118 1799 242

329 1864 521 1904 UTRUM
551 1865 748 1904 FUERIT
785 1866 1131 1906 CONVENIENS
1174 1866 1454 1905 CHRISTUM
1487 1864 1938 1905 TRANSFIGURARI.

868 1977 1045 2036 (Opusc.
1074 1977 1145 2022 60.
1173 1985 1263 2036 cap.
1291 1977 1400 2035 26).

243 2085 320 2132 AD
344 2100 533 2133 PRIMUM
559 2088 622 2132 sic
649 2088 922 2148 proceditur.
941 2089 1145 2143 Videtur,
1163 2089 1285 2149 quod
1302 2103 1396 2133 non
1422 2088 1558 2134 fuerit
1580 2089 1860 2134 conveniens
1880 2088 2118 2133 Christum

155 2153 489 2213 transfigurari:
516 2169 611 2200 non
637 2157 759 2200 enim
785 2157 1006 2216 competit
1025 2171 1136 2201 vero
1160 2156 1355 2216 corpori,
1374 2166 1423 2200 ut
1439 2156 1486 2200 in
1504 2156 1704 2200 diversas
1723 2155 1890 2214 figuras
1908 2165 2122 2208 mutetur,

144 2220 233 2266 sed
259 2222 442 2280 corpori
476 2222 787 2281 phantastico:
827 2238 992 2282 corpus
1021 2235 1174 2268 autem
1210 2224 1383 2269 Christi
1415 2238 1510 2267 non
1545 2222 1629 2267 fuit
1662 2223 2016 2282 phantasticum,
2042 2221 2121 2266 sed

151 2300 327 2343 verum,
349 2299 399 2334 ut
422 2303 558 2348 supra
583 2290 790 2336 habitum
823 2301 892 2336 est
916 2293 975 2351 (q.
996 2306 1034 2351 5.
1061 2298 1145 2337 art.
1171 2294 1258 2351 1.);
1293 2306 1403 2350 ergo
1430 2291 1622 2345 videtur,
1655 2290 1778 2350 quod
1809 2289 2122 2349 transfigurari

153 2369 249 2401 non
274 2356 493 2402 debuerit.

240 2435 281 2468 2.
308 2423 606 2470 Palm-Em.
633 2425 799 2485 Figura
832 2435 900 2471 est
930 2426 977 2470 in
1010 2437 1169 2486 quarta
1202 2427 1354 2487 specie
1387 2426 1630 2486 qualitatis,
1658 2425 1839 2470 claritas
1868 2434 2025 2469 autern
2052 2433 2118 2468 est

149 2488 204 2537 'in
227 2491 374 2546 tertia,
401 2506 507 2536 cum
533 2492 590 2537 sit
612 2492 836 2538 sensibilis
853 2493 1070 2553 qualitas;
1095 2495 1346 2555 assumptio
1374 2509 1485 2553 ergo
1504 2493 1718 2539 claritatis
1737 2507 1763 2537 a
1781 2492 1968 2538 Christo
1984 2501 2124 2536 trans-

149 2555 362 2617 figuratio
391 2559 482 2604 dici
511 2574 606 2604 11011
633 2560 779 2606 debet·

244 2639 282 2685 3.
323 2626 622 2673 PRAETEREA.
667 2627 888 2688 Corporis
931 2628 1121 2688 gloriosi
1162 2638 1268 2674 sunt
1307 2635 1488 2688 quatuor
1528 2628 1672 2682 dotes,
1713 2637 1763 2672 ut
1801 2625 1917 2671 infra
1949 2626 2123 2670 dicetur

149 2691 315 2752 (Suppl.
341 2708 380 2752 q.
407 2695 478 2739 82.
508 2700 547 2740 et
570 2696 690 2754 seq),
728 2695 904 2740 scilicet
928 2698 1254 2756 impassibilitas,
1283 2697 1464 2755 agilitas,
1491 2696 1715 2750 subtilitas,
1739 2705 1784 2739 et
1805 2695 1977 2740 claritas
1986 2710 2003 2747 ‚·
2026 2708 2121 2738 non

36 2758 44 2765 ”
69 2765 71 2768 “
149 2771 261 2818 ergo
288 2759 443 2805 debuit
468 2761 779 2821 transfigurari
805 2764 952 2822 magis
979 2765 1231 2808 secundum
1260 2764 1623 2824 assumptionem
1646 2762 1877 2816 claritatis,
1896 2776 2035 2821 quam
2053 2775 2122 2805 se-

151 2826 352 2871 cundum
378 2829 739 2888 assumptionem
767 2829 958 2875 aliarum
985 2831 1176 2875 dotium.

240 2892 335 2939 SED
362 2907 558 2940 CONTRA
591 2906 671 2950 est,
699 2896 822 2955 quod
848 2897 1012 2941 dicitur
1037 2897 1199 2942 Matth.
1233 2910 1297 2956 17.
1325 2897 1448 2956 quod
1468 2898 1582 2954 Jesus
1601 2897 1919 2956 transfiguratus
1935 2901 2113 2940 estante

15 2977 48 3004 ,ς’
140 2968 240 3005 tres
264 2960 594 3019 discipulorum
620 2977 823 3007 suorum.

240 3026 528 3073 REsPonm-:o
566 3030 826 3084 dicendum,
860 3031 982 3090 quod
1020 3032 1250 3076 Dominus
1289 3031 1521 3091 discipulis
1558 3031 1651 3076 suis
1690 3030 2005 3091 praenuntiata
2037 3042 2120 3073 sua

149 3096 376 3152 passione,
402 3095 639 3142 induxerat
666 3112 746 3142 eos
773 3099 829 3142 ad
856 3113 964 3143 suae
992 3100 1214 3158 passionis
1242 3099 1492 3158 sequelam.
1533 3099 1732 3158 Oportet
1759 3108 1926 3150 autem,
1947 3096 2002 3139 ad
2028 3094 2120 3140 hoc

150 3161 275 3218 quod
302 3160 464 3236 aliquis
490 3163 659 3208 directe
683 3165 903 3223 procedat
927 3166 974 3208 in
1010 3167 1099 3219 via,
1127 3167 1250 3225 quod
1283 3166 1422 3211 finem
1451 3165 1705 3224 aliqualiter
1731 3172 2119 3223 praecognoscat:

152 3226 271 3270 sicut
301 3228 537 3284 sagittator
571 3243 666 3274 non
693 3241 816 3275 recte
847 3233 983 3290 jaciet
1009 3234 1236 3291 sagittam,
1268 3234 1357 3277 nisi
1381 3234 1504 3292 prius
1538 3233 1719 3291 signum
1747 3229 2120 3289 prospexerit,m

151 3292 274 3351 quod
300 3293 559 3351 jaciendum
586 3305 675 3342 est:
703 3299 821 3342 unde
848 3309 892 3342 et
919 3298 1128 3344 Thomas
1156 3301 1265 3344 dixit
1284 3301 1415 3359 Joan.
1449 3313 1539 3354 14:
1569 3300 1767 3350 Domine,
1796 3298 2014 3351 nescimus,
2039 3309 2119 3354 quo

43 3357 73 3420 τ’
150 3358 300 3404 vadis.-
332 3366 370 3404 et
394 3362 599 3419 quomodo
634 3371 849 3436 possumus
879 3366 998 3410 viam
1035 3368 1174 3411 scire?
1215 3367 1271 3410 Et
1296 3367 1385 3411 hoc
1420 3366 1660 3425 praecipue
1697 3363 2005 3407 necessarium
2043 3371 2113 3406 est

152 3427 337 3486 quando
362 3428 436 3472 via
462 3438 530 3473 est
560 3427 770 3484 difficilis,
802 3441 846 3476 et
873 3445 1046 3491 aspera,
1079 3444 1123 3477 et
1150 3434 1232 3477 iter
1263 3433 1559 3485 laboriosum,
1592 3431 1692 3474 finis
1725 3444 1834 3473 vero
1869 3428 2119 3487 jucundus:

154 3492 367 3538 Christus
393 3504 546 3539 autem
578 3510 658 3555 per
686 3510 817 3541 suam
848 3498 1110 3556 passionem
1143 3501 1198 3544 ad
1226 3500 1316 3544 hoc
1343 3499 1562 3559 pervenit,
1595 3508 1644 3542 ut
1669 3496 1867 3555 gloriam
1893 3498 2117 3541 optineret

151 3572 247 3605 non
271 3560 423 3606 solum
461 3562 654 3617 animae,
687 3577 825 3622 quam
855 3564 1014 3611 habuit
1043 3580 1070 3611 a
1100 3567 1325 3626 principio
1358 3579 1467 3611 suae
1502 3563 1832 3624 conceptionis,
1865 3563 1943 3608 sed
1977 3563 2117 3607 etiam
