2352 3926
237 232 348 302 246
752 245 1027 291 QUAESTIO
1065 246 1257 286 xxv111.
1290 234 1605 311 ARTICULUS
1645 248 1702 287 11.

233 351 582 409 virginitatem»
600 364 609 392 :
635 349 807 393 secundo
830 349 921 393 hoc
941 359 1008 393 est
1025 351 1304 396 conveniens
1321 361 1543 410 quantum
1564 351 1620 396 ad
1639 350 1854 396 effectum
1870 349 2203 397 Incarnationis

237 418 431 462 Christi:
458 431 567 460 nam
595 415 651 459 ad
677 416 767 460 hoc
792 416 930 470 venit,
953 425 1002 460 ut
1022 426 1228 462 nostram
1255 418 1599 478 corruptionem
1624 417 1832 462 tolleret:
1860 418 1980 463 unde
2001 432 2096 464 non
2120 417 2206 464 fuit

237 485 528 538 conveniens,
556 493 605 526 ut
629 483 936 542 virginitatem
955 484 1112 528 matris
1128 485 1360 529 nascendo
1380 495 1718 544 corrumperet:
1746 484 1866 529 unde
1884 485 2079 544 August.
2097 485 2206 532 dicit

236 551 283 594 in
310 552 510 610 quodam
536 565 671 595 serm.
699 551 753 594 de
779 551 930 595 Nativ.
963 551 1103 595 Dom.
1133 551 1302 609 (seilicet
1326 568 1391 599 ro.
1418 553 1465 597 de
1505 553 1696 612 Temp.):
1734 551 1865 596 «Fas
1890 565 1986 596 non
2015 563 2124 608 erat,
2155 562 2226 604 ut,

238 633 317 677 per
344 620 439 677 ejus
467 618 711 661 adventum
739 617 984 662 violaretur
1009 619 1258 678 integritas,
1282 620 1359 678 qui
1383 629 1569 664 venerat
1594 633 1755 663 sanare
1783 629 1995 678 corrupta
2013 635 2063 666 »ε
2087 621 2204 665 tertio

238 686 322 729 fuit
349 686 639 739 conveniens,
661 700 718 729 ne
746 688 900 730 matris
926 686 1153 731 honorem
1179 687 1409 731 nascendo
1434 687 1719 740 diminueret,
1747 686 1823 745 qui
1845 696 2054 746 parentes
2081 700 2206 746 prae-

242 762 422 812 ceperat
448 752 759 811 honorandos.

330 821 405 864 AD
437 833 624 864 PRIMUM
652 835 760 880 ergo
799 821 1057 876 dicendum,
1091 822 1213 881 quod
1249 822 1520 867 Ambrosius
1555 822 1662 866 dicit
1687 822 1778 866 hoc
1812 836 2045 882 exponens
2080 821 2208 876 illud,

241 887 364 946 quod
414 887 705 946 Evangelista
745 887 868 944 (Luc.
909 890 968 939 2.)
997 890 1052 933 de
1088 889 1190 948 lege
1226 889 1418 933 induxit:
1468 890 1601 934 Omne
1642 890 1920 935 masculinum
1961 889 2208 950 adaperiens

240 955 415 999 vulvam
447 961 634 1000 sanctum
655 956 841 1000 Domino
873 958 1122 1001 vocabitur:
1157 956 1280 1015 quod
1319 957 1517 1015 quidem,
1545 967 1593 1001 ut
1634 957 1758 1000 Beda
1801 956 1909 1001 dicit
1949 956 2060 1016 (cap.
2092 957 2134 1002 8.
2159 958 2206 1001 in

241 1022 383 1080 Luc),
417 1033 661 1067 consuetae
693 1023 938 1068 nativitatis
960 1037 1089 1068 more
1111 1023 1325 1083 loquitur,
1357 1039 1452 1069 non
1479 1026 1600 1084 quod
1627 1025 1855 1070 Dominus
1889 1026 2007 1070 sacri
2036 1024 2208 1070 ventris

243 1090 508 1149 hospitium,
519 1090 879 1149 quodingressus
892 1091 1266 1145 sanctificaverat,
1281 1106 1487 1151 egressus
1507 1093 1812 1152 devirginasse
1824 1093 2075 1138 credendus
2091 1093 2150 1138 sit
2160 1108 2202 1147 >›;

244 1158 364 1201 unde
389 1157 467 1201 illa
495 1158 726 1216 adapertio
758 1173 853 1202 non
879 1158 1106 1217 significat
1127 1159 1455 1203 reserationem
1483 1173 1782 1204 communem
1810 1159 1994 1206 claustri
2020 1160 2207 1221 pudoris

244 1224 452 1283 virginei,
479 1225 557 1268 sed
584 1224 736 1269 solum
763 1226 935 1270 exitum
961 1225 1101 1285 prolis
1130 1225 1185 1270 de
1212 1236 1342 1270 utero
1370 1226 1540 1270 matris.

335 1292 410 1336 AD
434 1306 695 1337 SECUNDUM
724 1293 982 1348 dicendum,
1010 1293 1132 1352 quod
1159 1293 1221 1337 ita
1248 1293 1459 1338 Christus
1485 1293 1631 1338 voluit
1655 1294 1896 1339 veritatem
1918 1295 1991 1339 sui
2008 1294 2212 1355 corporis

247 1358 575 1414 demonstrare,
599 1359 722 1418 quod
749 1360 887 1405 etiam
915 1362 1010 1419 ejus
1037 1360 1247 1404 divinitas
1275 1359 1604 1405 declararetur:
1633 1371 1678 1405 et
1694 1361 1798 1405 ideo
1818 1361 2084 1420 permiscuit
2097 1361 2214 1406 mira

246 1425 518 1481 humilibus;
545 1427 663 1471 unde
690 1437 739 1471 ut
766 1441 929 1487 corpus
953 1429 1049 1486 ejus
1066 1441 1228 1471 verum
1247 1427 1574 1482 ostenderetur,
1592 1428 1795 1472 nascitur
1813 1442 1866 1472 ex
1881 1427 2110 1474 foemina:
2133 1427 2214 1473 sed

248 1504 298 1538 ut
309 1495 622 1538 ostenderetur
641 1496 735 1552 ejus
755 1494 979 1548 divinitas,
997 1494 1197 1538 nascitur
1215 1509 1268 1538 ex
1284 1494 1473 1553 virgine.
1494 1486 1615 1539 'Talis
1633 1495 1756 1539 enim
1767 1501 1916 1555 partus
1932 1495 2038 1542 decet
2054 1496 2213 1552 Deum,

248 1571 298 1606 ut
318 1562 590 1606 Ambrosius
617 1562 726 1605 dicit
750 1562 797 1605 in
823 1562 1000 1621 hymno
1026 1561 1287 1605 Nativitatis
1315 1561 1406 1620 (qui
1428 1567 1482 1606 est
1506 1575 1576 1619 24.
1603 1577 1675 1607 nec
1701 1568 1757 1607 est
1781 1578 1892 1608 nunc
1912 1564 1958 1607 in
1981 1564 2094 1622 usu).

338 1630 414 1673 AD
439 1642 655 1674 TERTIUM
682 1629 941 1683 dicendum,
969 1628 1092 1688 quod
1119 1628 1306 1687 quidam
1339 1628 1560 1683 dixerunt,
1595 1629 1834 1674 Christum
1865 1629 1912 1674 in
1945 1644 2026 1675 sua
2056 1629 2215 1675 nativi-

248 1706 340 1740 tate
367 1696 523 1740 dotem
550 1695 805 1741 subtilitatis
833 1696 1141 1755 assumpsisse,
1169 1696 1286 1739 sicut
1311 1695 1495 1756 quando
1519 1696 1768 1741 ambulavit
1789 1697 1922 1742 siccis
1938 1697 2126 1757 pedibus
2147 1702 2218 1742 s'u-

249 1779 330 1823 per
356 1779 497 1819 mare,
530 1764 685 1808 dicunt
711 1779 817 1808 eum
852 1765 1148 1823 assumpsisse
1180 1762 1336 1808 dotem
1364 1763 1603 1822 agilitatis:
1640 1764 1719 1808 sed
1750 1764 1842 1808 hoc
1873 1778 1969 1810 non
2001 1765 2217 1811 convenit

250 1831 336 1886 his,
363 1846 479 1891 quae
502 1846 637 1891 supra
663 1832 962 1876 determinata
981 1841 1083 1875 sunt
1103 1831 1160 1889 (q.
1180 1832 1281 1889 14.).
1309 1831 1721 1890 Hujusmodienim
1747 1831 1876 1876 dotes
1899 1832 2104 1892 corporis
2121 1830 2218 1891 glo-

251 1900 361 1944 riosi
386 1899 660 1958 proveniunt
685 1914 739 1943 ex
765 1898 1064 1943 redundantia
1091 1897 1265 1957 gloriae
1292 1898 1472 1941 animae
1506 1899 1561 1942 ad
1589 1912 1769 1957 corpus,
1801 1909 1851 1943 ut
1881 1898 1996 1942 infra
2027 1898 2216 1954 dicetur,

252 1981 359 2010 cum
385 1966 649 2011 tractabitur
675 1967 730 2010 de
757 1966 1023 2024 corporibus
1050 1964 1262 2024 gloriosis
1285 1966 1347 2022 (in
1369 1965 1565 2025 supplem.
1585 1980 1623 2024 q.
1643 1965 1740 2024 95).
1763 1965 1953 2010 Dictum
1974 1976 2042 2011 est
2063 1976 2216 2011 autem

253 2049 388 2093 supra
415 2034 475 2092 (q.
507 2048 573 2091 14.
596 2040 675 2078 art.
699 2050 734 2079 r.
762 2034 816 2077 ad
836 2033 912 2090 2.),
953 2032 1075 2091 quod
1109 2032 1318 2076 Christus
1356 2042 1460 2076 ante
1486 2033 1749 2091 passionem
1775 2033 2065 2092 permittebat
2090 2033 2217 2079 carni

253 2115 362 2146 suae
390 2115 541 2159 agere,
560 2111 603 2145 et
619 2101 711 2160 pati
729 2115 845 2159 quae
861 2100 1068 2159 propria:
1094 2114 1179 2143 nec
1202 2098 1337 2143 fiebat
1353 2099 1455 2143 talis
1473 2099 1770 2143 redundantia
1789 2099 1963 2158 gloriae
1982 2101 2037 2145 ab
2065 2101 2219 2145 anima

254 2169 310 2213 ad
339 2182 518 2227 corpus,
547 2179 591 2212 et
617 2168 720 2212 ideo
749 2167 994 2212 dicendum
1022 2177 1103 2221 est,
1132 2167 1253 2225 quod
1274 2166 1429 2210 omnia
1455 2166 1541 2210 ista
1565 2165 1686 2211 facta
1713 2176 1818 2211 sunt
1842 2166 2117 2213 miraculose
2138 2181 2220 2227 per

252 2237 467 2280 virtutem
494 2235 718 2289 divinam3
745 2235 864 2278 unde
891 2234 1174 2293 Augustinus
1203 2233 1312 2278 dicit
1337 2247 1473 2293 super
1491 2233 1630 2291 Joan.
1655 2235 1796 2291 (tract.
1814 2249 1902 2280 121.
1924 2236 2035 2280 inter
2059 2234 2164 2280 med.
2181 2240 2220 2280 et

242 2305 366 2364 fin.):
408 2302 562 2347 «Moli
594 2303 813 2362 corporis,
847 2302 924 2345 ubi
955 2302 1165 2345 divinitas
1199 2311 1307 2356 erat,
1344 2301 1460 2345 ostia
1497 2300 1652 2345 clausa
1683 2315 1778 2345 non
1811 2301 2110 2357 obstiterunt;
2140 2301 2218 2347 ille

253 2371 419 2430 quippe
444 2385 539 2414 non
566 2371 631 2414 eis
657 2372 822 2429 apertis
848 2369 1014 2413 intrare
1042 2369 1203 2428 potuit,
1227 2383 1317 2428 quo
1340 2379 1556 2413 nascente
1575 2369 1810 2428 virginitas
1828 2369 1985 2414 matris
2001 2369 2220 2415 inviolata

253 2438 503 2498 permansit
519 2453 560 2492 »ς
594 2447 638 2481 et
662 2437 913 2496 Dionysius
941 2436 1050 2480 dicit
1074 2437 1119 2480 in
1144 2436 1342 2495 quadarn
1360 2436 1487 2495 epist.
1510 2436 1616 2493 (scil.
1634 2451 1669 2495 3.
1689 2436 1744 2481 ad
1763 2437 1936 2496 Cajum,
1955 2439 2055 2483 circ.
2071 2437 2218 2497 med),

254 2505 376 2566 quod
403 2505 653 2550 «Christus
680 2519 814 2564 super
838 2504 1079 2548 hominem
1113 2504 1385 2563 operabatur
1417 2517 1471 2547 ea
1505 2518 1621 2562 quae
1653 2514 1757 2549 sunt
1792 2504 2020 2550 hominis:
2047 2514 2093 2551 et
2124 2505 2216 2551 hoc

254 2583 479 2618 monstrat
503 2573 632 2631 virgo
659 2570 1059 2632 supernaturaliter
1086 2570 1363 2630 concipiens,
1391 2581 1435 2616 et
1458 2585 1576 2630 aqua
1596 2570 1819 2617 instabilis
1843 2581 2131 2619 terrenorum
2147 2586 2221 2633 pe-

254 2640 366 2685 dum
391 2639 617 2685 sustinens
643 2639 967 2699 gravitatem».

949 2840 1383 2897 ARTICULUS
1427 2840 1527 2895 III.
2135 2852 2219 2902 150

416 2990 610 3032 UTRUM
650 2991 835 3030 MATER
876 2991 968 3028 DEI
1008 2990 1382 3042 PERMANSERIT
1423 2990 1593 3030 VIRGO
1633 2990 1774 3029 POST
1815 2990 2055 3031 PARTUM.

974 3117 1147 3175 (opusc.
1181 3130 1220 3161 2.
1254 3124 1343 3175 cap.
1376 3116 1501 3175 225).

348 3249 423 3293 AD
452 3258 668 3292 TER-rmM
694 3243 758 3289 sic
785 3243 1058 3304 proceditur.
1085 3243 1290 3297 Videtur,
1318 3243 1439 3302 quod
1467 3243 1614 3287 Mater
1641 3241 1814 3287 Christi
1837 3254 1934 3286 non
1958 3246 2221 3302 permanse-

259 3316 316 3361 rit
339 3317 471 3374 virgo
499 3324 602 3374 post
627 3322 832 3373 partum3
860 3311 1021 3355 dicitur
1048 3310 1171 3353 enirn
1197 3310 1358 3353 Matth.
1388 3324 1438 3355 1.:
1472 3311 1712 3368 Antequam
1744 3309 2011 3354 convenirent
2033 3306 2220 3367 Joseph,

259 3396 303 3428 et
328 3383 489 3437 Maria,
512 3385 683 3427 inventa
708 3386 761 3425 est
787 3381 831 3423 in
857 3384 971 3422 utero
999 3378 1147 3421 habens
1165 3377 1209 3421 de
1238 3377 1398 3436 Spiritu
1423 3377 1602 3422 Sancto:
1630 3390 1724 3420 non
1751 3385 1905 3421 autem
1931 3374 2223 3434 Evangelista

260 3452 443 3504 diceret,
470 3458 695 3508 antequam
722 3447 999 3499 convenirent,
1032 3444 1118 3488 nisi
1155 3444 1210 3488 de
1249 3445 1559 3488 conventuris:
1594 3444 1699 3503 quia
1725 3457 1865 3488 nemo
1898 3441 2008 3487 dicit
2039 3442 2096 3486 de
2126 3454 2222 3486 non

259 3532 492 3576 pransuro,
521 3527 764 3575 antequam
792 3514 1056 3573 pranderet3
1090 3525 1199 3570 ergo
1232 3510 1422 3564 videtur,
1457 3511 1578 3570 quod
1611 3511 1743 3555 beata
1768 3509 1914 3569 Virgo
1946 3508 2221 3570 quandoque

259 3585 523 3629 conveniret
550 3582 720 3629 carnali
746 3579 911 3640 copula
946 3592 1051 3624 cum
1079 3577 1274 3637 Joseph3
1313 3586 1356 3621 et
1391 3577 1453 3621 ita
1489 3592 1582 3622 non
1619 3576 1918 3637 permanserit
1951 3575 2082 3635 virgo
2117 3585 2222 3636 post

256 3663 451 3711 parturn.
