2352 3926
318 221 425 289 560
837 223 1119 279 QUAES'r'Io
1157 234 1304 273 var.
1343 216 1653 275 Ani-munus
1694 237 1748 276 v.

315 346 473 397 spectu
495 336 702 390 ministri,
736 346 806 381 est
835 346 990 380 tamen
1019 350 1155 381 causa
1179 337 1538 382 instrumentalis
1573 348 1781 398 respectu
1811 349 1996 386 sanctae
2022 339 2275 397 Trinitatis,

316 414 361 449 et
384 405 488 448 ideo
515 404 665 463 potius
693 412 1084 448 commemoratur
1111 402 1326 458 Trinitas,
1350 419 1488 464 quam
1515 405 1666 464 passio
1695 404 1881 451 Christi.

404 472 480 515 AD
509 483 700 515 SEXTUM
728 470 987 524 dicendum,
1014 470 1136 530 quod
1163 471 1247 516 etsi
1278 472 1367 516 sint
1397 472 1482 516 tria
1514 473 1704 516 nomina
1736 473 1995 532 personalia
2019 475 2162 520 trium·
2179 490 2279 536 per·

315 552 546 591 sonarum,
570 547 638 580 est
662 547 816 580 tamen
837 551 1010 581 nomen
1034 552 1177 581 unum
1205 537 1468 583 essentiale:
1495 539 1637 583 virtus
1665 549 1817 583 autem
1844 540 2009 595 divina,
2036 556 2154 601 quae
2171 544 2278 603 'ope-

315 614 437 649 ratur
467 605 513 647 in
539 605 782 663 baptismO,
811 605 867 648 ad
894 605 1139 649 essentiam
1163 608 1380 665 pertinet:
1424 615 1469 650 et
1508 606 1613 650 ideo
1646 606 1810 651 dicitur
1845 608 1932 652 «in
1953 609 2202 664 nomine»,
2233 619 2279 654 et

314 686 408 715 non
445 687 468 712 «
485 672 533 714 in
561 672 885 716 nominibus».

403 739 480 782 AD
514 751 757 783 SEPTIMUM
790 738 1052 793 dicendum,
1084 740 1207 799 quod
1240 740 1358 784 sicut
1389 754 1506 799 aqua
1539 741 1732 785 sumitur
1766 741 1822 785 ad
1852 741 2146 801 baptismum,
2172 743 2280 802 quia

315 806 411 864 ejus
438 820 545 850 usus
573 817 639 850 est
666 807 959 851 communior
986 807 1041 850 ad
1068 806 1358 861 abluendum,
1395 807 1458 851 ita
1485 808 1541 851 ad
1564 807 1913 866 significandum
1939 818 2030 854 tres
2061 823 2279 869 personas

314 873 361 916 in
382 871 533 916 forma
552 873 764 932 baptismi
791 883 1082 917 assumuntur
1103 873 1181 918 illa
1206 875 1408 928 nomina,
1436 875 1596 933 quibus
1620 875 1912 920 communius
1946 886 2281 922 consueverunt

315 939 545 984 nominari
561 954 783 1000 personae
800 939 846 984 in
858 940 1122 1000 illalingua:
1138 955 1222 986 nec
1239 942 1286 985 in
1300 935 1398 985 aliis
1411 942 1675 987 nominibus
1687 942 2278 1002 perficitursacramenturn.

999 1119 1432 1176 ARTICULUS
1467 1121 1565 1176 VI.
2195 1136 2278 1196 369

517 1254 712 1294 UTRUM
750 1255 807 1294 IN
845 1255 1061 1301 NOMINE
1103 1255 1322 1294 CHRISTI
1362 1255 1554 1294 POSSIT
1596 1256 1725 1295 DARI
1766 1257 2086 1296 BAPTISMUS·

673 1365 737 1423 (4.
761 1367 871 1410 Dist.
897 1379 939 1423 4.
968 1372 1049 1411 art.
1072 1381 1108 1425 3.
1142 1380 1180 1424 q.
1207 1380 1246 1411 2.
1270 1365 1323 1410 ad
1342 1380 1380 1425 3.
1406 1371 1442 1409 et
1466 1380 1501 1410 1.
1529 1365 1628 1410 Cor.
1660 1380 1696 1428 r.
1723 1365 1810 1410 lect.
1843 1365 1921 1422 2.).

403 1475 479 1521 AD
506 1488 699 1521 SEXTUM
726 1477 790 1521 sic
817 1477 1090 1536 proceditur.
1118 1476 1324 1530 Videtur,
1352 1476 1474 1536 quod
1501 1477 1547 1520 in
1575 1476 1764 1520 nomine
1792 1474 1966 1520 Christi
2003 1475 2148 1534 possit
2184 1475 2278 1520 dari

315 1544 574 1603 Baptismus
587 1560 596 1588 ε
609 1545 726 1587 sicut
748 1543 871 1587 enim
889 1558 979 1587 una
997 1553 1063 1588 est
1080 1543 1207 1597 fides,
1225 1544 1286 1587 ita
1299 1554 1366 1588 est
1382 1559 1524 1587 unum
1536 1543 1775 1602 baptisma,
1799 1552 1848 1587 ut
1868 1542 2033 1587 dicitur
2048 1542 2281 1603 Ephes.4.;

314 1611 506 1655 sedAct.
534 1612 574 1655 8.
593 1612 768 1665 dicitur,
792 1612 913 1670 quod
935 1614 981 1655 in
1007 1613 1175 1656 nomine
1197 1612 1354 1657 Christi
1382 1613 1708 1671 baptizabantur
1731 1612 1837 1666 viri,
1863 1616 1901 1656 et
1923 1611 2114 1656 mulieres
2122 1625 2139 1667 ;
2165 1624 2278 1669 ergo

313 1678 452 1723 etiam
478 1693 598 1722 nunc
626 1689 776 1737 potest
802 1679 898 1723 dari
922 1679 1175 1738 baptismus
1202 1679 1249 1722 in
1276 1679 1464 1727 nomine
1494 1679 1679 1723 Christi.

400 1759 440 1789 2.
467 1746 765 1791 PRAETEREA.
799 1747 1014 1790 Ambros.
1048 1747 1155 1790 dicit
1192 1747 1287 1805 (lib.
1313 1762 1348 1791 Ι.
1376 1747 1422 1791 de
1456 1747 1567 1805 Spir.
1599 1747 1739 1791 Sanct.
1769 1761 1805 1805 3.
1838 1751 1930 1790 ante
1961 1744 2090 1803 med.)
2110 1761 2124 1790 :
2171 1761 2196 1787 α
2230 1745 2281 1789 Si

314 1814 550 1859 Christum
569 1815 707 1869 dicas,
725 1825 769 1859 et
794 1815 993 1869 Patrem,
1012 1830 1036 1859 a
1060 1829 1150 1874 quo
1174 1825 1336 1859 unctus
1356 1824 1435 1868 est,
1464 1823 1506 1858 et
1527 1816 1691 1873 ipsum,
1715 1814 1791 1873 qui
1808 1823 1970 1858 unctus
1989 1823 2070 1867 est,
2096 1811 2280 1867 Filium,

312 1892 357 1926 et
383 1882 600 1941 Spiritum
628 1882 863 1936 Sanctum,
892 1897 982 1941 quo
1011 1894 1173 1927 unctus
1201 1892 1281 1936 est,
1309 1882 1552 1940 designasti
1571 1898 1622 1926 »z
1650 1882 1729 1926 sed
1755 1882 1802 1924 in
1827 1881 2016 1925 nomine
2044 1879 2279 1925 Trinitatis

316 1960 467 2009 potest
491 1949 590 1993 fieri
614 1950 889 2009 baptismus;
921 1964 1030 2008 ergo
1050 1961 1094 1994 et
1119 1950 1166 1993 in
1192 1949 1381 1994 nomine
1409 1949 1595 1994 Christi.

406 2032 443 2076 3.
486 2018 783 2062 PRAETEREA.
821 2018 1042 2062 Nicolaus
1074 2018 1107 2061 Ι.
1141 2018 1265 2077 Papa
1309 2017 1363 2060 ad
1407 2016 1615 2060 consulta
1656 2015 1963 2075 Bulgarorum
1997 2015 2279 2075 respondens

312 2084 422 2128 dicit
449 2084 558 2144 (cap.
590 2099 685 2142 104.
721 2085 879 2128 Concil.
903 2091 941 2130 et
965 2086 1060 2129 hab.
1089 2093 1207 2144 cap.:
1242 2086 1282 2129 A
1310 2085 1505 2143 quodam,
1533 2084 1579 2128 de
1606 2083 1842 2128 Consecrat.
1869 2084 1982 2128 Dist.
2013 2083 2104 2140 4.).·
2134 2099 2164 2143 .“
2185 2082 2281 2136 Qui

310 2153 356 2195 in
378 2153 566 2196 nomine
593 2163 777 2196 sanctae
806 2151 1056 2206 Trinitatis,
1082 2152 1156 2196 vel
1181 2162 1360 2195 tanturn
1386 2152 1433 2195 in
1459 2152 1648 2195 nomine
1677 2150 1864 2205 Christi,
1887 2152 2004 2194 sicut
2025 2151 2072 2194 in
2089 2150 2280 2195 Actibus

312 2219 646 2277 Apostolorum
673 2219 851 2277 legitur,
888 2220 1100 2278 baptizati
1142 2229 1245 2263 sunt
1283 2220 1447 2276 (unum
1474 2219 1639 2277 quippe
1671 2218 1886 2277 idemque
1913 2227 1994 2271 est,
2020 2226 2068 2262 ut
2093 2227 2277 2263 sanctus

314 2287 375 2330 ait
396 2287 704 2342 Ambrosius),
733 2287 999 2345 rebaptizari
1025 2301 1120 2330 non
1158 2287 1324 2330 debent
1348 2302 1399 2330 »:
1427 2286 1813 2344 rebaptizarentur
1844 2294 2012 2339 autem,
2045 2285 2084 2329 si
2114 2285 2161 2330 in
2192 2285 2279 2329 hac

310 2353 459 2400 forma
485 2354 697 2413 baptizati
723 2365 1062 2397 sacramentum
1088 2354 1300 2412 baptismi
1332 2367 1427 2397 non
1453 2354 1734 2411 reciperent;
1767 2365 1879 2410 ergo
1906 2361 2056 2410 potest
2082 2351 2281 2396 conferri

312 2421 566 2480 baptismus
598 2421 645 2464 in
675 2422 863 2465 nomine
897 2421 1070 2466 Christi
1105 2422 1186 2465 sub
1224 2421 1311 2464 hac
1348 2420 1519 2464 forma:
1552 2436 1575 2461 «
1602 2420 1701 2478 Ego
1727 2429 1772 2463 te
1796 2419 1978 2479 baptizo
2010 2419 2056 2463 in
2087 2420 2279 2464 nomine

315 2488 488 2533 Christi
519 2505 560 2533 ».

402 2555 496 2600 SED
521 2568 715 2601 CONTRA
743 2566 823 2609 est,
851 2556 973 2614 quod
997 2555 1209 2614 Pelagius
1236 2555 1360 2613 Papa
1387 2554 1540 2598 scribit
1564 2554 1823 2598 Gaudentio
1851 2552 2070 2613 episcopo
2090 2552 2156 2610 (ut
2181 2553 2277 2598 hab.

308 2630 429 2683 σαμε
456 2623 502 2668 Si
521 2637 683 2675 revera,
711 2622 757 2667 de
785 2622 977 2667 Consecr.
1006 2624 1115 2667 Dist.
1138 2624 1200 2680 4.)
1221 2635 1236 2666 .·
1268 2638 1290 2663 <c
1319 2621 1368 2666 Si
1393 2621 1441 2665 hi
1468 2622 1545 2681 qui
1565 2622 1611 2664 in
1642 2620 1758 2665 locis
1798 2620 2055 2665 dilectionis
2081 2630 2187 2665 tuae
2214 2620 2280 2664 vi-

312 2690 426 2735 cinis
449 2691 727 2734 commorati
753 2690 975 2744 dicuntur,
990 2704 1036 2734 se
1060 2690 1355 2734 solummodo
1374 2689 1420 2732 in
1436 2689 1625 2732 nomine
1647 2688 1840 2732 Domini
1866 2688 2118 2746 baptizatos
2142 2686 2280 2732 fuisse

315 2757 602 2811 confitentur,
645 2757 742 2801 sine
776 2758 1102 2815 cujuscumque
1129 2756 1421 2800 dubitationis
1460 2755 1692 2813 ambiguo,
1735 2769 1814 2799 eos
1843 2755 1898 2807 ad
1933 2754 2072 2798 fidem
2095 2753 2282 2799 catholi-

313 2837 416 2869 cam
451 2827 685 2869 venientes
718 2825 765 2867 in
799 2835 982 2868 sanctae
1019 2824 1254 2868 Trinitatis
1297 2823 1485 2868 nomine
1522 2823 1769 2883 baptizabis
1796 2840 1838 2867 ».
1874 2823 2102 2882 Didymus
2142 2822 2281 2867 etiam
2344 2878 2352 2884 ᾖ

312 2892 421 2936 dicit
446 2892 491 2935 in
517 2891 594 2936 lib.
621 2905 660 2935 2.
689 2891 743 2935 de
771 2891 939 2950 Spiritu
967 2891 1137 2935 Sancto
1165 2892 1339 2950 (param
1371 2906 1397 2935 a
1422 2892 1561 2950 princ.
1595 2892 1702 2934 inter
1736 2898 1800 2949 op.
1834 2890 2031 2944 Hieron.)
2050 2906 2064 2935 :
2099 2907 2123 2933 «
2150 2889 2280 2935 Licet

312 2960 412 3019 quis
437 2960 580 3018 possit
605 2959 794 3003 existere
821 2958 956 3011 saxei,
970 2968 1018 3001 ut
1043 2958 1104 3001 ita
1132 2958 1296 3011 dicam,
1325 2958 1488 3012 cordis,
1517 2967 1560 3002 et
1586 2957 1764 3016 penitus
1792 2958 1956 3002 mentis
1979 2956 2171 3012 alienae,
2202 2957 2280 3016 qui

311 3028 373 3072 ita
399 3027 625 3085 baptizare
652 3036 857 3079 conetur,
885 3035 933 3069 ut
960 3040 1102 3068 unum
1130 3026 1184 3068 de
1218 3026 1458 3084 praedictis
1495 3025 1758 3069 nominibus
1786 3024 1984 3083 (scilicet
2015 3025 2155 3069 trium
2185 3037 2280 3084 per·

315 3093 556 3151 sonarum)
583 3093 934 3153 praetermittat;
968 3102 1122 3135 tamen
1150 3093 1245 3136 sine
1273 3092 1552 3151 perfectione
1576 3092 1821 3151 baptizabit
1845 3107 1887 3136 ».

401 3162 690 3206 RESPONDEO
718 3159 977 3212 dicendum,
998 3159 1135 3217 quod,
1163 3161 1277 3203 sicut
1303 3174 1439 3218 supra
1466 3160 1637 3203 dictum
1665 3170 1731 3203 est
1758 3159 1860 3217 (art.
1877 3173 1916 3205 2.
1935 3158 2280 3219 huj.q.)‚sacra·

314 3239 469 3274 menta
508 3229 678 3273 habent
719 3226 971 3271 efficaciam
999 3226 1051 3269 ab
1080 3226 1359 3271 institutione
1395 3226 1590 3281 Christi3
1624 3235 1669 3270 et
1694 3225 1798 3270 ideo
1830 3225 1869 3270 si
1900 3225 2279 3285 praetermittatur

314 3296 484 3355 aliquid
513 3310 689 3349 eorum,
717 3309 832 3354 quae
857 3293 1066 3338 Christus
1108 3293 1298 3337 instituit
1327 3294 1447 3337 circa
1475 3293 1658 3352 aliquod
1692 3302 2046 3348 sacramentum,
2077 3290 2281 3338 efficacia

316 3374 462 3417 caret3
490 3363 577 3407 nisi
604 3377 657 3406 ex
683 3360 868 3420 speciali
886 3361 1221 3420 dispensatione
1250 3362 1360 3418 ejus,
1379 3361 1455 3419 qui
1477 3361 1687 3405 virtutem
1710 3373 1841 3404 suam
1868 3360 2164 3405 sacramentis
2185 3373 2280 3404 non
2336 3400 2338 3402 .

315 3431 541 3490 alligavit:
571 3429 782 3475 Christus
810 3438 960 3472 autem
988 3427 1191 3480 instituit,
1225 3437 1561 3470 sacramentum
1589 3427 1805 3486 baptismi
1845 3426 1942 3470 dari
1973 3440 2078 3471 cum
2101 3426 2282 3471 invoca·
2340 3471 2342 3473 ,

312 3499 438 3542 tione
467 3496 724 3541 Trinitatis:
761 3506 805 3540 et
836 3495 940 3539 ideo
978 3493 1193 3554 quidquid
1222 3493 1337 3537 desit
1364 3494 1418 3537 ad
1446 3494 1630 3552 plenam
1656 3494 2000 3538 invocationem
2029 3491 2279 3548 Trinitatis,

313 3564 434 3609 tollit
462 3565 769 3624 integritatem
795 3562 1033 3622 baptismi;
1066 3575 1151 3605 nec
1179 3560 1343 3613 obstat,
1366 3561 1488 3620 quod
1515 3561 1560 3604 in
1588 3561 1778 3605 nomine
1805 3561 1938 3605 unius
1969 3572 2192 3620 personae
2217 3560 2280 3604 in-

314 3631 533 3691 telligitur
560 3631 649 3676 alia
686 3631 823 3689 (sicut
848 3630 893 3674 in
930 3628 1119 3675 nomine
1155 3627 1300 3672 Patris
1327 3627 1593 3686 intelligitur
1625 3627 1800 3685 Filius),
1827 3637 1904 3672 aut
1939 3626 2063 3687 quod
2092 3625 2170 3672 me
2200 3626 2277 3686 qui
