2306 3874
855 705 1372 791 INDEX

163 929 700 1010 QUAESTIONUM
737 931 796 999 81
832 931 1381 1000 ARTICULORUM
1417 932 1759 999 TERTIAE
1795 934 2070 1002 PARTIS

461 1436 705 1477 QUAESTIO
728 1436 760 1472 1.

280 1492 297 1510 ἀ

273 1515 325 1552 De
340 1519 558 1554 convenientia
572 1518 810 1563 Immatt’ons's
826 1516 956 1552 Christi.

143 1602 175 1627 t.
200 1590 325 1627 Utrum
348 1595 561 1628 conveniens
584 1594 701 1636 fuerit,
718 1594 831 1627 Deum
849 1593 1031 1627 incarnari.

139 1655 174 1682 z.
200 1644 324 1680 Utrum
358 1646 462 1680 fuerit
490 1647 724 1680 necessarium
756 1646 799 1679 ad
830 1646 1084 1691 reparationem

251 1697 393 1732 humani
408 1700 558 1744 generis.

142 1761 174 1794 3.
199 1749 337 1793 Utrum,
362 1751 392 1784 si
408 1762 480 1784 non
495 1751 620 1784 fuisset
635 1758 830 1796 peccatum,
847 1750 943 1783 Deus
960 1749 1085 1782 fuisset

250 1803 459 1837 incarnatus.

138 1865 173 1898 4.
198 1854 323 1889 Utrum
345 1854 569 1900 principalius
591 1856 638 1888 sit
660 1855 859 1888 incarnatus
882 1855 925 1887 ad
957 1853 1084 1887 tollen-

250 1906 332 1941 dum
348 1905 518 1953 originale
533 1915 727 1953 peccatum,
744 1918 845 1952 quam
861 1905 1009 1940 actuale.

139 1969 172 2004 5.
198 1958 322 1994 Utrum
345 1961 559 1994 conveniens
582 1958 700 2002 fuerit,
726 1959 840 1992 Deum
871 1958 1041 1992 incarnari
1065 1969 1085 1991 a

247 2012 419 2057 principio
435 2012 568 2046 mundi.

138 2062 173 2098 6.
196 2062 322 2098 Utrum
345 2065 420 2109 ejus
442 2064 635 2098 incarnatio
653 2063 779 2097 differri
801 2063 958 2097 debuerit
974 2073 1083 2108 usque

248 2116 293 2150 ad
314 2114 420 2150 finem
442 2117 574 2150 mundi.

455 2212 700 2254 QUAESTIO
721 2212 771 2248 n.

303 2292 355 2328 De
376 2293 471 2329 modo
493 2295 621 2333 unianis
649 2294 747 2329 Verbi
768 2294 930 2327 incarnati

404 2346 510 2392 quoad
529 2347 632 2393 ipsam
654 2348 814 2403 unionfm.

164 2430 195 2455 t.
222 2419 347 2454 Utrum
371 2421 456 2456 unio
471 2421 578 2456 Verbi
597 2423 766 2457 incarnati
789 2424 834 2457 sit
858 2422 951 2457 facta
966 2422 1002 2455 in
1025 2433 1084 2456 na-

269 2480 359 2508 tm.

160 2534 195 2559 a.
218 2523 344 2558 Utrum
368 2526 414 2559 sit
429 2524 530 2575 facta.
543 2527 579 2560 in
595 2537 757 2572 persona.

162 2586 194 2620 3.
218 2574 343 2611 Utrum
360 2578 405 2621 sit
421 2577 513 2613 facta
525 2579 563 2612 in
578 2580 776 2625 supposito,
792 2578 848 2613 vel
863 2579 1053 2624 hypostasi.

158 2638 194 2671 4.
218 2627 344 2663 Utrum
365 2640 527 2674 persona,
549 2630 606 2665 vel
627 2631 827 2677 hypostasis
850 2630 983 2664 Christi
1005 2639 1086 2676 post

270 2682 545 2716 incarnationem
560 2684 607 2717 sit
623 2684 829 2728 composita.

163 2740 194 2774 5.
219 2731 344 2767 Utrum
369 2734 415 2768 sit
437 2734 530 2769 facta
544 2735 660 2781 aliqua
682 2737 767 2769 unio
792 2737 940 2778 animae,
957 2744 993 2770 et
1010 2747 1084 2770 cor-

268 2787 364 2830 poris
379 2787 416 2820 in
432 2786 593 2822 Christo.

159 2836 192 2870 6.
218 2835 342 2871 Utrum
364 2847 486 2873 natura
500 2840 650 2874 humana
665 2839 770 2874 fuerit
785 2841 884 2874 unita
898 2840 1016 2874 Verbo
1029 2851 1084 2874 ac-

272 2889 506 2926 cidentaliter.

159 2948 193 2985 7.
218 2939 343 2975 Utrum
365 2943 440 2988 ipsa
455 2944 540 2977 unio
556 2944 603 2977 sit
626 2944 757 2989 aliquid
773 2953 938 2979 creatum.

159 2992 191 3027 8.
216 2991 340 3027 Utrum
363 2995 409 3028 sit
432 2995 537 3037 idem,
553 2997 647 3041 quod
663 2998 867 3042 assumptio.

160 3054 196 3088 9.
219 3043 342 3079 Utrum
367 3047 413 3080 sit
434 3048 583 3081 maxima
606 3049 775 3082 unionum
808 3060 894 3094 quae
920 3049 1085 3083 creaturis

273 3099 500 3135 conveniunt.

141 3157 195 3182 to.
217 3147 341 3183 Utrum
365 3151 450 3184 unio
475 3151 617 3186 duarum
641 3160 839 3187 naturarum
872 3154 909 3187 in
942 3152 1084 3187 Christo

270 3199 376 3235 fuerit
390 3201 481 3237 iacta
496 3214 557 3249 per
571 3205 732 3249 gratiam.

140 3261 155 3285 1
165 3262 195 3286 x.
220 3251 343 3286 Utrum
366 3264 442 3287 eam
458 3255 571 3301 aliqua
586 3258 708 3290 merita
722 3258 985 3303 praecesserint.

141 3313 195 3338 12.
220 3302 344 3339 Utrum
354 3306 467 3351 gratia
482 3306 588 3342 fuerit
603 3308 739 3343 homini
751 3306 892 3344 Christo
905 3310 1084 3344 naturalis.

443 3410 686 3452 QUAESTIO
710 3413 778 3449 ΠΙ.

179 3489 228 3526 De
250 3490 344 3526 modo
367 3492 494 3527 wionis
515 3503 553 3528 ex
570 3499 664 3540 paru
682 3501 834 3541 personae
857 3497 1051 3541 assumatis.

142 3573 173 3598 ι.
189 3563 315 3600 Utrum
330 3558 510 3600 assumere*
521 3569 707 3603 conveniat
719 3579 889 3613 personae
904 3570 1053 3606 divinae.

1150 1446 1183 1470 2.
1202 1435 1326 1471 Utrum
1343 1438 1530 1471 conveniat
1545 1437 1681 1471 divinae
1697 1445 1852 1472 naturae.

1152 1499 1183 1531 3.
1203 1487 1326 1522 Utrum
1343 1497 1465 1522 natura
1488 1490 1602 1535 possit
1624 1500 1812 1532 assumere,
1837 1491 2010 1524 abstracta
2026 1501 2101 1536 per-

1263 1541 1462 1575 sonalitate.

1150 1604 1184 1636 4.
1202 1593 1327 1627 Utrum
1344 1605 1412 1626 una
1428 1605 1578 1639 persona
1592 1595 1704 1639 possit
1728 1605 1903 1628 assumere
1919 1596 1995 1629 sine
2019 1595 2098 1629 alia.

1154 1653 1184 1687 ς.
1202 1643 1326 1678 Utrum
1350 1646 1524 1690 quaelibet
1538 1657 1687 1691 persona
1702 1647 1815 1691 possit
1830 1657 2017 1681 assumere.

1152 1696 1183 1729 6.
1204 1696 1327 1730 Utrum
1340 1697 1456 1742 plures
1470 1709 1638 1743 personae
1654 1700 1792 1744 possint
1803 1709 1979 1733 assumere
1995 1711 2099 1734 unam

1262 1757 1418 1782 naturam
1434 1761 1593 1784 numero.

1151 1810 1184 1844 7.
1202 1800 1327 1834 Utrum
1351 1814 1420 1836 una
1443 1814 1591 1848 persona
1613 1804 1726 1848 possit
1741 1814 1915 1837 assumere
1940 1804 2024 1838 duas
2041 1815 2103 1838 na-

1262 1862 1356 1887 turas
1372 1866 1530 1889 numero.

1150 1906 1183 1942 8.
1202 1905 1453 1951 Utrummagis
1470 1907 1575 1940 fuerit
1592 1910 1805 1942 conveniens
1822 1909 1863 1941 de
1880 1919 2031 1954 persona
2046 1908 2101 1941 Fi-

1262 1958 1314 2000 lii,
1341 1959 1434 2004 quod
1461 1961 1686 2005 assumpserit
1711 1960 1897 1995 humanam
1928 1968 2100 2003 naturam,

1262 2021 1364 2056 quam
1382 2011 1423 2044 de
1441 2010 1510 2045 alia
1523 2022 1673 2057 persona
1688 2012 1816 2047 divina.

1454 2146 1698 2188 QUAESTIO
1722 2146 1786 2182 1v.

1195 2235 1246 2270 Dc
1269 2235 1364 2271 modo
1386 2237 1513 2271 unionis
1535 2248 1573 2270 ex
1590 2243 1684 2283 parte
1707 2243 1841 2271 naturae
1865 2235 2024 2271 humanae

1530 2296 1717 2335 assumptae.

1154 2390 1184 2416 1.
1209 2379 1334 2414 Utrum
1358 2379 1509 2413 humana
1532 2388 1654 2414 natura
1670 2381 1774 2414 fuerit
1789 2381 1900 2426 magis
1918 2380 2100 2424 assumpti-

1262 2431 1342 2465 bilis
1358 2443 1378 2465 a
1396 2432 1486 2465 Filio
1503 2433 1583 2474 Dei,
1603 2445 1704 2478 quam
1728 2432 1797 2467 alia
1819 2440 1952 2467 natura.

1151 2495 1190 2519 2:
1210 2483 1335 2518 Utrum
1359 2486 1583 2530 assumpserit
1597 2496 1794 2530 personam.

1154 2547 1184 2580 3.
1210 2535 1335 2570 Utrum
1360 2538 1584 2582 assumpserit
1600 2536 1793 2572 hominem.

1150 2599 1184 2632 4.
1210 2587 1334 2622 Utrum
1358 2588 1484 2622 fuisset
1504 2591 1731 2631 conveniens,
1749 2589 1843 2635 quod
1858 2590 2103 2634 assumpsisset

1262 2641 1447 2675 humanam
1481 2650 1639 2675 naturam
1669 2650 1862 2687 separatam
1893 2653 1913 2675 a
1950 2641 2103 2686 singula·

1261 2693 1368 2727 ribus.

1153 2755 1182 2789 5.
1211 2744 1335 2779 Utrum
1358 2746 1484 2780 fuisset
1505 2748 1731 2788 conveniens,
1748 2747 1842 2792 quod
1858 2746 2103 2791 assumpsisset

1262 2797 1449 2832 humanam
1472 2807 1629 2833 naturam
1654 2800 1690 2832 in
1715 2799 1878 2832 omnibus
1894 2800 1968 2843 ejus
1984 2799 2103 2842 singu-

1263 2849 1407 2884 laribus.

1152 2902 1186 2936 6.
1211 2901 1335 2936 Utrum
1351 2902 1476 2936 fuisset
1501 2904 1728 2945 conveniens,
1746 2904 1840 2948 quod
1859 2902 2105 2946 assumpsisset

1262 2954 1448 2988 humanam
1477 2963 1634 2989 naturam
1669 2957 1705 2989 in
1737 2955 1854 3000 aliquo
1890 2954 2031 2987 homine
2063 2963 2105 2986 ex

1264 3007 1369 3052 stirpe
1385 3007 1480 3041 Adae
1497 3008 1698 3053 progenito.

1476 3140 1719 3181 QUAESTIO
1743 3140 1787 3174 V.

1276 3230 1279 3234 ”
1303 3228 1354 3263 De
1377 3229 1471 3264 modo
1494 3230 1621 3264 unionis
1645 3241 1682 3263 ex
1701 3234 1793 3275 parte
1812 3227 1955 3274 partium

1261 3278 1265 3281 ’
1469 3281 1625 3314 humanae
1649 3287 1793 3313 naturae.

1157 3373 1186 3397 1.
1212 3361 1337 3396 Utrum
1351 3362 1460 3396 Filius
1474 3363 1630 3396 debuerit
1641 3372 1814 3395 assumere
1827 3371 1946 3395 verum
1964 3371 2102 3406 corpus.

1155 3425 1185 3449 2.
1209 3414 1335 3448 Utrum
1360 3415 1518 3448 debuerit
1548 3424 1721 3448 assumere
1754 3423 1880 3458 corpus
1914 3421 2105 3455 terrenum,

1264 3466 1401 3500 scilicet
1418 3477 1569 3507 carnem,
1588 3474 1623 3498 et
1639 3466 1857 3510 sanguinem.

1156 3530 1186 3562 3.
1211 3518 1336 3552 Utrum
1353 3518 1577 3563 assumpserit
1594 3518 1754 3552 animam.

1153 3582 1187 3613 4.
1214 3569 1338 3604 Utrum
1357 3579 1532 3604 assumere
1550 3569 1707 3603 debuerit
1723 3568 1952 3604 intellectum.
