2352 3926
324 232 435 302 766
802 241 1087 290 Quasssrro
1122 238 1350 283 Lxxxnr.
1390 239 1699 284 Ammonos
1739 240 1813 283 ιν.

322 348 472 403 tione;
499 347 619 392 unde
645 357 690 391 et
715 355 929 391 monetur
949 363 973 388 «
990 357 1171 391 sursum
1199 345 1340 390 corda
1355 345 1525 391 habere
1539 347 1595 391 ad
1612 346 1873 401 Dominum
1896 359 1949 392 »κ
1949 355 2014 393 et
2026 343 2148 403 ideo,
2163 343 2292 393 finita

322 415 627 468 Praefatione‚
653 412 851 473 populus
885 412 1050 457 devote
1082 412 1239 457 laudat
1263 412 1547 458 divinitatem
1566 412 1752 468 Christi,
1776 424 1882 458 cum
1909 411 2084 474 angelis
2110 411 2288 466 dicens:

325 499 351 524 «
379 483 589 535 Sanctus,
617 481 826 534 Sanctus,
851 480 1047 524 Sanctus
1072 496 1116 535 n,
1151 488 1198 524 et
1220 479 1556 525 humanitatem
1580 492 1686 525 cum
1711 481 1863 541 pueris
1889 481 2070 528 dicens:
2100 492 2136 525 α
2146 475 2293 528 Rene-

323 547 733 607 dictus,qu1ven1t
752 557 836 591 etc.
861 563 902 592 >›.
928 547 1108 592 Deinde
1134 547 1350 592 sacerdos
1375 557 1553 592 secreto
1581 556 1920 593 commemorat
1920 551 2095 610 ,primo
2106 544 2292 610 quidem

322 630 405 676 pro
433 616 594 674 quibus
611 616 703 659 hoc
722 614 996 659 sacrificium
1022 614 1222 669 offertur,
1240 614 1416 660 scilicet
1431 629 1514 674 pro
1540 614 1787 660 universali
1811 611 2036 670 Ecclesia,
2060 624 2106 661 et
2122 624 2207 677 pro
2232 617 2294 661 his

323 686 393 743 qui
419 686 463 728 in
493 684 746 728 sublimitate
774 689 871 727 sunt
912 684 1119 728 constituti
1152 683 1207 739 (r.
1249 682 1432 728 Timoth.
1469 682 1548 740 2.),
1583 693 1628 727 et
1659 682 1916 741 specialiter
1947 683 2188 743 quosdam,
2210 682 2291 743 qui

323 750 533 804 offerunt,
559 749 635 794 vel
659 764 742 810 pro
770 750 931 809 quibus
958 749 1168 795 offertur:
1194 749 1370 795 secundo
1398 746 1737 795 commemorat
1767 759 1967 806 sanctos,
1999 763 2195 811 quorum
2220 763 2295 811 pa-

321 818 515 863 trocinia
541 817 759 876 implorat
783 831 866 877 pro
893 814 1150 877 praedictis,
1168 831 1274 861 cum
1291 817 1401 861 dicit
1413 834 1431 872 ²,
1454 833 1477 858 ε(
1496 815 1923 873 Communicantes,
1949 827 1995 862 et
2019 818 2295 863 memoriam

321 896 590 930 venerantes
617 902 658 940 >›,
686 895 796 930 etc.:
825 887 943 930 tertio
970 885 1239 945 petitionem
1267 884 1513 943 concludit,
1548 897 1652 928 cum
1677 884 1818 929 dicit:
1841 901 1870 928 tr
1891 881 1961 930 Ut·
1979 880 2095 930 haec
2123 882 2301 930 oblatio*

325 954 383 998 sit
408 953 511 1007 illis,
529 966 611 1013 pro
639 953 803 1013 quibus
827 951 1029 1008 offertur,
1046 952 1314 997 salutaris».
1331 952 1512 997 Deinde
1539 951 1716 997 accedit
1741 952 1797 997 ad
1819 952 1968 1012 ipsam
1994 953 2298 998 consecratio-

323 1033 446 1075 nem,
468 1021 516 1064 in
543 1034 640 1079 qua>
653 1022 799 1080 primo
831 1020 946 1080 petit
976 1020 1337 1065 consecrationis
1369 1018 1599 1074 effectum,
1633 1031 1743 1064 cum
1773 1019 1905 1065 dicit:
1935 1034 1960 1062 <t
1984 1016 2141 1074 Quam
2175 1019 2298 1066 obla·

322 1089 499 1133 tionem
524 1099 573 1133 tu
599 1089 726 1133 Deus
743 1104 786 1143 »,
820 1098 921 1134 etc.:
947 1088 1122 1134 secundo
1148 1089 1545 1133 consecrationem
1569 1087 1748 1148 peragit
1771 1102 1852 1148 per
1871 1087 2010 1134 verba
2032 1086 2297 1144 Salvatoris,

325 1169 433 1201 cum
459 1156 589 1201 dicit:
621 1170 647 1198 t<
676 1155 770 1208 Qui
801 1155 945 1215 pridie
971 1172 1014 1210 n,
1042 1164 1152 1202 etc.:
1180 1157 1297 1201 tertio
1324 1165 1509 1200 excusat
1524 1156 1947 1215 praesumptionem
1974 1168 2055 1216 per
2079 1154 2299 1201 obedien*-

324 1224 437 1269 tiam
464 1223 521 1268 ad
548 1224 818 1268 mandatum
847 1223 1032 1277 Christi,
1075 1237 1181 1267 cum
1218 1223 1348 1267 dicit:
1386 1238 1416 1264 <t
1436 1222 1571 1267 Unde
1607 1232 1654 1267 et
1683 1232 1916 1268 memores
1936 1239 1980 1278 n,
2008 1232 2119 1268 etc.:
2145 1229 2296 1284 quarto

325 1292 441 1351 petit
463 1291 555 1336 hoc
582 1291 858 1336 sacrificium
884 1300 1121 1351 peractum
1147 1303 1246 1335 esse
1271 1291 1376 1335 Deo
1405 1299 1660 1350 acceptum,
1678 1304 1784 1335 cum
1805 1290 1936 1337 dicit:
1960 1303 1991 1333 <c
2013 1286 2169 1352 Supra
2180 1302 2298 1352 quae

322 1359 520 1418 propitio
547 1375 588 1413 »,
616 1369 725 1403 etc.:
753 1360 898 1417 quinto
932 1358 1044 1418 petit
1077 1358 1215 1417 huius
1250 1356 1477 1412 sacrificii,
1512 1366 1559 1402 et
1581 1356 1858 1402 sacramenti
1882 1352 2120 1405 effectum:
2136 1355 2305 1418 primo*

324 1426 509 1486 quidem
537 1436 759 1485 quantum
787 1426 842 1470 ad
867 1426 993 1486 ipsos
1019 1434 1266 1481 sumentes,
1294 1439 1401 1470 cum
1438 1425 1569 1469 dicit:
1599 1440 1624 1467 «
1651 1423 1893 1485 Supplices
1923 1434 1969 1470 te
2003 1435 2226 1485 rogamus
2245 1439 2297 1481 »3
2346 1440 2352 1446 ¹

325 1494 529 1539 secundo
548 1504 768 1553 quantum
787 1493 843 1537 ad
861 1503 1086 1548 mortuos,
1105 1493 1181 1552 qui
1205 1495 1302 1553 jam
1328 1504 1510 1537 sumere
1535 1507 1631 1537 non
1655 1503 1862 1556 possunt,
1879 1502 1989 1537 cum
2005 1493 2138 1539 dicit·
2166 1487 2300 1539 «Με-

322 1572 480 1606 mento
506 1563 661 1616 etiam,
686 1562 891 1606 Domine
918 1578 960 1616 »,
988 1571 1100 1616 etc.;
1125 1562 1260 1606 tertio
1286 1560 1544 1621 specialiter
1569 1570 1797 1620 quantum
1813 1558 2012 1621 ad1psos
2037 1554 2300 1607 sacerdotes

326 1628 584 1683 offerentes,
611 1643 718 1673 cum
745 1629 878 1674 dicit.
907 1646 931 1671 «
953 1628 1099 1673 Nobis
1126 1642 1309 1688 quoque
1341 1627 1658 1688 peccatoribus
1684 1644 1726 1682 n,
1749 1637 1835 1674 etc.
1862 1624 2043 1673 Deinde
2069 1629 2219 1688 agitur
2241 1629 2298 1673 d⁴e

325 1697 618 1756 perceptione
635 1697 930 1752 sacramenti3
949 1706 994 1740 et
1002 1698 1146 1756 primo
1164 1705 1457 1755 praepar-atur
1472 1694 1668 1755 populus
1687 1694 1742 1739 ad
1759 1691 2130 1755 percipiendum:
2145 1692 2302 1756 primo

327 1764 511 1823 quidem
538 1779 619 1824 per
645 1764 903 1809 orationem
931 1778 1230 1808 communem
1255 1763 1395 1807 totius
1421 1762 1594 1823 populi,
1621 1777 1737 1822 quae
1764 1772 1831 1808 est
1858 1763 2006 1808 oratio
2030 1759 2296 1819 Dominica,

325 1832 371 1875 in
398 1846 487 1891 qua
513 1832 710 1891 petimus
727 1844 894 1890 panem
912 1831 1230 1890 quotidianum
1255 1830 1388 1875 nobis
1414 1830 1539 1886 dari3
1562 1839 1606 1875 et
1628 1829 1768 1874 etiam
1789 1830 2028 1890 privatam,
2050 1841 2189 1891 quam
2204 1844 2301 1891 spe·

325 1898 501 1943 cialiter
527 1900 742 1943 sacerdos
769 1914 851 1958 pro
877 1898 1050 1958 populo
1079 1898 1226 1954 offert,
1254 1912 1359 1943 cum
1387 1897 1519 1942 dicit:
1540 1913 1564 1939 «
1583 1897 1747 1941 Libera
1768 1912 1870 1952 nos,
1886 1899 2295 1958 quaesumusf'Db·
2350 1954 2352 1956 q

323 1967 447 2011 mine
474 1983 515 2021 >›‚
542 1976 650 2021 etc.;
677 1967 878 2011 secundo
915 1975 1208 2026 praeparatur
1233 1965 1429 2026 populus
1459 1980 1538 2026 per
1562 1979 1744 2024 pacem,
1770 1976 1887 2025 quae
1915 1964 2047 2011 datur
2077 1964 2298 2012 dicendo:

329 2052 352 2078 <c
371 2036 531 2094 Agnus
548 2035 638 2078 Dei
663 2050 715 2090 »3
743 2044 810 2079 est
836 2034 960 2078 enim
981 2034 1073 2078 hoc
1091 2044 1432 2078 sacramentum
1454 2033 1653 2087 unitatis,
1672 2043 1716 2077 et
1736 2033 1876 2093 pacis,
1894 2042 1945 2077 ut
1964 2045 2100 2093 supra
2125 2027 2299 2079 dictum
2344 2039 2352 2066 ἲ

326 2112 393 2146 est
420 2102 478 2161 (q.
502 2116 561 2161 73.
589 2108 670 2146 art.
687 2115 730 2159 4.
753 2108 790 2147 et
815 2118 854 2161 q.
879 2116 949 2161 79.
966 2108 1047 2147 art.
1075 2104 1158 2161 L).·
1186 2103 1231 2146 in
1258 2094 1409 2146 missis
1433 2111 1590 2145 tamen
1617 2099 1953 2156 defunctorum,
1974 2097 2026 2146 {h
2046 2100 2209 2161 quibus
2230 2114 2296 2147 sa-

325 2169 547 2214 crificium
580 2169 767 2214 offertur
792 2184 887 2214 non
913 2181 997 2229 pro
1023 2183 1135 2229 pace
1171 2169 1413 2229 praesenti,
1439 2168 1525 2214 sed·
1559 2183 1643 2228 pro
1681 2169 1836 2228 requie
1868 2167 2175 2224 mortuorum,
2206 2180 2301 2229 pax·

322 2238 645 2281 intermittitur.
686 2237 849 2282 Deinde
876 2237 1078 2297 sequitur
1104 2236 1337 2296 perceptio
1364 2236 1654 2290 sacramenti,
1679 2236 1830 2295 primo
1852 2237 2142 2297 percipiente
2156 2246 2300 2283 sacer-

323 2304 446 2358 dote,
473 2314 519 2349 et
543 2304 842 2364 postmodum
869 2304 968 2349 aliis
995 2305 1156 2360 dante3
1183 2305 1303 2364 quia,
1330 2314 1380 2349 ut
1394 2304 1588 2363 Dionys.
1613 2303 1723 2348 dicit
1744 2317 1842 2363 cap.
1864 2318 1903 2364 3.
1921 2300 2096 2349 Eccles.
2119 2300 2298 2350 Hierar.

323 2374 447 2429 (vers.
464 2372 544 2430 fin.
542 2371 586 2429 ),
617 2387 640 2413 t<
666 2371 758 2426 ille,
785 2372 863 2431 qui
890 2372 989 2416 aliis
1025 2372 1177 2416 div1na
1202 2372 1352 2426 tradit,
1388 2373 1537 2449 primo
1565 2370 1700 2416 debet
1733 2371 1833 2429 ipse
1866 2370 2097 2431 particeps
2129 2385 2229 2417 esse
2254 2388 2297 2418 n.

331 2440 490 2484 Ultimo
508 2449 663 2483 autem
687 2449 786 2483 tota
812 2440 978 2484 missae
1006 2439 1280 2484 celebratio
1269 2454 1316 2483 in
1333 2439 1584 2498 gratiarum
1612 2437 1794 2483 actione
1819 2437 2104 2495 terminatur,
2123 2438 2297 2499 populo

324 2505 553 2551 exultante
589 2520 671 2566 pro
699 2507 960 2566 sumptione
994 2506 1199 2567 mysterii
1230 2506 1375 2584 (quod
1407 2505 1634 2565 significat
1664 2516 1830 2550 cantus
1855 2514 1962 2566 post
1986 2505 2294 2553 Communic-
2350 2510 2352 2512 ’

322 2575 468 2633 nem),
495 2584 541 2619 et
564 2574 802 2619 sacerdote
829 2588 909 2634 per
941 2576 1199 2620 orationem
1232 2574 1399 2633 gratias
1432 2573 1673 2629 offerente3
1707 2573 1824 2619 sicut
1855 2583 1901 2619 et
1926 2566 2153 2630 Christus,
2185 2574 2300 2621 cell:-
2350 2571 2352 2573 ’

321 2643 450 2686 brata
468 2655 613 2687 coena
634 2655 741 2686 cum
767 2641 1015 2700 discipulis,
1041 2642 1268 2701 hymnum
1296 2641 1419 2697 dixit,
1446 2651 1494 2685 ut
1521 2641 1684 2686 dicitur
1709 2640 1872 2686 Matth.
1899 2638 1970 2686 26.
2331 2696 2334 2701 .

413 2710 491 2754 An
517 2722 706 2755 ramum
732 2722 842 2769 ergo
870 2709 1132 2763 dicendum,
1164 2709 1287 2769 quod
1321 2709 1607 2754 consecratio
1641 2709 1752 2753 solis
1777 2709 1927 2754 verbis
1953 2701 2128 2755 Christi
2153 2705 2297 2755 confi·-

324 2777 458 2822 citur:
486 2777 575 2821 alia
600 2791 712 2822 vero
738 2789 927 2822 necesse
955 2787 1023 2822 est
1049 2777 1214 2822 addere
1242 2776 1297 2822 ad
1324 2777 1722 2837 praeparationem
1743 2774 1908 2837 populi
1922 2777 2160 2865 sumentis,
2181 2776 2298 2823 sicut
2348 2782 2351 2783 ’

324 2844 498 2889 dictum
526 2854 595 2890 est
619 2845 689 2903 (in
716 2846 866 2905 corp..)
2350 2892 2352 2894 .

414 2913 491 2957 AD
519 2925 780 2958 SECUNDUM
808 2910 1067 2966 dicendum,
1094 2912 1232 2971 quod,
1258 2912 1376 2957 sicut
1402 2912 1565 2956 dicitur
1583 2911 1714 2970 Joan.
1746 2910 1840 2968 ulta,
1867 2910 2011 2957 multa
2038 2907 2299 2957 suntaDo⁶

324 2980 452 3024 mino
479 2979 613 3035 facta,
639 2979 712 3025 vel
737 2980 871 3033 dicta,
890 2993 1005 3038 quae
1022 2979 1342 3038 Evangelistae
1368 2991 1462 3024 non
1485 2980 1774 3038 scripserunt,
1798 2979 1919 3024 inter
1946 2992 2062 3040 quae
2086 2978 2171 3025 fuit
2188 2979 2296 3035 hoe,
2350 3024 2352 3026 ,

323 3049 446 3106 quod
472 3049 702 3092 Dominus
727 3047 774 3091 in
802 3061 947 3091 coena
973 3046 1134 3091 oculos
1168 3046 1369 3091 levavit
1359 3062 1405 3091 m
1433 3046 1636 3100 coelum;
1668 3047 1791 3106 quod
1821 3056 1978 3092 tamen
2003 3043 2209 3093 E‘ccl'esia
2242 3058 2297 3092 ex·
2350 3077 2352 3081 -

322 3115 565 3160 traditione
593 3114 911 3174 apostolorum
936 3114 1108 3158 habuit.
1136 3114 1425 3159 Rationabile
1454 3115 1574 3159 enim
1608 3114 1799 3169 videtur,
1832 3124 1884 3159 ut
1915 3113 1995 3175 qui
2031 3115 2077 3159 in
2113 3113 2298 3160 suscita·

321 3184 446 3228 tione
476 3184 650 3237 Lazari,
678 3193 727 3228 ut
751 3183 944 3228 habetur
963 3182 1094 3241 Joan.
1127 3195 1206 3236 11.,
1226 3193 1270 3226 et
1302 3183 1348 3226 in
1381 3182 1605 3236 oratione,
1633 3194 1770 3242 quam
1803 3195 1887 3240 pro
1920 3179 2152 3242 discipulis
2172 3179 2296 3238 fecit,
2348 3205 2352 3212 2

316 3250 448 3309 Joan.
481 3264 562 3309 17.‚
590 3250 752 3295 oculos
779 3250 947 3295 levavit
980 3250 1035 3294 ad
1067 3250 1266 3302 Patrem,
1298 3250 1344 3293 in
1378 3250 1512 3309 hujus
1529 3249 1804 3294 sacramenti
1834 3248 2117 3295 institutione
2147 3248 2295 3294 multo
2338 3250 2352 3310 jss'

322 3320 469 3378 magis
505 3320 595 3363 hoc
631 3318 803 3374 fecerit,
829 3328 1049 3378 tanquam
1081 3319 1128 3362 in
1161 3331 1207 3362 re
1242 3318 1422 3376 potiori.
1455 3317 1596 3370 Quod
1624 3328 1777 3362 autem
1809 3315 1996 3363 dicitur:
2023 3312 2297 3372 Manducat'e,
2344 3323 2352 3368 ζ’

322 3396 367 3431 et
391 3400 509 3430 non:
539 3386 766 3442 Comedite,
793 3400 888 3430 non
915 3384 1064 3431 differt
1088 3395 1308 3445 quantum
1337 3385 1391 3430 ad
1419 3398 1630 3439 sensum;
1655 3397 1740 3429 nec
1768 3382 1965 3431 multum
2000 3382 2149 3439 refert,
2187 3382 2296 3447 quid
2343 3392 2347 3395 ’

322 3455 511 3509 dicatur,
548 3455 812 3514 praesertim
841 3467 946 3498 cum
972 3453 1109 3498 verba
1136 3452 1219 3497 illa
1245 3467 1339 3497 non
1372 3453 1463 3497 sint
1494 3453 1549 3498 de
1582 3451 1748 3507 forma,
1780 3462 1830 3497 ut
1859 3465 1997 3512 supra
2021 3451 2200 3498 dictum
2227 3459 2297 3498 'est

323 3522 384 3580 (q.
414 3523 480 3580 78.
507 3527 588 3567 art.
615 3537 650 3567 1.
678 3521 732 3566 ad
763 3536 803 3567 2.
836 3527 872 3566 et
902 3520 984 3579 4..)
1014 3519 1154 3573 Quod
1184 3530 1337 3565 autem
1372 3521 1550 3566 additur
1582 3534 1734 3575 omnes,
1770 3516 2038 3579 intelligitur
2068 3520 2116 3565 in
2147 3513 2297 3567 verbis
2351 3575 2352 3578 Ἰ

323 3587 574 3647 Evangelii,
611 3588 720 3634 licet
744 3601 839 3633 non
867 3588 1158 3648 exprimatur,
1195 3587 1302 3647 quia
1333 3588 1429 3647 ipse
1464 3588 1636 3633 dixerat
1660 3586 1790 3647 Joan.
1809 3584 1875 3633 6.
1898 3588 2012 3635 Nisi
2019 3586 2295 3635 manducave·
2350 3593 2352 3630 i

323 3656 417 3700 ritis
441 3670 609 3702 carnem
635 3656 741 3703 Filii
767 3655 961 3711 hominis,
988 3669 1072 3701 non
1097 3655 1296 3701 habebitis
1320 3657 1455 3701 vitam
1481 3656 1526 3701 in
1551 3655 1683 3701 vobis.

2344 3900 2352 3926 μ’..
2344 3856 2352 3897 Μ...
2342 3797 2352 3852 moen*
2345 3762 2352 3794 -..w
