<?xml version="1.0" encoding="UTF-8"?>
<!DOCTYPE html PUBLIC "-//W3C//DTD XHTML 1.0 Transitional//EN"
    "http://www.w3.org/TR/xhtml1/DTD/xhtml1-transitional.dtd">
<html xmlns="http://www.w3.org/1999/xhtml" xml:lang="en" lang="en">
 <head>
  <title>
</title>
<meta http-equiv="Content-Type" content="text/html;charset=utf-8" />
  <meta name='ocr-system' content='tesseract 3.04.00' />
  <meta name='ocr-capabilities' content='ocr_page ocr_carea ocr_par ocr_line ocrx_word'/>
</head>
<body>
  <div class='ocr_page' id='page_1' title='image "./divithomaeaquina04thom_0277.png"; bbox 0 0 2352 3926; ppageno 0'>
   <div class='ocr_carea' id='block_1_1' title="bbox 0 0 83 197">
    <p class='ocr_par' dir='ltr' id='par_1_1' title="bbox 0 0 83 197">
     <span class='ocr_line' id='line_1_1' title="bbox 0 0 83 197; baseline 0 3729"><span class='ocrx_word' id='word_1_1' title='bbox 0 0 83 197; x_wconf 95' lang='lat' dir='ltr'><strong> </strong></span> 
     </span>
    </p>
   </div>
   <div class='ocr_carea' id='block_1_2' title="bbox 0 254 13 337">
    <p class='ocr_par' dir='ltr' id='par_1_2' title="bbox 0 254 13 337">
     <span class='ocr_line' id='line_1_2' title="bbox 0 254 13 337; baseline 0 0"><span class='ocrx_word' id='word_1_2' title='bbox 0 254 13 337; x_wconf 68' lang='grc' dir='ltr'><strong>ὲ</strong></span> 
     </span>
    </p>
   </div>
   <div class='ocr_carea' id='block_1_3' title="bbox 860 80 882 93">
    <p class='ocr_par' dir='ltr' id='par_1_3' title="bbox 860 80 882 93">
     <span class='ocr_line' id='line_1_3' title="bbox 860 80 882 93; baseline 0 0"><span class='ocrx_word' id='word_1_3' title='bbox 860 80 882 93; x_wconf 60' lang='grc' dir='ltr'><strong>’θ</strong></span> 
     </span>
    </p>
   </div>
   <div class='ocr_carea' id='block_1_4' title="bbox 596 201 2049 258">
    <p class='ocr_par' dir='ltr' id='par_1_4' title="bbox 596 201 2049 258">
     <span class='ocr_line' id='line_1_4' title="bbox 596 201 2049 258; baseline 0 -17"><span class='ocrx_word' id='word_1_4' title='bbox 596 201 875 248; x_wconf 78' lang='lat' dir='ltr'><strong>QUABSTIO</strong></span> <span class='ocrx_word' id='word_1_5' title='bbox 915 201 1065 241; x_wconf 81' lang='lat' dir='ltr'><strong>xxxr.</strong></span> <span class='ocrx_word' id='word_1_6' title='bbox 1105 201 1416 243; x_wconf 70' lang='lat' dir='ltr'><strong>ART1cULUs</strong></span> <span class='ocrx_word' id='word_1_7' title='bbox 1455 201 1549 240; x_wconf 85' lang='lat' dir='ltr'><strong>vn.</strong></span> <span class='ocrx_word' id='word_1_8' title='bbox 1942 201 2012 258; x_wconf 90' lang='lat'><strong>27</strong></span> <span class='ocrx_word' id='word_1_9' title='bbox 2022 204 2049 258; x_wconf 87' lang='lat'>3</span> 
     </span>
    </p>
   </div>
   <div class='ocr_carea' id='block_1_5' title="bbox 80 302 2057 364">
    <p class='ocr_par' dir='ltr' id='par_1_5' title="bbox 80 302 2057 364">
     <span class='ocr_line' id='line_1_5' title="bbox 80 302 2057 364; baseline -0.002 -12"><span class='ocrx_word' id='word_1_10' title='bbox 80 309 180 353; x_wconf 74' lang='lat' dir='ltr'><strong>‘nec</strong></span> <span class='ocrx_word' id='word_1_11' title='bbox 203 304 290 351; x_wconf 82' lang='lat' dir='ltr'><strong>fuit</strong></span> <span class='ocrx_word' id='word_1_12' title='bbox 312 304 360 350; x_wconf 92' lang='lat' dir='ltr'><strong>in</strong></span> <span class='ocrx_word' id='word_1_13' title='bbox 385 303 450 350; x_wconf 85' lang='lat' dir='ltr'><strong>eis</strong></span> <span class='ocrx_word' id='word_1_14' title='bbox 477 302 648 364; x_wconf 87' lang='lat' dir='ltr'><strong>aliquid</strong></span> <span class='ocrx_word' id='word_1_15' title='bbox 673 317 700 348; x_wconf 88' lang='lat' dir='ltr'><strong>a</strong></span> <span class='ocrx_word' id='word_1_16' title='bbox 724 314 917 363; x_wconf 88' lang='lat' dir='ltr'><strong>peccato</strong></span> <span class='ocrx_word' id='word_1_17' title='bbox 939 305 1159 359; x_wconf 88' lang='lat' dir='ltr'><strong>immune,</strong></span> <span class='ocrx_word' id='word_1_18' title='bbox 1184 303 1241 349; x_wconf 91' lang='lat' dir='ltr'><strong>de</strong></span> <span class='ocrx_word' id='word_1_19' title='bbox 1267 316 1359 363; x_wconf 90' lang='lat' dir='ltr'><strong>quo</strong></span> <span class='ocrx_word' id='word_1_20' title='bbox 1385 302 1682 364; x_wconf 88' lang='lat' dir='ltr'><strong>postmodum</strong></span> <span class='ocrx_word' id='word_1_21' title='bbox 1699 316 1864 364; x_wconf 89' lang='lat' dir='ltr'><strong>corpus</strong></span> <span class='ocrx_word' id='word_1_22' title='bbox 1883 303 2057 349; x_wconf 84' lang='lat' dir='ltr'>Christi</span> 
     </span>
    </p>
   </div>
   <div class='ocr_carea' id='block_1_6' title="bbox 92 371 2054 498">
    <p class='ocr_par' dir='ltr' id='par_1_6' title="bbox 92 371 2054 498">
     <span class='ocr_line' id='line_1_6' title="bbox 92 371 380 420; baseline -0.01 0"><span class='ocrx_word' id='word_1_23' title='bbox 92 371 380 420; x_wconf 79' lang='lat' dir='ltr'><strong>formaretur.</strong></span> 
     </span>
     <span class='ocr_line' id='line_1_7' title="bbox 180 436 2054 498; baseline -0.002 -14"><span class='ocrx_word' id='word_1_24' title='bbox 180 439 257 484; x_wconf 81' lang='lat' dir='ltr'><strong>An</strong></span> <span class='ocrx_word' id='word_1_25' title='bbox 282 452 471 485; x_wconf 67' lang='lat' dir='ltr'><strong>muretum</strong></span> <span class='ocrx_word' id='word_1_26' title='bbox 497 451 609 498; x_wconf 89' lang='lat' dir='ltr'><strong>ergo</strong></span> <span class='ocrx_word' id='word_1_27' title='bbox 634 436 894 492; x_wconf 89' lang='lat' dir='ltr'><strong>dicendum,</strong></span> <span class='ocrx_word' id='word_1_28' title='bbox 913 437 1036 497; x_wconf 91' lang='lat' dir='ltr'><strong>quod</strong></span> <span class='ocrx_word' id='word_1_29' title='bbox 1054 438 1265 483; x_wconf 89' lang='lat' dir='ltr'><strong>Christus</strong></span> <span class='ocrx_word' id='word_1_30' title='bbox 1286 452 1380 483; x_wconf 91' lang='lat' dir='ltr'><strong>non</strong></span> <span class='ocrx_word' id='word_1_31' title='bbox 1399 439 1642 498; x_wconf 83' lang='lat' dir='ltr'><strong>assumpsit</strong></span> <span class='ocrx_word' id='word_1_32' title='bbox 1657 451 1844 484; x_wconf 88' lang='lat' dir='ltr'><strong>carnem</strong></span> <span class='ocrx_word' id='word_1_33' title='bbox 1859 437 2054 483; x_wconf 90' lang='lat' dir='ltr'><strong>humani</strong></span> 
     </span>
    </p>
   </div>
   <div class='ocr_carea' id='block_1_7' title="bbox 0 504 2054 573">
    <p class='ocr_par' dir='ltr' id='par_1_7' title="bbox 0 504 2054 573">
     <span class='ocr_line' id='line_1_8' title="bbox 0 504 2054 573; baseline -0 -23"><span class='ocrx_word' id='word_1_34' title='bbox 0 541 14 573; x_wconf 27' lang='grc'><strong>,1</strong></span> <span class='ocrx_word' id='word_1_35' title='bbox 92 506 272 566; x_wconf 79' lang='lat' dir='ltr'><strong>generis</strong></span> <span class='ocrx_word' id='word_1_36' title='bbox 293 506 545 563; x_wconf 86' lang='lat' dir='ltr'><strong>subjectam</strong></span> <span class='ocrx_word' id='word_1_37' title='bbox 568 514 773 564; x_wconf 79' lang='lat' dir='ltr'><strong>peccate,</strong></span> <span class='ocrx_word' id='word_1_38' title='bbox 790 505 869 549; x_wconf 90' lang='lat' dir='ltr'><strong>sed</strong></span> <span class='ocrx_word' id='word_1_39' title='bbox 887 505 941 548; x_wconf 91' lang='lat' dir='ltr'><strong>ab</strong></span> <span class='ocrx_word' id='word_1_40' title='bbox 961 506 1089 549; x_wconf 91' lang='lat' dir='ltr'><strong>omni</strong></span> <span class='ocrx_word' id='word_1_41' title='bbox 1109 504 1356 550; x_wconf 85' lang='lat' dir='ltr'>infectione</span> <span class='ocrx_word' id='word_1_42' title='bbox 1374 506 1552 565; x_wconf 89' lang='lat' dir='ltr'><strong>peccati</strong></span> <span class='ocrx_word' id='word_1_43' title='bbox 1569 504 1860 551; x_wconf 89' lang='lat' dir='ltr'><strong>mundatam:</strong></span> <span class='ocrx_word' id='word_1_44' title='bbox 1882 514 1930 550; x_wconf 92' lang='lat' dir='ltr'><strong>et</strong></span> <span class='ocrx_word' id='word_1_45' title='bbox 1949 504 2054 549; x_wconf 91' lang='lat' dir='ltr'><strong>ideo</strong></span> 
     </span>
    </p>
   </div>
   <div class='ocr_carea' id='block_1_8' title="bbox 0 1933 27 2370">
    <p class='ocr_par' dir='ltr' id='par_1_8' title="bbox 0 1933 27 2370">
     <span class='ocr_line' id='line_1_9' title="bbox 0 1933 27 2370; baseline 0 1556"><span class='ocrx_word' id='word_1_46' title='bbox 0 1933 27 2370; x_wconf 95' lang='lat' dir='ltr'><strong> </strong></span> 
     </span>
    </p>
   </div>
   <div class='ocr_carea' id='block_1_9' title="bbox 0 2376 73 3926">
    <p class='ocr_par' dir='ltr' id='par_1_9' title="bbox 0 2376 73 3926">
     <span class='ocr_line' id='line_1_10' title="bbox 0 2376 73 3926; baseline 0 0"><span class='ocrx_word' id='word_1_47' title='bbox 0 2376 73 3926; x_wconf 95' lang='lat' dir='ltr'><strong> </strong></span> 
     </span>
    </p>
   </div>
   <div class='ocr_carea' id='block_1_10' title="bbox 89 571 2059 1302">
    <p class='ocr_par' dir='ltr' id='par_1_10' title="bbox 91 571 1226 632">
     <span class='ocr_line' id='line_1_11' title="bbox 91 571 1226 632; baseline -0.003 -14"><span class='ocrx_word' id='word_1_48' title='bbox 91 573 142 618; x_wconf 80' lang='lat' dir='ltr'><strong>in</strong></span> <span class='ocrx_word' id='word_1_49' title='bbox 164 572 255 618; x_wconf 85' lang='lat' dir='ltr'><strong>Dei</strong></span> <span class='ocrx_word' id='word_1_50' title='bbox 278 572 549 632; x_wconf 82' lang='lat' dir='ltr'><strong>sapientiam</strong></span> <span class='ocrx_word' id='word_1_51' title='bbox 571 571 687 616; x_wconf 89' lang='lat' dir='ltr'><strong>nihil</strong></span> <span class='ocrx_word' id='word_1_52' title='bbox 711 571 998 631; x_wconf 90' lang='lat' dir='ltr'><strong>inquinatum</strong></span> <span class='ocrx_word' id='word_1_53' title='bbox 1024 572 1226 616; x_wconf 86' lang='lat' dir='ltr'><strong>incurrit.</strong></span> 
     </span>
    </p>

    <p class='ocr_par' dir='ltr' id='par_1_11' title="bbox 90 637 2059 1033">
     <span class='ocr_line' id='line_1_12' title="bbox 181 637 2056 698; baseline -0.002 -13"><span class='ocrx_word' id='word_1_54' title='bbox 181 639 259 685; x_wconf 83' lang='lat' dir='ltr'><strong>An</strong></span> <span class='ocrx_word' id='word_1_55' title='bbox 285 652 548 685; x_wconf 77' lang='lat' dir='ltr'>SECUNDUM</span> <span class='ocrx_word' id='word_1_56' title='bbox 573 639 833 693; x_wconf 89' lang='lat' dir='ltr'><strong>dicendum,</strong></span> <span class='ocrx_word' id='word_1_57' title='bbox 856 638 979 697; x_wconf 91' lang='lat' dir='ltr'><strong>quod</strong></span> <span class='ocrx_word' id='word_1_58' title='bbox 1007 637 1218 683; x_wconf 90' lang='lat' dir='ltr'><strong>Christus</strong></span> <span class='ocrx_word' id='word_1_59' title='bbox 1245 638 1408 682; x_wconf 90' lang='lat' dir='ltr'><strong>dicitur</strong></span> <span class='ocrx_word' id='word_1_60' title='bbox 1424 638 1645 698; x_wconf 80' lang='lat' dir='ltr'><strong>primitias</strong></span> <span class='ocrx_word' id='word_1_61' title='bbox 1661 649 1845 684; x_wconf 91' lang='lat' dir='ltr'><strong>nostrae</strong></span> <span class='ocrx_word' id='word_1_62' title='bbox 1867 648 2056 684; x_wconf 89' lang='lat' dir='ltr'><strong>naturae</strong></span> 
     </span>
     <span class='ocr_line' id='line_1_13' title="bbox 93 705 2059 766; baseline -0.001 -14"><span class='ocrx_word' id='word_1_63' title='bbox 93 707 390 765; x_wconf 83' lang='lat' dir='ltr'><strong>assumpsisse</strong></span> <span class='ocrx_word' id='word_1_64' title='bbox 422 716 643 765; x_wconf 89' lang='lat' dir='ltr'><strong>quantum</strong></span> <span class='ocrx_word' id='word_1_65' title='bbox 676 706 733 749; x_wconf 92' lang='lat' dir='ltr'><strong>ad</strong></span> <span class='ocrx_word' id='word_1_66' title='bbox 764 705 1111 750; x_wconf 88' lang='lat' dir='ltr'><strong>similitudinem</strong></span> <span class='ocrx_word' id='word_1_67' title='bbox 1144 705 1442 760; x_wconf 86' lang='lat' dir='ltr'><strong>conditionis;</strong></span> <span class='ocrx_word' id='word_1_68' title='bbox 1469 706 1574 764; x_wconf 86' lang='lat' dir='ltr'><strong>quia</strong></span> <span class='ocrx_word' id='word_1_69' title='bbox 1606 706 1783 751; x_wconf 90' lang='lat' dir='ltr'><strong>scilicet</strong></span> <span class='ocrx_word' id='word_1_70' title='bbox 1814 705 2059 766; x_wconf 89' lang='lat' dir='ltr'><strong>assumpsit</strong></span> 
     </span>
     <span class='ocr_line' id='line_1_14' title="bbox 92 771 2058 832; baseline -0.001 -14"><span class='ocrx_word' id='word_1_71' title='bbox 92 787 279 819; x_wconf 80' lang='lat' dir='ltr'><strong>carnem</strong></span> <span class='ocrx_word' id='word_1_72' title='bbox 305 783 497 831; x_wconf 89' lang='lat' dir='ltr'><strong>peccato</strong></span> <span class='ocrx_word' id='word_1_73' title='bbox 513 787 607 817; x_wconf 91' lang='lat' dir='ltr'><strong>non</strong></span> <span class='ocrx_word' id='word_1_74' title='bbox 625 771 857 826; x_wconf 89' lang='lat' dir='ltr'><strong>infectam,</strong></span> <span class='ocrx_word' id='word_1_75' title='bbox 879 772 998 816; x_wconf 89' lang='lat' dir='ltr'><strong>sicut</strong></span> <span class='ocrx_word' id='word_1_76' title='bbox 1013 771 1161 816; x_wconf 89' lang='lat' dir='ltr'><strong>fuerat</strong></span> <span class='ocrx_word' id='word_1_77' title='bbox 1184 786 1292 816; x_wconf 91' lang='lat' dir='ltr'><strong>caro</strong></span> <span class='ocrx_word' id='word_1_78' title='bbox 1309 772 1526 827; x_wconf 90' lang='lat' dir='ltr'><strong>hominis,</strong></span> <span class='ocrx_word' id='word_1_79' title='bbox 1546 782 1649 817; x_wconf 90' lang='lat' dir='ltr'><strong>ante</strong></span> <span class='ocrx_word' id='word_1_80' title='bbox 1671 784 1935 832; x_wconf 88' lang='lat' dir='ltr'><strong>peccatum:</strong></span> <span class='ocrx_word' id='word_1_81' title='bbox 1962 787 2058 817; x_wconf 91' lang='lat' dir='ltr'><strong>non</strong></span> 
     </span>
     <span class='ocr_line' id='line_1_15' title="bbox 91 838 2057 899; baseline -0.001 -14"><span class='ocrx_word' id='word_1_82' title='bbox 91 849 247 885; x_wconf 83' lang='lat' dir='ltr'><strong>autem</strong></span> <span class='ocrx_word' id='word_1_83' title='bbox 267 840 357 885; x_wconf 92' lang='lat' dir='ltr'><strong>hoc</strong></span> <span class='ocrx_word' id='word_1_84' title='bbox 383 838 649 898; x_wconf 87' lang='lat' dir='ltr'><strong>intelligitur</strong></span> <span class='ocrx_word' id='word_1_85' title='bbox 674 839 925 884; x_wconf 89' lang='lat' dir='ltr'><strong>secundum</strong></span> <span class='ocrx_word' id='word_1_86' title='bbox 953 839 1346 884; x_wconf 84' lang='lat' dir='ltr'><strong>continuationem</strong></span> <span class='ocrx_word' id='word_1_87' title='bbox 1372 839 1599 898; x_wconf 88' lang='lat' dir='ltr'><strong>puritatis;</strong></span> <span class='ocrx_word' id='word_1_88' title='bbox 1631 840 1693 883; x_wconf 91' lang='lat' dir='ltr'><strong>ita</strong></span> <span class='ocrx_word' id='word_1_89' title='bbox 1726 840 1902 884; x_wconf 89' lang='lat' dir='ltr'><strong>scilicet</strong></span> <span class='ocrx_word' id='word_1_90' title='bbox 1934 839 2057 899; x_wconf 88' lang='lat' dir='ltr'><strong>quod</strong></span> 
     </span>
     <span class='ocr_line' id='line_1_16' title="bbox 91 906 2059 966; baseline -0.001 -14"><span class='ocrx_word' id='word_1_91' title='bbox 91 906 171 953; x_wconf 86' lang='lat' dir='ltr'><strong>illa</strong></span> <span class='ocrx_word' id='word_1_92' title='bbox 191 920 300 952; x_wconf 88' lang='lat' dir='ltr'><strong>caro</strong></span> <span class='ocrx_word' id='word_1_93' title='bbox 325 907 459 966; x_wconf 86' lang='lat' dir='ltr'><strong>primi</strong></span> <span class='ocrx_word' id='word_1_94' title='bbox 483 907 686 951; x_wconf 90' lang='lat' dir='ltr'><strong>hominis</strong></span> <span class='ocrx_word' id='word_1_95' title='bbox 713 916 1059 951; x_wconf 86' lang='lat' dir='ltr'><strong>conservaretur</strong></span> <span class='ocrx_word' id='word_1_96' title='bbox 1091 921 1117 951; x_wconf 92' lang='lat' dir='ltr'><strong>a</strong></span> <span class='ocrx_word' id='word_1_97' title='bbox 1148 917 1340 966; x_wconf 91' lang='lat' dir='ltr'><strong>peccato</strong></span> <span class='ocrx_word' id='word_1_98' title='bbox 1372 906 1591 951; x_wconf 89' lang='lat' dir='ltr'><strong>immunis</strong></span> <span class='ocrx_word' id='word_1_99' title='bbox 1624 915 1767 966; x_wconf 78' lang='lat' dir='ltr'><strong>&#39;usque</strong></span> <span class='ocrx_word' id='word_1_100' title='bbox 1805 907 1860 951; x_wconf 88' lang='lat' dir='ltr'><strong>ad</strong></span> <span class='ocrx_word' id='word_1_101' title='bbox 1892 907 2059 952; x_wconf 90' lang='lat' dir='ltr'><strong>forma-</strong></span> 
     </span>
     <span class='ocr_line' id='line_1_17' title="bbox 90 973 704 1033; baseline 0 -14"><span class='ocrx_word' id='word_1_102' title='bbox 90 973 266 1020; x_wconf 86' lang='lat' dir='ltr'><strong>tionem</strong></span> <span class='ocrx_word' id='word_1_103' title='bbox 288 974 492 1033; x_wconf 89' lang='lat' dir='ltr'><strong>corporis</strong></span> <span class='ocrx_word' id='word_1_104' title='bbox 519 973 704 1019; x_wconf 89' lang='lat' dir='ltr'><strong>Christi.</strong></span> 
     </span>
    </p>

    <p class='ocr_par' dir='ltr' id='par_1_12' title="bbox 89 1040 2059 1302">
     <span class='ocr_line' id='line_1_18' title="bbox 181 1040 2059 1100; baseline 0 -15"><span class='ocrx_word' id='word_1_105' title='bbox 181 1040 258 1085; x_wconf 89' lang='lat' dir='ltr'><strong>AD</strong></span> <span class='ocrx_word' id='word_1_106' title='bbox 276 1053 492 1086; x_wconf 78' lang='lat' dir='ltr'>TERTIUM</span> <span class='ocrx_word' id='word_1_107' title='bbox 510 1041 768 1095; x_wconf 88' lang='lat' dir='ltr'><strong>dicendum,</strong></span> <span class='ocrx_word' id='word_1_108' title='bbox 788 1040 911 1100; x_wconf 92' lang='lat' dir='ltr'><strong>quod</strong></span> <span class='ocrx_word' id='word_1_109' title='bbox 928 1041 974 1084; x_wconf 91' lang='lat' dir='ltr'><strong>in</strong></span> <span class='ocrx_word' id='word_1_110' title='bbox 990 1041 1193 1084; x_wconf 88' lang='lat' dir='ltr'><strong>humana</strong></span> <span class='ocrx_word' id='word_1_111' title='bbox 1210 1051 1370 1085; x_wconf 90' lang='lat' dir='ltr'><strong>natura</strong></span> <span class='ocrx_word' id='word_1_112' title='bbox 1389 1050 1492 1084; x_wconf 90' lang='lat' dir='ltr'><strong>ante</strong></span> <span class='ocrx_word' id='word_1_113' title='bbox 1512 1040 1750 1085; x_wconf 88' lang='lat' dir='ltr'><strong>Christum</strong></span> <span class='ocrx_word' id='word_1_114' title='bbox 1768 1051 1864 1085; x_wconf 90' lang='lat' dir='ltr'><strong>erat</strong></span> <span class='ocrx_word' id='word_1_115' title='bbox 1880 1040 2059 1095; x_wconf 90' lang='lat' dir='ltr'><strong>vulnus,</strong></span> 
     </span>
     <span class='ocr_line' id='line_1_19' title="bbox 89 1106 2055 1166; baseline 0 -13"><span class='ocrx_word' id='word_1_116' title='bbox 89 1106 209 1154; x_wconf 85' lang='lat' dir='ltr'><strong>idest</strong></span> <span class='ocrx_word' id='word_1_117' title='bbox 231 1107 417 1152; x_wconf 85' lang='lat' dir='ltr'><strong>infectio</strong></span> <span class='ocrx_word' id='word_1_118' title='bbox 443 1107 678 1166; x_wconf 87' lang='lat' dir='ltr'><strong>originalis</strong></span> <span class='ocrx_word' id='word_1_119' title='bbox 700 1108 878 1166; x_wconf 88' lang='lat' dir='ltr'><strong>peccati</strong></span> <span class='ocrx_word' id='word_1_120' title='bbox 909 1108 957 1151; x_wconf 92' lang='lat' dir='ltr'><strong>in</strong></span> <span class='ocrx_word' id='word_1_121' title='bbox 989 1117 1116 1153; x_wconf 87' lang='lat' dir='ltr'><strong>actu:</strong></span> <span class='ocrx_word' id='word_1_122' title='bbox 1150 1109 1382 1152; x_wconf 86' lang='lat' dir='ltr'><strong>medicina</strong></span> <span class='ocrx_word' id='word_1_123' title='bbox 1413 1117 1566 1152; x_wconf 90' lang='lat' dir='ltr'><strong>autem</strong></span> <span class='ocrx_word' id='word_1_124' title='bbox 1600 1108 1799 1152; x_wconf 87' lang='lat' dir='ltr'><strong>vulneris</strong></span> <span class='ocrx_word' id='word_1_125' title='bbox 1830 1123 1926 1152; x_wconf 92' lang='lat' dir='ltr'><strong>non</strong></span> <span class='ocrx_word' id='word_1_126' title='bbox 1958 1118 2055 1153; x_wconf 85' lang='lat' dir='ltr'><strong>erat</strong></span> 
     </span>
     <span class='ocr_line' id='line_1_20' title="bbox 89 1174 2056 1235; baseline 0.001 -16"><span class='ocrx_word' id='word_1_127' title='bbox 89 1174 154 1220; x_wconf 88' lang='lat' dir='ltr'><strong>ibi</strong></span> <span class='ocrx_word' id='word_1_128' title='bbox 177 1184 296 1228; x_wconf 88' lang='lat' dir='ltr'><strong>actu,</strong></span> <span class='ocrx_word' id='word_1_129' title='bbox 317 1174 396 1218; x_wconf 90' lang='lat' dir='ltr'><strong>sed</strong></span> <span class='ocrx_word' id='word_1_130' title='bbox 421 1174 574 1219; x_wconf 89' lang='lat' dir='ltr'><strong>solum</strong></span> <span class='ocrx_word' id='word_1_131' title='bbox 600 1175 851 1219; x_wconf 92' lang='lat' dir='ltr'><strong>secundum</strong></span> <span class='ocrx_word' id='word_1_132' title='bbox 867 1175 1080 1220; x_wconf 90' lang='lat' dir='ltr'><strong>virtutem</strong></span> <span class='ocrx_word' id='word_1_133' title='bbox 1102 1175 1306 1234; x_wconf 90' lang='lat' dir='ltr'><strong>originis,</strong></span> <span class='ocrx_word' id='word_1_134' title='bbox 1328 1185 1464 1234; x_wconf 90' lang='lat' dir='ltr'><strong>prout</strong></span> <span class='ocrx_word' id='word_1_135' title='bbox 1484 1176 1539 1219; x_wconf 92' lang='lat' dir='ltr'><strong>ab</strong></span> <span class='ocrx_word' id='word_1_136' title='bbox 1562 1175 1652 1219; x_wconf 91' lang='lat' dir='ltr'><strong>illis</strong></span> <span class='ocrx_word' id='word_1_137' title='bbox 1671 1175 1878 1220; x_wconf 89' lang='lat' dir='ltr'><strong>Patribus</strong></span> <span class='ocrx_word' id='word_1_138' title='bbox 1896 1189 2056 1235; x_wconf 90' lang='lat' dir='ltr'><strong>propa-</strong></span> 
     </span>
     <span class='ocr_line' id='line_1_21' title="bbox 92 1240 714 1302; baseline 0 -16"><span class='ocrx_word' id='word_1_139' title='bbox 92 1241 243 1302; x_wconf 83' lang='lat' dir='ltr'><strong>ganda</strong></span> <span class='ocrx_word' id='word_1_140' title='bbox 267 1251 364 1286; x_wconf 90' lang='lat' dir='ltr'><strong>erat</strong></span> <span class='ocrx_word' id='word_1_141' title='bbox 390 1254 498 1285; x_wconf 91' lang='lat' dir='ltr'><strong>caro</strong></span> <span class='ocrx_word' id='word_1_142' title='bbox 527 1240 714 1286; x_wconf 90' lang='lat' dir='ltr'><strong>Christi.</strong></span> 
     </span>
    </p>
   </div>
   <div class='ocr_carea' id='block_1_11' title="bbox 761 1421 2056 1496">
    <p class='ocr_par' dir='ltr' id='par_1_13' title="bbox 761 1421 2056 1496">
     <span class='ocr_line' id='line_1_22' title="bbox 761 1421 2056 1496; baseline 0.003 -18"><span class='ocrx_word' id='word_1_143' title='bbox 761 1421 1198 1480; x_wconf 82' lang='lat' dir='ltr'>ARTICULUS</span> <span class='ocrx_word' id='word_1_144' title='bbox 1235 1423 1392 1478; x_wconf 82' lang='lat' dir='ltr'><strong>vm.</strong></span> <span class='ocrx_word' id='word_1_145' title='bbox 1978 1449 2056 1496; x_wconf 85' lang='lat'><strong>175</strong></span> 
     </span>
    </p>
   </div>
   <div class='ocr_carea' id='block_1_12' title="bbox 240 1558 1915 1599">
    <p class='ocr_par' dir='ltr' id='par_1_14' title="bbox 240 1558 1915 1599">
     <span class='ocr_line' id='line_1_23' title="bbox 240 1558 1915 1599; baseline -0.001 0"><span class='ocrx_word' id='word_1_146' title='bbox 240 1560 433 1599; x_wconf 88' lang='lat' dir='ltr'><strong>UTRUM</strong></span> <span class='ocrx_word' id='word_1_147' title='bbox 463 1559 730 1599; x_wconf 88' lang='lat' dir='ltr'><strong>CHRISTUS</strong></span> <span class='ocrx_word' id='word_1_148' title='bbox 759 1561 815 1599; x_wconf 88' lang='lat' dir='ltr'><strong>IN</strong></span> <span class='ocrx_word' id='word_1_149' title='bbox 842 1559 1039 1597; x_wconf 89' lang='lat' dir='ltr'><strong>LUMBIS</strong></span> <span class='ocrx_word' id='word_1_150' title='bbox 1068 1558 1320 1598; x_wconf 82' lang='lat' dir='ltr'><strong>ABRAHAE</strong></span> <span class='ocrx_word' id='word_1_151' title='bbox 1353 1559 1551 1598; x_wconf 88' lang='lat' dir='ltr'>FUERIT</span> <span class='ocrx_word' id='word_1_152' title='bbox 1576 1559 1915 1599; x_wconf 89' lang='lat' dir='ltr'><strong>DECIMATUS.</strong></span> 
     </span>
    </p>
   </div>
   <div class='ocr_carea' id='block_1_13' title="bbox 198 1670 1961 1797">
    <p class='ocr_par' dir='ltr' id='par_1_15' title="bbox 198 1670 1961 1797">
     <span class='ocr_line' id='line_1_24' title="bbox 735 1670 1419 1730; baseline 0 -15"><span class='ocrx_word' id='word_1_153' title='bbox 735 1670 790 1730; x_wconf 84' lang='lat'><strong>(3.</strong></span> <span class='ocrx_word' id='word_1_154' title='bbox 818 1671 930 1715; x_wconf 85' lang='lat' dir='ltr'><strong>Dist.</strong></span> <span class='ocrx_word' id='word_1_155' title='bbox 953 1686 989 1729; x_wconf 83' lang='lat'><strong>3.</strong></span> <span class='ocrx_word' id='word_1_156' title='bbox 1017 1685 1055 1729; x_wconf 84' lang='lat' dir='ltr'><strong>q.</strong></span> <span class='ocrx_word' id='word_1_157' title='bbox 1078 1687 1119 1727; x_wconf 91' lang='lat'><strong>4.</strong></span> <span class='ocrx_word' id='word_1_158' title='bbox 1147 1677 1230 1715; x_wconf 85' lang='lat' dir='ltr'><strong>art.</strong></span> <span class='ocrx_word' id='word_1_159' title='bbox 1252 1685 1289 1730; x_wconf 84' lang='lat'><strong>3.</strong></span> <span class='ocrx_word' id='word_1_160' title='bbox 1312 1685 1352 1729; x_wconf 84' lang='lat' dir='ltr'><strong>q.</strong></span> <span class='ocrx_word' id='word_1_161' title='bbox 1378 1685 1419 1716; x_wconf 89' lang='lat'><strong>2.</strong></span> 
     </span>
     <span class='ocr_line' id='line_1_25' title="bbox 198 1736 1961 1797; baseline -0.001 -14"><span class='ocrx_word' id='word_1_162' title='bbox 198 1745 237 1784; x_wconf 80' lang='lat' dir='ltr'><strong>et</strong></span> <span class='ocrx_word' id='word_1_163' title='bbox 267 1752 309 1796; x_wconf 86' lang='lat'><strong>4.</strong></span> <span class='ocrx_word' id='word_1_164' title='bbox 341 1738 455 1783; x_wconf 85' lang='lat' dir='ltr'><strong>Dist.</strong></span> <span class='ocrx_word' id='word_1_165' title='bbox 487 1753 523 1783; x_wconf 83' lang='lat'><strong>1.</strong></span> <span class='ocrx_word' id='word_1_166' title='bbox 555 1752 594 1797; x_wconf 88' lang='lat' dir='ltr'><strong>q.</strong></span> <span class='ocrx_word' id='word_1_167' title='bbox 627 1752 668 1783; x_wconf 90' lang='lat'><strong>2.</strong></span> <span class='ocrx_word' id='word_1_168' title='bbox 700 1744 784 1783; x_wconf 76' lang='lat' dir='ltr'><strong>art.</strong></span> <span class='ocrx_word' id='word_1_169' title='bbox 815 1752 856 1783; x_wconf 85' lang='lat'><strong>2.</strong></span> <span class='ocrx_word' id='word_1_170' title='bbox 889 1752 928 1796; x_wconf 84' lang='lat' dir='ltr'><strong>q.</strong></span> <span class='ocrx_word' id='word_1_171' title='bbox 956 1753 992 1797; x_wconf 86' lang='lat'><strong>3.</strong></span> <span class='ocrx_word' id='word_1_172' title='bbox 1027 1737 1081 1781; x_wconf 84' lang='lat' dir='ltr'><strong>ad</strong></span> <span class='ocrx_word' id='word_1_173' title='bbox 1111 1752 1152 1782; x_wconf 86' lang='lat'><strong>2.</strong></span> <span class='ocrx_word' id='word_1_174' title='bbox 1183 1743 1223 1782; x_wconf 83' lang='lat' dir='ltr'><strong>et</strong></span> <span class='ocrx_word' id='word_1_175' title='bbox 1253 1738 1364 1782; x_wconf 86' lang='lat' dir='ltr'><strong>Dist.</strong></span> <span class='ocrx_word' id='word_1_176' title='bbox 1397 1751 1437 1782; x_wconf 86' lang='lat'><strong>2.</strong></span> <span class='ocrx_word' id='word_1_177' title='bbox 1469 1751 1507 1796; x_wconf 85' lang='lat' dir='ltr'><strong>q.</strong></span> <span class='ocrx_word' id='word_1_178' title='bbox 1540 1752 1576 1782; x_wconf 85' lang='lat' dir='ltr'><strong>r.</strong></span> <span class='ocrx_word' id='word_1_179' title='bbox 1609 1743 1692 1782; x_wconf 84' lang='lat' dir='ltr'><strong>art.</strong></span> <span class='ocrx_word' id='word_1_180' title='bbox 1723 1751 1763 1782; x_wconf 88' lang='lat'><strong>2.</strong></span> <span class='ocrx_word' id='word_1_181' title='bbox 1796 1736 1851 1782; x_wconf 83' lang='lat' dir='ltr'><strong>ad</strong></span> <span class='ocrx_word' id='word_1_182' title='bbox 1879 1737 1961 1795; x_wconf 89' lang='lat'><strong>4.).</strong></span> 
     </span>
    </p>
   </div>
   <div class='ocr_carea' id='block_1_14' title="bbox 97 1847 2062 1975">
    <p class='ocr_par' dir='ltr' id='par_1_16' title="bbox 97 1847 2062 1975">
     <span class='ocr_line' id='line_1_26' title="bbox 183 1847 2062 1908; baseline -0.001 -14"><span class='ocrx_word' id='word_1_183' title='bbox 183 1849 261 1894; x_wconf 77' lang='grc' dir='ltr'><strong>ΑΒ</strong></span> <span class='ocrx_word' id='word_1_184' title='bbox 304 1861 542 1894; x_wconf 80' lang='lat' dir='ltr'><strong>OCTAVUM</strong></span> <span class='ocrx_word' id='word_1_185' title='bbox 577 1849 642 1892; x_wconf 89' lang='lat' dir='ltr'><strong>sic</strong></span> <span class='ocrx_word' id='word_1_186' title='bbox 684 1847 956 1908; x_wconf 89' lang='lat' dir='ltr'><strong>proceditur.</strong></span> <span class='ocrx_word' id='word_1_187' title='bbox 989 1847 1195 1902; x_wconf 88' lang='lat' dir='ltr'><strong>Videtur,</strong></span> <span class='ocrx_word' id='word_1_188' title='bbox 1228 1848 1351 1907; x_wconf 92' lang='lat' dir='ltr'><strong>quod</strong></span> <span class='ocrx_word' id='word_1_189' title='bbox 1385 1847 1594 1892; x_wconf 90' lang='lat' dir='ltr'><strong>Christus</strong></span> <span class='ocrx_word' id='word_1_190' title='bbox 1634 1847 1769 1892; x_wconf 91' lang='lat' dir='ltr'><strong>fuerit</strong></span> <span class='ocrx_word' id='word_1_191' title='bbox 1807 1848 1854 1892; x_wconf 92' lang='lat' dir='ltr'><strong>in</strong></span> <span class='ocrx_word' id='word_1_192' title='bbox 1895 1847 2062 1893; x_wconf 90' lang='lat' dir='ltr'><strong>lumbis</strong></span> 
     </span>
     <span class='ocr_line' id='line_1_27' title="bbox 97 1914 2062 1975; baseline -0.001 -13"><span class='ocrx_word' id='word_1_193' title='bbox 97 1916 308 1962; x_wconf 86' lang='lat' dir='ltr'><strong>Abrahae</strong></span> <span class='ocrx_word' id='word_1_194' title='bbox 334 1916 611 1961; x_wconf 87' lang='lat' dir='ltr'><strong>decimatus:</strong></span> <span class='ocrx_word' id='word_1_195' title='bbox 640 1915 748 1960; x_wconf 90' lang='lat' dir='ltr'><strong>dicit</strong></span> <span class='ocrx_word' id='word_1_196' title='bbox 775 1916 902 1960; x_wconf 91' lang='lat' dir='ltr'><strong>enim</strong></span> <span class='ocrx_word' id='word_1_197' title='bbox 933 1914 1187 1975; x_wconf 87' lang='lat' dir='ltr'><strong>Apostolus</strong></span> <span class='ocrx_word' id='word_1_198' title='bbox 1214 1916 1270 1959; x_wconf 92' lang='lat' dir='ltr'><strong>ad</strong></span> <span class='ocrx_word' id='word_1_199' title='bbox 1298 1915 1435 1959; x_wconf 90' lang='lat' dir='ltr'><strong>Hebr.</strong></span> <span class='ocrx_word' id='word_1_200' title='bbox 1462 1929 1502 1974; x_wconf 90' lang='lat'><strong>7.</strong></span> <span class='ocrx_word' id='word_1_201' title='bbox 1531 1916 1653 1974; x_wconf 90' lang='lat' dir='ltr'><strong>quod</strong></span> <span class='ocrx_word' id='word_1_202' title='bbox 1686 1915 1800 1959; x_wconf 91' lang='lat' dir='ltr'><strong>Levi</strong></span> <span class='ocrx_word' id='word_1_203' title='bbox 1832 1929 2062 1975; x_wconf 92' lang='lat' dir='ltr'><strong>pronepos</strong></span> 
     </span>
    </p>
   </div>
   <div class='ocr_carea' id='block_1_15' title="bbox 15 1982 2062 2178">
    <p class='ocr_par' dir='ltr' id='par_1_17' title="bbox 9 1962 2062 2181">
     <span class='ocr_line' id='line_1_28' title="bbox 94 1982 2060 2041; baseline -0.001 -13.081"><span class='ocrx_word' id='word_1_204' title='bbox 94 1983 310 2029; x_wconf 89' lang='lat' dir='ltr'><strong>Abrahae</strong></span> <span class='ocrx_word' id='word_1_205' title='bbox 336 1983 586 2027; x_wconf 88' lang='lat' dir='ltr'><strong>decimatus</strong></span> <span class='ocrx_word' id='word_1_206' title='bbox 612 1982 696 2027; x_wconf 91' lang='lat' dir='ltr'><strong>fuit</strong></span> <span class='ocrx_word' id='word_1_207' title='bbox 716 1983 763 2026; x_wconf 89' lang='lat' dir='ltr'><strong>in</strong></span> <span class='ocrx_word' id='word_1_208' title='bbox 791 1982 1042 2036; x_wconf 89' lang='lat' dir='ltr'><strong>Abraham,</strong></span> <span class='ocrx_word' id='word_1_209' title='bbox 1075 1982 1181 2041; x_wconf 91' lang='lat' dir='ltr'><strong>quia</strong></span> <span class='ocrx_word' id='word_1_210' title='bbox 1213 1996 1269 2026; x_wconf 93' lang='lat' dir='ltr'><strong>eo</strong></span> <span class='ocrx_word' id='word_1_211' title='bbox 1303 1982 1505 2026; x_wconf 89' lang='lat' dir='ltr'><strong>decimas</strong></span> <span class='ocrx_word' id='word_1_212' title='bbox 1538 1982 1674 2026; x_wconf 90' lang='lat' dir='ltr'><strong>dante</strong></span> <span class='ocrx_word' id='word_1_213' title='bbox 1701 1982 2060 2036; x_wconf 88' lang='lat' dir='ltr'><strong>Melchisedech,</strong></span> 
     </span>
     <span class='ocr_line' id='line_1_29' title="bbox 15 2048 2062 2108; baseline -0.001 -13"><span class='ocrx_word' id='word_1_214' title='bbox 15 2051 21 2062; x_wconf 75' lang='lat'><strong>²</strong></span> <span class='ocrx_word' id='word_1_215' title='bbox 95 2051 244 2096; x_wconf 89' lang='lat' dir='ltr'><strong>adhuc</strong></span> <span class='ocrx_word' id='word_1_216' title='bbox 270 2050 384 2095; x_wconf 89' lang='lat' dir='ltr'><strong>Levi</strong></span> <span class='ocrx_word' id='word_1_217' title='bbox 404 2051 563 2095; x_wconf 89' lang='lat' dir='ltr'><strong>eratin</strong></span> <span class='ocrx_word' id='word_1_218' title='bbox 580 2050 747 2094; x_wconf 90' lang='lat' dir='ltr'><strong>lumbis</strong></span> <span class='ocrx_word' id='word_1_219' title='bbox 764 2051 885 2108; x_wconf 85' lang='lat' dir='ltr'><strong>ejus:</strong></span> <span class='ocrx_word' id='word_1_220' title='bbox 913 2050 992 2094; x_wconf 91' lang='lat' dir='ltr'><strong>sed</strong></span> <span class='ocrx_word' id='word_1_221' title='bbox 1010 2048 1218 2094; x_wconf 88' lang='lat' dir='ltr'><strong>similiter</strong></span> <span class='ocrx_word' id='word_1_222' title='bbox 1241 2049 1452 2094; x_wconf 90' lang='lat' dir='ltr'><strong>Christus</strong></span> <span class='ocrx_word' id='word_1_223' title='bbox 1474 2050 1630 2094; x_wconf 88' lang='lat' dir='ltr'><strong>eratin</strong></span> <span class='ocrx_word' id='word_1_224' title='bbox 1648 2049 1815 2093; x_wconf 91' lang='lat' dir='ltr'><strong>lumbis</strong></span> <span class='ocrx_word' id='word_1_225' title='bbox 1832 2050 2062 2103; x_wconf 85' lang='lat' dir='ltr'><strong>Abrahae,</strong></span> 
     </span>
     <span class='ocr_line' id='line_1_30' title="bbox 93 2116 2060 2178; baseline -0.001 -15.123"><span class='ocrx_word' id='word_1_226' title='bbox 93 2118 277 2178; x_wconf 83' lang='lat' dir='ltr'><strong>quando</strong></span> <span class='ocrx_word' id='word_1_227' title='bbox 303 2117 504 2163; x_wconf 88' lang='lat' dir='ltr'><strong>decimas</strong></span> <span class='ocrx_word' id='word_1_228' title='bbox 530 2117 680 2171; x_wconf 91' lang='lat' dir='ltr'><strong>dedit;</strong></span> <span class='ocrx_word' id='word_1_229' title='bbox 707 2131 819 2175; x_wconf 90' lang='lat' dir='ltr'><strong>ergo</strong></span> <span class='ocrx_word' id='word_1_230' title='bbox 846 2117 942 2176; x_wconf 89' lang='lat' dir='ltr'><strong>ipse</strong></span> <span class='ocrx_word' id='word_1_231' title='bbox 969 2117 1105 2161; x_wconf 87' lang='lat' dir='ltr'><strong>etiam</strong></span> <span class='ocrx_word' id='word_1_232' title='bbox 1135 2116 1345 2160; x_wconf 88' lang='lat' dir='ltr'><strong>Christus</strong></span> <span class='ocrx_word' id='word_1_233' title='bbox 1367 2116 1451 2161; x_wconf 89' lang='lat' dir='ltr'><strong>fuit</strong></span> <span class='ocrx_word' id='word_1_234' title='bbox 1473 2117 1727 2161; x_wconf 90' lang='lat' dir='ltr'><strong>decimatus</strong></span> <span class='ocrx_word' id='word_1_235' title='bbox 1744 2117 1790 2160; x_wconf 92' lang='lat' dir='ltr'><strong>in</strong></span> <span class='ocrx_word' id='word_1_236' title='bbox 1807 2117 2060 2161; x_wconf 89' lang='lat' dir='ltr'><strong>Abraham.</strong></span> 
     </span>
    </p>
   </div>
   <div class='ocr_carea' id='block_1_16' title="bbox 182 2183 2061 2243">
    <p class='ocr_par' dir='ltr' id='par_1_18' title="bbox 182 2183 2061 2243">
     <span class='ocr_line' id='line_1_31' title="bbox 182 2183 2061 2243; baseline -0.001 -13"><span class='ocrx_word' id='word_1_237' title='bbox 182 2198 224 2230; x_wconf 90' lang='lat'><strong>2.</strong></span> <span class='ocrx_word' id='word_1_238' title='bbox 250 2184 548 2230; x_wconf 74' lang='lat' dir='ltr'><strong>PRAETEREA.</strong></span> <span class='ocrx_word' id='word_1_239' title='bbox 577 2183 784 2228; x_wconf 88' lang='lat' dir='ltr'><strong>Christus</strong></span> <span class='ocrx_word' id='word_1_240' title='bbox 811 2194 878 2228; x_wconf 88' lang='lat' dir='ltr'><strong>est</strong></span> <span class='ocrx_word' id='word_1_241' title='bbox 903 2198 957 2228; x_wconf 85' lang='lat' dir='ltr'><strong>ex</strong></span> <span class='ocrx_word' id='word_1_242' title='bbox 982 2184 1157 2227; x_wconf 91' lang='lat' dir='ltr'><strong>semine</strong></span> <span class='ocrx_word' id='word_1_243' title='bbox 1174 2183 1389 2227; x_wconf 89' lang='lat' dir='ltr'><strong>Abrahae</strong></span> <span class='ocrx_word' id='word_1_244' title='bbox 1415 2184 1669 2228; x_wconf 89' lang='lat' dir='ltr'><strong>secundum</strong></span> <span class='ocrx_word' id='word_1_245' title='bbox 1697 2198 1898 2238; x_wconf 87' lang='lat' dir='ltr'><strong>carnem,</strong></span> <span class='ocrx_word' id='word_1_246' title='bbox 1921 2199 2061 2243; x_wconf 90' lang='lat' dir='ltr'><strong>quam</strong></span> 
     </span>
    </p>
   </div>
   <div class='ocr_carea' id='block_1_17' title="bbox 0 2250 2064 2378">
    <p class='ocr_par' dir='ltr' id='par_1_19' title="bbox 0 2239 2064 2378">
     <span class='ocr_line' id='line_1_32' title="bbox 95 2250 2064 2312; baseline 0 -15.96"><span class='ocrx_word' id='word_1_247' title='bbox 95 2251 150 2296; x_wconf 90' lang='lat' dir='ltr'><strong>de</strong></span> <span class='ocrx_word' id='word_1_248' title='bbox 181 2261 326 2296; x_wconf 85' lang='lat' dir='ltr'><strong>matre</strong></span> <span class='ocrx_word' id='word_1_249' title='bbox 353 2252 550 2311; x_wconf 88' lang='lat' dir='ltr'><strong>accepit:</strong></span> <span class='ocrx_word' id='word_1_250' title='bbox 578 2251 658 2296; x_wconf 91' lang='lat' dir='ltr'><strong>sed</strong></span> <span class='ocrx_word' id='word_1_251' title='bbox 684 2261 832 2296; x_wconf 88' lang='lat' dir='ltr'><strong>mater</strong></span> <span class='ocrx_word' id='word_1_252' title='bbox 858 2253 955 2310; x_wconf 90' lang='lat' dir='ltr'><strong>ejus</strong></span> <span class='ocrx_word' id='word_1_253' title='bbox 979 2250 1063 2296; x_wconf 83' lang='lat' dir='ltr'><strong>fuit</strong></span> <span class='ocrx_word' id='word_1_254' title='bbox 1088 2250 1315 2296; x_wconf 91' lang='lat' dir='ltr'><strong>decimata</strong></span> <span class='ocrx_word' id='word_1_255' title='bbox 1352 2252 1399 2295; x_wconf 91' lang='lat' dir='ltr'><strong>in</strong></span> <span class='ocrx_word' id='word_1_256' title='bbox 1426 2252 1686 2307; x_wconf 90' lang='lat' dir='ltr'><strong>Abraham;</strong></span> <span class='ocrx_word' id='word_1_257' title='bbox 1720 2266 1831 2312; x_wconf 90' lang='lat' dir='ltr'><strong>ergo</strong></span> <span class='ocrx_word' id='word_1_258' title='bbox 1867 2254 1966 2312; x_wconf 89' lang='lat' dir='ltr'><strong>pari</strong></span> <span class='ocrx_word' id='word_1_259' title='bbox 1998 2267 2064 2297; x_wconf 85' lang='lat' dir='ltr'><strong>ra·</strong></span> 
     </span>
     <span class='ocr_line' id='line_1_33' title="bbox 0 2316 470 2378; baseline -0.006 -13"><span class='ocrx_word' id='word_1_260' title='bbox 0 2316 19 2378; x_wconf 74' lang='grc' dir='ltr'><strong>,Ῐ</strong></span> <span class='ocrx_word' id='word_1_261' title='bbox 93 2320 221 2365; x_wconf 88' lang='lat' dir='ltr'><strong>tione</strong></span> <span class='ocrx_word' id='word_1_262' title='bbox 247 2318 470 2364; x_wconf 88' lang='lat' dir='ltr'><strong>Christus.</strong></span> 
     </span>
    </p>
   </div>
   <div class='ocr_carea' id='block_1_18' title="bbox 189 2384 2063 2446">
    <p class='ocr_par' dir='ltr' id='par_1_20' title="bbox 189 2384 2063 2446">
     <span class='ocr_line' id='line_1_34' title="bbox 189 2384 2063 2446; baseline -0.001 -16"><span class='ocrx_word' id='word_1_263' title='bbox 189 2399 226 2445; x_wconf 83' lang='lat'><strong>3.</strong></span> <span class='ocrx_word' id='word_1_264' title='bbox 239 2385 538 2431; x_wconf 73' lang='lat' dir='ltr'><strong>PRAETEREA.</strong></span> <span class='ocrx_word' id='word_1_265' title='bbox 560 2401 584 2427; x_wconf 77' lang='grc' dir='ltr'><strong>(ι</strong></span> <span class='ocrx_word' id='word_1_266' title='bbox 600 2384 718 2429; x_wconf 88' lang='lat' dir='ltr'><strong>Illud</strong></span> <span class='ocrx_word' id='word_1_267' title='bbox 734 2385 780 2429; x_wconf 93' lang='lat' dir='ltr'><strong>in</strong></span> <span class='ocrx_word' id='word_1_268' title='bbox 799 2385 1037 2429; x_wconf 88' lang='lat' dir='ltr'><strong>Abraham</strong></span> <span class='ocrx_word' id='word_1_269' title='bbox 1055 2385 1380 2440; x_wconf 89' lang='lat' dir='ltr'><strong>decimabatur,</strong></span> <span class='ocrx_word' id='word_1_270' title='bbox 1393 2386 1515 2445; x_wconf 93' lang='lat' dir='ltr'><strong>quod</strong></span> <span class='ocrx_word' id='word_1_271' title='bbox 1530 2388 1764 2431; x_wconf 88' lang='lat' dir='ltr'><strong>curatione</strong></span> <span class='ocrx_word' id='word_1_272' title='bbox 1775 2386 2063 2446; x_wconf 80' lang='lat' dir='ltr'><strong>indigebat»,</strong></span> 
     </span>
    </p>
   </div>
   <div class='ocr_carea' id='block_1_19' title="bbox 3 2439 2063 2701">
    <p class='ocr_par' dir='ltr' id='par_1_21' title="bbox 3 2433 2063 2701">
     <span class='ocr_line' id='line_1_35' title="bbox 9 2439 2063 2513; baseline 0.003 -20.985"><span class='ocrx_word' id='word_1_273' title='bbox 9 2439 25 2492; x_wconf 71' lang='grc' dir='ltr'><strong>Ϊρ</strong></span> <span class='ocrx_word' id='word_1_274' title='bbox 95 2462 146 2499; x_wconf 86' lang='lat' dir='ltr'><strong>ut</strong></span> <span class='ocrx_word' id='word_1_275' title='bbox 169 2453 364 2512; x_wconf 86' lang='lat' dir='ltr'><strong>August.</strong></span> <span class='ocrx_word' id='word_1_276' title='bbox 382 2452 489 2497; x_wconf 89' lang='lat' dir='ltr'><strong>dicit</strong></span> <span class='ocrx_word' id='word_1_277' title='bbox 512 2465 576 2497; x_wconf 91' lang='lat'><strong>10.</strong></span> <span class='ocrx_word' id='word_1_278' title='bbox 595 2466 731 2512; x_wconf 84' lang='lat' dir='ltr'><strong>super</strong></span> <span class='ocrx_word' id='word_1_279' title='bbox 749 2452 919 2498; x_wconf 91' lang='lat' dir='ltr'><strong>Genes.</strong></span> <span class='ocrx_word' id='word_1_280' title='bbox 939 2452 996 2496; x_wconf 94' lang='lat' dir='ltr'><strong>ad</strong></span> <span class='ocrx_word' id='word_1_281' title='bbox 1017 2451 1196 2496; x_wconf 89' lang='lat' dir='ltr'><strong>literam</strong></span> <span class='ocrx_word' id='word_1_282' title='bbox 1222 2452 1333 2513; x_wconf 83' lang='lat' dir='ltr'><strong>(cap.</strong></span> <span class='ocrx_word' id='word_1_283' title='bbox 1358 2468 1426 2499; x_wconf 88' lang='lat'><strong>20.</strong></span> <span class='ocrx_word' id='word_1_284' title='bbox 1446 2468 1472 2497; x_wconf 86' lang='lat' dir='ltr'><strong>a</strong></span> <span class='ocrx_word' id='word_1_285' title='bbox 1489 2453 1590 2497; x_wconf 84' lang='lat' dir='ltr'><strong>med.</strong></span> <span class='ocrx_word' id='word_1_286' title='bbox 1589 2455 1633 2512; x_wconf 90' lang='lat'><strong>).·</strong></span> <span class='ocrx_word' id='word_1_287' title='bbox 1654 2454 1890 2498; x_wconf 88' lang='lat' dir='ltr'><strong>curatione</strong></span> <span class='ocrx_word' id='word_1_288' title='bbox 1909 2464 2063 2498; x_wconf 90' lang='lat' dir='ltr'><strong>autem</strong></span> 
     </span>
     <span class='ocr_line' id='line_1_36' title="bbox 3 2518 2062 2580; baseline 0.004 -23"><span class='ocrx_word' id='word_1_289' title='bbox 3 2522 30 2573; x_wconf 26' lang='grc' dir='ltr'><strong>,ᾗ</strong></span> <span class='ocrx_word' id='word_1_290' title='bbox 70 2519 268 2579; x_wconf 28' lang='lat' dir='ltr'><strong>,indiget</strong></span> <span class='ocrx_word' id='word_1_291' title='bbox 297 2519 449 2563; x_wconf 88' lang='lat' dir='ltr'><strong>omnis</strong></span> <span class='ocrx_word' id='word_1_292' title='bbox 474 2533 582 2563; x_wconf 91' lang='lat' dir='ltr'><strong>caro</strong></span> <span class='ocrx_word' id='word_1_293' title='bbox 608 2529 800 2578; x_wconf 89' lang='lat' dir='ltr'><strong>peccato</strong></span> <span class='ocrx_word' id='word_1_294' title='bbox 827 2518 1050 2564; x_wconf 84' lang='lat' dir='ltr'><strong>obnoxia:</strong></span> <span class='ocrx_word' id='word_1_295' title='bbox 1078 2534 1185 2563; x_wconf 90' lang='lat' dir='ltr'><strong>cum</strong></span> <span class='ocrx_word' id='word_1_296' title='bbox 1206 2520 1344 2578; x_wconf 88' lang='lat' dir='ltr'><strong>igitur</strong></span> <span class='ocrx_word' id='word_1_297' title='bbox 1370 2535 1478 2565; x_wconf 92' lang='lat' dir='ltr'><strong>caro</strong></span> <span class='ocrx_word' id='word_1_298' title='bbox 1506 2520 1682 2565; x_wconf 89' lang='lat' dir='ltr'><strong>Christi</strong></span> <span class='ocrx_word' id='word_1_299' title='bbox 1706 2520 1841 2565; x_wconf 83' lang='lat' dir='ltr'><strong>fuerit</strong></span> <span class='ocrx_word' id='word_1_300' title='bbox 1870 2531 2062 2580; x_wconf 87' lang='lat' dir='ltr'><strong>peccato</strong></span> 
     </span>
     <span class='ocr_line' id='line_1_37' title="bbox 96 2587 2063 2647; baseline 0.001 -15.92"><span class='ocrx_word' id='word_1_301' title='bbox 96 2587 310 2641; x_wconf 84' lang='lat' dir='ltr'><strong>obnoxia,</strong></span> <span class='ocrx_word' id='word_1_302' title='bbox 335 2588 453 2632; x_wconf 90' lang='lat' dir='ltr'><strong>sicut</strong></span> <span class='ocrx_word' id='word_1_303' title='bbox 477 2587 650 2632; x_wconf 91' lang='lat' dir='ltr'><strong>dictum</strong></span> <span class='ocrx_word' id='word_1_304' title='bbox 676 2597 744 2632; x_wconf 90' lang='lat' dir='ltr'><strong>est</strong></span> <span class='ocrx_word' id='word_1_305' title='bbox 765 2587 868 2645; x_wconf 81' lang='lat' dir='ltr'><strong>(art.</strong></span> <span class='ocrx_word' id='word_1_306' title='bbox 891 2588 1073 2647; x_wconf 73' lang='lat' dir='ltr'><strong>praec),</strong></span> <span class='ocrx_word' id='word_1_307' title='bbox 1088 2587 1267 2632; x_wconf 86' lang='lat' dir='ltr'><strong>videtur</strong></span> <span class='ocrx_word' id='word_1_308' title='bbox 1284 2587 1407 2647; x_wconf 92' lang='lat' dir='ltr'><strong>quod</strong></span> <span class='ocrx_word' id='word_1_309' title='bbox 1431 2602 1538 2633; x_wconf 89' lang='lat' dir='ltr'><strong>caro</strong></span> <span class='ocrx_word' id='word_1_310' title='bbox 1563 2587 1735 2632; x_wconf 91' lang='lat' dir='ltr'><strong>Christi</strong></span> <span class='ocrx_word' id='word_1_311' title='bbox 1760 2587 1806 2632; x_wconf 89' lang='lat' dir='ltr'><strong>in</strong></span> <span class='ocrx_word' id='word_1_312' title='bbox 1824 2588 2063 2632; x_wconf 90' lang='lat' dir='ltr'><strong>Abraham</strong></span> 
     </span>
     <span class='ocr_line' id='line_1_38' title="bbox 19 2653 496 2701; baseline -0.006 0"><span class='ocrx_word' id='word_1_313' title='bbox 19 2660 36 2701; x_wconf 74' lang='grc' dir='ltr'><strong>’ἒ</strong></span> <span class='ocrx_word' id='word_1_314' title='bbox 96 2653 231 2701; x_wconf 73' lang='lat' dir='ltr'><strong>fuerit</strong></span> <span class='ocrx_word' id='word_1_315' title='bbox 254 2654 496 2699; x_wconf 91' lang='lat' dir='ltr'><strong>decimata.</strong></span> 
     </span>
    </p>
   </div>
   <div class='ocr_carea' id='block_1_20' title="bbox 179 2691 2064 2780">
    <p class='ocr_par' dir='ltr' id='par_1_22' title="bbox 179 2691 2064 2780">
     <span class='ocr_line' id='line_1_39' title="bbox 179 2691 2064 2780; baseline 0 -14"><span class='ocrx_word' id='word_1_316' title='bbox 179 2734 222 2778; x_wconf 91' lang='lat'><strong>4.</strong></span> <span class='ocrx_word' id='word_1_317' title='bbox 249 2721 546 2767; x_wconf 77' lang='lat' dir='ltr'><strong>PRAETEREA.</strong></span> <span class='ocrx_word' id='word_1_318' title='bbox 568 2722 672 2766; x_wconf 93' lang='lat' dir='ltr'><strong>Hoc</strong></span> <span class='ocrx_word' id='word_1_319' title='bbox 697 2734 793 2765; x_wconf 91' lang='lat' dir='ltr'><strong>non</strong></span> <span class='ocrx_word' id='word_1_320' title='bbox 818 2720 996 2765; x_wconf 89' lang='lat' dir='ltr'><strong>videtur</strong></span> <span class='ocrx_word' id='word_1_321' title='bbox 1022 2720 1176 2780; x_wconf 89' lang='lat' dir='ltr'><strong>aliquo</strong></span> <span class='ocrx_word' id='word_1_322' title='bbox 1209 2691 1352 2766; x_wconf 88' lang='lat' dir='ltr'><strong>modo</strong></span> <span class='ocrx_word' id='word_1_323' title='bbox 1385 2722 1608 2780; x_wconf 89' lang='lat' dir='ltr'><strong>derogare</strong></span> <span class='ocrx_word' id='word_1_324' title='bbox 1640 2721 1851 2780; x_wconf 88' lang='lat' dir='ltr'><strong>dignitati</strong></span> <span class='ocrx_word' id='word_1_325' title='bbox 1876 2722 2064 2776; x_wconf 91' lang='lat' dir='ltr'><strong>Christi,</strong></span> 
     </span>
    </p>
   </div>
   <div class='ocr_carea' id='block_1_21' title="bbox 26 2785 2066 3049">
    <p class='ocr_par' dir='ltr' id='par_1_23' title="bbox 7 2785 2066 3054">
     <span class='ocr_line' id='line_1_40' title="bbox 31 2785 2064 2848; baseline -0.001 -13"><span class='ocrx_word' id='word_1_326' title='bbox 31 2785 43 2841; x_wconf 65' lang='lat' dir='ltr'>f</span> <span class='ocrx_word' id='word_1_327' title='bbox 97 2788 214 2835; x_wconf 84' lang='lat' dir='ltr'><strong>nihil</strong></span> <span class='ocrx_word' id='word_1_328' title='bbox 237 2789 362 2833; x_wconf 87' lang='lat' dir='ltr'><strong>enim</strong></span> <span class='ocrx_word' id='word_1_329' title='bbox 386 2788 610 2848; x_wconf 90' lang='lat' dir='ltr'><strong>prohibet,</strong></span> <span class='ocrx_word' id='word_1_330' title='bbox 633 2798 759 2847; x_wconf 87' lang='lat' dir='ltr'><strong>patre</strong></span> <span class='ocrx_word' id='word_1_331' title='bbox 784 2787 976 2846; x_wconf 82' lang='lat' dir='ltr'><strong>alicujus</strong></span> <span class='ocrx_word' id='word_1_332' title='bbox 997 2788 1225 2847; x_wconf 89' lang='lat' dir='ltr'><strong>pontificis</strong></span> <span class='ocrx_word' id='word_1_333' title='bbox 1253 2789 1455 2833; x_wconf 92' lang='lat' dir='ltr'><strong>decimas</strong></span> <span class='ocrx_word' id='word_1_334' title='bbox 1487 2789 1622 2833; x_wconf 85' lang='lat' dir='ltr'><strong>dante</strong></span> <span class='ocrx_word' id='word_1_335' title='bbox 1655 2789 1792 2833; x_wconf 90' lang='lat' dir='ltr'><strong>alicui</strong></span> <span class='ocrx_word' id='word_1_336' title='bbox 1823 2789 2064 2842; x_wconf 88' lang='lat' dir='ltr'><strong>sacerdoti,</strong></span> 
     </span>
     <span class='ocr_line' id='line_1_41' title="bbox 26 2855 2066 2915; baseline -0 -15"><span class='ocrx_word' id='word_1_337' title='bbox 26 2869 30 2880; x_wconf 66' lang='lat'><strong>²</strong></span> <span class='ocrx_word' id='word_1_338' title='bbox 98 2855 246 2900; x_wconf 86' lang='lat' dir='ltr'><strong>filium</strong></span> <span class='ocrx_word' id='word_1_339' title='bbox 277 2856 374 2914; x_wconf 88' lang='lat' dir='ltr'><strong>ejus</strong></span> <span class='ocrx_word' id='word_1_340' title='bbox 405 2855 670 2915; x_wconf 87' lang='lat' dir='ltr'><strong>pontificem</strong></span> <span class='ocrx_word' id='word_1_341' title='bbox 703 2856 928 2913; x_wconf 87' lang='lat' dir='ltr'><strong>maj0rem</strong></span> <span class='ocrx_word' id='word_1_342' title='bbox 960 2869 1058 2899; x_wconf 88' lang='lat' dir='ltr'><strong>esse</strong></span> <span class='ocrx_word' id='word_1_343' title='bbox 1091 2855 1289 2914; x_wconf 91' lang='lat' dir='ltr'><strong>simplici</strong></span> <span class='ocrx_word' id='word_1_344' title='bbox 1320 2856 1581 2910; x_wconf 91' lang='lat' dir='ltr'><strong>sacerdote;</strong></span> <span class='ocrx_word' id='word_1_345' title='bbox 1607 2855 1715 2901; x_wconf 90' lang='lat' dir='ltr'><strong>licet</strong></span> <span class='ocrx_word' id='word_1_346' title='bbox 1747 2870 1858 2915; x_wconf 93' lang='lat' dir='ltr'><strong>ergo</strong></span> <span class='ocrx_word' id='word_1_347' title='bbox 1891 2856 2066 2900; x_wconf 90' lang='lat' dir='ltr'><strong>dicatur</strong></span> 
     </span>
     <span class='ocr_line' id='line_1_42' title="bbox 102 2922 2065 2981; baseline -0.001 -13.072"><span class='ocrx_word' id='word_1_348' title='bbox 102 2922 310 2968; x_wconf 87' lang='lat' dir='ltr'><strong>Christus</strong></span> <span class='ocrx_word' id='word_1_349' title='bbox 326 2923 841 2977; x_wconf 87' lang='lat' dir='ltr'><strong>decimatus,Abraham</strong></span> <span class='ocrx_word' id='word_1_350' title='bbox 858 2922 1060 2967; x_wconf 90' lang='lat' dir='ltr'><strong>decimas</strong></span> <span class='ocrx_word' id='word_1_351' title='bbox 1077 2923 1212 2967; x_wconf 91' lang='lat' dir='ltr'><strong>dante</strong></span> <span class='ocrx_word' id='word_1_352' title='bbox 1229 2922 1585 2977; x_wconf 90' lang='lat' dir='ltr'><strong>Melchisedech,</strong></span> <span class='ocrx_word' id='word_1_353' title='bbox 1600 2938 1695 2968; x_wconf 90' lang='lat' dir='ltr'><strong>non</strong></span> <span class='ocrx_word' id='word_1_354' title='bbox 1707 2933 1863 2968; x_wconf 91' lang='lat' dir='ltr'><strong>tamen</strong></span> <span class='ocrx_word' id='word_1_355' title='bbox 1881 2933 2065 2981; x_wconf 89' lang='lat' dir='ltr'><strong>propter</strong></span> 
     </span>
     <span class='ocr_line' id='line_1_43' title="bbox 100 2989 1682 3049; baseline -0.002 -11.167"><span class='ocrx_word' id='word_1_356' title='bbox 100 2989 190 3036; x_wconf 88' lang='lat' dir='ltr'><strong>hoc</strong></span> <span class='ocrx_word' id='word_1_357' title='bbox 218 2990 484 3043; x_wconf 85' lang='lat' dir='ltr'><strong>excluditur,</strong></span> <span class='ocrx_word' id='word_1_358' title='bbox 512 2990 620 3049; x_wconf 90' lang='lat' dir='ltr'><strong>quin</strong></span> <span class='ocrx_word' id='word_1_359' title='bbox 650 2990 859 3034; x_wconf 91' lang='lat' dir='ltr'><strong>Christus</strong></span> <span class='ocrx_word' id='word_1_360' title='bbox 886 2990 943 3034; x_wconf 89' lang='lat' dir='ltr'><strong>sit</strong></span> <span class='ocrx_word' id='word_1_361' title='bbox 968 2991 1131 3048; x_wconf 89' lang='lat' dir='ltr'><strong>major,</strong></span> <span class='ocrx_word' id='word_1_362' title='bbox 1159 3004 1297 3049; x_wconf 90' lang='lat' dir='ltr'><strong>quam</strong></span> <span class='ocrx_word' id='word_1_363' title='bbox 1323 2990 1682 3035; x_wconf 87' lang='lat' dir='ltr'><strong>Melchisedech.</strong></span> 
     </span>
    </p>
   </div>
   <div class='ocr_carea' id='block_1_22' title="bbox 191 3057 2063 3116">
    <p class='ocr_par' dir='ltr' id='par_1_24' title="bbox 191 3057 2063 3116">
     <span class='ocr_line' id='line_1_44' title="bbox 191 3057 2063 3116; baseline -0.002 -14"><span class='ocrx_word' id='word_1_364' title='bbox 191 3057 284 3102; x_wconf 76' lang='lat' dir='ltr'><strong>SED</strong></span> <span class='ocrx_word' id='word_1_365' title='bbox 303 3070 499 3103; x_wconf 77' lang='lat' dir='ltr'>CONTRA</span> <span class='ocrx_word' id='word_1_366' title='bbox 526 3067 606 3111; x_wconf 92' lang='lat' dir='ltr'><strong>est,</strong></span> <span class='ocrx_word' id='word_1_367' title='bbox 634 3057 756 3115; x_wconf 92' lang='lat' dir='ltr'><strong>quod</strong></span> <span class='ocrx_word' id='word_1_368' title='bbox 783 3057 976 3115; x_wconf 87' lang='lat' dir='ltr'><strong>August.</strong></span> <span class='ocrx_word' id='word_1_369' title='bbox 1001 3057 1110 3104; x_wconf 88' lang='lat' dir='ltr'><strong>dicit</strong></span> <span class='ocrx_word' id='word_1_370' title='bbox 1125 3057 1171 3100; x_wconf 89' lang='lat' dir='ltr'><strong>in</strong></span> <span class='ocrx_word' id='word_1_371' title='bbox 1195 3071 1259 3101; x_wconf 90' lang='lat'><strong>10.</strong></span> <span class='ocrx_word' id='word_1_372' title='bbox 1287 3072 1422 3116; x_wconf 91' lang='lat' dir='ltr'><strong>super</strong></span> <span class='ocrx_word' id='word_1_373' title='bbox 1442 3057 1558 3102; x_wconf 90' lang='lat' dir='ltr'><strong>Gen.</strong></span> <span class='ocrx_word' id='word_1_374' title='bbox 1583 3058 1638 3101; x_wconf 90' lang='lat' dir='ltr'><strong>ad</strong></span> <span class='ocrx_word' id='word_1_375' title='bbox 1665 3057 1845 3101; x_wconf 90' lang='lat' dir='ltr'><strong>literam</strong></span> <span class='ocrx_word' id='word_1_376' title='bbox 1862 3057 1975 3115; x_wconf 80' lang='lat' dir='ltr'><strong>(cap.</strong></span> <span class='ocrx_word' id='word_1_377' title='bbox 1994 3071 2063 3102; x_wconf 85' lang='lat'><strong>20.</strong></span> 
     </span>
    </p>
   </div>
   <div class='ocr_carea' id='block_1_23' title="bbox 15 3123 2064 3245">
    <p class='ocr_par' dir='ltr' id='par_1_25' title="bbox 15 3118 2064 3245">
     <span class='ocr_line' id='line_1_45' title="bbox 30 3123 2064 3183; baseline -0 -15"><span class='ocrx_word' id='word_1_378' title='bbox 30 3170 53 3181; x_wconf 85' lang='lat'><strong>-.</strong></span> <span class='ocrx_word' id='word_1_379' title='bbox 101 3137 129 3168; x_wconf 81' lang='lat' dir='ltr'><strong>a</strong></span> <span class='ocrx_word' id='word_1_380' title='bbox 151 3123 295 3181; x_wconf 67' lang='lat' dir='ltr'><strong>med),</strong></span> <span class='ocrx_word' id='word_1_381' title='bbox 323 3125 444 3183; x_wconf 91' lang='lat' dir='ltr'><strong>quod</strong></span> <span class='ocrx_word' id='word_1_382' title='bbox 474 3141 497 3166; x_wconf 89' lang='lat'>«</span> <span class='ocrx_word' id='word_1_383' title='bbox 521 3123 731 3169; x_wconf 92' lang='lat' dir='ltr'><strong>Christus</strong></span> <span class='ocrx_word' id='word_1_384' title='bbox 764 3124 838 3178; x_wconf 92' lang='lat' dir='ltr'><strong>ibi,</strong></span> <span class='ocrx_word' id='word_1_385' title='bbox 866 3124 1042 3168; x_wconf 89' lang='lat' dir='ltr'><strong>scilicet</strong></span> <span class='ocrx_word' id='word_1_386' title='bbox 1067 3125 1113 3167; x_wconf 91' lang='lat' dir='ltr'><strong>in</strong></span> <span class='ocrx_word' id='word_1_387' title='bbox 1140 3124 1390 3179; x_wconf 90' lang='lat' dir='ltr'><strong>Abraham,</strong></span> <span class='ocrx_word' id='word_1_388' title='bbox 1423 3125 1673 3169; x_wconf 91' lang='lat' dir='ltr'><strong>decimatus</strong></span> <span class='ocrx_word' id='word_1_389' title='bbox 1700 3139 1794 3168; x_wconf 92' lang='lat' dir='ltr'><strong>non</strong></span> <span class='ocrx_word' id='word_1_390' title='bbox 1822 3134 1902 3178; x_wconf 90' lang='lat' dir='ltr'><strong>est,</strong></span> <span class='ocrx_word' id='word_1_391' title='bbox 1937 3125 2064 3183; x_wconf 92' lang='lat' dir='ltr'><strong>cujus</strong></span> 
     </span>
     <span class='ocr_line' id='line_1_46' title="bbox 15 3190 1885 3245; baseline -0.003 -8"><span class='ocrx_word' id='word_1_392' title='bbox 15 3203 55 3239; x_wconf 68' lang='grc' dir='ltr'><strong>’λ’ῖ,</strong></span> <span class='ocrx_word' id='word_1_393' title='bbox 102 3204 209 3235; x_wconf 93' lang='lat' dir='ltr'><strong>caro</strong></span> <span class='ocrx_word' id='word_1_394' title='bbox 235 3190 340 3235; x_wconf 88' lang='lat' dir='ltr'><strong>inde</strong></span> <span class='ocrx_word' id='word_1_395' title='bbox 365 3205 459 3235; x_wconf 90' lang='lat' dir='ltr'><strong>non</strong></span> <span class='ocrx_word' id='word_1_396' title='bbox 484 3190 712 3235; x_wconf 88' lang='lat' dir='ltr'><strong>fervorem</strong></span> <span class='ocrx_word' id='word_1_397' title='bbox 738 3191 952 3245; x_wconf 90' lang='lat' dir='ltr'><strong>vulneris,</strong></span> <span class='ocrx_word' id='word_1_398' title='bbox 979 3191 1057 3235; x_wconf 91' lang='lat' dir='ltr'><strong>sed</strong></span> <span class='ocrx_word' id='word_1_399' title='bbox 1079 3192 1319 3235; x_wconf 86' lang='lat' dir='ltr'><strong>materiam</strong></span> <span class='ocrx_word' id='word_1_400' title='bbox 1346 3193 1663 3236; x_wconf 81' lang='lat' dir='ltr'><strong>medicaminis</strong></span> <span class='ocrx_word' id='word_1_401' title='bbox 1688 3191 1821 3235; x_wconf 85' lang='lat' dir='ltr'><strong>traxit</strong></span> <span class='ocrx_word' id='word_1_402' title='bbox 1844 3208 1885 3238; x_wconf 81' lang='grc'><strong>»,</strong></span> 
     </span>
    </p>
   </div>
   <div class='ocr_carea' id='block_1_24' title="bbox 190 3257 2068 3317">
    <p class='ocr_par' dir='ltr' id='par_1_26' title="bbox 190 3257 2068 3317">
     <span class='ocr_line' id='line_1_47' title="bbox 190 3257 2068 3317; baseline 0 -16"><span class='ocrx_word' id='word_1_403' title='bbox 190 3257 479 3303; x_wconf 75' lang='lat' dir='ltr'>RESPONDEO</span> <span class='ocrx_word' id='word_1_404' title='bbox 513 3258 771 3312; x_wconf 89' lang='lat' dir='ltr'><strong>dicendum,</strong></span> <span class='ocrx_word' id='word_1_405' title='bbox 798 3259 920 3317; x_wconf 92' lang='lat' dir='ltr'><strong>quod</strong></span> <span class='ocrx_word' id='word_1_406' title='bbox 948 3258 1201 3302; x_wconf 89' lang='lat' dir='ltr'><strong>secundum</strong></span> <span class='ocrx_word' id='word_1_407' title='bbox 1229 3259 1531 3303; x_wconf 90' lang='lat' dir='ltr'><strong>intentionem</strong></span> <span class='ocrx_word' id='word_1_408' title='bbox 1558 3258 1772 3316; x_wconf 90' lang='lat' dir='ltr'><strong>Apostoli</strong></span> <span class='ocrx_word' id='word_1_409' title='bbox 1799 3267 1979 3316; x_wconf 90' lang='lat' dir='ltr'><strong>oportet</strong></span> <span class='ocrx_word' id='word_1_410' title='bbox 2005 3258 2068 3301; x_wconf 93' lang='lat' dir='ltr'><strong>di-</strong></span> 
     </span>
    </p>
   </div>
   <div class='ocr_carea' id='block_1_25' title="bbox 15 3324 2068 3648">
    <p class='ocr_par' dir='ltr' id='par_1_27' title="bbox 15 3324 2066 3648">
     <span class='ocr_line' id='line_1_48' title="bbox 104 3324 2064 3383; baseline 0 -15"><span class='ocrx_word' id='word_1_411' title='bbox 104 3336 220 3378; x_wconf 84' lang='lat' dir='ltr'><strong>cere,</strong></span> <span class='ocrx_word' id='word_1_412' title='bbox 246 3324 368 3383; x_wconf 91' lang='lat' dir='ltr'><strong>quod</strong></span> <span class='ocrx_word' id='word_1_413' title='bbox 396 3324 605 3369; x_wconf 88' lang='lat' dir='ltr'><strong>Christus</strong></span> <span class='ocrx_word' id='word_1_414' title='bbox 642 3325 688 3368; x_wconf 89' lang='lat' dir='ltr'><strong>in</strong></span> <span class='ocrx_word' id='word_1_415' title='bbox 723 3324 890 3369; x_wconf 91' lang='lat' dir='ltr'><strong>lumbis</strong></span> <span class='ocrx_word' id='word_1_416' title='bbox 917 3325 1131 3369; x_wconf 89' lang='lat' dir='ltr'><strong>Abrahae</strong></span> <span class='ocrx_word' id='word_1_417' title='bbox 1157 3339 1251 3369; x_wconf 91' lang='lat' dir='ltr'><strong>non</strong></span> <span class='ocrx_word' id='word_1_418' title='bbox 1276 3324 1412 3370; x_wconf 88' lang='lat' dir='ltr'><strong>fuerit</strong></span> <span class='ocrx_word' id='word_1_419' title='bbox 1438 3326 1711 3369; x_wconf 89' lang='lat' dir='ltr'><strong>decimatus:</strong></span> <span class='ocrx_word' id='word_1_420' title='bbox 1749 3325 1910 3382; x_wconf 91' lang='lat' dir='ltr'><strong>probat</strong></span> <span class='ocrx_word' id='word_1_421' title='bbox 1941 3326 2064 3369; x_wconf 90' lang='lat' dir='ltr'><strong>enim</strong></span> 
     </span>
     <span class='ocr_line' id='line_1_49' title="bbox 40 3389 2066 3451; baseline 0 -16"><span class='ocrx_word' id='word_1_422' title='bbox 40 3408 57 3429; x_wconf 74' lang='lat' dir='ltr'><strong>s</strong></span> <span class='ocrx_word' id='word_1_423' title='bbox 102 3389 367 3450; x_wconf 87' lang='lat' dir='ltr'><strong>Apostolus,</strong></span> <span class='ocrx_word' id='word_1_424' title='bbox 394 3392 540 3449; x_wconf 89' lang='lat' dir='ltr'><strong>majus</strong></span> <span class='ocrx_word' id='word_1_425' title='bbox 566 3406 663 3435; x_wconf 85' lang='lat' dir='ltr'><strong>esse</strong></span> <span class='ocrx_word' id='word_1_426' title='bbox 690 3391 1011 3446; x_wconf 88' lang='lat' dir='ltr'><strong>sacerdotium,</strong></span> <span class='ocrx_word' id='word_1_427' title='bbox 1038 3392 1160 3451; x_wconf 90' lang='lat' dir='ltr'><strong>quod</strong></span> <span class='ocrx_word' id='word_1_428' title='bbox 1194 3402 1260 3436; x_wconf 90' lang='lat' dir='ltr'><strong>est</strong></span> <span class='ocrx_word' id='word_1_429' title='bbox 1292 3392 1543 3435; x_wconf 88' lang='lat' dir='ltr'><strong>secundum</strong></span> <span class='ocrx_word' id='word_1_430' title='bbox 1578 3391 1786 3434; x_wconf 87' lang='lat' dir='ltr'><strong>ordinem</strong></span> <span class='ocrx_word' id='word_1_431' title='bbox 1822 3390 2066 3435; x_wconf 88' lang='lat' dir='ltr'><strong>Melchise-</strong></span> 
     </span>
     <span class='ocr_line' id='line_1_50' title="bbox 104 3456 2068 3517; baseline 0.001 -16.935"><span class='ocrx_word' id='word_1_432' title='bbox 104 3456 236 3510; x_wconf 88' lang='lat' dir='ltr'><strong>dech,</strong></span> <span class='ocrx_word' id='word_1_433' title='bbox 262 3458 520 3501; x_wconf 86' lang='lat' dir='ltr'><strong>sacerdotio</strong></span> <span class='ocrx_word' id='word_1_434' title='bbox 547 3458 770 3511; x_wconf 90' lang='lat' dir='ltr'><strong>Levitico,</strong></span> <span class='ocrx_word' id='word_1_435' title='bbox 796 3473 876 3516; x_wconf 90' lang='lat' dir='ltr'><strong>per</strong></span> <span class='ocrx_word' id='word_1_436' title='bbox 903 3458 992 3502; x_wconf 92' lang='lat' dir='ltr'><strong>hoc</strong></span> <span class='ocrx_word' id='word_1_437' title='bbox 1020 3459 1142 3517; x_wconf 90' lang='lat' dir='ltr'><strong>quod</strong></span> <span class='ocrx_word' id='word_1_438' title='bbox 1171 3459 1404 3502; x_wconf 88' lang='lat' dir='ltr'><strong>Abraham</strong></span> <span class='ocrx_word' id='word_1_439' title='bbox 1439 3458 1642 3500; x_wconf 89' lang='lat' dir='ltr'><strong>decimas</strong></span> <span class='ocrx_word' id='word_1_440' title='bbox 1676 3457 1799 3500; x_wconf 89' lang='lat' dir='ltr'><strong>dedit</strong></span> <span class='ocrx_word' id='word_1_441' title='bbox 1828 3456 2068 3502; x_wconf 88' lang='lat' dir='ltr'><strong>Melchise-</strong></span> 
     </span>
     <span class='ocr_line' id='line_1_51' title="bbox 33 3519 2065 3583; baseline -0 -14"><span class='ocrx_word' id='word_1_442' title='bbox 33 3519 66 3580; x_wconf 59' lang='grc' dir='ltr'><strong>’ἓ</strong></span> <span class='ocrx_word' id='word_1_443' title='bbox 104 3522 237 3576; x_wconf 83' lang='lat' dir='ltr'><strong>dech,</strong></span> <span class='ocrx_word' id='word_1_444' title='bbox 250 3523 397 3567; x_wconf 89' lang='lat' dir='ltr'><strong>adhuc</strong></span> <span class='ocrx_word' id='word_1_445' title='bbox 409 3523 521 3568; x_wconf 92' lang='lat' dir='ltr'><strong>Levi</strong></span> <span class='ocrx_word' id='word_1_446' title='bbox 537 3524 809 3568; x_wconf 80' lang='lat' dir='ltr'><strong>existentem</strong></span> <span class='ocrx_word' id='word_1_447' title='bbox 827 3524 993 3569; x_wconf 89' lang='lat' dir='ltr'><strong>lumbis</strong></span> <span class='ocrx_word' id='word_1_448' title='bbox 1006 3527 1116 3583; x_wconf 89' lang='lat' dir='ltr'><strong>ejus,</strong></span> <span class='ocrx_word' id='word_1_449' title='bbox 1131 3525 1186 3568; x_wconf 93' lang='lat' dir='ltr'><strong>ad</strong></span> <span class='ocrx_word' id='word_1_450' title='bbox 1205 3539 1342 3583; x_wconf 88' lang='lat' dir='ltr'><strong>quem</strong></span> <span class='ocrx_word' id='word_1_451' title='bbox 1360 3525 1554 3583; x_wconf 87' lang='lat' dir='ltr'><strong>pertinet</strong></span> <span class='ocrx_word' id='word_1_452' title='bbox 1571 3523 1722 3581; x_wconf 87' lang='lat' dir='ltr'><strong>regale</strong></span> <span class='ocrx_word' id='word_1_453' title='bbox 1741 3524 2065 3568; x_wconf 85' lang='lat' dir='ltr'><strong>sacerdotium.</strong></span> 
     </span>
     <span class='ocr_line' id='line_1_52' title="bbox 15 3587 2065 3648; baseline 0 -13"><span class='ocrx_word' id='word_1_454' title='bbox 15 3592 66 3646; x_wconf 54' lang='grc' dir='ltr'><strong>’ἐ</strong></span> <span class='ocrx_word' id='word_1_455' title='bbox 107 3587 146 3634; x_wconf 76' lang='lat' dir='ltr'><strong>si</strong></span> <span class='ocrx_word' id='word_1_456' title='bbox 170 3598 324 3634; x_wconf 88' lang='lat' dir='ltr'><strong>autem</strong></span> <span class='ocrx_word' id='word_1_457' title='bbox 351 3588 560 3634; x_wconf 89' lang='lat' dir='ltr'><strong>Christus</strong></span> <span class='ocrx_word' id='word_1_458' title='bbox 586 3591 724 3634; x_wconf 90' lang='lat' dir='ltr'><strong>etiam</strong></span> <span class='ocrx_word' id='word_1_459' title='bbox 751 3591 796 3634; x_wconf 88' lang='lat' dir='ltr'><strong>in</strong></span> <span class='ocrx_word' id='word_1_460' title='bbox 823 3591 1059 3635; x_wconf 89' lang='lat' dir='ltr'><strong>Abraham</strong></span> <span class='ocrx_word' id='word_1_461' title='bbox 1086 3592 1337 3636; x_wconf 90' lang='lat' dir='ltr'><strong>decimatus</strong></span> <span class='ocrx_word' id='word_1_462' title='bbox 1360 3600 1492 3644; x_wconf 90' lang='lat' dir='ltr'><strong>esset,</strong></span> <span class='ocrx_word' id='word_1_463' title='bbox 1515 3592 1611 3648; x_wconf 90' lang='lat' dir='ltr'><strong>ejus</strong></span> <span class='ocrx_word' id='word_1_464' title='bbox 1637 3590 1944 3635; x_wconf 89' lang='lat' dir='ltr'><strong>sacerdotium</strong></span> <span class='ocrx_word' id='word_1_465' title='bbox 1969 3605 2065 3636; x_wconf 91' lang='lat' dir='ltr'><strong>non</strong></span> 
     </span>
    </p>
   </div>
   <div class='ocr_carea' id='block_1_26' title="bbox 287 3690 1888 3737">
    <p class='ocr_par' dir='ltr' id='par_1_28' title="bbox 287 3690 1888 3737">
     <span class='ocr_line' id='line_1_53' title="bbox 287 3690 1888 3737; baseline 0.001 -13"><span class='ocrx_word' id='word_1_466' title='bbox 287 3690 325 3725; x_wconf 85' lang='lat' dir='ltr'><strong>S.</strong></span> <span class='ocrx_word' id='word_1_467' title='bbox 349 3690 503 3725; x_wconf 72' lang='lat' dir='ltr'><strong>Tnoun</strong></span> <span class='ocrx_word' id='word_1_468' title='bbox 529 3690 661 3725; x_wconf 67' lang='lat' dir='ltr'><strong>summ</strong></span> <span class='ocrx_word' id='word_1_469' title='bbox 681 3691 1888 3737; x_wconf 67' lang='lat' dir='ltr'><strong>Theokgiea.v01.1v.18</strong></span> 
     </span>
    </p>
   </div>
  </div>
 </body>
</html>
