2352 3926
287 237 392 307 538
809 249 1088 296 Quansrro
1132 249 1278 298 Lxrv.
1318 248 1628 290 ARTICULUS
1665 250 1739 290 vl.

999 463 1433 521 ARTICULUS
1468 465 1565 519 VI.
1671 500 1674 501 ν
2150 454 2243 540 1355

281 597 529 637 uTRuM
568 598 738 637 MALI
777 598 1326 639 MINISTRANTES
1368 598 1848 639 SACRAMENTA
1887 572 2244 641 noenu-‘1⁴2

474 708 537 765 (4.
559 708 673 752 Dist.
694 722 732 767 5.
760 723 798 767 q.
825 723 864 753 2.
893 715 972 753 art.
1000 723 1040 755 2.
1069 724 1106 768 q.
1133 723 1175 766 4.
1203 717 1315 769 corp.
1344 715 1379 754 et
1399 710 1510 754 Dist.
1538 724 1604 769 19.
1627 723 1665 768 q.
1694 723 1733 754 2.
1761 715 1842 754 art.
1870 723 1911 755 2.
1939 717 2054 770 corp.

705 777 866 821 etDIst.
884 790 953 834 24.
982 791 1020 836 q.
1048 790 1082 821 1.
1101 783 1182 821 art.
1205 791 1245 822 2.
1273 791 1311 835 q.
1329 793 1364 822 Ι.
1383 782 1419 821 et
1435 783 1567 836 art.3.
1594 791 1631 835 q.
1650 792 1684 821 I.
1704 777 1823 836 et5.).

370 886 446 930 AD
474 899 667 931 SEXTUM
690 887 754 932 sic
791 888 1064 947 proceditur.
1091 888 1297 943 Videtur,
1321 889 1443 948 quod
1476 881 1588 932 mali
1614 888 1919 932 ministrantes
1961 897 2248 933 sacramenta

278 968 372 998 non
399 964 613 1013 peccent:
641 955 757 999 sicut
783 957 907 999 enim
933 956 1214 1000 ministratur
1238 957 1341 1000 Deo
1368 956 1414 999 in
1447 957 1756 1008 sacramentis,
1782 955 1842 1000 ita
1870 969 1950 1015 per
1975 969 2115 1014 opera
2141 955 2248 1000 cha-

278 1022 440 1075 ritatis;
467 1021 594 1066 unde·
621 1022 783 1067 dicitur
819 1022 956 1074 Hebr.
993 1023 1096 1067 ult.:
1123 1024 1432 1082 Beneficentiae,
1466 1030 1506 1068 et
1535 1025 1842 1068 communionis
1871 1023 1998 1068 nolite
2029 1023 2247 1069 oblivisci:

280 1090 431 1135 talibus
451 1092 562 1134 enim
593 1091 731 1135 hostiis
758 1098 1024 1151 promeretur
1055 1093 1196 1136 Deus:
1224 1092 1302 1135 sed
1328 1090 1440 1134 mali
1464 1105 1558 1135 non
1585 1101 1776 1150 peccant
1803 1091 1842 1135 si
1866 1091 2125 1135 ministrent
2143 1090 2248 1135 Deo

279 1157 325 1200 in
358 1157 569 1215 operibus
612 1157 866 1204 charitatis:
894 1159 1150 1218 quinimmo
1177 1159 1267 1202 hoc
1295 1168 1362 1202 est
1387 1159 1451 1202 eis
1478 1158 1826 1212 consulendum,
1857 1158 2109 1202 secundum
2134 1156 2248 1202 illud

278 1225 396 1268 Dan.
423 1237 489 1280 4.:
521 1225 752 1270 ConsiIImn
771 1241 909 1270 meum
943 1228 1019 1271 tibi
1045 1227 1231 1285 placeat:
1253 1231 1425 1285 peccata
1450 1232 1523 1269 tua
1554 1226 1813 1284 eleemosynis
1836 1225 2017 1278 redime,·
2045 1238 2157 1284 ergo
2181 1225 2248 1268 vi-

280 1292 423 1346 detur,
452 1292 574 1351 quod
601 1293 712 1336 mali
737 1307 831 1337 non
859 1303 1050 1351 peccent
1082 1303 1366 1337 sacramenta
1393 1293 1710 1336 ministrando.

368 1372 408 1403 2.
435 1359 733 1404 PRAETEREA.
764 1360 1058 1418 Quicumque
1086 1359 1400 1403 communicat
1425 1359 1561 1403 alicui
1586 1360 1629 1402 in
1658 1368 1865 1418 peccato,
1892 1359 2249 1419 etiam-ipsez-est

278 1440 380 1470 reus
407 1427 597 1485 peccati,
624 1428 877 1471 secundum
903 1427 1015 1470 illud
1042 1427 1178 1471 Rom.
1210 1441 1275 1471 1.:
1303 1428 1444 1485 Digni
1478 1433 1574 1471 sunt
1603 1433 1749 1480 morte,
1776 1441 1860 1470 non
1883 1426 2018 1471 solum
2053 1429 2130 1485 quiv
2154 1434 2250 1486 pec-

277 1500 372 1538 cata
392 1494 571 1550 faciunt,
603 1494 670 1539 sed
701 1496 826 1538 etiam
853 1496 924 1553 qai
950 1497 1204 1539 consentiunt
1226 1495 1502 1553 facientibus:
1531 1494 1609 1538 sed
1636 1494 1674 1537 si
1699 1493 1810 1538 mali
1836 1493 2031 1538 ministri
2055 1503 2281 1552 peccent·
2346 1517 2352 1553 3

2343 1571 2352 1668 ξ

277 1571 562 1605 sacramenta
589 1562 904 1615 ministrando,
931 1561 997 1605 illi
1023 1563 1099 1620 qui
1126 1562 1180 1605 ab
1209 1563 1272 1606 eis
1305 1572 1592 1606 sacramenta
1624 1562 1860 1621 recipiunt,
1887 1562 1952 1606 eis
1965 1561 2025 1607 v'in
2051 1572 2245 1621 peccato

278 1629 643 1683 communicant;
672 1643 782 1687 ergo
811 1630 946 1673 etiam
973 1630 1059 1688 ipsi
1085 1639 1340 1688 peccarent,
1378 1630 1500 1688 quod
1522 1629 1700 1673 videtur
1725 1629 2068 1674 inconveniens.

371 1696 724 1754 3.PRAETER13A.
751 1696 916 1740 Nullus
941 1697 1121 1740 videtur
1157 1711 1254 1741 esse
1287 1696 1552 1756 perplexus;
1585 1698 1691 1755 quia
1727 1697 1791 1741 sic
1827 1696 1974 1741 horno
2007 1704 2248 1756 cogeretur

278 1762 531 1821 desperare,
559 1763 686 1822 quasi
711 1777 805 1807 non
832 1774 994 1823 potens
1020 1774 1261 1823 peccatum
1284 1764 1497 1808 evadere:
1524 1764 1603 1808 sed
1629 1764 1667 1807 si
1694 1764 1805 1807 mali
1830 1772 2083 1822 peccarent.
2097 1776 2248 1809 sacra-

277 1840 432 1874 menta
457 1831 693 1884 tradendo,
721 1841 872 1875 essent
892 1831 1117 1891 perplexi:
1145 1832 1250 1890 quia
1277 1832 1415 1875 etiam
1449 1831 1724 1890 quandoque
1745 1841 2003 1890 peccarent,
2034 1831 2073 1876 si
2099 1829 2250 1876 sadra-

278 1909 432 1942 menta
457 1913 552 1942 non
577 1899 832 1954 traderent;
858 1910 966 1959 puta
995 1914 1102 1943 cum
1144 1900 1208 1944 eis
1250 1913 1303 1943 ex
1347 1898 1500 1943 officio
1536 1899 1759 1943 incumbit
1783 1898 2055 1945 necessitas:
2082 1898 2246 1944 dicitur

279 1966 402 2011 enirn
433 1979 468 2009 1.
498 1966 606 2010 Cor.
625 1980 690 2025 9.:
722 1967 805 2011 Vae
830 1968 948 2021 mihi,
965 1969 1001 2012 si
1025 1980 1110 2011 non
1130 1967 1490 2025 evangelizavero:
1517 1968 1729 2011 necessitas
1753 1967 1863 2011 enim
1889 1966 1995 2010 mihi
2018 1967 2246 2011 incumbit:

276 2033 552 2092 quandoque
580 2034 719 2080 etiam
745 2044 930 2092 propter
955 2033 1232 2094 periculum3
1255 2035 1373 2078 sicut
1388 2034 1424 2078 si
1442 2047 1554 2093 puer
1569 2049 1614 2077 1n
1632 2032 1836 2093 periculo
1863 2033 2025 2078 mortis
2051 2033 2250 2078 existens

276 2099 491 2145 offeratur
518 2101 654 2145 alicui
679 2102 910 2161 peccatori
934 2102 1254 2162 baptizandus;
1283 2115 1394 2160 ergo
1419 2101 1611 2156 videtur,
1637 2101 1760 2160 quod
1786 2100 1899 2145 mali
1927 2114 2024 2145 non
2054 2109 2250 2160 peccent

276 2179 562 2213 sacramenta
589 2169 905 2214 ministrando
2166 2190 2169 2191 ⁷
2234 2185 2250 2209 ·;

366 2235 461 2280 SED
483 2249 680 2281 CONTRA
707 2247 788 2291 est,
820 2238 943 2296 quod
965 2237 1217 2297 Dionysius
1249 2237 1359 2280 dicit
1389 2250 1425 2280 1.
1453 2250 1551 2296 cap.
1579 2234 1927 2280 Ecclesiasticae
1949 2207 2248 2280 Hierarchiae

273 2302 402 2360 (vers.
427 2304 486 2359 fin
490 2305 538 2360 .),
566 2305 688 2363 quod
718 2320 742 2346 c<
759 2305 892 2349 malis
918 2318 1012 2349 non
1039 2315 1107 2349 est
1131 2304 1198 2348 fas
1230 2318 1315 2348 nec
1342 2314 1530 2362 tangere
1547 2302 1758 2362 symbola
1775 2319 1817 2357 »,
1841 2302 1961 2347 idest
1984 2304 2248 2347 sacramen-

272 2369 382 2414 talia
407 2373 551 2430 signa,
579 2381 623 2415 et
644 2371 691 2415 in
718 2371 909 2431 epistola
937 2372 992 2415 ad
1019 2370 1353 2431 Demophilum
1374 2373 1498 2430 (qnae
1522 2376 1576 2415 est
1592 2371 1632 2415 8.
1659 2377 1818 2428 parum
1843 2375 1937 2414 ante
1956 2368 2083 2428 med.)
2111 2369 2244 2414 dicit:

279 2453 303 2479 ι(
322 2436 450 2482 Talis
477 2438 673 2495 (scilicet
689 2444 924 2497 peccator)
943 2440 1088 2483 audax
1115 2439 1305 2490 videtur,
1332 2437 1690 2482 sacerdotalibus
1716 2451 1906 2480 manum
1923 2450 2171 2496 apponens,
2197 2447 2251 2482 et*

274 2518 368 2549 non
385 2505 529 2560 timet,
546 2520 693 2564 neque
719 2507 1052 2551 verecundatur
1077 2506 1229 2549 divina
1251 2515 1428 2563 praeter
1454 2505 1737 2548 divinitatem
1762 2517 2005 2562 exequens,
2024 2513 2073 2549 et
2085 2505 2242 2549 Deumv

275 2582 437 2649 putans
464 2575 689 2632 ignorare,
708 2587 824 2650 quae
850 2574 946 2632 ipse
972 2574 1018 2617 in
1044 2573 1291 2632 semetipso
1326 2572 1570 2630 cognovit3
1594 2581 1638 2616 et
1654 2571 1862 2629 decipere
1885 2571 2119 2616 existimat
2125 2570 2246 2616 falso

274 2641 463 2684 nomine
489 2650 663 2698 patrem
693 2642 746 2683 ab
780 2641 878 2699 ipso
906 2641 1198 2699 appellatum,
1226 2650 1269 2684 et
1295 2640 1429 2683 audet
1451 2640 1711 2683 immundas
1734 2638 1975 2693 infamias,
1978 2652 2073 2684 non
2090 2638 2243 2712 dicarn

276 2707 520 2761 orationes,
539 2722 673 2766 super
691 2708 841 2751 divina
864 2708 992 2766 signa
1012 2706 1393 2752 Christiformiter
1416 2706 1660 2751 enunciare
1679 2723 1718 2749 ».
2168 2725 2170 2727 >
2240 2739 2245 2743 a

365 2774 655 2820 RESPONDEO
688 2775 949 2829 dicendum,
976 2776 1099 2834 quod
1127 2774 1320 2833 aliquis
1311 2789 1355 2817 m
1390 2774 1568 2831 agendo
1596 2783 1756 2832 peccat
1782 2787 1835 2817 ex
1853 2773 1960 2827 hoc,
1987 2772 2111 2833 quod
2131 2785 2244 2832 ope-

275 2845 399 2887 ratur
423 2857 517 2887 non
540 2843 792 2888 secundum
820 2844 941 2901 quod
969 2852 1164 2901 oportet,
1182 2852 1231 2885 ut
1244 2851 1367 2900 patet
1383 2856 1461 2899 per
1479 2840 1650 2884 Philos.
1679 2842 1724 2884 in
1750 2840 1826 2884 lib.
1845 2853 1886 2884 2.
1905 2840 2052 2885 Ethic.
2077 2841 2241 2900 (cap-3.

275 2918 313 2957 et
332 2913 407 2970 5.).
429 2911 617 2954 Dictum
636 2921 703 2955 est
725 2921 877 2954 autem
896 2911 997 2968 (art.
1014 2917 1156 2969 praec.
1180 2909 1233 2953 ad
1251 2910 1323 2968 3.),
1350 2909 1628 2953 conveniens
1652 2922 1765 2962 esse,
1782 2918 1831 2952 ut
1847 2918 2243 2953 sacramentorum

275 2979 470 3022 ministri
495 2977 584 3022 sint
609 2978 736 3035 justi;
765 2978 870 3036 quia
897 2977 1090 3021 ministri
1116 2977 1280 3021 debent
1298 2977 1502 3020 Domino
1531 2975 1826 3029 conformari,
1852 2975 2104 3020 secundum
2130 2975 2242 3021 illud

276 3046 419 3090 Levit,
453 3059 544 3105 19.:
571 3045 715 3090 Sancti
747 3047 877 3098 eritis,
902 3046 1099 3103 quoniam
1133 3058 1200 3101 ego
1228 3050 1391 3088 sanctus
1420 3059 1540 3095 sum,-
1565 3054 1609 3087 et
1634 3043 1774 3087 Eccli.
1806 3055 1897 3088 10.:
1923 3042 2155 3088 Secundum
2176 3045 2246 3102 in·

274 3112 405 3158 dicem
415 3113 578 3172 populi,
605 3114 663 3157 sic:
684 3119 723 3157 et
747 3114 932 3156 ministri
953 3114 1051 3169 ejas.
1080 3111 1134 3155 Et
1162 3111 1264 3155 ideo
1283 3125 1376 3154 non
1404 3121 1472 3155 est
1497 3111 1700 3163 dubium,
1718 3109 1826 3169 quin
1850 3109 1962 3154 mali
1978 3110 2251 3156 exhibentes
2315 3130 2331 3169 ρ,

275 3195 322 3225 se
349 3181 583 3224 ministros
614 3180 716 3234 Dei,
750 3189 795 3223 et
826 3178 1058 3223 Ecclesiae
1091 3179 1136 3221 in
1170 3179 1505 3237 dispensatione
1532 3188 1925 3222 sacramentorum
1952 3178 2161 3238 peccentss
2184 3176 2251 3223 Et

274 3249 378 3307 quia
405 3248 495 3292 hoc
523 3257 762 3306 peccatum
782 3247 972 3305 pertinet
999 3247 1053 3290 ad
1073 3246 1413 3290 irreverentiam
1441 3246 1541 3299 Dei,
1570 3256 1613 3289 et
1636 3246 2077 3290 contaminationem
2095 3258 2249 3290 sacra-¹*

275 3327 551 3369 mentorum,
585 3325 806 3374 quantum
833 3325 900 3359 est
926 3328 980 3358 ex
1006 3324 1130 3372 parte
1159 3314 1296 3371 ipsius
1330 3313 1584 3371 peccatoris
1619 3313 1747 3370 (licet
1771 3322 2059 3358 sacramenta
2085 3326 2244 3357 secun-

276 3383 384 3426 dum
412 3383 559 3441 seipsa
586 3381 1007 3427 incontaminabilia
1024 3381 1148 3438 sint),
1173 3395 1459 3439 consequens
1478 3391 1557 3434 est,
1586 3382 1708 3439 quod
1730 3379 1821 3425 tale
1839 3390 2080 3439 peccatum
2097 3392 2152 3424 ex
2170 3392 2245 3440 ge-
2318 3381 2320 3383 ’

274 3464 382 3494 nere
409 3464 493 3494 suo
521 3450 578 3494 sit
603 3449 812 3494 mortale.

366 3517 441 3561 An
467 3530 653 3562 ramum
682 3531 793 3575 ergo
821 3515 1077 3570 dicendum,
1104 3514 1227 3574 quod
1254 3528 1393 3573 opera
1417 3514 1648 3559 charitatis
1674 3528 1767 3559 non
1785 3523 1889 3559 sunt
1909 3512 2062 3574 aliqua
2086 3526 2245 3559 conse·
2307 3543 2310 3546 -

276 3585 478 3629 eratione
505 3584 810 3639 sanctificata;
837 3582 916 3629 sed
942 3583 1040 3642 ipsa
1065 3581 1291 3642 pertinent
1317 3582 1373 3625 ad
1400 3583 1595 3640 justitiae
1629 3582 1932 3636 sanctitatem,
1964 3581 2082 3627 sicut
2111 3593 2248 3641 quaeq

275 3651 381 3696 darn
402 3651 600 3711 Justitiae
626 3662 797 3711 partes;
825 3661 869 3696 et
893 3651 998 3696 ideo
1016 3649 1176 3704 homo,
1194 3649 1272 3709 qui
1288 3663 1335 3694 se
1354 3650 1534 3694 exhibet
1552 3649 1656 3694 Deo
1674 3649 1934 3694 ministrum
1959 3649 2007 3693 in
2029 3647 2241 3708 operibus
