2352 3926
266 162 373 235 638
759 173 1039 222 QUAESTIO
1079 173 1268 213 Lxxm.
1308 166 1617 213 ARTICU'LUS
1655 169 1692 215 1.

265 281 371 340 quid
400 293 581 325 sacrum
598 279 644 322 in
662 277 821 321 ordine
840 275 897 320 ad
915 275 1052 330 aliud,
1070 274 1245 320 scilicet
1259 273 1474 318 virtutem
1496 274 1552 318 ad
1567 273 1968 321 sanctificandum:
1988 284 2037 320 et
2059 274 2223 320 eadem

271 349 386 392 ratio
428 356 495 391 est
521 346 575 389 de
604 345 863 396 chrismate,
891 353 934 386 et
960 341 1196 386 similibus.
1229 341 1286 385 Et
1308 341 1414 385 ideo
1437 333 1774 385 sacramentum
1794 340 2107 387 Eucharistiae
2131 354 2228 402 per-

264 414 412 458 ficitur
434 414 480 456 in
499 413 595 471 ipsa
614 410 960 454 consecratione
986 409 1223 453 materiae:
1244 407 1332 452 alia
1348 422 1458 452 vero
1476 418 1761 453 sacramenta
1777 404 2072 467 perficiuntur
2086 410 2227 469 irs-ap·

264 479 508 538 plicatione
527 477 742 521 materiae
761 476 816 519 ad
833 476 1072 520 hominem
1091 475 1488 520 sanctificandum:
1515 484 1560 519 et
1586 489 1640 519 ex
1656 475 1747 518 hoc
1772 475 1911 535 etiarn
1933 472 2227 534 consequitur

266 546 353 590 alia
381 544 656 598 differentia3
683 557 792 586 nam
818 543 864 585 in
891 552 1179 586 sacramento
1213 542 1524 586 Eucharistiae
1556 542 1603 585 id
1633 542 1756 600 quod
1788 551 1857 586 est
1885 555 1972 596 res,
2004 547 2050 586 et
2079 552 2228 586 sacr-a-

265 621 486 664 mentum,
514 620 578 654 est
605 611 652 653 in
668 610 765 669 ipsa
782 609 996 664 materia3
1014 609 1059 653 id
1083 619 1238 654 autem
1265 608 1387 667 quod
1405 618 1473 652 est
1489 622 1560 652 res
1576 617 1768 662 tantum,
1786 617 1853 654 est
1873 609 1921 652 in
1936 606 2228 667 suscipiente,

265 679 438 723 scilicet
470 677 629 736 gratia,
666 691 781 736 quae
819 675 1073 720 confertur:
1111 676 1158 719 in
1193 675 1420 735 baptismo
1459 684 1612 718 autem
1648 684 1892 734 utrumque
1920 683 1989 719 est
2011 675 2061 718 in
2092 675 2229 719 susci-

265 746 430 804 piente,
457 744 632 788 scilicet
664 754 709 788 et
735 743 983 798 character,
1011 743 1088 801 qui
1114 752 1182 787 est
1206 757 1290 797 res,
1319 751 1364 786 et
1389 751 1742 795 sacramentum,
1761 751 1806 786 et
1837 742 1980 800 gratia
2004 741 2231 786 remissio-
2333 750 2352 804 ᾗ

265 813 334 856 nis
361 821 672 872 peccatorum,
699 824 815 870 quae
833 820 902 854 est
918 823 989 854 res
1009 820 1201 854 tantum.
1218 809 1275 854 Et
1296 809 1458 853 eadem
1484 809 1600 854 ratio
1627 818 1695 853 est
1715 809 1772 854 de
1794 806 1894 853 aliis
1917 808 2228 854 sacramentis.
2334 821 2347 827 ’

962 986 1396 1044 ARTICULUS
1432 987 1504 1043 II.
2140 1011 2229 1059 427

482 1125 675 1164 UTRUM
714 1124 846 1164 HOC.
875 1122 1286 1164 SACRAMENTUM
1325 1123 1410 1161 SIT
1449 1122 1628 1173 UNUM‚
1666 1122 1770 1160 VEL
1810 1121 2003 1162 PLURA·

609 1235 740 1295 (Infr.
760 1250 798 1294 q.
816 1236 883 1294 78.
902 1241 983 1279 art.
1002 1234 1043 1280 6.
1062 1234 1116 1278 ad
1132 1249 1172 1279 2.
1191 1239 1228 1278 et
1243 1246 1285 1291 4.
1304 1232 1415 1277 Dist.
1434 1234 1475 1279 8.
1493 1247 1531 1291 q.
1550 1248 1585 1278 x.
1603 1238 1685 1277 art.
1702 1248 1738 1277 1.
1757 1247 1795 1290 q.
1813 1232 1892 1290 2.)-

356 1347 431 1391 ΑΒ
459 1359 720 1391 SECUNDUM
747 1345 810 1389 sic
846 1344 1118 1403 proceditur.
1151 1344 1357 1398 Videtur,
1393 1342 1515 1401 quod
1552 1341 1835 1386 Eucharistia
1870 1355 1965 1385 non
1997 1341 2055 1386 sit
2084 1352 2229 1385 unum

266 1423 621 1465 sacramentum,
644 1412 721 1456 sed
744 1411 896 1471 plura:
916 1411 1077 1455 dicitur
1095 1411 1276 1454 enimin
1293 1409 1530 1454 Collecta:
1562 1425 1585 1450 «
1606 1408 1855 1452 Purificent
1874 1421 1976 1462 nos,
2006 1408 2223 1466 Domine,

267 1489 552 1525 sacramenta
589 1493 704 1538 quae
739 1479 1015 1537 sumpsimus
1042 1493 1084 1523 »ε
1122 1477 1244 1536 quod
1281 1476 1467 1535 quidem
1507 1476 1669 1519 dicitur
1702 1484 1886 1534 propter
1910 1474 2223 1519 Eucharistiae

268 1548 632 1606 susceptionem;
661 1560 771 1604 ergo
798 1545 1082 1589 Eucharistia
1107 1559 1202 1588 non
1220 1554 1287 1588 est
1312 1558 1455 1587 unum
1481 1552 1835 1596 sacramentum,
1863 1542 1943 1586 sed
1968 1541 2112 1600 plura.

358 1627 397 1657 2.
425 1614 722 1658 PRAETEREA.
750 1611 1037 1671 Impossibile
1064 1621 1146 1665 est,
1170 1610 1474 1670 multiplicato
1498 1623 1679 1668 genere,
1705 1623 1801 1653 non
1819 1607 2114 1667 multiplicari
2139 1621 2232 1667 spe-

269 1682 413 1735 ciem3
439 1681 555 1724 sicut
581 1679 704 1739 quod
731 1694 846 1722 unus
873 1679 1018 1722 homo
1045 1678 1102 1722 sit
1133 1678 1263 1737 plura
1295 1677 1533 1721 animalia:
1568 1676 1647 1720 sed
1682 1676 1866 1734 signum
1899 1685 1968 1719 est
1992 1683 2136 1735 genus
2167 1688 2232 1719 sa·

270 1748 505 1801 eramenti,
532 1756 580 1791 ut
605 1761 740 1805 supra
772 1746 946 1790 dictum
964 1755 1031 1790 est
1056 1746 1116 1804 (q.
1146 1745 1217 1791 60.
1245 1751 1328 1789 art.
1350 1745 1437 1802 1.).·
1467 1759 1574 1788 cum
1599 1744 1735 1802 igitur
1760 1743 1807 1786 in
1833 1741 2116 1786 Eucharistia
2139 1741 2234 1786 sint

270 1814 399 1874 plura
421 1817 563 1873 signa,
591 1814 764 1858 scilicet
785 1814 928 1872 paniS,
956 1822 1000 1857 et
1016 1813 1190 1867 vinum,
1215 1812 1392 1856 videtur
1410 1825 1694 1870 consequens
1713 1823 1827 1864 esse,
1852 1809 1975 1868 quod
1993 1809 2082 1853 sint
2101 1807 2232 1868 plura

268 1892 569 1926 sacramenta.

362 1963 400 2008 3.
427 1949 726 1993 PRAETEREA.
760 1947 862 1992 Hoc
895 1955 1234 1991 sacramentum
1266 1945 1496 2005 perficitur
1526 1945 1574 1988 in
1611 1943 1959 1989 consecratione
1998 1942 2232 1997 materiae,
2313 1998 2316 2002 y

275 2017 391 2060 sicut
417 2017 590 2060 dictum
617 2024 686 2060 est
713 2015 811 2072 (art.
826 2022 970 2074 praec.
993 2014 1047 2059 ad
1063 2014 1122 2074 3.)
1136 2030 1149 2059 .·
1177 2014 1254 2058 sed
1280 2014 1327 2057 in
1352 2013 1443 2057 hoc
1477 2021 1766 2057 sacramento
1799 2020 1868 2056 est
1891 2009 2056 2070 duplex
2087 2019 2231 2055 mate·
2256 2013 2258 2015 ’

272 2084 366 2127 riae
393 2083 705 2136 consecrati03
732 2096 842 2140 ergo
871 2092 938 2126 est
969 2081 1134 2140 duplex
1166 2087 1519 2125 sacramentum.
2091 2071 2095 2076 ’

359 2151 454 2195 SED
479 2162 675 2195 CONTRA
693 2159 773 2203 est,
800 2149 922 2208 quod
941 2147 1191 2208 Apostolus
1219 2148 1328 2191 dicit
1363 2160 1399 2191 1.
1439 2146 1546 2191 Cor.
1589 2158 1676 2190 1o.:
1717 2146 1833 2189 Unus
1856 2145 1998 2204 panis,
2035 2149 2074 2188 et
2100 2154 2236 2188 mm
2307 2185 2323 2196 ,,

269 2226 420 2277 corpus
450 2217 573 2261 multi
603 2231 742 2261 sumus
774 2231 926 2269 omnes,
965 2217 1037 2274 qui
1067 2215 1113 2260 de
1138 2229 1220 2259 uno
1247 2222 1376 2274 pane,
1410 2219 1446 2258 et
1481 2213 1526 2257 de
1557 2227 1641 2257 uno
1673 2211 1801 2256 calice
1824 2211 2155 2271 participatum&
2178 2222 2235 2255 ex
2310 2214 2326 2259 j

273 2298 365 2344 quo
403 2292 540 2343 patet,
573 2283 696 2342 quod
732 2283 1018 2327 Eucharistia
1054 2292 1122 2326 est
1156 2290 1494 2326 sacramentum
1532 2278 1868 2326 ecclesiasticae
1906 2276 2113 2322 unitatis:
2153 2276 2234 2321 sed
2306 2289 2313 2309 ⁵

270 2359 607 2396 sacramentum
633 2349 981 2394 similitudinem
1014 2350 1130 2408 gerit
1155 2349 1235 2402 rei,
1268 2349 1395 2406 cujus
1422 2356 1490 2391 est
1520 2355 1884 2399 sacramentum3
1915 2354 2028 2402 ergo
2059 2342 2236 2388 Eucha-

268 2419 394 2463 ristia
420 2426 489 2462 est
513 2430 656 2461 unum
688 2427 1041 2461 sacramentum.
2053 2418 2060 2423 “
2305 2414 2310 2460 J

353 2485 643 2530 REsponzo
662 2484 922 2537 dicendum,
949 2483 1086 2542 quod,
1109 2482 1226 2526 sicut
1252 2481 1414 2524 dicitur
1445 2493 1480 2538 5.
1500 2478 1699 2538 Metaph.
1718 2477 1821 2536 (tex.
1839 2492 1882 2537 9.
1898 2483 1938 2522 et
1954 2477 2072 2539 seq),
2089 2487 2233 2521 unum
2297 2518 2300 2521 ,

271 2552 446 2606 dicitur,
471 2566 566 2595 non
588 2550 739 2596 solum
764 2551 888 2609 quod
916 2560 983 2594 est
1008 2547 1293 2603 indivisibile,
1319 2547 1394 2591 vel
1419 2546 1542 2606 quod
1569 2555 1637 2590 est
1663 2545 1947 2599 continuum,
1980 2544 2060 2589 sed
2092 2544 2233 2590 etiam
2303 2555 2310 2605 ᾖ,

271 2619 394 2680 quod
421 2629 488 2663 est
513 2617 780 2678 perfectum,
799 2619 915 2660 sicut
932 2617 1092 2660 dicitur
1110 2629 1199 2659 una
1217 2615 1397 2669 domus,
1425 2623 1469 2658 et
1493 2627 1609 2657 unus
1634 2613 1794 2656 homo.
1821 2613 1902 2656 Est
1918 2621 2071 2657 autem
2089 2624 2233 2656 unum
2310 2653 2318 2661 ,,

270 2685 564 2747 perfectione,
602 2685 657 2728 ad
691 2685 819 2742 cujus
851 2683 1157 2741 integritatem
1196 2690 1473 2726 concurrunt
1504 2680 1676 2733 omnia,
1709 2692 1825 2738 quae
1857 2679 2144 2739 requiruntur
2175 2677 2232 2723 ad
2302 2686 2317 2714 2‘

272 2753 411 2798 finem
445 2752 677 2810 ejusdem:
712 2750 829 2795 sicut
858 2750 1003 2794 homo
1029 2749 1279 2807 integratur
1306 2763 1359 2792 ex
1385 2749 1596 2791 omnibus
1629 2746 1848 2791 membris
1877 2745 2145 2790 necessariis
2175 2743 2236 2790 ad

272 2820 590 2880 operationem
617 2818 811 2871 animae,
849 2827 892 2861 et
922 2816 1089 2860 domus
1121 2816 1370 2873 integratur
1404 2829 1458 2859 ex
1490 2814 1702 2858 omnibus
1735 2813 1949 2872 partibus,
1980 2826 2099 2872 quae
2129 2816 2235 2858 sunt
2292 2813 2330 2855 Γ.

271 2886 555 2933 necessariae
583 2884 638 2930 ad
664 2884 1034 2929 inhabitandum:
1067 2892 1112 2927 et
1143 2883 1206 2927 sic
1240 2883 1329 2926 hoc
1364 2891 1702 2925 sacramentum
1735 2880 1899 2924 dicitur
1917 2878 2085 2925 unum:
2119 2878 2236 2924 ordi-:-

271 2965 405 3000 natur
431 2955 555 2998 enim
583 2953 639 2998 ad
665 2951 945 3012 spiritualem
971 2949 1284 3004 refectionem,
1312 2963 1427 3009 quae
1445 2948 1674 3007 corporali
1690 2946 2016 2993 conformatur.
2037 2946 2112 2992 Ad
2137 2956 2235 2991 cot*
2295 2947 2315 2999 ἶ,

271 3023 479 3083 poralem
507 3029 661 3065 autem
682 3018 981 3063 refectionem
1004 3017 1098 3065 duo
1119 3017 1421 3075 requiruntur,
1439 3015 1614 3060 scilicet
1631 3015 1769 3069 cibus,
1785 3014 1866 3075 qui
1881 3023 1949 3059 est
1964 3013 2235 3059 alimentum

272 3091 462 3143 siccum,
489 3098 535 3133 et
559 3096 708 3147 potus,
732 3086 809 3145 qui
834 3093 901 3130 est
929 3083 1198 3128 alimentum
1226 3083 1492 3138 humidum3
1513 3092 1556 3126 et
1572 3082 1676 3126 ideo
1695 3082 1834 3126 etiam
1851 3080 1907 3126 ad
1923 3080 2263 3145 integritaeentff«
2283 3075 2317 3143 ‘fs'
2332 3126 2339 3130 ⁷,

270 3157 405 3215 huJus
431 3154 704 3200 sacramenti
722 3154 812 3198 duo
840 3160 1129 3205 concurrunt,
1148 3150 1321 3194 scilicet
1342 3149 1584 3209 spiritualis
1602 3149 1743 3203 cibus,
1765 3157 1810 3193 et
1822 3145 2066 3208 spiritualis
2082 3142 2248 3206 potuis(
2340 3171 2350 3196 ,·

272 3223 526 3269 secundum
552 3221 663 3266 illud
675 3221 804 3279 Joan.
824 3217 886 3263 6.:
918 3219 1030 3263 Caro
1056 3231 1148 3262 mea
1173 3232 1267 3261 vere
1293 3223 1347 3261 est
1373 3218 1500 3270 cibus,
1529 3223 1567 3261 et
1586 3217 1753 3274 sanguis
1769 3227 1989 3260 meusvan
2018 3209 2247 3273 estpofflss'
2348 3228 2351 3230 ·

274 3304 385 3349 ergo
412 3291 503 3334 hoc
531 3297 869 3334 sacramentum
887 3285 1032 3330 multa
1058 3284 1243 3344 quidem
1269 3294 1337 3328 est
1362 3283 1670 3338 materialiter,
1697 3282 1776 3328 sed
1801 3292 1945 3327 unum
1963 3279 2232 3337 formaliter,
2284 3282 2352 3342 ,ᾖ

274 3369 320 3403 et
344 3357 604 3418 perfective.
2186 3382 2190 3384 >
2221 3371 2223 3374 ⁴
2269 3354 2342 3449 35

363 3426 439 3469 An
465 3434 653 3469 numm
681 3435 791 3481 ergo
818 3419 1076 3473 dicendum,
1099 3417 1220 3477 quod
1247 3418 1293 3461 in
1320 3418 1482 3462 eadem
1510 3416 1720 3463 Collecta
1745 3425 1790 3461 et
1813 3414 2047 3476 pluraliter
2069 3411 2243 3477 dicium:
2276 3407 2331 3473 §ff

275 3493 447 3552 primo:
473 3507 496 3532 «
520 3489 766 3534 Purificent
790 3501 875 3533 nos
891 3495 1176 3532 sacramenta
1202 3498 1318 3544 quae
1345 3485 1623 3544 sumpsimus
1645 3500 1687 3539 »,
1705 3493 1751 3528 et
1769 3492 1929 3543 postea
1944 3476 2316 3542 singulmaer

275 3560 500 3604 subditur:
531 3572 555 3599 «
581 3557 684 3602 Hoc
716 3565 847 3601 tuum
879 3562 1217 3600 sacramentum
1254 3565 1347 3596 non
1374 3552 1431 3597 sit
1455 3551 1587 3597 nobis
1620 3560 1770 3596 reatus
1795 3550 1851 3595 ad
1877 3539 2246 3609 pneuma-,mas

2212 3873 2220 3883 a
2254 3866 2267 3885 [ff
2280 3876 2287 3879 ἡ
