2352 3926
334 260 439 316 372
856 256 1135 302 QUAESTIO
1177 257 1321 296 xmv.
1347 257 1670 298 ARTIcums
1710 259 1787 298 111.

333 361 465 406 fecit:
493 358 612 403 unde
635 359 946 417 Hieronymus
968 373 1103 418 super
1118 357 1228 403 illud
1245 359 1409 404 Matth.
1428 374 1470 420 9.
1484 369 1497 403 :⁴
1519 360 1700 419 Surgam·
1718 367 1879 407 secutus
1897 364 1955 408 est
1969 361 2297 422 eumsseu‘super

331 428 463 472 illud:
500 428 609 471 Cum
629 427 838 479 transiret,
867 425 974 470 vidit
996 426 1218 480 hominem,
1237 427 1334 484 etc.)
1357 426 1486 470 dicit:
1518 426 1731 486 «Fulgor'
1747 427 1860 486 ipse,
1881 437 1926 473 et
1949 428 2302 490 majesta-&divis

331 496 483 540 nitatis
502 493 725 547 occultae,
744 507 860 552 quae
888 493 1024 537 etiam
1051 493 1097 537 in
1122 493 1238 538 facie
1261 493 1491 538 relucebat
1506 494 1724 548 humana,
1748 495 2091 541 videntes-adse
2115 495 2300 542 &ahere

331 572 510 621 poterat
541 576 593 604 ex
626 561 774 619 primo
810 571 993 619 aspectu
1011 576 1063 614 »3
1107 570 1153 605 et
1187 575 1322 619 super
1361 560 1472 605 illud
1502 562 1664 606 Matth.
1688 574 1785 607 21.:
1810 563 2025 621 Ejiciebat
2050 566 2187 609 onsncs
2199 578 2298 622 {ven-

331 630 476 680 ᾱεηίες,
514 635 554 672 et
583 634 768 682 ementes,
797 637 882 671 etc.
915 627 1005 684 (seu
1039 636 1162 686 super
1199 627 1326 673 illu-d:
1359 628 1576 687 Principes
1599 629 1873 683 sacerdotum,
1899 629 2010 687 eta),
2038 629 2148 687 dicit
2171 630 2295 675 idem

332 696 664 754 Hieronymus:
697 711 719 735 «
738 694 851 738 Mihi
884 694 1001 738 inter
1018 695 1174 738 omnia
1195 695 1340 754 signa,
1360 709 1475 753 quae
1501 694 1607 739 fecit
1628 696 1873 750 Dominus,
1889 696 1981 740 hoc
1996 687 2296 755 videturesse

333 762 597 815 mirabilius,
641 762 763 820 quod
806 776 921 805 unus
963 762 1122 815 homo,
1165 773 1210 806 et
1249 762 1329 805 illo
1362 772 1569 820 tempore
1604 763 1959 821 contemptibilis
1977 776 1979 779 ’
1998 763 2198 823 potuerit
2219 764 2294 809 *ad

334 831 467 873 unius
492 828 663 886 flagelli
696 829 885 873 verbera
917 838 1090 873 tantam
1120 830 1282 888 ejicere
1310 829 1672 874 multitudinem:
1702 831 1889 888 igneum
1915 830 2045 875 enim
2065 830 2297 890 quiddam

334 907 468 955 atque
502 898 746 956 sydereum
777 896 981 940 radiabat
1013 910 1066 940 ex
1100 896 1244 940 oculis
1278 898 1388 955 ejus,
1422 906 1466 940 et
1508 897 1753 941 divinitatis
1786 899 2002 955 majestas
2037 897 2299 943 lucebat'in!

331 964 448 1008 facie
497 966 593 1022 ejus
625 981 666 1005 >›.
700 963 756 1007 Et
798 963 990 1022 Origen.
1025 964 1132 1008 dicit
1163 978 1297 1022 super
1323 964 1454 1021 Joan.
1481 965 1610 1021 (tomo
1637 979 1676 1009 2.
1713 965 1933 1009 secundum
1976 967 2063 1023 ejus
2091 964 2297 1021 ordinem,

333 1038 425 1075 ante
451 1031 576 1088 med.)
610 1031 701 1075 hoc
730 1044 828 1074 esse
860 1031 1008 1088 majus
1036 1031 1309 1074 miraculum
1343 1045 1414 1084 eo,
1442 1045 1533 1089 quo
1562 1045 1678 1090 aqua
1711 1042 2024 1078 conversaest
2043 1031 2091 1076 in
2107 1031 2294 1078 vinum:

333 1113 388 1142 eo
417 1098 539 1157 quod
577 1097 710 1142 «illic
737 1098 987 1141 inanimata
1021 1098 1220 1141 subsistit
1246 1098 1457 1151 materia3
1491 1098 1564 1141 hic
1598 1112 1709 1142 vero
1731 1106 1798 1142 tot
1826 1098 2023 1144 millium
2053 1099 2298 1145 hominum

332 1166 578 1210 domantur
603 1165 844 1222 ingenia».
869 1165 924 1208 Et
941 1178 1074 1222 super
1091 1164 1200 1208 illud
1222 1165 1352 1222 Joan.
1386 1165 1450 1208 18.
1470 1180 1479 1207 :
1508 1166 1718 1209 Abierant
1733 1171 1982 1219 retrorsum,
1999 1172 2038 1211 et
2062 1165 2303 1212 ceciderunt

333 1235 379 1277 in
421 1239 595 1287 terram,
622 1232 731 1275 dicit
771 1231 1057 1290 Augustinus
1100 1232 1285 1287 (tractat.
1328 1247 1414 1276 112.
1453 1233 1498 1275 in
1528 1233 1654 1288 Joan.
1696 1238 1790 1276 ante
1824 1231 1993 1291 med-J:
2029 1224 2298 1278 «Ufimv'oit

332 1310 508 1344 tantam
541 1299 720 1343 turbam
761 1299 867 1343 odis
901 1298 1120 1352 ferocem,
1150 1299 1378 1356 armisque
1403 1298 1652 1342 terribilem
1686 1299 1783 1343 sine
1813 1298 1907 1344 t'elo
1939 1298 2302 1362 ulfo-perqussit,

335 1366 514 1426 repulit,
541 1366 709 1410 stravit.
736 1366 862 1409 Deus
890 1366 1012 1410 enim
1039 1365 1208 1410 latebat
1231 1366 1279 1409 in
1314 1376 1449 1409 carne
1466 1382 1506 1409 ».
1534 1365 1590 1409 Et
1616 1365 1672 1419 ad
1698 1365 1822 1410 idem
1846 1367 2055 1425 perfinet,
2083 1366 2305 1430 woffdss

335 1435 449 1479 citur
476 1435 630 1478 Lucae
654 1446 697 1488 4.
725 1433 845 1492 quod
868 1434 985 1490 sesus
1020 1435 1222 1478 transiens
1249 1442 1327 1492 per
1352 1433 1537 1477 medium
1562 1434 1734 1478 illorum
1765 1435 1882 1479 ibat?
1917 1433 1994 1478 ubi
2025 1433 2136 1480 dit-‚it
2152 1433 2302 1494 Chry·

338 1513 571 1546 sostomus
603 1495 801 1559 (homilia
831 1514 901 1559 47.
928 1502 974 1544 in
998 1494 1138 1557 'Joan.
1174 1508 1335 1559 parum
1377 1514 1404 1544 a
1429 1502 1684 1560 principio),
1719 1499 1845 1559 quod
1878 1500 2114 1547 «·stare‹in
2140 1500 2305 1547 medio

331 1569 658 1622 insidiantium,
686 1578 728 1612 et
760 1582 854 1611 non
888 1567 1180 1626 apprehendi,
1214 1567 1459 1611 divinitatis
1493 1568 1789 1612 eminentiam
1822 1567 2145 1617 ostendebatur
2168 1576 2230 1615 §vt
2254 1575 2301 1614 εἰ

332 1637 454 1696 quod
478 1636 641 1680 dicitur
659 1635 848 1693 Joannis
881 1635 946 1678 8.:
969 1635 1082 1691 Jesus
1114 1634 1326 1679 abscondit
1355 1649 1409 1688 se,
1438 1641 1474 1680 et
1499 1636 1632 1680 exivit
1656 1634 1702 1680 de
1730 1630 2300 1695 templot>ffubivTheophy

330 1704 477 1748 lactus
518 1703 644 1747 dicit:
694 1719 717 1743 c<
739 1702 847 1746 Non
875 1702 1112 1745 abscondit
1144 1716 1192 1746 se
1235 1702 1280 1744 in
1309 1701 1478 1760 angulo
1512 1701 1672 1761 templi
1705 1702 1835 1761 quasi
1869 1702 2053 1757 timens,
2082 1700 2158 1761 vel
2194 1710 2303 1762 post

330 1785 529 1825 murum,
565 1780 641 1814 aut
674 1769 943 1813 columnam
975 1769 1231 1823 divertens;
1259 1769 1338 1813 sed
1370 1769 1522 1813 divina
1555 1779 1780 1828 potestate
1811 1762 1860 1816 se
1890 1768 2302 1818 invisibitiemtffiisi-

333 1839 560 1883 diantibus
588 1837 882 1890 constituens,
910 1851 989 1896 per
1015 1836 1220 1880 medium
1237 1835 1423 1880 illorum
1441 1836 1578 1880 exivit
1594 1837 1714 1881 ».Ex
1745 1836 1910 1896 quibus
1929 1836 2303 1896 omnibuspmetff

335 1906 458 1966 quod
493 1905 718 1958 Christus,
752 1904 935 1963 quando
966 1903 1126 1957 voluit,
1158 1903 1323 1948 virtute
1358 1903 1507 1946 divina
1542 1905 1717 1947 animas
1747 1903 1994 1948 hominum
2023 1903 2305 1959 immutavit,

337 1989 432 2019 non
459 1973 612 2018 solum
637 1972 942 2031 justificando,
961 1981 1006 2015 et
1023 1971 1291 2030 sapientiam
1320 1970 1599 2014 infundendo
1627 1971 1770 2030 (quod
1797 1971 1994 2030 pertinet
2017 1971 2074 2016 ad
2105 1972 2305 2019 miracu-¹

335 2042 486 2086 lorum
513 2040 690 2096 finem),
716 2039 794 2083 sed
822 2039 960 2082 etiam
983 2039 1175 2082 exterius
1196 2037 1455 2092 alliciendo,
1481 2037 1555 2082 vel
1579 2038 1805 2093 terrendo,
1830 2038 1906 2083 vel
1928 2037 2299 2098 stupefaciendo:

297 2115 304 2125 '
337 2109 459 2168 quod
486 2109 678 2167 pertinet
705 2107 759 2150 ad
793 2106 891 2165 ipsa
917 2105 1152 2149 miracula.

423 2176 498 2220 AD
532 2187 791 2219 SECUNDUM
826 2174 1085 2226 dicendum,
1129 2173 1251 2231 quod
1280 2173 1489 2217 Christus
1528 2182 1716 2217 venerat
1739 2172 1917 2235 salvare
1948 2173 2301 2228 mundum‚÷non

334 2244 486 2289 solum
509 2243 671 2286 virtute
698 2242 863 2295 divina,
886 2241 964 2284 sed
988 2255 1066 2300 per
1085 2240 1353 2299 mysterium
1379 2241 1709 2284 Incarnationis
1731 2241 1893 2299 ipsius:
1910 2250 1957 2287 et
1977 2239 2305 2300 ideo'frequen'·

331 2322 401 2355 ter
427 2311 473 2353 in
506 2309 743 2353 sanatione
769 2308 1056 2352 infirmorum
1082 2323 1176 2351 non
1199 2307 1297 2352 sola
1324 2318 1548 2366 potestate
1571 2308 1721 2352 divina
1748 2308 1968 2362 utebatur,
1995 2308 2199 2353 curando
2223 2321 2305 2368 per

334 2378 527 2422 modum
567 2376 761 2434 imperii,
803 2377 881 2419 sed
910 2377 1048 2419 etiam
1089 2375 1255 2434 aliquid
1285 2375 1340 2418 ad
1367 2375 1702 2419 humanitatem
1734 2376 1876 2435 ipsius
1901 2375 2135 2435 pertinens
2166 2389 2309 2435 appo.-

334 2445 512 2499 nendo;
539 2444 659 2487 unde
682 2458 815 2502 super
840 2442 949 2486 illud
979 2443 1088 2486 Luc.
1115 2454 1156 2497 4.
1175 2443 1383 2501 :Singulis
1404 2458 1552 2487 manus
1577 2445 1807 2503 imponens,
1833 2444 2009 2491 curabat
2030 2442 2308 2499 omms,'dicit

337 2510 538 2572 Cyrillus
565 2512 660 2569 (lib.
686 2524 728 2567 4.
755 2513 800 2553 in
820 2511 945 2567 Joan.
973 2518 1092 2568 super
1118 2509 1223 2554 illud
1248 2511 1374 2566 Joan.
1403 2510 1463 2555 6.:
1493 2511 1589 2555 Nisi
1620 2511 1975 2555 manducaveritis
1998 2519 2184 2566 carnem,
2210 2516 2305 2565 etc-3.
2343 2540 2347 2542 —

333 2585 370 2625 et
387 2580 558 2623 habetur
569 2580 614 2622 in
630 2578 720 2622 Cat.
735 2579 795 2621 D.
817 2578 964 2621 Thom.
992 2585 1113 2636 super
1133 2578 1343 2635 Lucam):
1374 2593 1397 2619 «
1424 2577 1651 2629 Quamvis
1671 2587 1722 2621 ut
1741 2578 1870 2622 Deus
1893 2577 2304 2637 potuissetomnes
2346 2626 2347 2629 Ἴ

333 2647 473 2690 verbo
516 2644 683 2705 pellere
722 2645 925 2698 morbos,
970 2644 1116 2703 tangit
1151 2654 1306 2688 tamen
1348 2658 1525 2698 omnes,
1558 2645 1800 2688 ostendens
1841 2644 2075 2704 propriam
2114 2651 2303 2690 carnem

336 2713 570 2759 efficacem
600 2712 655 2756 ad
682 2712 951 2771 praestanda
978 2712 1180 2755 remedia
1199 2727 1250 2766 »ς
1278 2721 1323 2755 et
1348 2725 1480 2770 super
1501 2710 1611 2755 illud
1625 2711 1769 2755 Marci
1795 2711 1860 2756 8.:
1888 2712 2083 2772 Expuens
2097 2713 2143 2758 in
2167 2712 2305 2758 oculos

318 2784 437 2840 ejus,
464 2781 667 2839 impositis
691 2781 898 2832 manibus,
929 2778 1402 2838 etc.,dicitChrysost.
1433 2779 1495 2833 (id
1520 2779 1638 2823 habet
1663 2779 1804 2823 Victor
1820 2779 2105 2824 Antiochenses
2123 2780 2170 2824 in
2194 2779 2303 2825 hunc
2347 2791 2352 2799 ’·

338 2850 516 2906 locum):
563 2863 586 2888 «
621 2847 751 2906 Spuit
777 2847 975 2905 quidem,
1004 2857 1048 2890 et
1080 2860 1241 2890 manus
1275 2846 1471 2904 imponit
1503 2860 1658 2899 caeco,
1695 2844 1855 2890 volens
1893 2846 2148 2901 ostendere,
2179 2845 2308 2906 quod
2342 2896 2344 2898 v

339 2915 531 2960 verbum
555 2914 759 2958 divinum
787 2914 1043 2972 operationi
1071 2914 1333 2971 adjunctum
1368 2912 1589 2956 miracula
1612 2912 1800 2971 perficit,
1814 2927 1977 2958 manus
1998 2913 2129 2962 enim
2145 2923 2307 2973 opera-—

337 2984 474 3028 tionis
498 2992 564 3027 est
596 2982 839 3038 ostensiva,
867 2991 1023 3040 sputus
1046 2981 1270 3024 sermonis
1294 2994 1348 3023 ex
1375 2994 1454 3023 ore
1481 2979 1644 3038 prolati
1661 2996 1713 3034 »3
1741 2990 1785 3025 et
1811 2994 1945 3040 super
1966 2979 2077 3025 illud
2090 2972 2221 3039 Joan.
2243 2989 2303 3041 92:

337 3052 454 3096 Fecit
480 3051 614 3096 lutum·
640 3064 689 3094 ex
713 3055 843 3108 sputo,
872 3054 907 3093 et
933 3048 1074 3092 linivit
1096 3048 1229 3092 lutum
1245 3055 1367 3106 super
1393 3047 1528 3092 oculos
1555 3049 1681 3102 caeci,
1708 3047 1817 3092 dicit
1841 3048 2037 3107 August.
2071 3047 2212 3105 (tract.
2227 3043 2302 3106 4⁴4.

336 3120 382 3162 in
402 3119 528 3175 soan.
547 3125 706 3176 parum
737 3131 763 3160 a
782 3116 968 3175 princ.):
1008 3130 1030 3155 ‹<
1057 3115 1127 3158 De
1155 3113 1296 3158 saliva
1330 3129 1410 3158 sua
1442 3114 1586 3158 lutum
1622 3114 1742 3169 fecit,
1769 3115 1876 3174 quia
1908 3115 2091 3163 Verbum
2116 3114 2306 3175 moja·
2348 3137 2352 3161 ε

336 3192 447 3231 ctum
474 3192 587 3239 est»,
615 3183 689 3228 vel
713 3183 851 3228 etiam
876 3183 930 3226 ad
957 3181 1460 3241 significandum,quod
1484 3183 1578 3241 ipse
1605 3193 1716 3234 erat,
1738 3183 1815 3242 qui
1837 3196 1893 3228 ex
1913 3181 2027 3232 limo
2052 3181 2308 3245 terraeho‘
2346 3178 2352 3206 ³⁷

335 3253 508 3296 minem
535 3251 824 3304 formaverat,
855 3260 903 3293 ut
930 3249 1167 3308 Chrysost.
1192 3249 1301 3293 dicit
1329 3250 1456 3306 (hom.
1475 3264 1531 3308 55.
1560 3252 1603 3294 in
1622 3251 1746 3307 Joan.
1764 3256 1860 3296 ante
1879 3249 2040 3308 med.);
2059 3259 2309 3297 estantemt
2340 3200 2352 3312 ἑ

333 3320 453 3364 circa
482 3318 702 3363 miracula
733 3317 905 3362 Christi
932 3316 1328 3370 considerandum,
1347 3317 1468 3375 quod
1488 3318 1794 3362 communiter
1809 3315 2136 3377 perfectissima
2160 3325 2303 3376 oper&
2345 3313 2348 3318 ⁸

334 3387 552 3431 faciebat:
581 3386 699 3429 unde
727 3398 860 3443 super
886 3383 995 3428 illud
1017 3383 1145 3440 Joan.
1173 3395 1233 3428 2.:
1273 3385 1419 3428 Omnis
1453 3385 1573 3428 homo
1593 3386 1786 3443 primum
1812 3385 1973 3431 bomem,
1992 3385 2144 3430 vinum
2162 3385 2300 3443 ponit,
2350 3438 2351 3444 ἵ

333 3454 443 3498 dicit
467 3454 705 3512 Chrysost.
744 3452 874 3508 (hom.
904 3466 964 3496 21.
993 3452 1035 3494 in
1057 3451 1181 3507 Joan.
1210 3464 1235 3493 a
1260 3451 1411 3508 med.):
1444 3467 1466 3492 (ε
1496 3450 1627 3495 Talia
1656 3462 1759 3496 sunt
1786 3450 1959 3496 Christi
1984 3449 2302 3506 miraculae&

337 3521 484 3564 multo
507 3520 594 3574 his,
621 3534 737 3579 quae
764 3534 843 3578 per
868 3527 1078 3564 naturam
1105 3517 1231 3570 fiunt,
1258 3518 1552 3575 speciosiora,
1568 3528 1612 3563 et
1637 3519 1819 3564 utiliora
1840 3518 1950 3564 fiant
1961 3533 2009 3574 »ς
2028 3527 2076 3564 et
2093 3515 2303 3569 similiter
2350 3553 2352 3562 ς

335 3589 381 3632 in
408 3587 593 3631 instanti
620 3587 810 3631 infirmis
828 3584 1075 3646 perfectam
1095 3585 1337 3629 sanitatem
1357 3585 1644 3630 conferebat:
1660 3587 1779 3630 unde
1796 3583 2052 3645 superillud
2062 3582 2298 3630 Manu-&2

333 3656 390 3700 Et
420 3656 618 3709 surrexit,
636 3660 672 3699 et
698 3654 969 3699 ministrabat
994 3653 1090 3706 illis,
1125 3651 1232 3696 dicit
1260 3651 1529 3711 Hieronym.
1560 3652 1645 3710 (seu
1675 3660 1798 3712 super
1817 3651 1922 3698 illud
1939 3668 1955 3698 .·
1984 3651 2100 3699 Cum
2128 3652 2282 3699 vnisse
