2352 3926
330 241 436 297 818
772 250 1049 299 QUAESTIO
1089 248 1352 288 Lxxxvm.
1391 242 1698 287 AR'rmuLus
1738 247 1794 288 11.

416 358 492 402 AD
518 368 705 402 PRIMUM
731 367 840 412 ergo
859 351 1116 428 dicendum,
1143 350 1266 410 quod
1291 350 1382 398 hoc
1408 363 1503 393 non
1529 348 1691 394 dicitur
1716 349 1971 409 specialiter
1986 346 2043 395 de
2058 351 2166 396 istis
2176 361 2276 410 pec·
2303 361 2315 378 ⁹
2348 334 2352 344 ἰ

328 425 438 470 catis
464 426 568 483 quia
589 423 677 466 sint
703 420 891 465 caeteris
916 418 1141 478 graviora,
1168 417 1248 462 sed
1279 417 1386 477 quia
1407 416 1618 461 directius
1641 427 1931 476 opponuntur
1959 416 2199 463 beneficio
2211 431 2277 463 re-

329 491 558 536 missionis
584 497 891 548 peccatorum.
1998 502 2000 504 a
2172 491 2233 528 Q„

416 558 490 601 AD
524 568 783 601 SECUNDUM
816 552 1074 606 dicendum,
1108 551 1230 611 quod
1262 551 1400 595 etiam
1431 561 1621 610 peccata
1651 551 1862 606 venialia,
1895 561 1941 597 et
1963 553 2115 612 ipsum
2135 550 2278 612 origi-

326 625 444 677 nale,
471 624 660 667 redeunt
687 620 827 664 modo
861 619 1092 679 praedicto
1126 621 1189 676 (in
1215 627 1331 679 corp.
1363 619 1495 676 art)
1529 619 1646 662 sicut
1670 628 1716 663 et
1739 628 1927 678 peccata
1957 619 2261 675 mortalia,in
2213 633 2278 664 m-

328 701 547 750 quantum
574 688 880 733 contemnitur
911 687 1000 730 Dei
1025 685 1314 739 beneficium,
1341 699 1431 744 quo
1464 685 1578 729 haec
1605 695 1793 743 peccata
1817 694 1923 731 sunt
1946 687 2157 732 remissa:
2181 693 2276 731 non

324 767 478 802 tamen
503 771 581 815 per
607 765 844 814 peccatum
869 753 1047 797 veniale
1071 752 1232 811 aliquis
1258 752 1446 796 incurrit
1469 751 1856 810 ingratitudinem,
1881 752 1988 812 quia
1999 752 2158 798 horno
2173 762 2278 813 ‘pec-

325 824 470 868 cando
497 822 733 867 venialiter
758 835 852 864 non
877 819 984 864 facit
1007 829 1166 863 contra
1191 820 1359 873 Deum,
1382 818 1460 863 sed
1486 829 1664 878 praeter
1679 819 1854 878 ipsum:
1882 829 1927 864 et
1949 819 2055 864 ideo
2080 830 2162 879 per
2175 833 2276 880 pec-

325 900 423 936 cata
445 889 639 934 venialia
664 888 789 932 nullo
818 887 959 931 modo
986 896 1173 946 peccata
1200 886 1386 930 dimissa
1411 885 1613 930 redeunt.
2016 912 2018 914 v

413 958 488 1002 AD
522 969 738 1001 TERTmM
780 954 1038 1007 dicendum,
1078 953 1199 1012 quod
1234 952 1508 996 beneficium
1541 951 1724 1011 aliquod
1764 951 1901 996 habet
1932 952 2113 1011 pensari
2145 951 2278 1014 dupu-

325 1027 452 1071 citer:
479 1039 561 1068 uno
589 1023 729 1067 modo
758 1036 810 1067 ex
837 1023 1084 1081 quantitate
1109 1020 1249 1079 ipsius
1274 1019 1504 1063 beneficii:
1534 1029 1578 1064 et
1610 1019 1860 1063 secundum
1891 1019 1983 1064 hoc
2014 1019 2278 1065 innocentia

325 1103 392 1137 est
412 1093 558 1150 majus
585 1091 673 1135 Dei
697 1089 984 1142 beneficium,
1002 1102 1139 1147 quam
1156 1087 1449 1145 poenitentia,
1476 1100 1591 1144 quae
1609 1086 1771 1130 dicitur
1788 1086 1987 1130 secunda
2003 1086 2157 1144 tabula
2172 1098 2278 1147 post

323 1158 633 1217 naufragium:
653 1158 735 1202 alio
754 1156 872 1201 modo
890 1165 1038 1215 potest
1054 1154 1232 1212 pensari
1247 1153 1520 1197 beneficium
1537 1167 1590 1196 ex
1606 1163 1732 1211 parte
1749 1154 2020 1212 recipientis,
2031 1155 2112 1213 -qui
2126 1154 2277 1199 minus

325 1236 392 1271 est
416 1226 602 1284 dignus:
621 1233 664 1269 et
685 1224 749 1269 sic
773 1223 918 1282 magis
944 1222 994 1266 fit
1015 1222 1099 1265 sibi
1115 1221 1282 1279 gratia:
1309 1220 1427 1263 unde
1455 1229 1499 1263 et
1522 1220 1618 1278 ipse
1637 1222 1782 1278 magis
1799 1229 1867 1264 est
1885 1220 2102 1279 ingratus,
2118 1221 2158 1265 si
2173 1235 2280 1266 con·

323 1303 520 1338 temnat:
554 1301 599 1336 et
622 1292 712 1335 hoc
739 1291 880 1334 modo
906 1288 1180 1333 beneficium
1211 1286 1492 1331 remissionis
1526 1286 1686 1345 culpae
1719 1296 1786 1330 est
1815 1288 1978 1346 maius,
2008 1287 2276 1347 inquantum

326 1369 575 1420 praestatur
599 1358 796 1403 totaliter
822 1357 1024 1415 indigno,
1053 1365 1097 1399 et
1120 1354 1225 1399 ideo
1253 1368 1307 1398 ex
1332 1353 1423 1398 hoc
1450 1355 1650 1413 sequitur
1675 1353 1823 1411 major
1847 1354 2139 1414 ingratitudo.
2184 1388 2188 1390 -

931 1515 1471 1575 ARTICULUS
1523 1515 1667 1571 111.
1995 1517 2011 1595 3
2183 1516 2276 1598 538

566 1656 757 1695 UTRUM
795 1655 894 1693 PER
933 1652 1417 1693 INGRATITUDINEM
1455 1651 1692 1690 peccam
1733 1637 2036 1709 SEQUEN‘rrs

395 1731 724 1771 coNsURGAT
757 1730 974 1770 TANTus
1011 1729 1239 1779 REATUS,
1282 1727 1541 1774 QUANTUS
1581 1726 1796 1766 FUERAT
1835 1720 2213 1777 ΡΕεκῑΑϊοιωΜι

1028 1803 1181 1842 PRms
1222 1801 1579 1841 DIMISSORUM.
2187 1825 2189 1828 ,

939 1914 1002 1973 (4.
1021 1915 1132 1959 Dist.
1155 1926 1217 1959 12.
1245 1928 1284 1972 q.
1310 1928 1346 1958 r.
1369 1918 1449 1957 art.
1475 1926 1516 1957 2.
1538 1926 1576 1970 q.
1594 1912 1668 1971 3.).

412 2026 489 2071 An
517 2037 732 2071 TERTIUM
757 2024 822 2069 sic
854 2023 1126 2084 proceditur.
1148 2021 1352 2076 Videtur,
1370 2021 1492 2081 quod
1514 2035 1593 2080 per
1608 2019 1978 2079 ingratitudinem
2002 2019 2182 2080 peccati
2196 2019 2279 2065 fre·

325 2094 502 2153 quentis
525 2101 769 2152 consurgat
784 2102 933 2136 tantus
953 2101 1117 2145 reatus,
1139 2100 1331 2149 quantus
1347 2088 1492 2133 fuerat
1507 2098 1802 2147 peccatorum
1818 2086 1940 2147 prius
1952 2087 2277 2132 dimissorum:

324 2162 429 2221 quia
454 2161 706 2206 secundum
732 2160 1094 2219 magnitudinem
1115 2158 1290 2218 peccati
1307 2167 1374 2201 est
1390 2156 1658 2215 magnitudo
1680 2155 1904 2210 beneficii,
1928 2155 2277 2215 quopecca'tum

324 2229 576 2282 remittitur,
604 2237 649 2271 et
673 2242 752 2287 per
779 2240 1061 2285 consequens
1093 2224 1362 2284 magnitudo
1394 2223 1728 2282 ingratitudinis
1756 2237 1845 2282 qua
1882 2222 1972 2268 hoc
2004 2222 2277 2268 beneficium

326 2295 654 2339 contemnitur:
681 2295 761 2338 sed
794 2293 1045 2338 secundum
1078 2292 1378 2351 quantitatem
1409 2290 1742 2348 ingratitudinis
1776 2299 1844 2334 est
1873 2290 2107 2349 quantitas.
2125 2292 2279 2336 reatus

325 2362 667 2421 consequentis3
695 2375 805 2419 ergo
833 2370 900 2404 est
923 2370 1073 2404 tantus
1091 2369 1254 2416 reatus,
1274 2359 1351 2417 qui
1373 2358 1606 2416 consurgit
1627 2371 1681 2401 ex
1702 2357 2025 2415 ingratitudine
2049 2357 2278 2416 sequentis

323 2430 514 2488 peccati,
540 2437 732 2487 quantus
757 2427 841 2471 fuit
865 2437 1014 2471 reatus
1041 2427 1250 2470 omnium
1276 2424 1646 2483 praecedentium
1671 2433 1979 2482 peccatorum.

413 2509 453 2540 2.
480 2496 776 2540 PRAETEREA.
802 2494 950 2553 Magis
973 2503 1145 2553 peccat,
1173 2492 1250 2551 qui
1275 2493 1427 2536 Deum
1446 2490 1648 2543 offendit,
1671 2504 1809 2549 quam
1827 2490 1904 2549 qui
1921 2488 2111 2535 offendit
2132 2489 2279 2536 homi·

322 2576 452 2607 nem:
480 2562 558 2607 sed
590 2576 745 2606 servus
773 2561 1079 2604 manumissus
1107 2560 1159 2603 ab
1188 2559 1340 2617 aliquo
1369 2558 1558 2602 domino
1585 2557 1812 2601 reducitur
1833 2557 1879 2600 in
1906 2557 2119 2602 eamdem
2142 2557 2278 2602 servi-

323 2641 481 2683 tutem,
508 2643 534 2673 a
565 2643 653 2688 qua
679 2629 801 2686 prius
827 2627 910 2671 fuit
934 2626 1163 2680 liberatus,
1185 2625 1259 2669 vel
1284 2625 1422 2668 etiam
1443 2625 1490 2667 in
1512 2624 1796 2682 graviorem3
1824 2623 2104 2683 ergomulto
2116 2633 2282 2685 magis

321 2698 398 2742 ille
416 2698 494 2757 qui
516 2706 674 2740 contra
690 2696 843 2740 Deum
869 2703 1028 2753 peccat
1052 2703 1156 2752 post
1173 2691 1492 2736 liberationem
1512 2705 1536 2735 a
1552 2700 1759 2750 peccato,
1776 2691 2015 2736 reducitur.
2026 2691 2078 2735 in
2097 2699 2275 2736 tantum

321 2775 498 2810 reatum
524 2770 715 2823 poenae,
741 2771 961 2821 quantum
986 2761 1134 2820 primo
1169 2759 1401 2803 habuerat.

415 2846 452 2891 3.
479 2832 776 2876 PRAETEREA.
807 2827 968 2872 Matth.
1002 2827 1066 2871 18.
1095 2827 1270 2881 dicitur,
1297 2825 1419 2885 quod
1452 2827 1584 2870 iratus
1615 2826 1827 2870 Dominus
1859 2824 2032 2871 tradidit
2059 2840 2153 2871 eum
2178 2825 2276 2884 (cui

321 2892 653 2960 replicabantur
677 2905 864 2957 peccata
896 2894 1081 2939 dimissa
1107 2903 1289 2952 propter
1313 2893 1704 2952 ingratitudinem)
1740 2893 1998 2947 tortoribus,
2013 2892 2275 2952 quoadusque

319 2966 501 3011 redderet
525 2967 764 3009 universum
789 2962 999 3008 debitum.-
1026 2960 1104 3006 sed
1130 2961 1220 3004 hoc
1247 2974 1340 3004 non
1368 2970 1499 3014 esset,
1525 2960 1612 3004 nisi
1645 2969 1940 3018 consurgeret
1965 2973 2021 3004 ex
2043 2959 2277 3020 ingratitu„

320 3033 423 3078 dine
454 3042 603 3077 tantus
635 3040 801 3085 reatus,
834 3038 1027 3089 quantus
1062 3027 1145 3071 fuit
1181 3027 1389 3071 omnium
1423 3028 1772 3086 praeteritorum
1807 3036 2131 3086 peccatorum3
2162 3040 2273 3112 ergo

321 3099 520 3160 aequalis
547 3108 695 3143 reatus
722 3111 801 3157 per
826 3094 1196 3155 ingratitudinem
1229 3093 1355 3138 redit.

410 3167 504 3212 SED
533 3178 728 3211 CONTRA
755 3174 835 3219 est,
868 3162 991 3223 quod
1024 3161 1186 3207 dicitur
1210 3161 1345 3205 Deut.
1370 3173 1463 3218 25:
1492 3162 1575 3205 Pro
1606 3173 1800 3206 mensura
1824 3161 1993 3220 peccati
2017 3160 2095 3206 m‘t
2118 3165 2156 3206 et
2178 3158 2275 3221 pla·

316 3249 468 3294 garum
501 3233 669 3286 mochis,-
704 3246 757 3276 ex
783 3245 874 3291 quo
900 3239 1035 3289 patet,
1062 3227 1184 3288 quod
1217 3242 1271 3272 ex
1293 3242 1433 3287 parvo
1459 3237 1649 3287 peccato
1681 3241 1776 3272 non
1811 3227 2062 3287 consurgit
2067 3228 2275 3287 magnus

318 3312 490 3347 reatus:
518 3301 595 3345 sed
623 3300 895 3360 quandoque
921 3306 1162 3358 peccatum
1187 3294 1380 3340 mortale
1407 3309 1600 3354 sequens
1627 3305 1693 3340 est
1718 3294 1864 3340 multo
1890 3294 2041 3340 minus
2066 3294 2272 3355 quolibet

319 3378 612 3429 peccatorum
649 3367 771 3426 prius
798 3366 1114 3418 dimissorum3
1140 3378 1234 3408 non
1272 3376 1380 3421 ergo
1416 3377 1469 3406 ex
1506 3372 1696 3421 peccato
1733 3362 1945 3422 sequenti
1967 3361 2090 3407 redit
2121 3366 2272 3407 tantus

320 3446 484 3490 reatus,
512 3445 704 3495 quantus
731 3434 814 3478 fuit
839 3442 1134 3492 peccatorum
1159 3431 1280 3490 prius
1314 3429 1620 3475 dimissorum.
2064 3452 2067 3458 ν

409 3503 697 3548 RESPONDEO
726 3500 985 3554 dicendum,
1011 3498 1133 3559 quod
1159 3496 1343 3556 quidam
1370 3496 1590 3551 dixerunt,
1618 3497 1740 3557 quod
1767 3511 1821 3542 ex
1847 3505 2039 3557 peccato
2064 3496 2272 3556 sequenti

320 3581 503 3631 propter
527 3568 895 3628 ingratitudinem
923 3565 1155 3624 consurgit
1186 3573 1335 3609 tantus
1367 3574 1531 3620 reatus,
1566 3575 1758 3624 quantus
1775 3563 1871 3625 Ιξιιὶῖ
1892 3572 2043 3609 reatus
2063 3567 2273 3625 peccato,-

319 3653 420 3684 rum
447 3638 567 3698 prius
596 3636 902 3691 dimissorum,
928 3648 1063 3694 super
1094 3641 1269 3678 reatum
1300 3633 1533 3692 proprium
1558 3632 1692 3693 hujus
1718 3631 1916 3692 peccati:
1943 3631 2023 3678 sed
2053 3631 2145 3678 hoc
2175 3634 2271 3678 non
