2352 3926
0 804 20 855 :ie

614 196 895 245 Qumrraeo
935 196 1163 239 Lxxxm
1202 196 1511 244 ennomus
1548 196 1609 238 u.
1985 198 2093 255 759

130 299 231 347 Nae
254 312 415 347 verimi
441 309 524 355 est,
549 299 672 360 quod
698 299 886 361 quidam
911 300 1083 356 dicunt,
1102 300 1232 361 quod
1258 314 1339 360 per
1364 299 1701 347 immissionem
1726 299 1975 360 particulae
2002 315 2099 346 cor-

123 365 254 427 poris
281 365 459 413 Christi
486 366 535 412 in
565 367 725 412 vinum
757 378 1047 414 convertatur
1076 367 1235 413 vinum
1268 369 1315 413 in
1346 366 1645 427 sanguinem;
1682 366 1777 413 hoc
1811 367 1935 413 enim
1963 366 2098 413 aliter

123 431 228 489 ,fieri
256 446 351 478 non
382 443 547 492 potest,
577 448 719 493 quam
744 448 826 495 vper
850 435 1256 480 consecrationem
1287 433 1462 480 factam
1495 434 1583 479 sub
1626 433 1776 480 debita
1815 432 1965 491 forma
1995 449 2097 480 ver-

128 499 307 546 borum.
338 500 392 546 In
422 500 496 547 die
527 512 682 546 autem
713 501 971 547 Nativitatis
998 501 1149 561 plures
1182 502 1349 547 missae
1376 501 1662 547 celebrantur
1681 511 1869 561 propter
1888 501 2095 563 triplicem

0 548 1 555 ἵ
26 558 29 564 ’
62 569 70 574 ”
130 567 306 614 Christi
327 568 634 614 nativitatem:
661 583 854 629 quarum
880 583 966 614 una
983 579 1059 615 -est
1089 579 1287 623 aeterna,
1308 582 1430 628 quae
1460 578 1684 628 quantum
1713 568 1773 614 ad
1805 582 1892 615 nos
1925 579 1994 614 est
2023 583 2099 614 oc-

126 634 267 690 culta,
297 645 344 680 et
371 635 476 680 ideo
509 650 599 681 una
631 637 770 681 missa
796 646 1003 681 cantatur
1026 635 1075 680 in
1097 645 1251 690 nocte,
1285 637 1331 680 in
1364 636 1492 694 cujus
1525 635 1713 681 introitu
1740 635 1927 682 dicitur:
1951 652 1981 678 α
2002 635 2099 684 Do·

129 702 282 748 minus
305 702 417 748 dixit
442 703 496 748 ad
524 717 623 747 me:
651 702 789 748 Filius
815 717 944 749 meus
972 717 1019 748 es
1045 714 1120 758 ως
1147 717 1234 762 ego
1261 703 1399 747 hodie
1426 703 1564 762 genui
1594 713 1638 748 te
1661 719 1712 749 n:
1736 703 1824 748 alia
1849 714 2004 748 autem
2027 712 2096 749 est

128 769 409 828 temporalis,
441 770 521 815 sed
552 770 812 829 spiritualis,
837 770 945 829 quia
975 769 1150 814 scilicet
1188 769 1398 815 Christus
1434 770 1590 823 oritur,
1633 777 1835 830 tanquam
1875 770 2027 830 lucifer
2047 772 2097 816 in

121 836 322 883 cordibus
350 838 514 891 nostris,
542 847 592 881 ut
616 836 779 881 dicitur
803 849 845 881 2.
873 836 993 880 Petr.
1025 850 1077 891 1.,
1096 846 1141 880 et
1161 845 1346 895 propter
1362 836 1452 880 hoc
1472 846 1679 881 cantatur
1696 838 1837 882 missa
1851 838 1900 881 in
1917 851 2097 892 aurora,

128 902 177 948 in
201 904 332 961 cujus
362 903 550 948 introitu
582 894 766 948 dicitur}
793 919 816 945 «
840 903 938 948 Lux
960 901 1151 961 fulgebit
1172 903 1311 947 hodie
1336 917 1473 962 super
1496 918 1583 948 nos
1604 920 1629 946 n
1651 919 1660 948 :
1685 906 1809 950 tertia
1833 915 1903 950 est
1918 904 2099 951 >Christi

128 969 340 1016 nativitas
369 969 650 1029 temporalis,
682 978 727 1014 et
753 970 1020 1029 corporalis,
1053 969 1306 1014 secundum
1338 984 1477 1028 quam
1509 970 1696 1015 visibilis
1721 971 1854 1015 nobis
1876 972 2100 1030 processit

129 1050 184 1083 ex
214 1046 344 1082 utero
376 1036 602 1095 virginali,
634 1050 770 1081 carne
802 1036 1001 1092 indutus,
1035 1046 1079 1081 et
1108 1036 1165 1081 ob
1194 1036 1285 1081 hoc
1319 1046 1525 1081 cantatur
1557 1037 1689 1082 tertia
1730 1038 1870 1083 missa
1901 1040 1945 1083 in
1979 1038 2102 1083 clara

126 1103 246 1160 luce,
271 1106 318 1150 in
344 1105 471 1163 cujus
495 1104 683 1149 introitu
710 1105 899 1149 dicitur:
945 1121 968 1146 (ι
995 1104 1114 1149 Puer
1153 1114 1287 1150 natus
1323 1114 1397 1149 »est
1435 1105 1567 1149 nobis
1594 1120 1644 1149 »z
1688 1105 1797 1151 licet
1823 1121 1847 1151 e
1874 1120 2098 1151 converso

93 1223 98 1228 ,
128 1171 273 1231 possit
295 1171 400 1226 dici,
426 1172 548 1231 quod
574 1172 785 1216 nativitas
811 1182 995 1217 aeterna
1020 1172 1273 1216 secundum
1299 1186 1347 1216 se
1374 1181 1442 1216 est
1466 1172 1512 1215 in
1531 1171 1669 1231 plena
1693 1171 1823 1217 luce:
1853 1183 1898 1218 et
1923 1173 1981 1218 ob
2006 1173 2096 1217 hoc

125 1239 175 1284 in
198 1238 450 1299 Evangelio
474 1239 635 1284 tertiae
660 1240 827 1284 missae
852 1239 903 1284 fit
927 1239 1100 1284 mentio
1128 1239 1184 1284 de
1209 1238 1443 1284 nativitate
1480 1249 1675 1284 aeterna.
1719 1239 1983 1285 Secundum
2023 1255 2101 1285 au-

128 1316 223 1351 tem
248 1306 532 1352 nativitatem
558 1306 847 1366 corporalem
874 1306 931 1351 ad
956 1306 1135 1352 literam
1166 1304 1303 1351 natus
1323 1317 1398 1351 est
1422 1306 1478 1351 de
1504 1317 1656 1362 nocte,
1682 1307 1729 1350 in
1755 1307 1938 1366 signum
1975 1307 2099 1367 quod

127 1373 340 1419 veniebat
364 1373 422 1418 ad
445 1373 654 1419 tenebras
679 1373 953 1418 infirmitatis
979 1383 1188 1429 nostrae3
1215 1374 1334 1418 unde
1361 1383 1407 1418 et
1429 1373 1477 1418 in
1503 1374 1642 1419 missa
1677 1384 1902 1420 nocturna
1938 1375 2101 1420 dicitur

130 1439 432 1499 Evangelium
458 1440 514 1485 de
541 1440 770 1500 corporali
797 1440 970 1486 Christi
995 1440 1243 1485 nativitate.
1268 1440 1348 1485 Sic
1376 1443 1514 1485 etiarn
1539 1441 1587 1485 in
1613 1440 1712 1486 aliis
1739 1442 1910 1496 diebus,
1935 1442 1982 1486 in
2006 1443 2101 1502 qui-

129 1508 212 1552 bus
237 1517 483 1553 occurrunt
504 1506 636 1567 ,plura
660 1508 752 1553 Dei
770 1507 993 1558 beneficia
1013 1508 1087 1553 vel
1105 1507 1366 1562 recolenda,
1383 1507 1457 1553 vel
1475 1509 1739 1568 expetenda,
1757 1508 1908 1569 plures
1931 1509 2099 1555 missae

122 1573 414 1621 celebrantur
437 1574 485 1620 in
510 1575 609 1629 die3
635 1584 744 1634 puta
768 1589 859 1620 una
882 1589 967 1634 pro
994 1574 1127 1630 festo,
1154 1585 1200 1620 et
1226 1574 1315 1620 ali-a
1339 1589 1423 1634 pro
1449 1575 1639 1635 jejunio,
1665 1574 1739 1620 vel
1774 1590 1857 1636 pro
1894 1578 2100 1622 mortuis.

218 1642 295 1688 AD
322 1654 540 1688 TERTIUM
565 1642 826 1697 dicendum,
851 1642 990 1702 quod,
1029 1643 1148 1688 sicut
1186 1642 1358 1688 dictum
1394 1652 1469 1687 est
1509 1644 1714 1702 superius
1744 1643 1801 1704 (q.
1830 1658 1890 1703 73.
1917 1650 1998 1690 art.
2019 1645 2099 1704 5),

131 1709 341 1756 Christus
365 1709 511 1756 voluit
537 1708 700 1754 ultimo
732 1710 827 1754 hoc
859 1720 1199 1755 sacramentum
1240 1708 1473 1769 discipulis
1513 1712 1606 1755 suis
1646 1710 1838 1764 tradere,
1866 1720 1915 1755 ut
1935 1710 2100 1756 fortius

123 1790 292 1823 eorum
328 1776 545 1822 cordibus
576 1777 939 1837 imprimeretur:
967 1787 1013 1822 et
1047 1777 1157 1822 ideo
1184 1786 1289 1836 post
1315 1790 1510 1822 coenam
1535 1776 1582 1821 in
1608 1776 1698 1822 fine
1724 1777 1814 1821 diei
1838 1777 1929 1823 hoc
1954 1792 2104 1823 sacra·

130 1855 337 1890 mentum
363 1845 661 1899 consecravit,
683 1854 729 1889 et
749 1844 980 1904 discipulis
1001 1844 1092 1890 suis
1115 1844 1310 1889 tradidit.
1327 1844 1371 1889 A
1387 1844 1519 1888 nobis
1537 1856 1692 1889 tamen
1710 1844 1963 1890 celebratur
1983 1846 2103 1890 hor-a

129 1912 406 1958 Dominicae
430 1912 670 1972 passionis,
696 1912 871 1956 scilicet
895 1912 1054 1957 diebus
1093 1911 1218 1957 festis
1249 1912 1296 1956 in
1337 1911 1483 1965 tertia,
1526 1912 1708 1971 quando
1752 1912 1991 1957 crucifixus
2033 1923 2102 1957 est

126 1978 297 2039 linguis
316 1979 612 2038 Judaeorum,
638 1989 688 2024 ut
707 1979 874 2024 dicitur
897 1979 1040 2024 Marc.
1065 1992 1147 2036 15„
1165 1989 1210 2024 et
1226 1979 1409 2038 quando
1434 1978 1626 2038 Spiritus
1645 1979 1839 2024 Sanctus
1867 1979 2103 2024 descendit

130 2061 266 2108 super
283 2047 556 2107 -discipulos;
582 2046 657 2091 vel
681 2047 840 2092 diebus
865 2045 1074 2105 profestis
1099 2046 1145 2091 in
1171 2056 1311 2101 sexta,
1335 2046 1518 2105 quando
1546 2046 1783 2091 crucifixus
1802 2057 1870 2092 est
1884 2047 2099 2092 manibus

131 2113 345 2170 miiitum,
371 2124 421 2159 ut
445 2114 636 2160 habetur
654 2114 786 2172 Joan.
819 2128 900 2171 194
924 2113 1000 2159 vel
1025 2114 1188 2159 diebus
1207 2115 1485 2172 Jejuniorum
1510 2113 1555 2158 in
1582 2127 1721 2168 nona,
1757 2114 1940 2173 quando
1983 2128 2100 2159 voce

130 2196 300 2241 magna
325 2181 530 2227 clamans
558 2181 710 2227 emisit
733 2181 957 2241 spiritum,
984 2190 1034 2226 ut
1055 2180 1221 2226 dicitur
1246 2181 1409 2225 Matth.
1437 2194 1508 2239 27.
1533 2181 1692 2225 Potest
1726 2190 1882 2225 tamen
1918 2181 2100 2235 tar-dari,

129 2250 330 2296 maxime
355 2250 539 2309 quando
565 2259 670 2294 sunt
694 2249 877 2294 ordines
916 2248 1132 2304 faciendi;
1160 2259 1204 2293 et
1228 2249 1470 2308 praecipue
1497 2249 1543 2293 in
1570 2248 1758 2293 sabbato
1800 2258 1975 2304 sancto,
2001 2258 2100 2293 tum

129 2326 313 2377 propter
336 2316 644 2376 prolixitatem
670 2315 823 2371 officii,
849 2326 947 2361 tum
974 2317 1079 2376 quia
1106 2316 1288 2361 ordines
1313 2316 1540 2376 pertinent
1562 2316 1618 2360 ad
1652 2316 1775 2361 diem
1800 2316 2099 2371 dominicam,

130 2393 182 2430 ut
202 2384 396 2431 habetur
418 2384 467 2430 in
492 2384 673 2429 Decret.
693 2384 827 2443 (Dist.
854 2397 913 2443 75.
947 2393 1068 2444 cap.:
1091 2383 1222 2442 Quod
1238 2398 1264 2428 a
1284 2386 1514 2444 patribus).
1532 2383 1731 2429 Possunt
1748 2393 1905 2428 tamen
1931 2384 2098 2428 missae

124 2451 350 2498 celebrati
378 2452 427 2496 in
456 2452 606 2512 prima
636 2461 762 2512 parte
788 2451 884 2496 diei
914 2462 1099 2511 propter
1130 2451 1332 2511 aliqua-m
1367 2452 1702 2506 necessitatem,
1730 2461 1779 2496 ut
1813 2451 1977 2497 dicitur
2027 2452 2100 2497 De

127 2518 352 2567 Consecr.
377 2519 511 2578 (Dist.
538 2535 574 2566 r.
600 2527 718 2580 αφ..-
744 2519 912 2565 Necesse
934 2525 1006 2574 est,
1032 2518 1144 2577 ete).

218 2586 299 2633 An
325 2599 563 2638 QUARTUM
588 2586 847 2641 dicendum,
874 2587 997 2646 quod
1022 2586 1291 2646 regulariter
1316 2586 1456 2631 missa
1480 2586 1615 2631 debet
1636 2585 1853 2631 celebrari
1875 2586 1921 2630 in
1946 2585 2033 2640 die,
2056 2594 2101 2631 et

126 2667 227 2701 *non
251 2654 299 2699 in
322 2663 474 2710 nocte,
500 2654 606 2714 quia
630 2654 727 2713 ipse
755 2653 964 2700 Christus
990 2664 1057 2699 est
1080 2668 1292 2714 praesens
1319 2654 1367 2698 in
1393 2653 1485 2699 hoc
1527 2663 1832 2707 sacramente,
1874 2654 1951 2711 qui
1991 2652 2101 2696 dicit

127 2721 259 2780 Joan.
284 2735 350 2781 9.:
378 2721 449 2767 Me
475 2727 633 2781 oportet
657 2723 825 2780 operari
850 2729 976 2782 opera
1002 2724 1103 2779 ejus,
1131 2724 1203 2781 qui
1239 2723 1352 2766 misit
1376 2737 1455 2776 me,
1481 2721 1605 2766 donec
1631 2722 1714 2765 dies
1739 2727 1793 2764 est
1801 2735 1817 2772 ,·
1850 2721 1966 2764 venit
1996 2733 2094 2772 nox,

132 2789 297 2849 quando
322 2804 441 2834 nemo
460 2795 597 2849 potest
620 2790 821 2848 operart':
847 2789 1049 2848 quamdiu
1070 2791 1117 2833 in
1139 2789 1290 2834 mundo
1316 2804 1421 2842 sum,
1451 2789 1523 2832 lux
1547 2803 1637 2833 sum
1664 2787 1809 2831 mundi
1819 2801 1836 2839 ,⁴
1859 2786 1921 2830 ita
1943 2796 2099 2831 tamen

133 2856 255 2916 quod
277 2855 548 2915 princi-pium
571 2856 663 2900 diei
689 2856 938 2915 accipiatur
963 2870 1057 2900 non
1084 2870 1109 2901 a
1137 2857 1288 2901 media
1313 2866 1465 2909 nocte,
1490 2869 1574 2899 nec
1604 2856 1740 2898 etiam
1769 2854 1822 2897 ab
1847 2863 1948 2897 ortu
1972 2852 2098 2907 solis,

129 2923 250 2968 idest
273 2923 455 2982 quando
481 2923 730 2968 substantia
753 2923 864 2967 solis
891 2933 1079 2983 apparet
1102 2938 1237 2983 super
1263 2933 1445 2975 terram,
1472 2922 1549 2966 sed
1578 2920 1760 2979 quando
1787 2920 1944 2979 incipit
1966 2934 2099 2979 appa-

132 3004 230 3034 rere
258 3004 439 3034 aurora:
465 3000 572 3034 tunc
600 2990 723 3034 enim
750 2990 1095 3049 quodammodo
1128 2991 1289 3034 dicitur
1322 2989 1392 3033 sol
1434 2999 1573 3041 ortus,
1609 2989 1878 3045 inquantum
1916 2986 2096 3031 claritas

133 3057 364 3102 radiorum
391 3058 486 3115 ejus
513 3066 719 3116 apparet:
746 3056 867 3101 unde
892 3067 938 3102 et
962 3057 1102 3102 Marc.
1135 3055 1200 3102 16.
1229 3057 1406 3109 dicitur,
1433 3055 1555 3113 quod
1593 3054 1783 3098 mulieres
1813 3059 2016 3098 venerunt
2041 3053 2096 3097 ad

131 3129 441 3169 monumentum
473 3130 564 3169 orto
585 3126 680 3182 jam
703 3124 798 3178 sole,
838 3139 945 3169 cum
969 3133 1125 3169 tamen
1151 3125 1371 3176 venerint,
1397 3138 1491 3168 cum
1514 3122 1645 3166 adhuc
1669 3123 1855 3166 tenebrae
1877 3127 2016 3174 essent,
2040 3121 2095 3165 ad

131 3197 458 3245 monumentum,
485 3200 535 3236 ut
555 3191 718 3235 dicitur
733 3192 864 3249 Joan.
888 3204 958 3237 20.
983 3191 1058 3236 Sic
1078 3192 1197 3236 enim
1218 3192 1336 3235 hanc
1356 3188 1723 3234 contrarietatem
1741 3187 2096 3246 solvit‘August.

134 3257 181 3302 in
206 3257 282 3302 lib.
312 3272 349 3316 3.
393 3258 448 3302 de
475 3256 717 3303 Consensu
744 3258 916 3317 Evang.
946 3258 1055 3318 (cap.
1082 3273 1123 3315 4.
1151 3260 1355 3316 aliquant.
1382 3270 1407 3300 a
1427 3257 1605 3315 princ).
1634 3255 1902 3314 Specialiter
1941 3264 2097 3300 tamen

136 3327 181 3370 in
207 3335 343 3369 nocte
367 3324 543 3369 Natalis
568 3325 760 3368 Domini
786 3326 924 3370 missa
947 3325 1203 3370 celebratur
1245 3334 1427 3383 propter
1468 3323 1573 3376 hoc,
1616 3322 1737 3381 quod
1779 3322 2008 3366 Dominus
2050 3323 2097 3366 in

134 3402 272 3436 nocte
312 3402 444 3436 natus
470 3402 551 3446 est,
578 3402 627 3436 ut
651 3392 813 3436 dicitur
838 3392 910 3436 De
938 3391 1158 3437 Consecr.
1184 3393 1317 3449 (D1'st.
1344 3407 1379 3435 ι.
1413 3398 1533 3449 cap..·
1560 3389 1706 3443 Nocte,
1739 3391 1849 3447 eta).
1892 3388 1949 3433 Et
1973 3389 2098 3433 simi-

136 3457 240 3503 liter
264 3459 474 3503 etiamdn
499 3458 688 3512 sabbato
713 3469 874 3504 sancto
902 3459 1023 3504 circa
1047 3459 1196 3503 noctis
1225 3457 1511 3517 principium,
1537 3466 1722 3515 propter
1747 3456 1839 3500 hoc
1861 3455 1983 3515 quod
2007 3456 2101 3500 Do·

134 3524 290 3569 minus
313 3534 450 3571 nocte
472 3524 730 3579 resurrexit,
752 3524 869 3570 idest
894 3538 1001 3571 cum
1027 3526 1174 3572 adhuc
1201 3524 1413 3570 tenebrae
1454 3533 1619 3578 essent,
1662 3532 1765 3567 ante
1806 3522 2098 3568 manifestum

138 3591 249 3638 solis
269 3600 437 3637 ortum.
