2352 3926
673 163 953 213 Quaesrro
994 162 1181 207 Lxxm.
1219 161 1532 209 aaa-murus
1569 161 1642 202 vt.
2022 162 2124 219 713

260 264 355 315 SBD
373 278 569 313 CONTRA
587 276 669 321 est,
686 266 808 326 quod
826 266 1056 314 Dominus
1082 266 1192 312 dicit
1210 265 1340 324 Joan.
1368 263 1434 311 6.:
1458 265 1542 311 Hic
1569 271 1623 311 est
1642 265 1767 324 panis
1787 262 1836 313 da
1851 262 1961 312 coelo
1978 263 2134 308 descen-

167 330 277 387 dat-5,
303 339 351 378 ut
372 335 409 378 si
433 336 523 392 quis
547 349 597 379 ex
621 336 706 394 ipso
729 334 1061 388 manducaverit,
1086 348 1168 378 non
1199 335 1411 378 moriatur
1421 348 1438 387 ,·
1467 332 1589 392 quod
1622 331 1809 391 quidem
1835 330 2130 377 manifestum

169 409 237 444 est
259 413 354 445 non
371 400 563 460 intelligi
581 401 634 445 de
654 412 800 445 morte
823 401 1079 460 corporali3
1107 414 1217 460 ergo
1240 399 1519 459 intelligitur,
1539 399 1661 459 quod
1680 398 1771 443 hoc
1790 408 2129 446 sacramentum

170 477 429 525 praeservet
451 482 476 511 a
499 478 646 512 morte
671 467 906 527 spirituali,
934 482 1049 526 quae
1074 477 1140 512 est
1166 482 1245 526 per
1276 476 1533 527 peccatum.

257 533 546 579 Responnno
575 535 833 589 dicendum,
856 535 978 594 quod
1005 545 1245 594 peccatum
1272 545 1340 579 est
1362 535 1589 594 quaedam
1613 517 1858 594 spiritualis
1884 546 2010 579 mors
2037 531 2129 576 ani-

168 614 298 657 mae3
325 602 444 647 unde
470 602 562 646 hoc
590 603 731 648 modo
770 611 1080 662 praeservatur
1108 602 1268 662 aliquis
1297 617 1321 645 a
1348 611 1540 661 peccato
1563 600 1731 655 futuro,
1761 614 1854 660 quo
1877 612 2134 660 praeserva-

167 678 240 717 tur
265 682 431 729 corpus
458 683 483 713 a
510 680 658 715 morte
684 669 846 715 futura.
868 669 1008 722 Quod
1036 669 1221 728 quidem
1239 668 1289 714 fit
1313 669 1564 728 dupliciter:
1592 683 1673 714 uno
1694 668 1833 723 modo,
1861 668 2132 727 inquantum

166 746 329 781 natura
354 735 556 783 hominis
581 737 770 784 interius
797 735 1037 781 roboratur
1060 745 1219 779 contra
1242 735 1460 783 interiora
1477 735 1759 793 corruptiva3
1782 745 1826 782 et
1849 734 1915 780 sic
1936 747 2134 794 praeser-

166 812 296 849 vatur
323 817 349 847 a
374 813 523 848 morte
548 817 628 864 per
654 803 821 857 cibum,
855 811 898 847 et
931 802 1230 848 medicinam:
1264 802 1348 847 alio
1387 802 1506 846 modo
1529 817 1609 861 per
1635 803 1741 857 hoc,
1774 801 1897 861 quod
1931 801 2134 851 munitur

166 880 327 917 contra
348 872 594 918 exteriores
619 869 1016 930 impugnationes;
1044 879 1089 914 et
1119 869 1184 914 sic
1217 879 1533 928 praeservatur
1558 883 1637 928 per
1663 884 1806 925 arma,
1838 868 2000 928 quibus
2033 882 2133 918 mu-

166 936 288 980 nitur
314 951 492 997 corpus.
521 938 729 997 Utroque
758 947 908 982 autern
937 936 1079 981 modo
1097 936 1188 980 hoc
1211 946 1551 980 sacramentum
1577 946 1839 996 praeservat
1864 950 1890 983 a
1914 944 2131 995 peccato:

170 1018 281 1052 nam
307 1005 457 1064 primo
484 1005 671 1064 quidem
702 1019 782 1064 per
813 1005 904 1050 hoc
932 1004 1055 1064 quod
1094 1003 1281 1051 Christo
1315 1004 1554 1063 conjungit
1594 1018 1673 1065 per
1706 1004 1915 1062 gratiam,
1948 1004 2133 1049 roborat

163 1070 446 1131 spiritualem
471 1072 614 1118 vitam
629 1072 847 1126 hominis,
869 1082 1089 1131 tanquam
1109 1070 1356 1130 spiritualis
1380 1070 1520 1125 cibus,
1548 1081 1592 1115 et
1617 1070 1862 1130 spiritualis
1889 1070 2133 1125 medicina,

164 1138 416 1182 secundum
452 1137 564 1183 illud
607 1138 775 1184 Psalm.
809 1152 930 1198 103.:
959 1140 1087 1185 Panis
1113 1153 1186 1184 cor
1222 1138 1401 1183 hominis
1436 1138 1659 1197 confirmat
1669 1154 1686 1193 ;
1726 1148 1771 1182 et
1801 1138 1998 1197 August.
2025 1138 2135 1186 dicit

164 1218 300 1265 super
317 1204 448 1264 Joan.
475 1208 617 1264 (tract.
644 1207 715 1253 26.
742 1221 770 1251 a
796 1206 919 1264 med.)
937 1222 951 1250 .·
978 1221 1000 1246 «
1024 1205 1223 1250 Securus
1251 1205 1433 1260 accede,
1456 1205 1586 1266 panis
1614 1215 1694 1260 est,
1712 1219 1807 1251 non
1834 1219 2064 1252 venenum
2083 1220 2131 1250 »z

123 1293 126 1298 ·
164 1270 257 1321 alio
282 1273 441 1329 modo,
465 1273 739 1333 inquantum
766 1283 834 1317 est
855 1273 1088 1332 quoddam
1112 1273 1294 1332 signum
1313 1273 1538 1332 passionis
1557 1272 1746 1327 Christi,
1771 1287 1852 1332 per
1869 1287 2008 1332 quam
2025 1271 2135 1317 victi

163 1349 269 1387 sunt
293 1339 559 1395 daemones,
586 1341 764 1400 repellit
780 1355 971 1386 omnem
993 1340 1274 1395 daemonum
1297 1340 1726 1400 impugnationem3
1754 1340 1873 1389 unde
1893 1339 2132 1399 Chrysost.

165 1406 275 1454 dicit
299 1421 434 1466 super
452 1406 586 1466 Joan.
614 1408 746 1464 (hom.
779 1422 841 1466 45.
875 1422 901 1452 a
926 1407 1082 1465 med.):
1111 1424 1136 1450 <t
1164 1407 1228 1452 Ut
1262 1406 1423 1455 leones
1449 1407 1689 1455 flammam
1715 1407 1953 1467 spirantes,
1979 1406 2044 1453 sic
2076 1406 2132 1451 ab

162 1472 243 1519 ina
269 1487 427 1524 mensa
454 1474 731 1521 discedimus
756 1472 978 1523 terribiles
1004 1473 1153 1520 effecti
1176 1473 1361 1520 diabolo
1388 1491 1430 1519 ».

253 1540 331 1589 AD
362 1554 551 1590 PRIMUM
578 1556 690 1601 ergo
717 1542 979 1597 dicendum,
1006 1541 1129 1601 quod
1157 1541 1345 1588 effectus
1382 1542 1518 1600 hujus
1543 1541 1821 1587 sacramenti
1845 1540 2061 1601 recipitur
2085 1541 2132 1586 in

164 1607 356 1658 homine
382 1609 636 1659 secundum
670 1609 873 1655 hominis
902 1610 1242 1664 conditionem;
1267 1609 1385 1655 sicut
1419 1609 1646 1668 contingit
1680 1610 1736 1654 de
1762 1608 1964 1668 qualibet
1994 1622 2133 1658 causa

166 1675 329 1731 activa,
354 1676 479 1736 quod
507 1677 602 1735 ejus
629 1675 816 1723 effectus
843 1676 1057 1736 recipitur
1088 1677 1134 1726 in
1161 1676 1354 1721 materia
1385 1677 1640 1724 secundum
1672 1676 1865 1725 modum
1899 1676 2130 1723 materiae.

166 1742 324 1789 Homo
350 1753 502 1789 autem
530 1743 577 1788 in
604 1753 721 1789 statu
747 1744 848 1790 viae
866 1754 933 1789 est
948 1743 1083 1803 hujus
1102 1744 1394 1799 conditionis,
1419 1745 1542 1803 quod
1565 1744 1757 1790 liberum
1782 1743 2016 1791 arbitrium
2034 1743 2131 1802 ejus

162 1819 314 1870 potest
339 1809 461 1855 flecti
486 1810 532 1855 in
557 1810 748 1867 bonum,
771 1821 816 1857 et
832 1811 1029 1859 malum:
1048 1811 1168 1858 unde
1191 1810 1298 1857 licet
1323 1812 1414 1857 hoc
1442 1822 1798 1867 sacramentum,
1816 1821 2040 1870 quantum
2062 1820 2131 1855 est

161 1876 220 1923 de
246 1891 312 1931 se,
336 1876 504 1924 habeat
523 1879 739 1925 virtutem
765 1879 1151 1938 praeservativam
1185 1893 1211 1923 a
1250 1889 1458 1939 peccato,
1479 1894 1576 1925 non
1602 1889 1758 1925 tamen
1781 1877 1926 1923 aufert
1950 1877 2132 1924 homini

163 1943 513 2003 possibilitatem
539 1946 774 2004 peccandi.

252 2011 328 2058 An
351 2025 613 2059 SECUNDUM
638 2012 900 2068 dicendum,
925 2013 1050 2073 quod
1077 2013 1218 2058 etiam
1251 2013 1463 2069 charitas,
1497 2023 1720 2073 quantum
1746 2023 1816 2058 est
1839 2013 1885 2057 in
1918 2027 1982 2068 se,
2007 2026 2131 2073 prae-

163 2088 314 2126 servat
338 2078 578 2125 hominem
605 2094 631 2124 a
657 2090 863 2139 peccato,
890 2081 1144 2126 secundum
1169 2079 1282 2125 illud
1309 2082 1444 2126 Rom.
1477 2095 1568 2141 13.:
1603 2081 1785 2126 Dilectio
1811 2082 2007 2141 proximi
2038 2095 2129 2125 ma-

161 2146 250 2195 lum
272 2161 360 2192 ‘non
384 2153 583 2207 operatur
593 2162 612 2205 ,·
644 2147 724 2193 sed
756 2162 812 2192 ex
844 2147 1147 2193 mutabilitate
1174 2147 1304 2193 liberi
1335 2149 1507 2194 arbitrii
1539 2148 1778 2208 contingit,
1812 2148 1936 2207 quod
1966 2147 2130 2208 aliquis

165 2222 271 2272 post
305 2212 511 2258 habitam
548 2214 820 2260 charitatem
852 2225 1027 2274 peccat,
1069 2215 1186 2260 sicut
1219 2225 1265 2260 et
1304 2226 1409 2275 post
1449 2216 1790 2276 susceptionem
1817 2216 1952 2275 hujus
1987 2229 2134 2262 sacra·

163 2280 321 2326 menti.

251 2347 329 2397 AD
356 2359 574 2395 TER'HUM
607 2348 867 2404 dicendum,
893 2349 1017 2409 quod
1049 2349 1157 2395 licet
1186 2350 1278 2395 hoc
1313 2360 1653 2396 sacramentum
1679 2364 1775 2395 non
1807 2350 1978 2396 directe
2010 2350 2130 2396 ordi-

163 2424 295 2459 netur
318 2414 374 2459 ad
406 2415 759 2461 diminutionem
785 2415 972 2472 fomitis,
995 2417 1209 2463 diminuit
1229 2427 1384 2462 tamen
1414 2416 1628 2464 fomitem
1662 2431 1715 2462 ex
1743 2418 1943 2477 quadam
1969 2432 2129 2465 conse-

162 2481 362 2540 quentia,
380 2481 652 2541 inquantum
679 2493 816 2542 auget
843 2483 1137 2539 charitatem3
1165 2485 1285 2544 quia,
1308 2485 1424 2532 sicut
1449 2484 1570 2544 Aug.
1597 2485 1707 2530 dicit
1731 2485 1778 2533 in
1810 2485 1886 2530 lib.
1914 2486 1985 2545 83.
2014 2485 2129 2537 QQ.

161 2549 221 2607 (q.
257 2548 324 2607 36.
363 2562 392 2597 a
417 2550 595 2609 princ.)‚
642 2566 666 2591 «
693 2561 993 2610 augmentum
1035 2551 1268 2597 charitatis
1301 2562 1371 2597 est
1404 2552 1648 2598 diminutio
1686 2552 1945 2611 cupiditatis
1971 2569 2012 2596 n.
2053 2552 2131 2596 Di·

162 2624 286 2661 recte
318 2625 472 2661 autem
505 2616 746 2666 confirmat
777 2633 858 2666 cor
887 2618 1092 2665 hominis
1125 2621 1171 2664 in
1202 2618 1343 2675 bono,
1374 2634 1455 2680 per
1485 2619 1609 2680 quod
1643 2620 1782 2666 etiam
1814 2629 2129 2679 praeservatur

162 2681 307 2728 homo
328 2695 357 2726 a
377 2693 583 2742 peccato.

833 2834 1267 2892 ARTICULUS
1296 2835 1423 2891 VII.
2039 2846 2128 2908 476

228 2951 422 2992 UTRUM
463 2951 582 2991 Hoc
622 2951 1032 2995 SACRAMENTUM
1073 2956 1270 2994 Paosrr
1310 2956 1472 3008 ALIIS,
1514 2955 1671 3002 QUAM
1710 2953 2076 2995 suMENTmUS.

522 3047 670 3107 (Supr.
704 3062 742 3106 q.
776 3049 843 3107 78.
877 3056 959 3095 art.
982 3065 1018 3109 3.
1046 3050 1100 3094 ad
1124 3052 1164 3096 8.
1192 3057 1228 3095 et
1252 3059 1389 3110 praes.
1417 3066 1456 3110 q.
1483 3057 1567 3096 art.
1589 3064 1626 3109 5.
1654 3057 1767 3108 corp.

336 3120 376 3160 et
386 3128 430 3172 4.
446 3115 560 3161 Dist.
578 3129 640 3160 12.
660 3129 699 3174 q.
717 3129 756 3160 2.
775 3122 856 3161 art.
875 3131 916 3162 2.
941 3132 980 3175 q.
997 3132 1037 3162 2.
1060 3118 1114 3162 ad
1129 3133 1171 3175 4.
1187 3125 1224 3163 et
1240 3120 1354 3164 Dist.
1371 3133 1432 3177 45.
1457 3132 1495 3176 q.
1523 3132 1563 3163 2.
1582 3123 1665 3162 art.
1681 3131 1718 3176 3.
1737 3131 1774 3175 q.
1793 3132 1830 3162 1.
1847 3116 1902 3161 ad
1913 3131 1949 3175 3.

857 3189 896 3229 et
913 3184 1038 3241 Joan.
1067 3185 1108 3230 6.
1136 3186 1223 3230 lect.
1252 3186 1293 3231 6.
1307 3186 1387 3245 fin.
1387 3186 1427 3243 ).

251 3283 330 3330 ΑΒ
356 3297 598 3331 εΕΡΤΙΜυΜ
620 3285 685 3330 sic
709 3286 980 3344 proceditur.
1003 3288 1209 3344 Videtur,
1235 3290 1358 3348 quod
1384 3289 1475 3334 hoc
1502 3298 1841 3333 sacramentum
1867 3302 1962 3332 non
1983 3288 2128 3347 prosit

163 3350 252 3396 nisi
275 3354 498 3398 sumenti:
526 3353 617 3397 hoc
646 3353 769 3397 enim
797 3365 1136 3401 sacramentum
1163 3367 1231 3401 est
1257 3357 1389 3401 unius
1413 3355 1593 3415 generis
1611 3370 1717 3400 cum
1745 3355 1844 3400 aliis
1871 3369 2128 3401 sacramen-

163 3417 236 3473 tis,
261 3428 418 3478 utpote
450 3419 550 3465 aliis
583 3420 897 3466 condivisum:
929 3421 1011 3466 sed
1043 3422 1132 3468 alia
1165 3433 1449 3468 sacramenta
1482 3437 1575 3466 non
1607 3432 1798 3481 prosunt
1828 3422 1916 3467 nisi
1947 3437 2127 3469 sumen-

163 3484 297 3540 tibus,
330 3486 449 3533 sicut
464 3486 679 3533 effectum
706 3487 916 3547 baptismi
942 3502 1037 3533 non
1063 3491 1252 3550 suscipit
1273 3490 1358 3534 nisi
1381 3490 1653 3549 baptizatus;
1681 3504 1791 3549 ergo
1823 3504 1908 3537 nec
1934 3490 2027 3535 hoc
2058 3503 2127 3535 sa-

164 3563 452 3603 cramentum
472 3555 659 3614 prodest
683 3554 798 3610 aliis,
822 3554 910 3602 nisi
934 3557 1148 3605 sumenti.
