2352 3926
272 214 378 270 742
786 211 1065 258 QUAESTIO
1106 212 1292 251 LXXXI.
1332 212 1641 253 ARTICULUS
1681 214 1761 255 111.

273 317 329 362 de
354 317 515 377 quibus
542 330 675 375 supra
701 315 875 359 dictum
898 326 966 360 est
993 314 1051 374 (q.
1078 317 1148 361 28.
1175 323 1257 361 art.
1289 329 1326 360 1.
1354 317 1408 361 ad
1428 332 1465 376 3.
1491 323 1528 362 et
1553 331 1591 376 q.
1617 331 1679 376 45.
1707 324 1789 364 art.
1816 333 1857 364 2.
1874 325 1964 379 εἰς.
1976 333 2044 380 54.
2066 327 2148 367 art.
2166 322 2240 378 r.),

274 384 379 443 quid
406 385 560 428 sentiri
586 383 760 436 debeat,
788 383 909 426 circa
935 383 1348 441 impassibilitatem
1374 394 1530 429 tamen
1556 385 1838 443 impossibile
1870 396 1939 431 est
1978 401 2078 433 esse
2104 408 2106 410 ’
2149 389 2241 434 uod

273 452 448 495 dicitur.
475 449 770 493 Manifestum
797 460 864 494 est
889 450 1027 504 enim,
1056 450 1179 509 quod
1210 451 1334 495 idern
1362 465 1528 511 corpus
1555 451 1727 497 Christi
1753 462 1862 508 erat,
1897 454 2021 513 quod
2057 403 2245 501 3ὶέεεὶ-

274 518 387 577 pulis
414 528 519 562 tunc
547 518 594 560 in
619 517 802 576 propria
838 517 991 576 specie
1025 517 1276 572 videbatur,
1303 529 1347 562 et
1373 519 1419 562 in
1446 519 1598 577 specie
1639 521 1916 565 sacramenti
1955 521 2241 583 sumebatur:

271 599 366 628 non
393 594 545 628 autem
572 594 668 628 erat
691 583 985 642 impassibile,
1003 584 1258 628 secundum
1275 586 1398 644 quod
1414 586 1461 630 in
1479 588 1661 646 propria
1677 588 1829 646 specie
1845 588 2093 644 videbatur,
2115 590 2245 649 quin-

272 654 368 695 imo
396 661 491 695 erat
516 651 718 710 passioni
745 660 982 710 paratum:
1019 652 1139 695 unde
1175 666 1261 696 nec
1300 653 1450 712 ipsum
1475 668 1639 714 corpus
1668 654 1855 709 Christi,
1876 656 2001 715 quod
2021 656 2069 700 in
2090 657 2243 716 specie
2286 659 2291 662 ’
2347 695 2352 702 .

271 719 545 763 sacramenti
571 719 775 772 dabatur,
796 718 1076 778 impassibile
1100 730 1207 764 erat.
1231 720 1506 780 Impassibili
1526 732 1682 767 tamen
1704 722 1847 766 modo
1870 732 1967 767 erat
1989 723 2070 767 sub
2093 724 2244 783 specie

270 786 557 841 sacramenti,
584 786 706 844 quod
733 787 778 829 in
805 800 853 830 se
880 796 977 830 erat
1000 786 1228 845 passibile,
1255 787 1373 832 sicut
1397 788 1695 844 invisibiliter,
1720 790 1844 848 quod
1869 789 1917 833 in
1943 803 1992 834 se
2017 800 2116 835 erat
2138 791 2245 836 visi-

270 853 373 897 bile.
403 853 533 897 Sicut
559 854 682 896 enim
707 853 824 897 visio
852 853 1041 912 requirit
1067 864 1332 899 contactum
1374 856 1595 915 corporis,
1622 857 1744 916 quod
1770 856 1949 901 videtur
1973 857 2031 902 ad
2057 857 2246 903 circum-

271 931 394 965 stans
420 920 625 965 medium
650 920 863 975 visionis;
889 921 950 965 ita
976 921 1129 981 passio
1155 922 1344 981 requirit
1371 933 1637 968 contactum
1664 924 1884 983 corporis,
1917 925 2040 984 quod
2063 925 2244 984 patitur,

272 988 327 1032 ad
355 1002 408 1032 ea
430 1002 546 1047 quae
570 996 723 1046 agunt.
743 987 925 1047 Corpus
944 998 1098 1033 autem
1116 988 1302 1043 Christi,
1325 991 1579 1034 secundum
1602 991 1724 1050 quod
1748 1001 1815 1035 est
1836 991 1916 1036 sub
1941 1002 2246 1047 sacramento,

272 1065 321 1099 ut
345 1069 479 1115 supra
503 1055 680 1099 dictum
706 1064 774 1099 est
800 1054 858 1114 (q.
886 1055 956 1114 76.
983 1062 1064 1100 art.
1091 1070 1133 1113 4.
1151 1070 1188 1116 5.
1216 1063 1252 1101 et
1278 1057 1357 1113 6.),
1400 1072 1495 1102 non
1539 1069 1833 1118 comparatur
1857 1059 1914 1103 ad
1942 1072 1995 1103 ea
2021 1072 2139 1119 quae
2165 1060 2248 1104 cir-

272 1132 515 1176 cumstant,
542 1122 847 1167 mediantibus
871 1123 1064 1182 propriis
1088 1124 1459 1182 dimensionibus,
1483 1126 1643 1184 quibus
1663 1140 1858 1186 corpora
1873 1139 1922 1170 se
1938 1137 2145 1186 tangunt,
2166 1126 2246 1172 sed

273 1189 576 1234 mediantibus
603 1190 962 1235 dimensionibus
980 1191 1235 1250 specierum
1261 1192 1404 1250 panis,
1423 1203 1467 1237 et
1491 1193 1586 1236 vini
1601 1209 1613 1248 ;
1630 1203 1673 1237 et
1688 1194 1792 1237 ideo
1811 1194 1985 1253 species
1999 1193 2106 1239 illae
2126 1203 2246 1248 sunt,

273 1271 388 1316 quae
414 1257 658 1317 patiuntur,
686 1267 731 1301 et
750 1257 974 1313 videntur,
1001 1272 1096 1302 non
1124 1269 1278 1302 autem
1303 1259 1456 1318 ipsum
1483 1274 1648 1319 corpus
1677 1260 1864 1306 Christi.

360 1325 438 1370 An
469 1338 659 1370 PRIMUM
687 1339 796 1383 ergo
830 1325 1092 1380 dicendum,
1115 1326 1238 1385 quod
1266 1325 1476 1371 Christus
1503 1327 1666 1372 dicitur
1691 1328 1738 1372 in
1778 1342 1924 1373 coena
1947 1343 2044 1375 non
2070 1328 2247 1374 dedisse

273 1407 438 1452 corpus
466 1407 600 1436 suum
627 1392 837 1447 mortale,
856 1403 898 1437 et
916 1393 1143 1452 passibile,
1158 1393 1263 1452 quia
1289 1407 1383 1438 non
1412 1394 1534 1439 dedit
1559 1394 1758 1450 mortali,
1786 1406 1830 1440 et
1850 1396 2054 1456 passibili
2078 1397 2246 1452 modo;

275 1475 381 1506 crux
407 1470 561 1504 autem
586 1459 695 1504 fecit
721 1474 908 1505 carnem
928 1461 1100 1505 Christi
1126 1471 1280 1520 aptam
1306 1462 1666 1518 manducationi,
1689 1463 1960 1524 inquantum
1983 1464 2077 1509 hoc
2099 1478 2247 1509 sacra-

273 1537 480 1572 mentum
505 1538 815 1586 repraesentat
839 1528 1102 1586 passionem
1130 1528 1315 1574 Christi.

362 1595 438 1639 AD
465 1608 726 1639 SECUNDUM
759 1594 1018 1650 dicendum,
1045 1596 1168 1655 quod
1202 1596 1318 1640 ratio
1357 1595 1436 1641 illa
1472 1597 1754 1657 procederet,
1789 1600 1828 1644 si
1864 1612 2030 1659 corpus
2057 1597 2245 1654 Christi,

273 1662 390 1706 sicut
415 1673 511 1707 erat
535 1662 762 1722 passibile,
783 1663 846 1706 ita
872 1663 1075 1722 passibili
1100 1663 1243 1708 modo
1268 1663 1427 1709 fuisset
1451 1665 1532 1709 sub
1560 1666 1651 1710 hoc
1678 1676 1984 1723 sacramento.

362 1730 438 1774 AD
466 1742 684 1775 TERTIUM
710 1730 971 1785 dicendum,
1003 1731 1142 1790 quod,
1169 1731 1286 1776 sicut
1307 1747 1444 1792 supra
1469 1733 1642 1778 dictum
1665 1743 1733 1778 est
1760 1733 1818 1793 (q.
1852 1734 1921 1793 76.
1949 1739 2030 1779 art.
2056 1733 2141 1792 4.),
2169 1747 2245 1778 ac-

276 1797 472 1842 cidentia
499 1799 704 1856 corporis
732 1797 905 1842 Christi
930 1809 1035 1843 sunt
1059 1799 1106 1843 in
1133 1810 1422 1845 sacramento
1445 1815 1500 1844 ex
1521 1801 1634 1845 reali
1661 1801 2035 1856 concomitantia,
2055 1815 2151 1846 non
2173 1815 2247 1845 au·

274 1876 370 1909 tem
397 1879 451 1909 ex
467 1865 513 1908 vi
529 1865 819 1919 sacramenti,
838 1879 891 1909 ex
909 1880 998 1924 qua
1025 1876 1092 1910 est
1117 1867 1180 1911 ibi
1201 1868 1451 1912 substantia
1474 1868 1678 1927 corporis
1698 1869 1890 1925 Christi;
1913 1879 1958 1913 et
1977 1868 2084 1914 ideo
2103 1867 2247 1914 virtus

274 1932 520 1976 verborum
546 1932 949 1977 sacramentalium
976 1934 1030 1978 ad
1057 1934 1147 1979 hoc
1175 1949 1224 1978 se
1250 1936 1464 1990 extendit,
1490 1946 1540 1980 ut
1565 1937 1622 1981 sit
1647 1937 1727 1981 sub
1761 1947 2051 1982 sacramento
2079 1949 2244 1997 corpus

276 1999 462 2055 Christi,
489 1999 664 2045 scilicet
689 2000 1052 2061 quibuscumque
1076 2001 1384 2048 accidentibus
1410 2003 1590 2048 realiter
1610 2004 1657 2048 in
1681 2018 1737 2049 eo
1762 2004 2067 2050 existentibus.

977 2197 1419 2255 ARTICULUS
1462 2198 1560 2255 iv.
2160 2226 2244 2276 493

821 2340 1015 2379 UTRUM
1056 2342 1102 2379 SI
1143 2341 1261 2381 Hoc
1303 2343 1712 2384 SACRAMENTUM

278 2420 536 2459 TEMPORE
570 2411 774 2460 MORT'IS
818 2423 1036 2462 CHRISTI
1069 2425 1293 2463 FUISSET
1327 2425 1639 2478 SERVATUM,
1669 2426 1776 2466 vm.
1818 2426 2248 2481 CONSECRATUM,

1023 2506 1095 2544 1131
1144 2507 1496 2547 MORERETUR.

282 2620 344 2679 (4.
368 2621 481 2667 Dist.
505 2636 571 2669 ro.
593 2628 674 2667 art.
691 2637 731 2668 2.
758 2637 796 2682 q.
819 2639 855 2669 1.
878 2631 991 2684 corp.
1018 2631 1056 2670 et
1077 2626 1189 2671 Dist.
1210 2642 1268 2672 Π.
1292 2642 1330 2686 q.
1353 2642 1390 2687 3.
1418 2633 1497 2672 art.
1520 2640 1562 2685 4.
1591 2634 1630 2673 et
1651 2628 1722 2673 lib.
1749 2642 1791 2686 4.
1818 2629 1968 2675 Contr.
1990 2644 2030 2690 g.
2057 2637 2149 2691 cap.
2174 2630 2248 2689 64.

397 2695 434 2734 et
456 2689 610 2747 Quodl.
622 2705 659 2750 5.
679 2697 761 2736 art.
785 2707 842 2737 Π.
866 2691 920 2736 αᾱ
940 2708 975 2738 1.
998 2699 1034 2737 et
1049 2693 1173 2750 Joan.
1193 2694 1234 2739 6.
1258 2694 1347 2740 lect.
1372 2695 1412 2740 6.
1428 2696 1500 2751 fin.
1523 2703 1562 2741 et
1583 2712 1617 2741 r.
1640 2696 1741 2741 Cor.
1763 2713 1818 2743 H.
1846 2697 1934 2744 lect.
1958 2698 2000 2744 6.
2018 2698 2128 2757 fin).

330 2835 333 2838 Δ
368 2809 445 2854 AD
473 2822 710 2860 QUARTUM
737 2811 801 2855 sic
827 2812 1101 2871 proceditur.
1119 2812 1325 2868 Videtur,
1344 2815 1466 2874 quod
1490 2815 1528 2859 si
1554 2815 1644 2860 hoc
1673 2826 2014 2863 sacramentum
2036 2827 2248 2877 tempore

280 2880 441 2922 mortis
471 2878 642 2922 Christi
667 2877 823 2923 fuisset
848 2890 1078 2924 servatum
1106 2882 1151 2925 in
1168 2881 1347 2940 pyxide,
1365 2882 1439 2927 vel
1466 2884 1520 2927 ab
1551 2883 1703 2943 aliquo
1738 2883 2055 2944 apostolorum
2086 2899 2243 2931 conse-
2309 2887 2312 2890 ’

280 2955 472 3000 eratum,
498 2960 593 2990 non
624 2945 687 2990 ibi
713 2957 990 2991 moreretur:
1025 2961 1150 2992 mors
1185 2949 1307 2993 enim
1338 2950 1509 2995 Christi
1535 2952 1700 2996 accidit
1725 2967 1805 3012 per
1836 2954 1934 3012 ejus
1959 2953 2247 3014 passionem;

280 3014 359 3058 sed
378 3013 587 3058 Christus
605 3014 874 3074 impassibili
899 3016 1040 3060 modo
1069 3017 1206 3060 etiam
1233 3029 1339 3062 tunc
1368 3031 1463 3063 erat
1489 3020 1534 3063 in
1557 3019 1647 3064 hoc
1674 3030 1990 3076 sacrament03
2017 3035 2130 3081 ergo
2153 3035 2248 3066 non

280 3090 459 3140 poterat
483 3082 603 3125 mori
628 3082 674 3125 in
701 3082 791 3126 hoc
813 3093 1115 3127 sacramento.

371 3161 411 3195 2.
430 3149 728 3194 PRAETEREA.
748 3149 799 3193 In
823 3161 971 3195 morte
992 3150 1162 3195 Christi
1189 3163 1422 3211 separatus
1448 3152 1532 3198 fuit
1558 3154 1743 3214 sanguis
1769 3155 1864 3214 ejus
1888 3170 1912 3200 a
1935 3169 2148 3216 corpore:
2171 3157 2250 3202 sed

280 3216 327 3260 in
353 3215 443 3259 hoc
472 3227 760 3261 sacramento
785 3217 921 3262 simul
948 3227 1016 3263 est
1038 3232 1204 3278 corpus
1223 3219 1409 3274 Christi,
1428 3231 1472 3265 et
1493 3223 1703 3281 sanguis3
1727 3237 1837 3282 ergo
1861 3223 2073 3269 Christus
2089 3224 2136 3268 in
2157 3223 2248 3270 hoc

281 3294 570 3328 sacramento
597 3298 692 3328 non
721 3296 988 3330 moreretur.

373 3364 410 3408 3.
434 3350 732 3397 PRAETEREA.
760 3352 886 3397 Mors
914 3353 1080 3398 accidit
1104 3367 1183 3413 per
1214 3356 1551 3414 separationem
1579 3358 1760 3404 animae
1793 3371 1819 3404 a
1852 3372 2070 3418 corpore:
2096 3359 2175 3404 sed
2201 3359 2248 3404 in

280 3418 370 3461 hoc
398 3429 687 3463 sacramento
716 3421 972 3465 continetur
997 3431 1093 3466 tam
1120 3436 1300 3481 corpus,
1316 3437 1453 3481 quam
1473 3425 1626 3469 anima
1646 3425 1843 3481 Christi;
1869 3438 1981 3486 ergo
2001 3426 2048 3470 in
2070 3426 2161 3471 hoc
2177 3440 2250 3472 sa·

283 3496 519 3530 eramento
546 3501 642 3531 non
668 3497 848 3546 poterat
874 3488 1086 3533 Christus
1113 3490 1246 3533 mori.

372 3554 466 3598 SED
495 3567 691 3600 CONTRA
718 3566 799 3610 est,
826 3557 949 3616 quod
975 3557 1097 3601 idem
1125 3556 1348 3612 Christus,
1376 3559 1454 3618 qui
1480 3571 1575 3605 erat
1605 3560 1651 3605 in
1686 3574 1834 3615 cruce,
1852 3559 2008 3607 fuisset
2032 3563 2079 3607 in
2103 3573 2249 3607 sacra-

283 3630 463 3667 mento:
482 3622 626 3667 sedin
644 3638 778 3669 cruce
796 3624 1099 3680 moriebatur3
1119 3639 1229 3685 ergo
1247 3635 1291 3670 et
1307 3625 1353 3670 in
1370 3638 1660 3673 sacramento
1680 3638 1952 3675 conservato
1978 3638 2246 3676 moreretur.
