2352 3926
276 199 383 253 228
800 215 1075 275 QUAESTIO
1114 216 1243 256 xxv.
1283 217 1592 273 Ammonis
1632 220 1685 274 v.

272 315 461 361 refertur
487 315 542 360 ad
570 315 823 376 exemplar:
853 317 958 376 quia
983 317 1080 375 ipsa
1099 317 1270 382 imago,
1290 329 1428 378 prout
1451 320 1498 365 in
1524 335 1572 366 se
1599 322 1912 386 consideratur
1934 334 1985 385 ut
2005 339 2076 371 res
2101 340 2236 390 quae-

276 384 396 437 dam,
421 383 548 427 nullo
573 384 714 428 modo
742 394 809 428 est
834 385 1108 447 veneranda.
1749 387 1752 390 ’
1856 388 1859 389 ’
2191 382 2196 390 “

363 452 438 494 AD
467 463 682 495 TERTmM
709 451 968 506 dicendum,
997 452 1120 514 quod
1147 467 1254 497 crux
1278 468 1373 498 non
1407 465 1474 500 est
1506 470 1646 515 capax
1676 457 1996 523 venerationis,
2027 470 2163 526 prout
2186 461 2234 506 in

273 532 322 562 se
350 518 674 572 consideratur,
701 528 750 561 ut
771 518 943 562 dictum
972 530 1039 563 est
1064 521 1167 578 (art.
1186 523 1379 580 praec.).·
1406 517 1485 566 sed
1512 522 1562 566 Β.
1588 522 1732 583 Virgo
1759 520 2012 587 secundum
2037 528 2234 591 seipsam

273 594 340 628 est
364 585 670 628 venerationis
698 599 864 644 capax;
892 595 936 630 et
961 586 1064 630 ideo
1090 601 1185 631 non
1212 597 1280 632 est
1305 588 1465 634 similis
1492 589 1623 634 ratio.
2148 586 2157 591 ”
2188 586 2192 590 “

983 765 1417 824 ARTICULUS
1453 769 1550 824 VI.
2152 797 2234 848 149

518 900 710 939 UTRUM
738 902 1034 948 RELIQUIAE
1075 903 1412 943 SANCTORUM
1446 905 1568 943 SINT
1611 905 1969 945 ADORANDAE.

1016 1012 1116 1069 (2-2.
1145 1028 1182 1071 q.
1216 1013 1287 1072 96.
1322 1019 1402 1058 art.
1433 1015 1506 1072 3.).

358 1123 434 1167 AD
454 1136 646 1168 SEXTUM
667 1124 730 1168 sic
758 1123 1029 1183 proceditur.
1053 1123 1258 1179 Videtur,
1283 1126 1404 1185 quod
1423 1134 1685 1169 sanctorum
1703 1125 1921 1184 reliquiae
1938 1125 2066 1171 nullo
2089 1126 2231 1174 modo

268 1190 358 1235 sint
392 1191 672 1236 adorandae:
699 1205 794 1235 non
827 1192 950 1235 enim
986 1202 1053 1235 est
1078 1191 1246 1251 aliquid
1283 1193 1558 1245 faciendum,
1591 1193 1713 1251 quod
1740 1193 1884 1251 possit
1915 1207 2013 1237 esse
2046 1192 2231 1249 occasio

266 1259 428 1302 erroris
449 1273 457 1302 ε
486 1259 563 1303 sed
591 1259 780 1302 adorare
804 1269 1091 1302 mortuorum
1109 1260 1321 1318 reliquias
1348 1260 1525 1303 videtur
1545 1259 1600 1302 ad
1625 1274 1828 1303 errorem
1857 1259 2111 1310 Gentilium
2136 1275 2232 1320 per-

262 1327 422 1380 tinere,
455 1326 532 1385 qui
558 1318 748 1370 mortuis
775 1326 1037 1370 hominibus
1064 1326 1464 1371 honorificentiam
1490 1326 1840 1385 impendebant3
1869 1341 1978 1386 ergo
2005 1327 2100 1372 n'on
2127 1339 2231 1387 sunt

267 1404 531 1437 sanctorum
555 1394 770 1452 reliquiae
797 1393 1069 1437 adorandae.
2010 1394 2013 1397 '

358 1474 396 1504 2.
426 1461 722 1505 PRAETEREA.
751 1460 951 1504 Stultum
978 1461 1155 1504 videtur
1171 1475 1268 1504 rem
1294 1460 1605 1504 insensibilem
1625 1459 1856 1514 venerari3
1873 1461 1950 1504 sed
1969 1470 2231 1507 sanctorum

266 1527 482 1587 reliquiae
510 1538 613 1572 sunt
637 1527 915 1572 insensibilia
943 1542 1158 1586 corpora3
1186 1543 1297 1586 ergo
1324 1527 1513 1571 stultum
1541 1537 1608 1570 est
1630 1541 1705 1570 eas
1732 1527 1953 1572 venerari.

324 1630 331 1636 .
362 1610 398 1653 3.
427 1595 723 1640 PRAETEREA.
768 1594 949 1653 Corpus
983 1605 1217 1639 mortuum
1243 1609 1337 1639 non
1370 1605 1437 1639 est
1463 1594 1667 1653 ejusdem
1701 1594 1871 1652 speciei
1899 1609 2005 1639 cum
2040 1609 2232 1656 corpore

263 1662 392 1716 vivo;
427 1672 470 1706 et
495 1677 574 1721 per
601 1676 884 1721 consequens
911 1676 1005 1705 non
1032 1662 1208 1705 videtur
1236 1676 1332 1706 esse
1359 1676 1553 1705 numero
1580 1661 1727 1715 idem3
1755 1675 1864 1720 ergo
1887 1661 2078 1721 videtur,
2104 1663 2230 1722 quod

264 1739 368 1788 post
393 1740 592 1773 mortem
619 1729 807 1787 alicujus
835 1730 980 1773 sancti
1007 1743 1171 1788 corpus
1198 1730 1293 1787 ejus
1319 1743 1414 1772 non
1442 1730 1497 1772 sit
1525 1727 1834 1772 adorandum.'

358 1797 452 1841 SED
481 1809 676 1841 CONTRA
704 1807 784 1851 est,
812 1797 934 1856 quod
958 1796 1120 1840 dicitur
1135 1797 1182 1839 in
1209 1796 1284 1840 lib.
1303 1796 1358 1840 de
1378 1796 1707 1839 Ecclesiasticis
1726 1795 2016 1859 dogmatibus
2038 1796 2152 1868 (cap.
2171 1810 2229 1856 73.

268 1865 375 1908 inter
401 1873 464 1924 op.
485 1865 614 1923 Aug.)
631 1881 644 1909 .·
675 1880 698 1905 ‹<
718 1864 995 1908 Sanctorum
1023 1878 1230 1923 corpora,
1263 1876 1308 1908 et
1322 1863 1564 1922 praecipue
1592 1863 1832 1906 beatorum
1855 1864 2108 1925 martyrum
2126 1863 2231 1926 ,reli-

269 1933 413 1990 quias,
439 1946 490 1975 ac
518 1931 555 1975 si
582 1931 755 1976 Christi
781 1932 1001 1986 membra,
1034 1931 1353 1990 syncerissime
1380 1930 1650 1974 honoranda
1678 1928 1974 1976 credimus>›:
2003 1940 2049 1975 et
2072 1933 2231 1989 postea

266 1999 487 2043 subditur:
511 2015 534 2039 <‹
553 1999 602 2043 Si
619 1999 717 2058 quis
737 2009 895 2042 contra
911 1999 1031 2042 hanc
1050 1999 1321 2042 sententiam
1339 1998 1528 2051 venerit,
1545 2011 1640 2041 non
1664 1996 1966 2054 Christianus,
1984 1997 2063 2042 s'ed
2082 1997 2232 2063 Euno-

267 2066 460 2119 mianus‚
488 2075 531 2110 et
555 2065 891 2124 Vigilantianus
919 2066 1173 2110 creditur».
2188 2067 2191 2071 ’

354 2133 644 2177 ΒΕεΡοΝΒΕο
678 2133 936 2186 dicendum,
971 2133 1107 2192 quod,
1149 2134 1264 2177 sicut
1290 2133 1483 2190 August.
1524 2131 1633 2175 dicit
1656 2131 1703 2174 in
1729 2130 1804 2175 lib.
1848 2144 1884 2174 1.
1924 2131 1980 2176 de
2008 2131 2112 2184 Civ.
2138 2131 2227 2192 Dei

270 2199 380 2259 (cap.
405 2216 459 2259 13.
479 2215 505 2244 a
523 2202 660 2259 princ.
659 2199 699 2258 )‚
739 2216 761 2241 ι(
779 2199 816 2243 si
834 2210 1020 2259 paterna
1042 2200 1195 2254 vestis,
1219 2210 1262 2244 et
1279 2198 1486 2252 annulus,
1515 2213 1566 2242 ac
1600 2198 1637 2242 si
1659 2197 1766 2257 quid
1791 2197 2071 2256 hujusmodi,
2100 2208 2229 2255 tanto

271 2267 417 2311 carius
445 2277 512 2311 est
537 2269 744 2326 posteris,
771 2277 940 2326 quanto
960 2281 1067 2325 erga
1092 2277 1300 2327 parentes
1324 2277 1390 2311 est
1416 2268 1566 2326 major
1589 2265 1790 2319 affectus,
1815 2263 1943 2321 nullo
1969 2265 2112 2326 modo
2131 2266 2230 2327 ipsa

264 2334 519 2393 spernenda
551 2344 654 2378 sunt
690 2348 897 2393 corpora,
930 2349 1045 2394 quae
1079 2335 1231 2394 utique
1260 2334 1404 2378 multo
1437 2333 1720 2386 familiarius,
1755 2329 1895 2392 atque*
1920 2334 2225 2392 conjunctius,

264 2415 403 2460 quam
430 2401 657 2460 quaelibet
677 2401 956 2455 indumenta,
975 2412 1220 2460 gestamus,
1246 2401 1361 2445 haec
1390 2401 1513 2445 enim
1541 2401 1596 2444 ad
1622 2400 1769 2458 ipsam
1785 2409 1997 2453 naturam
2021 2393 2225 2462 hominis

263 2469 528 2527 pertinent»
546 2484 557 2523 ;
586 2483 638 2512 ex
661 2483 751 2528 quo
774 2479 911 2527 patet,
931 2470 1052 2527 quod
1071 2470 1147 2528 qui
1172 2469 1310 2512 habet
1328 2467 1542 2512 affectum
1561 2468 1616 2511 ad
1636 2467 1849 2525 aliquem,
1867 2466 2006 2511 etiam
2030 2481 2087 2512 ea
2109 2472 2227 2528 quae

263 2535 318 2580 de
344 2538 443 2594 ipso
470 2545 572 2594 post
598 2544 795 2579 mortem
827 2535 1153 2594 relinquuntur,
1176 2544 1429 2588 veneratur,
1455 2549 1550 2578 non
1583 2534 1736 2579 solum
1769 2547 1949 2593 corpus,
1975 2543 2053 2579 aut
2077 2537 2226 2594 Partes

260 2603 465 2662 corporis
492 2604 602 2660 ejus,
629 2602 707 2646 sed
735 2602 871 2646 etiam
891 2603 1042 2661 aliqua
1069 2603 1305 2656 exteriora,
1324 2612 1429 2660 puta
1453 2613 1614 2655 vestes,
1643 2611 1686 2645 et
1712 2600 1903 2655 similia;
1930 2593 2226 2659 manifestum

262 2680 330 2714 est
356 2680 523 2723 autem,
542 2669 663 2728 quod
687 2679 868 2713 sanctos
885 2670 972 2713 Dei
998 2670 1043 2712 in
1066 2670 1360 2714 veneratione
1378 2670 1546 2712 habere
1573 2669 1806 2722 debemuS,
1828 2678 2066 2727 tamquam
2084 2682 2227 2714 mem-

260 2737 340 2780 bra
369 2736 555 2790 Christi,
578 2737 665 2780 Dei
682 2736 814 2789 filios,
843 2746 886 2780 et
903 2737 1091 2790 amicos,
1115 2744 1159 2780 et
1180 2747 1360 2780 nostros
1379 2739 1723 2780 intercessores:
1744 2745 1788 2779 et
1813 2734 1918 2779 ideo
1946 2748 2108 2780 eorum
2128 2736 2227 2782 reli-

262 2804 389 2863 quias
417 2804 761 2863 qualiscumque
787 2804 965 2847 honore
990 2818 1194 2862 congruo
1222 2804 1267 2846 in
1292 2818 1450 2847 eorum
1476 2804 1750 2846 memoriam
1767 2801 1972 2846 venerari
1989 2801 2224 2858 debemus,

262 2872 572 2930 et'praecipue
600 2885 760 2915 eorum
788 2885 993 2929 corpora,
1018 2885 1132 2929 quae
1159 2870 1339 2914 fuerunt
1364 2869 1549 2928 templa,
1577 2878 1619 2913 et
1647 2883 1819 2926 organa
1847 2867 2040 2927 Spiritus
2068 2868 2227 2916 Sancti

257 2939 303 2982 in
330 2939 393 2983 eis
420 2939 677 2991 habitantis,
706 2948 749 2981 et
776 2938 1018 2996 operantis,
1046 2948 1090 2981 et
1116 2946 1218 2981 sunt
1246 2938 1426 2996 corpori
1454 2936 1622 2980 Christi
1659 2935 1986 2994 configuranda
2018 2950 2100 2998 per
2125 2937 2223 2996 glo-

258 3005 428 3050 riosam
455 3007 859 3049 resurrectionem:
884 3004 1002 3048 unde
1027 3015 1071 3049 et
1096 3005 1191 3062 ipse
1213 3004 1339 3047 Deus
1366 3003 1630 3061 hujusmodi
1656 3001 1869 3062 reliquias
1896 3003 2224 3067 convenienter

258 3073 471 3128 honorat,
497 3073 543 3116 in
571 3086 728 3116 earum
758 3072 1011 3131 praesentia
1039 3071 1258 3115 miracula
1285 3070 1508 3115 faciendo.
2138 3068 2141 3073 ’
2175 3064 2179 3073 “

347 3141 422 3185 AD
449 3153 637 3185 PRIMUM
675 3154 784 3197 ergo
813 3139 1070 3192 dicendum,
1098 3139 1218 3197 quod
1246 3138 1359 3182 haec
1386 3137 1470 3182 fuit
1500 3138 1614 3182 ratio
1651 3137 1904 3197 Vigilantii,
1933 3138 2060 3197 cujus
2085 3138 2224 3190 verba

258 3206 506 3252 introducit
532 3207 841 3266 Hieronymus
869 3206 914 3249 in
942 3205 1072 3260 libro,
1100 3220 1236 3264 quem
1280 3214 1437 3249 contra
1465 3220 1570 3249 eum
1605 3206 1759 3249 scribit
1790 3205 1906 3266 (cap.
1937 3219 1977 3251 2.
2003 3210 2165 3266 parum
2196 3219 2224 3251 a

248 3276 434 3335 princ.),'
458 3274 669 3319 dicentis:
702 3290 725 3315 «
748 3274 896 3333 Prope
923 3273 1058 3317 ritum
1089 3272 1341 3317 Gentilium
1373 3273 1580 3317 videmus
1613 3273 1693 3317 sub
1721 3282 1954 3333 praetextu
1986 3271 2222 3332 religionis

254 3343 581 3396 introductum,
608 3340 927 3402 pulvisculum,
954 3340 1110 3384 nescio
1149 3340 1286 3399 quod,
1319 3340 1364 3383 in
1399 3340 1584 3384 modico
1612 3339 1799 3384 vasculo
1832 3340 2033 3399 pretioso
2066 3339 2222 3385 lintea·

257 3411 379 3454 mine
408 3409 753 3463 circumdatum,
781 3407 1038 3452 osculantes
1066 3407 1257 3451 adorant
1275 3423 1326 3461 »;
1355 3417 1512 3451 contra
1540 3422 1678 3467 quem
1712 3407 1900 3452 Hieron.
1929 3406 2037 3458 dicit
2062 3408 2107 3452 in
2130 3407 2223 3468 epi·

256 3476 373 3521 stola
402 3477 456 3520 ad
483 3476 718 3536 Riparium
755 3476 879 3534 (quae
905 3481 958 3520 est
984 3490 1041 3535 53.
1066 3481 1223 3534 parum
1256 3489 1283 3519 a
1305 3475 1464 3535 princ.)
1481 3491 1493 3519 .·
1525 3475 1678 3528 «Nos,
1715 3488 1809 3519 non
1836 3473 1940 3519 dico
1966 3472 2218 3534 Martyrum

255 3543 480 3603 reliquias,
509 3544 586 3587 sed
613 3558 696 3588 nec
726 3542 888 3596 solem,
914 3555 997 3586 nec
1026 3541 1197 3594 lunam,
1220 3556 1304 3585 nec
1330 3541 1517 3599 angelos
1545 3542 1846 3595 adoramus»,
1869 3539 2043 3598 scilicet
2065 3539 2221 3586 adora·

248 3611 373 3655 tione
392 3610 572 3655 latriae:
597 3610 918 3655 «honoramus
944 3619 1096 3654 autem
1115 3607 1326 3668 reliquias
1349 3608 1617 3667 Martyrum,
1636 3618 1684 3653 ut
1702 3622 1823 3663 eum,
1843 3609 1971 3668 cuius
1988 3617 2092 3655 sunt
2104 3622 2219 3654 mar·
