<?xml version="1.0" encoding="UTF-8"?>
<!DOCTYPE html PUBLIC "-//W3C//DTD XHTML 1.0 Transitional//EN"
    "http://www.w3.org/TR/xhtml1/DTD/xhtml1-transitional.dtd">
<html xmlns="http://www.w3.org/1999/xhtml" xml:lang="en" lang="en">
 <head>
  <title>
</title>
<meta http-equiv="Content-Type" content="text/html;charset=utf-8" />
  <meta name='ocr-system' content='tesseract 3.04.00' />
  <meta name='ocr-capabilities' content='ocr_page ocr_carea ocr_par ocr_line ocrx_word'/>
</head>
<body>
  <div class='ocr_page' id='page_1' title='image "./divithomaeaquina04thom_0254.png"; bbox 0 0 2352 3926; ppageno 0'>
   <div class='ocr_carea' id='block_1_1' title="bbox 276 222 1740 292">
    <p class='ocr_par' dir='ltr' id='par_1_1' title="bbox 276 222 1740 292">
     <span class='ocr_line' id='line_1_1' title="bbox 276 222 1740 292; baseline 0 -16"><span class='ocrx_word' id='word_1_1' title='bbox 276 237 384 292; x_wconf 83' lang='lat'>250</span> <span class='ocrx_word' id='word_1_2' title='bbox 770 236 1048 282; x_wconf 71' lang='lat' dir='ltr'>QUAEsrro</span> <span class='ocrx_word' id='word_1_3' title='bbox 1089 235 1280 275; x_wconf 85' lang='lat' dir='ltr'>xxvm.</span> <span class='ocrx_word' id='word_1_4' title='bbox 1318 222 1627 276; x_wconf 61' lang='lat' dir='ltr'>Ani-mutus</span> <span class='ocrx_word' id='word_1_5' title='bbox 1667 236 1740 276; x_wconf 79' lang='lat' dir='ltr'>lv.</span> 
     </span>
    </p>
   </div>
   <div class='ocr_carea' id='block_1_2' title="bbox 272 336 2239 866">
    <p class='ocr_par' dir='ltr' id='par_1_2' title="bbox 273 336 2237 533">
     <span class='ocr_line' id='line_1_2' title="bbox 274 336 2237 398; baseline 0.001 -16"><span class='ocrx_word' id='word_1_6' title='bbox 274 337 382 383; x_wconf 89' lang='lat' dir='ltr'>licet</span> <span class='ocrx_word' id='word_1_7' title='bbox 407 352 509 382; x_wconf 91' lang='lat' dir='ltr'>eam</span> <span class='ocrx_word' id='word_1_8' title='bbox 534 337 581 381; x_wconf 93' lang='lat' dir='ltr'>in</span> <span class='ocrx_word' id='word_1_9' title='bbox 607 336 830 382; x_wconf 85' lang='lat' dir='ltr'>desiderio</span> <span class='ocrx_word' id='word_1_10' title='bbox 857 338 1080 393; x_wconf 85' lang='lat' dir='ltr'>habuerit,</span> <span class='ocrx_word' id='word_1_11' title='bbox 1113 353 1249 398; x_wconf 88' lang='lat' dir='ltr'>super</span> <span class='ocrx_word' id='word_1_12' title='bbox 1287 338 1378 383; x_wconf 93' lang='lat' dir='ltr'>hoc</span> <span class='ocrx_word' id='word_1_13' title='bbox 1412 348 1568 384; x_wconf 89' lang='lat' dir='ltr'>tamen</span> <span class='ocrx_word' id='word_1_14' title='bbox 1603 338 1890 383; x_wconf 87' lang='lat' dir='ltr'>voluntatem</span> <span class='ocrx_word' id='word_1_15' title='bbox 1927 352 2057 384; x_wconf 86' lang='lat' dir='ltr'>suam</span> <span class='ocrx_word' id='word_1_16' title='bbox 2083 337 2237 384; x_wconf 84' lang='lat' dir='ltr'>divino</span> 
     </span>
     <span class='ocr_line' id='line_1_3' title="bbox 275 404 2234 466; baseline 0.001 -17"><span class='ocrx_word' id='word_1_17' title='bbox 275 406 508 449; x_wconf 86' lang='lat' dir='ltr'>commisit</span> <span class='ocrx_word' id='word_1_18' title='bbox 533 404 740 449; x_wconf 86' lang='lat' dir='ltr'>arbitrio:</span> <span class='ocrx_word' id='word_1_19' title='bbox 766 405 1064 463; x_wconf 90' lang='lat' dir='ltr'>postmodum</span> <span class='ocrx_word' id='word_1_20' title='bbox 1083 419 1194 450; x_wconf 90' lang='lat' dir='ltr'>vero</span> <span class='ocrx_word' id='word_1_21' title='bbox 1222 416 1412 465; x_wconf 85' lang='lat' dir='ltr'>accepto</span> <span class='ocrx_word' id='word_1_22' title='bbox 1439 420 1626 466; x_wconf 90' lang='lat' dir='ltr'>sponso,</span> <span class='ocrx_word' id='word_1_23' title='bbox 1652 405 1907 450; x_wconf 86' lang='lat' dir='ltr'>secundum</span> <span class='ocrx_word' id='word_1_24' title='bbox 1931 405 2055 465; x_wconf 88' lang='lat' dir='ltr'>quod</span> <span class='ocrx_word' id='word_1_25' title='bbox 2079 412 2234 451; x_wconf 76' lang='lat' dir='ltr'>mores</span> 
     </span>
     <span class='ocr_line' id='line_1_4' title="bbox 273 471 1979 533; baseline 0.001 -17"><span class='ocrx_word' id='word_1_26' title='bbox 273 472 392 516; x_wconf 83' lang='lat' dir='ltr'>illius</span> <span class='ocrx_word' id='word_1_27' title='bbox 418 472 638 530; x_wconf 89' lang='lat' dir='ltr'>temporis</span> <span class='ocrx_word' id='word_1_28' title='bbox 667 472 920 530; x_wconf 83' lang='lat' dir='ltr'>exigebant,</span> <span class='ocrx_word' id='word_1_29' title='bbox 948 471 1086 517; x_wconf 88' lang='lat' dir='ltr'>simul</span> <span class='ocrx_word' id='word_1_30' title='bbox 1113 487 1218 517; x_wconf 91' lang='lat' dir='ltr'>cum</span> <span class='ocrx_word' id='word_1_31' title='bbox 1245 487 1301 518; x_wconf 92' lang='lat' dir='ltr'>eo</span> <span class='ocrx_word' id='word_1_32' title='bbox 1329 484 1491 518; x_wconf 91' lang='lat' dir='ltr'>votum</span> <span class='ocrx_word' id='word_1_33' title='bbox 1516 473 1787 533; x_wconf 86' lang='lat' dir='ltr'>virginitatis</span> <span class='ocrx_word' id='word_1_34' title='bbox 1814 473 1979 518; x_wconf 85' lang='lat' dir='ltr'><strong>emisit.</strong></span> 
     </span>
    </p>

    <p class='ocr_par' dir='ltr' id='par_1_3' title="bbox 272 539 2239 866">
     <span class='ocr_line' id='line_1_5' title="bbox 363 539 2237 600; baseline 0.001 -17"><span class='ocrx_word' id='word_1_35' title='bbox 363 539 439 583; x_wconf 85' lang='lat' dir='ltr'>AD</span> <span class='ocrx_word' id='word_1_36' title='bbox 466 552 654 583; x_wconf 86' lang='lat' dir='ltr'>PRIMUM</span> <span class='ocrx_word' id='word_1_37' title='bbox 687 553 796 597; x_wconf 89' lang='lat' dir='ltr'>ergo</span> <span class='ocrx_word' id='word_1_38' title='bbox 831 539 1089 594; x_wconf 90' lang='lat' dir='ltr'>dicendum,</span> <span class='ocrx_word' id='word_1_39' title='bbox 1117 541 1239 598; x_wconf 91' lang='lat' dir='ltr'>quod</span> <span class='ocrx_word' id='word_1_40' title='bbox 1273 541 1379 600; x_wconf 86' lang='lat' dir='ltr'>quia</span> <span class='ocrx_word' id='word_1_41' title='bbox 1415 541 1651 585; x_wconf 89' lang='lat' dir='ltr'>videbatur</span> <span class='ocrx_word' id='word_1_42' title='bbox 1685 554 1783 584; x_wconf 90' lang='lat' dir='ltr'>esse</span> <span class='ocrx_word' id='word_1_43' title='bbox 1822 539 1924 599; x_wconf 87' lang='lat' dir='ltr'>lege</span> <span class='ocrx_word' id='word_1_44' title='bbox 1958 539 2237 600; x_wconf 73' lang='lat' dir='ltr'>prohibitum</span> 
     </span>
     <span class='ocr_line' id='line_1_6' title="bbox 272 605 2239 667; baseline 0.001 -18"><span class='ocrx_word' id='word_1_45' title='bbox 272 620 366 649; x_wconf 92' lang='lat' dir='ltr'>non</span> <span class='ocrx_word' id='word_1_46' title='bbox 394 606 500 649; x_wconf 90' lang='lat' dir='ltr'>dare</span> <span class='ocrx_word' id='word_1_47' title='bbox 527 620 715 664; x_wconf 82' lang='lat' dir='ltr'>operam</span> <span class='ocrx_word' id='word_1_48' title='bbox 743 606 798 649; x_wconf 90' lang='lat' dir='ltr'>ad</span> <span class='ocrx_word' id='word_1_49' title='bbox 824 605 1174 666; x_wconf 86' lang='lat' dir='ltr'>relinquendum</span> <span class='ocrx_word' id='word_1_50' title='bbox 1197 621 1356 652; x_wconf 89' lang='lat' dir='ltr'>semen</span> <span class='ocrx_word' id='word_1_51' title='bbox 1378 622 1514 666; x_wconf 88' lang='lat' dir='ltr'>super</span> <span class='ocrx_word' id='word_1_52' title='bbox 1535 618 1720 661; x_wconf 90' lang='lat' dir='ltr'>terram,</span> <span class='ocrx_word' id='word_1_53' title='bbox 1738 607 1842 651; x_wconf 87' lang='lat' dir='ltr'>ideo</span> <span class='ocrx_word' id='word_1_54' title='bbox 1861 620 1956 651; x_wconf 90' lang='lat' dir='ltr'>non</span> <span class='ocrx_word' id='word_1_55' title='bbox 1973 607 2239 667; x_wconf 82' lang='lat' dir='ltr'>simpliciter</span> 
     </span>
     <span class='ocr_line' id='line_1_7' title="bbox 273 673 2238 734; baseline 0.002 -19"><span class='ocrx_word' id='word_1_56' title='bbox 273 673 580 731; x_wconf 83' lang='lat' dir='ltr'>virginitatem</span> <span class='ocrx_word' id='word_1_57' title='bbox 596 673 723 717; x_wconf 85' lang='lat' dir='ltr'>vovit</span> <span class='ocrx_word' id='word_1_58' title='bbox 739 674 827 717; x_wconf 90' lang='lat' dir='ltr'>Dei</span> <span class='ocrx_word' id='word_1_59' title='bbox 845 673 1067 728; x_wconf 87' lang='lat' dir='ltr'>Genitrix,</span> <span class='ocrx_word' id='word_1_60' title='bbox 1085 674 1163 718; x_wconf 93' lang='lat' dir='ltr'>sed</span> <span class='ocrx_word' id='word_1_61' title='bbox 1181 675 1261 719; x_wconf 91' lang='lat' dir='ltr'>sub</span> <span class='ocrx_word' id='word_1_62' title='bbox 1281 674 1562 728; x_wconf 89' lang='lat' dir='ltr'>conditione,</span> <span class='ocrx_word' id='word_1_63' title='bbox 1581 675 1618 718; x_wconf 93' lang='lat' dir='ltr'>si</span> <span class='ocrx_word' id='word_1_64' title='bbox 1634 675 1737 718; x_wconf 90' lang='lat' dir='ltr'>Deo</span> <span class='ocrx_word' id='word_1_65' title='bbox 1756 674 1978 733; x_wconf 83' lang='lat' dir='ltr'><strong>placeret:</strong></span> <span class='ocrx_word' id='word_1_66' title='bbox 1995 684 2238 734; x_wconf 86' lang='lat' dir='ltr'>postquam</span> 
     </span>
     <span class='ocr_line' id='line_1_8' title="bbox 276 741 2239 801; baseline 0.001 -18"><span class='ocrx_word' id='word_1_67' title='bbox 276 750 429 784; x_wconf 88' lang='lat' dir='ltr'>autern</span> <span class='ocrx_word' id='word_1_68' title='bbox 457 741 497 784; x_wconf 87' lang='lat' dir='ltr'>ei</span> <span class='ocrx_word' id='word_1_69' title='bbox 524 741 721 785; x_wconf 89' lang='lat' dir='ltr'>innotuit</span> <span class='ocrx_word' id='word_1_70' title='bbox 745 741 835 785; x_wconf 92' lang='lat' dir='ltr'>hoc</span> <span class='ocrx_word' id='word_1_71' title='bbox 862 755 961 786; x_wconf 89' lang='lat' dir='ltr'>esse</span> <span class='ocrx_word' id='word_1_72' title='bbox 987 742 1089 785; x_wconf 91' lang='lat' dir='ltr'>Deo</span> <span class='ocrx_word' id='word_1_73' title='bbox 1117 752 1371 801; x_wconf 91' lang='lat' dir='ltr'>acceptum,</span> <span class='ocrx_word' id='word_1_74' title='bbox 1400 741 1606 786; x_wconf 89' lang='lat' dir='ltr'>absolute</span> <span class='ocrx_word' id='word_1_75' title='bbox 1632 741 1774 797; x_wconf 86' lang='lat' dir='ltr'>vovit,</span> <span class='ocrx_word' id='word_1_76' title='bbox 1798 753 2044 801; x_wconf 90' lang='lat' dir='ltr'>antequam</span> <span class='ocrx_word' id='word_1_77' title='bbox 2070 741 2128 785; x_wconf 60' lang='lat' dir='ltr'>ab⁴</span> <span class='ocrx_word' id='word_1_78' title='bbox 2148 741 2239 785; x_wconf 90' lang='lat' dir='ltr'>An-</span> 
     </span>
     <span class='ocr_line' id='line_1_9' title="bbox 275 808 760 866; baseline 0 -14"><span class='ocrx_word' id='word_1_79' title='bbox 275 808 380 866; x_wconf 88' lang='lat' dir='ltr'>gelo</span> <span class='ocrx_word' id='word_1_80' title='bbox 408 809 760 852; x_wconf 85' lang='lat' dir='ltr'>annuntiaretur.</span> 
     </span>
    </p>
   </div>
   <div class='ocr_carea' id='block_1_3' title="bbox 365 875 2328 936">
    <p class='ocr_par' dir='ltr' id='par_1_4' title="bbox 365 875 2328 936">
     <span class='ocr_line' id='line_1_10' title="bbox 365 875 2328 936; baseline 0.001 -17"><span class='ocrx_word' id='word_1_81' title='bbox 365 876 441 920; x_wconf 88' lang='lat' dir='ltr'>AD</span> <span class='ocrx_word' id='word_1_82' title='bbox 469 889 730 921; x_wconf 74' lang='lat' dir='ltr'>SECUNDUM</span> <span class='ocrx_word' id='word_1_83' title='bbox 757 876 1017 931; x_wconf 87' lang='lat' dir='ltr'>dicendum,</span> <span class='ocrx_word' id='word_1_84' title='bbox 1050 876 1172 936; x_wconf 93' lang='lat' dir='ltr'>quod</span> <span class='ocrx_word' id='word_1_85' title='bbox 1205 877 1321 921; x_wconf 90' lang='lat' dir='ltr'>sicut</span> <span class='ocrx_word' id='word_1_86' title='bbox 1354 877 1524 936; x_wconf 88' lang='lat' dir='ltr'>gratiae</span> <span class='ocrx_word' id='word_1_87' title='bbox 1558 876 1792 936; x_wconf 87' lang='lat' dir='ltr'>plenitudo</span> <span class='ocrx_word' id='word_1_88' title='bbox 1826 875 2024 936; x_wconf 84' lang='lat' dir='ltr'>perfecte</span> <span class='ocrx_word' id='word_1_89' title='bbox 2057 876 2239 936; x_wconf 88' lang='lat' dir='ltr'>quidem</span> <span class='ocrx_word' id='word_1_90' title='bbox 2319 926 2328 932; x_wconf 46' lang='lat'>,</span> 
     </span>
    </p>
   </div>
   <div class='ocr_carea' id='block_1_4' title="bbox 271 941 2243 1409">
    <p class='ocr_par' dir='ltr' id='par_1_5' title="bbox 274 941 2239 1138">
     <span class='ocr_line' id='line_1_11' title="bbox 274 941 2239 1004; baseline 0.001 -18"><span class='ocrx_word' id='word_1_91' title='bbox 274 941 358 986; x_wconf 88' lang='lat' dir='ltr'>fuit</span> <span class='ocrx_word' id='word_1_92' title='bbox 382 944 428 986; x_wconf 85' lang='lat' dir='ltr'>in</span> <span class='ocrx_word' id='word_1_93' title='bbox 457 943 659 998; x_wconf 91' lang='lat' dir='ltr'>Christo,</span> <span class='ocrx_word' id='word_1_94' title='bbox 687 953 731 987; x_wconf 93' lang='lat' dir='ltr'>et</span> <span class='ocrx_word' id='word_1_95' title='bbox 756 954 910 988; x_wconf 88' lang='lat' dir='ltr'>tamen</span> <span class='ocrx_word' id='word_1_96' title='bbox 938 945 1088 1004; x_wconf 88' lang='lat' dir='ltr'>aliqua</span> <span class='ocrx_word' id='word_1_97' title='bbox 1103 946 1206 1003; x_wconf 83' lang='lat' dir='ltr'>ejus</span> <span class='ocrx_word' id='word_1_98' title='bbox 1231 945 1467 989; x_wconf 88' lang='lat' dir='ltr'>inchoatio</span> <span class='ocrx_word' id='word_1_99' title='bbox 1489 945 1733 1004; x_wconf 87' lang='lat' dir='ltr'>praecessit</span> <span class='ocrx_word' id='word_1_100' title='bbox 1753 944 1799 988; x_wconf 90' lang='lat' dir='ltr'>in</span> <span class='ocrx_word' id='word_1_101' title='bbox 1823 954 1990 989; x_wconf 85' lang='lat' dir='ltr'>matre:</span> <span class='ocrx_word' id='word_1_102' title='bbox 2016 945 2080 989; x_wconf 82' lang='lat' dir='ltr'>ita</span> <span class='ocrx_word' id='word_1_103' title='bbox 2101 945 2239 990; x_wconf 83' lang='lat' dir='ltr'>etiam</span> 
     </span>
     <span class='ocr_line' id='line_1_12' title="bbox 275 1011 2239 1072; baseline 0.001 -17"><span class='ocrx_word' id='word_1_104' title='bbox 275 1011 533 1055; x_wconf 90' lang='lat' dir='ltr'>observatio</span> <span class='ocrx_word' id='word_1_105' title='bbox 561 1011 873 1068; x_wconf 88' lang='lat' dir='ltr'>consiliorum,</span> <span class='ocrx_word' id='word_1_106' title='bbox 901 1027 1016 1071; x_wconf 91' lang='lat' dir='ltr'>quae</span> <span class='ocrx_word' id='word_1_107' title='bbox 1042 1027 1122 1072; x_wconf 91' lang='lat' dir='ltr'>per</span> <span class='ocrx_word' id='word_1_108' title='bbox 1148 1012 1342 1071; x_wconf 86' lang='lat' dir='ltr'>gratiam</span> <span class='ocrx_word' id='word_1_109' title='bbox 1369 1012 1458 1056; x_wconf 88' lang='lat' dir='ltr'>Dei</span> <span class='ocrx_word' id='word_1_110' title='bbox 1483 1011 1545 1066; x_wconf 89' lang='lat' dir='ltr'>fit,</span> <span class='ocrx_word' id='word_1_111' title='bbox 1572 1011 1770 1071; x_wconf 89' lang='lat' dir='ltr'>perfecte</span> <span class='ocrx_word' id='word_1_112' title='bbox 1794 1012 1981 1071; x_wconf 89' lang='lat' dir='ltr'>quidem</span> <span class='ocrx_word' id='word_1_113' title='bbox 2002 1012 2174 1072; x_wconf 88' lang='lat' dir='ltr'>incepit</span> <span class='ocrx_word' id='word_1_114' title='bbox 2192 1012 2239 1056; x_wconf 90' lang='lat' dir='ltr'>in</span> 
     </span>
     <span class='ocr_line' id='line_1_13' title="bbox 277 1078 1880 1138; baseline 0.001 -16"><span class='ocrx_word' id='word_1_115' title='bbox 277 1078 479 1133; x_wconf 90' lang='lat' dir='ltr'>Christo,</span> <span class='ocrx_word' id='word_1_116' title='bbox 507 1078 585 1123; x_wconf 92' lang='lat' dir='ltr'>sed</span> <span class='ocrx_word' id='word_1_117' title='bbox 613 1078 766 1138; x_wconf 90' lang='lat' dir='ltr'>aliquo</span> <span class='ocrx_word' id='word_1_118' title='bbox 794 1079 936 1124; x_wconf 91' lang='lat' dir='ltr'>modo</span> <span class='ocrx_word' id='word_1_119' title='bbox 962 1079 1046 1124; x_wconf 89' lang='lat' dir='ltr'>fuit</span> <span class='ocrx_word' id='word_1_120' title='bbox 1070 1079 1288 1123; x_wconf 90' lang='lat' dir='ltr'>inchoata</span> <span class='ocrx_word' id='word_1_121' title='bbox 1313 1080 1360 1123; x_wconf 88' lang='lat' dir='ltr'>in</span> <span class='ocrx_word' id='word_1_122' title='bbox 1382 1079 1571 1138; x_wconf 87' lang='lat' dir='ltr'>Virgine</span> <span class='ocrx_word' id='word_1_123' title='bbox 1599 1089 1742 1123; x_wconf 86' lang='lat' dir='ltr'>matre</span> <span class='ocrx_word' id='word_1_124' title='bbox 1770 1081 1880 1138; x_wconf 88' lang='lat' dir='ltr'>ejus.</span> 
     </span>
    </p>

    <p class='ocr_par' dir='ltr' id='par_1_6' title="bbox 271 1145 2243 1409">
     <span class='ocr_line' id='line_1_14' title="bbox 365 1145 2240 1206; baseline 0 -15"><span class='ocrx_word' id='word_1_125' title='bbox 365 1146 442 1191; x_wconf 87' lang='lat' dir='ltr'>AD</span> <span class='ocrx_word' id='word_1_126' title='bbox 465 1159 683 1191; x_wconf 79' lang='lat' dir='ltr'>TERTIUM</span> <span class='ocrx_word' id='word_1_127' title='bbox 709 1147 967 1202; x_wconf 85' lang='lat' dir='ltr'>dicendum,</span> <span class='ocrx_word' id='word_1_128' title='bbox 994 1147 1117 1206; x_wconf 92' lang='lat' dir='ltr'>quod</span> <span class='ocrx_word' id='word_1_129' title='bbox 1142 1148 1334 1191; x_wconf 91' lang='lat' dir='ltr'>verbum</span> <span class='ocrx_word' id='word_1_130' title='bbox 1355 1146 1467 1190; x_wconf 89' lang='lat' dir='ltr'>illud</span> <span class='ocrx_word' id='word_1_131' title='bbox 1490 1147 1705 1206; x_wconf 85' lang='lat' dir='ltr'>Apostoli</span> <span class='ocrx_word' id='word_1_132' title='bbox 1724 1157 1791 1191; x_wconf 92' lang='lat' dir='ltr'>est</span> <span class='ocrx_word' id='word_1_133' title='bbox 1812 1146 2162 1206; x_wconf 86' lang='lat' dir='ltr'>intelligendum</span> <span class='ocrx_word' id='word_1_134' title='bbox 2183 1145 2240 1191; x_wconf 89' lang='lat' dir='ltr'>de</span> 
     </span>
     <span class='ocr_line' id='line_1_15' title="bbox 273 1212 2243 1274; baseline 0 -17"><span class='ocrx_word' id='word_1_135' title='bbox 273 1212 378 1267; x_wconf 91' lang='lat' dir='ltr'>illis,</span> <span class='ocrx_word' id='word_1_136' title='bbox 405 1228 520 1273; x_wconf 90' lang='lat' dir='ltr'>quae</span> <span class='ocrx_word' id='word_1_137' title='bbox 548 1213 752 1259; x_wconf 89' lang='lat' dir='ltr'>absolute</span> <span class='ocrx_word' id='word_1_138' title='bbox 780 1214 1034 1258; x_wconf 85' lang='lat' dir='ltr'>castitatem</span> <span class='ocrx_word' id='word_1_139' title='bbox 1055 1224 1249 1259; x_wconf 86' lang='lat' dir='ltr'>vovent:</span> <span class='ocrx_word' id='word_1_140' title='bbox 1278 1214 1399 1274; x_wconf 89' lang='lat' dir='ltr'>quod</span> <span class='ocrx_word' id='word_1_141' title='bbox 1419 1215 1605 1273; x_wconf 90' lang='lat' dir='ltr'>quidem</span> <span class='ocrx_word' id='word_1_142' title='bbox 1631 1214 1778 1259; x_wconf 89' lang='lat' dir='ltr'>Mater</span> <span class='ocrx_word' id='word_1_143' title='bbox 1794 1214 1885 1258; x_wconf 91' lang='lat' dir='ltr'>Dei</span> <span class='ocrx_word' id='word_1_144' title='bbox 1908 1227 2003 1259; x_wconf 89' lang='lat' dir='ltr'>non</span> <span class='ocrx_word' id='word_1_145' title='bbox 2028 1212 2150 1268; x_wconf 83' lang='lat' dir='ltr'>fecit,</span> <span class='ocrx_word' id='word_1_146' title='bbox 2167 1227 2243 1258; x_wconf 87' lang='lat' dir='ltr'>an-</span> 
     </span>
     <span class='ocr_line' id='line_1_16' title="bbox 271 1279 2242 1342; baseline 0 -16"><span class='ocrx_word' id='word_1_147' title='bbox 271 1291 456 1340; x_wconf 89' lang='lat' dir='ltr'>tequam</span> <span class='ocrx_word' id='word_1_148' title='bbox 480 1282 650 1341; x_wconf 88' lang='lat' dir='ltr'>Joseph</span> <span class='ocrx_word' id='word_1_149' title='bbox 677 1282 1054 1340; x_wconf 87' lang='lat' dir='ltr'>desponsaretur:</span> <span class='ocrx_word' id='word_1_150' title='bbox 1082 1283 1160 1326; x_wconf 90' lang='lat' dir='ltr'>sed</span> <span class='ocrx_word' id='word_1_151' title='bbox 1186 1292 1289 1342; x_wconf 88' lang='lat' dir='ltr'>post</span> <span class='ocrx_word' id='word_1_152' title='bbox 1315 1282 1719 1341; x_wconf 91' lang='lat' dir='ltr'>desponsationem</span> <span class='ocrx_word' id='word_1_153' title='bbox 1746 1296 1800 1326; x_wconf 85' lang='lat' dir='ltr'>ex</span> <span class='ocrx_word' id='word_1_154' title='bbox 1822 1281 2060 1326; x_wconf 86' lang='lat' dir='ltr'>communi</span> <span class='ocrx_word' id='word_1_155' title='bbox 2081 1279 2242 1327; x_wconf 77' lang='lat' dir='ltr'>volun-</span> 
     </span>
     <span class='ocr_line' id='line_1_17' title="bbox 273 1349 1639 1409; baseline -0.001 -14"><span class='ocrx_word' id='word_1_156' title='bbox 273 1359 365 1395; x_wconf 87' lang='lat' dir='ltr'>tate</span> <span class='ocrx_word' id='word_1_157' title='bbox 392 1349 528 1394; x_wconf 90' lang='lat' dir='ltr'>simul</span> <span class='ocrx_word' id='word_1_158' title='bbox 556 1364 660 1394; x_wconf 90' lang='lat' dir='ltr'>cum</span> <span class='ocrx_word' id='word_1_159' title='bbox 688 1364 857 1409; x_wconf 92' lang='lat' dir='ltr'>sponso</span> <span class='ocrx_word' id='word_1_160' title='bbox 885 1364 968 1394; x_wconf 93' lang='lat' dir='ltr'>suo</span> <span class='ocrx_word' id='word_1_161' title='bbox 995 1359 1156 1394; x_wconf 92' lang='lat' dir='ltr'>votum</span> <span class='ocrx_word' id='word_1_162' title='bbox 1178 1349 1448 1408; x_wconf 80' lang='lat' dir='ltr'>virginitatis</span> <span class='ocrx_word' id='word_1_163' title='bbox 1476 1349 1639 1394; x_wconf 84' lang='lat' dir='ltr'>emisit.</span> 
     </span>
    </p>
   </div>
   <div class='ocr_carea' id='block_1_5' title="bbox 1135 1525 1379 1532">
    <p class='ocr_par' dir='ltr' id='par_1_7' title="bbox 1135 1525 1379 1532">
     <span class='ocr_line' id='line_1_18' title="bbox 1135 1525 1379 1532; baseline -0.008 0"><span class='ocrx_word' id='word_1_164' title='bbox 1135 1525 1379 1532; x_wconf 79' lang='lat'><strong>——-——-</strong></span> 
     </span>
    </p>
   </div>
   <div class='ocr_carea' id='block_1_6' title="bbox 893 1696 1634 1775">
    <p class='ocr_par' dir='ltr' id='par_1_8' title="bbox 893 1696 1634 1775">
     <span class='ocr_line' id='line_1_19' title="bbox 893 1696 1634 1775; baseline -0.004 -16"><span class='ocrx_word' id='word_1_165' title='bbox 893 1697 1342 1775; x_wconf 72' lang='lat' dir='ltr'>QUAESTIO</span> <span class='ocrx_word' id='word_1_166' title='bbox 1393 1696 1634 1756; x_wconf 86' lang='lat' dir='ltr'>XXIX.</span> 
     </span>
    </p>
   </div>
   <div class='ocr_carea' id='block_1_7' title="bbox 300 1847 2218 1902">
    <p class='ocr_par' dir='ltr' id='par_1_9' title="bbox 300 1847 2218 1902">
     <span class='ocr_line' id='line_1_20' title="bbox 300 1847 2218 1902; baseline -0.004 -7"><span class='ocrx_word' id='word_1_167' title='bbox 300 1856 380 1895; x_wconf 92' lang='lat' dir='ltr'>DE</span> <span class='ocrx_word' id='word_1_168' title='bbox 411 1854 631 1895; x_wconf 91' lang='lat' dir='ltr'><strong>MATRIS</strong></span> <span class='ocrx_word' id='word_1_169' title='bbox 664 1853 768 1894; x_wconf 90' lang='lat' dir='ltr'>DEI</span> <span class='ocrx_word' id='word_1_170' title='bbox 797 1852 1307 1902; x_wconf 83' lang='lat' dir='ltr'>DESPONSATIONE,</span> <span class='ocrx_word' id='word_1_171' title='bbox 1346 1853 1411 1891; x_wconf 94' lang='lat' dir='ltr'>IN</span> <span class='ocrx_word' id='word_1_172' title='bbox 1442 1851 1600 1892; x_wconf 89' lang='lat' dir='ltr'>DUOS</span> <span class='ocrx_word' id='word_1_173' title='bbox 1632 1848 1963 1891; x_wconf 89' lang='lat' dir='ltr'>ARTICULOS</span> <span class='ocrx_word' id='word_1_174' title='bbox 1995 1847 2218 1894; x_wconf 86' lang='lat' dir='ltr'>DIVISA.</span> 
     </span>
    </p>
   </div>
   <div class='ocr_carea' id='block_1_8' title="bbox 367 2022 1822 2082">
    <p class='ocr_par' dir='ltr' id='par_1_10' title="bbox 367 2022 1822 2082">
     <span class='ocr_line' id='line_1_21' title="bbox 367 2022 1822 2082; baseline -0.001 -14"><span class='ocrx_word' id='word_1_175' title='bbox 367 2024 545 2069; x_wconf 87' lang='lat' dir='ltr'>Deinde</span> <span class='ocrx_word' id='word_1_176' title='bbox 573 2023 957 2068; x_wconf 88' lang='lat' dir='ltr'>considerandum</span> <span class='ocrx_word' id='word_1_177' title='bbox 984 2033 1051 2067; x_wconf 93' lang='lat' dir='ltr'>est</span> <span class='ocrx_word' id='word_1_178' title='bbox 1078 2023 1132 2068; x_wconf 92' lang='lat' dir='ltr'>de</span> <span class='ocrx_word' id='word_1_179' title='bbox 1160 2023 1512 2082; x_wconf 88' lang='lat' dir='ltr'>desponsatione</span> <span class='ocrx_word' id='word_1_180' title='bbox 1538 2022 1695 2066; x_wconf 90' lang='lat' dir='ltr'>Matris</span> <span class='ocrx_word' id='word_1_181' title='bbox 1721 2022 1822 2066; x_wconf 88' lang='lat' dir='ltr'>Dei.</span> 
     </span>
    </p>
   </div>
   <div class='ocr_carea' id='block_1_9' title="bbox 913 2134 1606 2194">
    <p class='ocr_par' dir='ltr' id='par_1_11' title="bbox 913 2134 1606 2194">
     <span class='ocr_line' id='line_1_22' title="bbox 913 2134 1606 2194; baseline -0.003 -14"><span class='ocrx_word' id='word_1_182' title='bbox 913 2137 969 2180; x_wconf 78' lang='lat' dir='ltr'>Et</span> <span class='ocrx_word' id='word_1_183' title='bbox 989 2138 1103 2180; x_wconf 83' lang='lat' dir='ltr'>circa</span> <span class='ocrx_word' id='word_1_184' title='bbox 1129 2136 1202 2180; x_wconf 82' lang='lat' dir='ltr'>hoc</span> <span class='ocrx_word' id='word_1_185' title='bbox 1228 2141 1487 2194; x_wconf 78' lang='lat' dir='ltr'>quaeruntur</span> <span class='ocrx_word' id='word_1_186' title='bbox 1513 2134 1606 2179; x_wconf 85' lang='lat' dir='ltr'>duo.</span> 
     </span>
    </p>
   </div>
   <div class='ocr_carea' id='block_1_10' title="bbox 367 2223 2247 2338">
    <p class='ocr_par' dir='ltr' id='par_1_12' title="bbox 367 2223 2247 2338">
     <span class='ocr_line' id='line_1_23' title="bbox 367 2223 1756 2283; baseline -0.003 -12"><span class='ocrx_word' id='word_1_187' title='bbox 367 2227 539 2271; x_wconf 88' lang='lat' dir='ltr'>Primo.</span> <span class='ocrx_word' id='word_1_188' title='bbox 568 2226 734 2270; x_wconf 88' lang='lat' dir='ltr'>Utrum</span> <span class='ocrx_word' id='word_1_189' title='bbox 762 2225 974 2270; x_wconf 87' lang='lat' dir='ltr'>Christus</span> <span class='ocrx_word' id='word_1_190' title='bbox 1001 2225 1207 2269; x_wconf 89' lang='lat' dir='ltr'>debuerit</span> <span class='ocrx_word' id='word_1_191' title='bbox 1233 2225 1288 2269; x_wconf 94' lang='lat' dir='ltr'>de</span> <span class='ocrx_word' id='word_1_192' title='bbox 1315 2225 1590 2283; x_wconf 89' lang='lat' dir='ltr'>desponsata</span> <span class='ocrx_word' id='word_1_193' title='bbox 1615 2223 1756 2267; x_wconf 88' lang='lat' dir='ltr'>nasci.</span> 
     </span>
     <span class='ocr_line' id='line_1_24' title="bbox 369 2286 2247 2338; baseline -0.004 0"><span class='ocrx_word' id='word_1_194' title='bbox 369 2294 596 2338; x_wconf 91' lang='lat' dir='ltr'>Secundo.</span> <span class='ocrx_word' id='word_1_195' title='bbox 625 2293 791 2338; x_wconf 90' lang='lat' dir='ltr'>Utrum</span> <span class='ocrx_word' id='word_1_196' title='bbox 817 2292 952 2337; x_wconf 87' lang='lat' dir='ltr'>fuerit</span> <span class='ocrx_word' id='word_1_197' title='bbox 976 2307 1135 2337; x_wconf 89' lang='lat' dir='ltr'>verum</span> <span class='ocrx_word' id='word_1_198' title='bbox 1163 2292 1510 2337; x_wconf 89' lang='lat' dir='ltr'>matrimonium</span> <span class='ocrx_word' id='word_1_199' title='bbox 1541 2291 1657 2335; x_wconf 86' lang='lat' dir='ltr'>inter</span> <span class='ocrx_word' id='word_1_200' title='bbox 1689 2290 1884 2334; x_wconf 86' lang='lat' dir='ltr'>Mariam</span> <span class='ocrx_word' id='word_1_201' title='bbox 1915 2288 2113 2333; x_wconf 80' lang='lat' dir='ltr'>Matrem</span> <span class='ocrx_word' id='word_1_202' title='bbox 2153 2286 2247 2332; x_wconf 89' lang='lat' dir='ltr'>Do-</span> 
     </span>
    </p>
   </div>
   <div class='ocr_carea' id='block_1_11' title="bbox 278 2361 683 2421">
    <p class='ocr_par' dir='ltr' id='par_1_13' title="bbox 278 2361 683 2421">
     <span class='ocr_line' id='line_1_25' title="bbox 278 2361 683 2421; baseline -0.002 -15"><span class='ocrx_word' id='word_1_203' title='bbox 278 2363 406 2417; x_wconf 90' lang='lat' dir='ltr'>mini,</span> <span class='ocrx_word' id='word_1_204' title='bbox 434 2372 478 2406; x_wconf 91' lang='lat' dir='ltr'>et</span> <span class='ocrx_word' id='word_1_205' title='bbox 497 2361 683 2421; x_wconf 84' lang='lat' dir='ltr'>Joseph.</span> 
     </span>
    </p>
   </div>
   <div class='ocr_carea' id='block_1_12' title="bbox 356 2538 2240 2719">
    <p class='ocr_par' dir='ltr' id='par_1_14' title="bbox 356 2538 2240 2719">
     <span class='ocr_line' id='line_1_26' title="bbox 1013 2538 2240 2598; baseline -0.002 -3"><span class='ocrx_word' id='word_1_206' title='bbox 1013 2538 1450 2598; x_wconf 90' lang='lat' dir='ltr'>ARTICULUS</span> <span class='ocrx_word' id='word_1_207' title='bbox 1491 2538 1534 2594; x_wconf 92' lang='lat' dir='ltr'>I.</span> <span class='ocrx_word' id='word_1_208' title='bbox 2157 2546 2240 2593; x_wconf 86' lang='lat'>162</span> 
     </span>
     <span class='ocr_line' id='line_1_27' title="bbox 356 2670 2167 2719; baseline -0.006 0"><span class='ocrx_word' id='word_1_209' title='bbox 356 2680 550 2719; x_wconf 84' lang='lat' dir='ltr'>UTRUM</span> <span class='ocrx_word' id='word_1_210' title='bbox 591 2679 857 2717; x_wconf 73' lang='lat' dir='ltr'>cnmsrus</span> <span class='ocrx_word' id='word_1_211' title='bbox 897 2678 1059 2717; x_wconf 82' lang='lat' dir='ltr'>NASCI</span> <span class='ocrx_word' id='word_1_212' title='bbox 1099 2677 1374 2715; x_wconf 83' lang='lat' dir='ltr'>DEBUERIT</span> <span class='ocrx_word' id='word_1_213' title='bbox 1415 2677 1489 2714; x_wconf 86' lang='lat' dir='ltr'>DE</span> <span class='ocrx_word' id='word_1_214' title='bbox 1534 2673 1756 2712; x_wconf 77' lang='lat' dir='ltr'>VIRGINE</span> <span class='ocrx_word' id='word_1_215' title='bbox 1797 2670 2167 2713; x_wconf 78' lang='lat' dir='ltr'>DESPQNSATA.</span> 
     </span>
    </p>
   </div>
   <div class='ocr_carea' id='block_1_13' title="bbox 668 2785 1855 2849">
    <p class='ocr_par' dir='ltr' id='par_1_15' title="bbox 668 2785 1855 2849">
     <span class='ocr_line' id='line_1_28' title="bbox 668 2785 1855 2849; baseline -0.007 -14"><span class='ocrx_word' id='word_1_216' title='bbox 668 2793 728 2848; x_wconf 86' lang='lat'>(4.</span> <span class='ocrx_word' id='word_1_217' title='bbox 752 2791 863 2835; x_wconf 84' lang='lat' dir='ltr'>Dist.</span> <span class='ocrx_word' id='word_1_218' title='bbox 887 2805 953 2849; x_wconf 82' lang='lat'>30.</span> <span class='ocrx_word' id='word_1_219' title='bbox 979 2805 1017 2848; x_wconf 87' lang='lat' dir='ltr'>q.</span> <span class='ocrx_word' id='word_1_220' title='bbox 1044 2805 1084 2834; x_wconf 90' lang='lat'>2.</span> <span class='ocrx_word' id='word_1_221' title='bbox 1111 2796 1194 2835; x_wconf 81' lang='lat' dir='ltr'>art.</span> <span class='ocrx_word' id='word_1_222' title='bbox 1221 2805 1256 2834; x_wconf 88' lang='lat'>1.</span> <span class='ocrx_word' id='word_1_223' title='bbox 1284 2804 1322 2847; x_wconf 86' lang='lat' dir='ltr'>q.</span> <span class='ocrx_word' id='word_1_224' title='bbox 1350 2803 1390 2833; x_wconf 91' lang='lat'>2.</span> <span class='ocrx_word' id='word_1_225' title='bbox 1417 2793 1456 2832; x_wconf 76' lang='lat' dir='ltr'>et</span> <span class='ocrx_word' id='word_1_226' title='bbox 1476 2802 1513 2846; x_wconf 85' lang='lat'>3.</span> <span class='ocrx_word' id='word_1_227' title='bbox 1541 2792 1576 2830; x_wconf 85' lang='lat' dir='ltr'>et</span> <span class='ocrx_word' id='word_1_228' title='bbox 1603 2785 1754 2830; x_wconf 82' lang='lat' dir='ltr'>Matth.</span> <span class='ocrx_word' id='word_1_229' title='bbox 1780 2785 1855 2842; x_wconf 80' lang='grc'><strong><em>1.).</em></strong></span> 
     </span>
    </p>
   </div>
   <div class='ocr_carea' id='block_1_14' title="bbox 279 2892 2349 3226">
    <p class='ocr_par' dir='ltr' id='par_1_16' title="bbox 279 2892 2349 3167">
     <span class='ocr_line' id='line_1_29' title="bbox 370 2892 2243 2962; baseline -0.007 -12"><span class='ocrx_word' id='word_1_230' title='bbox 370 2906 448 2950; x_wconf 77' lang='lat' dir='ltr'>An</span> <span class='ocrx_word' id='word_1_231' title='bbox 472 2916 662 2950; x_wconf 79' lang='lat' dir='ltr'>PRIMUM</span> <span class='ocrx_word' id='word_1_232' title='bbox 687 2902 751 2947; x_wconf 89' lang='lat' dir='ltr'>sic</span> <span class='ocrx_word' id='word_1_233' title='bbox 778 2902 1051 2962; x_wconf 87' lang='lat' dir='ltr'>proceditur.</span> <span class='ocrx_word' id='word_1_234' title='bbox 1082 2900 1286 2954; x_wconf 87' lang='lat' dir='ltr'>Videtur,</span> <span class='ocrx_word' id='word_1_235' title='bbox 1314 2898 1436 2958; x_wconf 91' lang='lat' dir='ltr'>quod</span> <span class='ocrx_word' id='word_1_236' title='bbox 1470 2897 1680 2943; x_wconf 90' lang='lat' dir='ltr'>Christus</span> <span class='ocrx_word' id='word_1_237' title='bbox 1711 2909 1806 2939; x_wconf 91' lang='lat' dir='ltr'>non</span> <span class='ocrx_word' id='word_1_238' title='bbox 1837 2893 2043 2938; x_wconf 88' lang='lat' dir='ltr'>debuerit</span> <span class='ocrx_word' id='word_1_239' title='bbox 2072 2892 2130 2938; x_wconf 88' lang='lat' dir='ltr'>de</span> <span class='ocrx_word' id='word_1_240' title='bbox 2153 2893 2243 2938; x_wconf 87' lang='lat' dir='ltr'>vir-</span> 
     </span>
     <span class='ocr_line' id='line_1_30' title="bbox 281 2959 2342 3034; baseline -0.007 -17"><span class='ocrx_word' id='word_1_241' title='bbox 281 2974 386 3034; x_wconf 88' lang='lat' dir='ltr'>gine</span> <span class='ocrx_word' id='word_1_242' title='bbox 414 2973 688 3032; x_wconf 87' lang='lat' dir='ltr'>desponsata</span> <span class='ocrx_word' id='word_1_243' title='bbox 718 2970 868 3013; x_wconf 89' lang='lat' dir='ltr'>nasci:</span> <span class='ocrx_word' id='word_1_244' title='bbox 903 2968 1196 3028; x_wconf 85' lang='lat' dir='ltr'>desponsatio</span> <span class='ocrx_word' id='word_1_245' title='bbox 1231 2969 1353 3011; x_wconf 83' lang='lat' dir='ltr'>enim</span> <span class='ocrx_word' id='word_1_246' title='bbox 1391 2965 1447 3009; x_wconf 91' lang='lat' dir='ltr'>ad</span> <span class='ocrx_word' id='word_1_247' title='bbox 1483 2963 1715 3009; x_wconf 89' lang='lat' dir='ltr'>carnalem</span> <span class='ocrx_word' id='word_1_248' title='bbox 1753 2960 1968 3021; x_wconf 87' lang='lat' dir='ltr'>copulam</span> <span class='ocrx_word' id='word_1_249' title='bbox 1990 2959 2243 3005; x_wconf 80' lang='lat' dir='ltr'>ordinatur:</span> <span class='ocrx_word' id='word_1_250' title='bbox 2339 2998 2342 3000; x_wconf 88' lang='lat'>.</span> 
     </span>
     <span class='ocr_line' id='line_1_31' title="bbox 281 3027 2247 3095; baseline -0.007 -10"><span class='ocrx_word' id='word_1_251' title='bbox 281 3041 359 3086; x_wconf 91' lang='lat' dir='ltr'>sed</span> <span class='ocrx_word' id='word_1_252' title='bbox 386 3040 532 3084; x_wconf 90' lang='lat' dir='ltr'>Mater</span> <span class='ocrx_word' id='word_1_253' title='bbox 561 3037 754 3083; x_wconf 91' lang='lat' dir='ltr'>Domini</span> <span class='ocrx_word' id='word_1_254' title='bbox 779 3050 1013 3095; x_wconf 89' lang='lat' dir='ltr'>nunquam</span> <span class='ocrx_word' id='word_1_255' title='bbox 1051 3035 1198 3079; x_wconf 88' lang='lat' dir='ltr'>voluit</span> <span class='ocrx_word' id='word_1_256' title='bbox 1224 3032 1395 3078; x_wconf 88' lang='lat' dir='ltr'>carnali</span> <span class='ocrx_word' id='word_1_257' title='bbox 1428 3030 1594 3091; x_wconf 87' lang='lat' dir='ltr'>copula</span> <span class='ocrx_word' id='word_1_258' title='bbox 1620 3030 1713 3084; x_wconf 88' lang='lat' dir='ltr'>uti;</span> <span class='ocrx_word' id='word_1_259' title='bbox 1746 3030 1852 3089; x_wconf 88' lang='lat' dir='ltr'>quia</span> <span class='ocrx_word' id='word_1_260' title='bbox 1882 3028 1974 3073; x_wconf 90' lang='lat' dir='ltr'>hoc</span> <span class='ocrx_word' id='word_1_261' title='bbox 2005 3027 2247 3087; x_wconf 83' lang='lat' dir='ltr'>derogaret</span> 
     </span>
     <span class='ocr_line' id='line_1_32' title="bbox 279 3093 2349 3167; baseline -0.009 -14"><span class='ocrx_word' id='word_1_262' title='bbox 279 3107 528 3167; x_wconf 85' lang='lat' dir='ltr'>virginitati</span> <span class='ocrx_word' id='word_1_263' title='bbox 554 3105 720 3151; x_wconf 86' lang='lat' dir='ltr'>mentis</span> <span class='ocrx_word' id='word_1_264' title='bbox 746 3105 909 3163; x_wconf 83' lang='lat' dir='ltr'>ipsius3</span> <span class='ocrx_word' id='word_1_265' title='bbox 937 3116 1046 3161; x_wconf 88' lang='lat' dir='ltr'>ergo</span> <span class='ocrx_word' id='word_1_266' title='bbox 1072 3116 1166 3145; x_wconf 89' lang='lat' dir='ltr'>non</span> <span class='ocrx_word' id='word_1_267' title='bbox 1194 3100 1347 3145; x_wconf 87' lang='lat' dir='ltr'>debuit</span> <span class='ocrx_word' id='word_1_268' title='bbox 1374 3113 1471 3144; x_wconf 91' lang='lat' dir='ltr'>esse</span> <span class='ocrx_word' id='word_1_269' title='bbox 1505 3098 1793 3156; x_wconf 82' lang='lat' dir='ltr'>desponsata.</span> <span class='ocrx_word' id='word_1_270' title='bbox 2323 3093 2349 3107; x_wconf 69' lang='lat'>&#39;⁴</span> 
     </span>
    </p>

    <p class='ocr_par' dir='ltr' id='par_1_17' title="bbox 371 3159 2246 3226">
     <span class='ocr_line' id='line_1_33' title="bbox 371 3159 2246 3226; baseline -0.007 -7"><span class='ocrx_word' id='word_1_271' title='bbox 371 3188 410 3219; x_wconf 90' lang='lat'>2.</span> <span class='ocrx_word' id='word_1_272' title='bbox 434 3175 730 3219; x_wconf 76' lang='lat' dir='ltr'>PRAETEREA.</span> <span class='ocrx_word' id='word_1_273' title='bbox 752 3171 891 3223; x_wconf 90' lang='lat' dir='ltr'>Quod</span> <span class='ocrx_word' id='word_1_274' title='bbox 912 3170 1120 3215; x_wconf 88' lang='lat' dir='ltr'>Christus</span> <span class='ocrx_word' id='word_1_275' title='bbox 1143 3183 1196 3212; x_wconf 82' lang='lat' dir='ltr'>ex</span> <span class='ocrx_word' id='word_1_276' title='bbox 1213 3167 1388 3226; x_wconf 88' lang='lat' dir='ltr'>virgine</span> <span class='ocrx_word' id='word_1_277' title='bbox 1406 3174 1682 3216; x_wconf 87' lang='lat' dir='ltr'>nasceretur,</span> <span class='ocrx_word' id='word_1_278' title='bbox 1702 3162 1977 3208; x_wconf 87' lang='lat' dir='ltr'>miraculum</span> <span class='ocrx_word' id='word_1_279' title='bbox 2002 3161 2108 3215; x_wconf 78' lang='lat' dir='ltr'>fuit3</span> <span class='ocrx_word' id='word_1_280' title='bbox 2125 3159 2246 3205; x_wconf 84' lang='lat' dir='ltr'>unde</span> 
     </span>
    </p>
   </div>
   <div class='ocr_carea' id='block_1_15' title="bbox 278 3217 2341 3437">
    <p class='ocr_par' dir='ltr' id='par_1_18' title="bbox 278 3217 2341 3437">
     <span class='ocr_line' id='line_1_34' title="bbox 279 3217 2341 3301; baseline -0.008 -14"><span class='ocrx_word' id='word_1_281' title='bbox 279 3241 563 3301; x_wconf 84' lang='lat' dir='ltr'>Augustinus</span> <span class='ocrx_word' id='word_1_282' title='bbox 589 3240 696 3284; x_wconf 91' lang='lat' dir='ltr'>dicit</span> <span class='ocrx_word' id='word_1_283' title='bbox 721 3239 766 3282; x_wconf 90' lang='lat' dir='ltr'>in</span> <span class='ocrx_word' id='word_1_284' title='bbox 794 3238 923 3297; x_wconf 87' lang='lat' dir='ltr'>epist.</span> <span class='ocrx_word' id='word_1_285' title='bbox 952 3236 1007 3280; x_wconf 93' lang='lat' dir='ltr'>ad</span> <span class='ocrx_word' id='word_1_286' title='bbox 1038 3235 1338 3279; x_wconf 88' lang='lat' dir='ltr'>Volusianum</span> <span class='ocrx_word' id='word_1_287' title='bbox 1368 3234 1491 3293; x_wconf 71' lang='lat' dir='ltr'>(quae</span> <span class='ocrx_word' id='word_1_288' title='bbox 1517 3238 1570 3277; x_wconf 80' lang='lat' dir='ltr'>est</span> <span class='ocrx_word' id='word_1_289' title='bbox 1592 3247 1628 3291; x_wconf 84' lang='lat'>3.</span> <span class='ocrx_word' id='word_1_290' title='bbox 1663 3237 1756 3276; x_wconf 83' lang='lat' dir='ltr'>ante</span> <span class='ocrx_word' id='word_1_291' title='bbox 1781 3230 1906 3288; x_wconf 72' lang='lat' dir='ltr'>med.)</span> <span class='ocrx_word' id='word_1_292' title='bbox 1928 3246 1942 3275; x_wconf 89' lang='lat'>.·</span> <span class='ocrx_word' id='word_1_293' title='bbox 1978 3228 2124 3289; x_wconf 75' lang='lat' dir='ltr'>«Ipsa</span> <span class='ocrx_word' id='word_1_294' title='bbox 2155 3225 2247 3272; x_wconf 77' lang='lat' dir='ltr'>Dei</span> <span class='ocrx_word' id='word_1_295' title='bbox 2316 3217 2341 3292; x_wconf 35' lang='grc' dir='ltr'><strong><em>ᾖ</em></strong></span> 
     </span>
     <span class='ocr_line' id='line_1_35' title="bbox 278 3297 2247 3371; baseline -0.008 -17"><span class='ocrx_word' id='word_1_296' title='bbox 278 3310 420 3354; x_wconf 87' lang='lat' dir='ltr'>virtus</span> <span class='ocrx_word' id='word_1_297' title='bbox 431 3323 509 3369; x_wconf 93' lang='lat' dir='ltr'>per</span> <span class='ocrx_word' id='word_1_298' title='bbox 522 3306 766 3352; x_wconf 87' lang='lat' dir='ltr'>inviolatae</span> <span class='ocrx_word' id='word_1_299' title='bbox 780 3304 936 3349; x_wconf 85' lang='lat' dir='ltr'>matris</span> <span class='ocrx_word' id='word_1_300' title='bbox 946 3303 1149 3362; x_wconf 90' lang='lat' dir='ltr'>virginea</span> <span class='ocrx_word' id='word_1_301' title='bbox 1165 3303 1341 3346; x_wconf 85' lang='lat' dir='ltr'>viscera</span> <span class='ocrx_word' id='word_1_302' title='bbox 1359 3301 1564 3344; x_wconf 87' lang='lat' dir='ltr'>membra</span> <span class='ocrx_word' id='word_1_303' title='bbox 1583 3298 1764 3343; x_wconf 88' lang='lat' dir='ltr'>infantis</span> <span class='ocrx_word' id='word_1_304' title='bbox 1783 3297 1948 3352; x_wconf 86' lang='lat' dir='ltr'>eduxit,</span> <span class='ocrx_word' id='word_1_305' title='bbox 1959 3308 2076 3356; x_wconf 80' lang='lat' dir='ltr'>quae</span> <span class='ocrx_word' id='word_1_306' title='bbox 2087 3302 2247 3371; x_wconf 40' lang='lat' dir='ltr'>poste-a</span> 
     </span>
     <span class='ocr_line' id='line_1_36' title="bbox 280 3364 2248 3437; baseline -0.008 -16"><span class='ocrx_word' id='word_1_307' title='bbox 280 3392 359 3437; x_wconf 89' lang='lat' dir='ltr'>per</span> <span class='ocrx_word' id='word_1_308' title='bbox 387 3376 541 3420; x_wconf 90' lang='lat' dir='ltr'>clausa</span> <span class='ocrx_word' id='word_1_309' title='bbox 568 3375 684 3419; x_wconf 92' lang='lat' dir='ltr'>ostia</span> <span class='ocrx_word' id='word_1_310' title='bbox 711 3373 918 3417; x_wconf 87' lang='lat' dir='ltr'>membra</span> <span class='ocrx_word' id='word_1_311' title='bbox 943 3370 1118 3429; x_wconf 89' lang='lat' dir='ltr'>juvenis</span> <span class='ocrx_word' id='word_1_312' title='bbox 1142 3368 1402 3413; x_wconf 84' lang='lat' dir='ltr'>introduxit.</span> <span class='ocrx_word' id='word_1_313' title='bbox 1430 3367 1516 3411; x_wconf 89' lang='lat' dir='ltr'>Hic</span> <span class='ocrx_word' id='word_1_314' title='bbox 1545 3367 1582 3411; x_wconf 93' lang='lat' dir='ltr'>si</span> <span class='ocrx_word' id='word_1_315' title='bbox 1609 3367 1723 3410; x_wconf 87' lang='lat' dir='ltr'>ratio</span> <span class='ocrx_word' id='word_1_316' title='bbox 1757 3364 2000 3425; x_wconf 87' lang='lat' dir='ltr'>quaeritur,</span> <span class='ocrx_word' id='word_1_317' title='bbox 2035 3374 2131 3406; x_wconf 84' lang='lat' dir='ltr'>non</span> <span class='ocrx_word' id='word_1_318' title='bbox 2163 3369 2248 3405; x_wconf 69' lang='lat' dir='ltr'>erit</span> 
     </span>
    </p>
   </div>
   <div class='ocr_carea' id='block_1_16' title="bbox 281 3422 2325 3624">
    <p class='ocr_par' dir='ltr' id='par_1_19' title="bbox 281 3422 2325 3624">
     <span class='ocr_line' id='line_1_37' title="bbox 282 3422 2325 3500; baseline -0.009 -12"><span class='ocrx_word' id='word_1_319' title='bbox 282 3444 515 3497; x_wconf 81' lang='lat' dir='ltr'>mirabile3</span> <span class='ocrx_word' id='word_1_320' title='bbox 543 3442 580 3486; x_wconf 89' lang='lat' dir='ltr'>si</span> <span class='ocrx_word' id='word_1_321' title='bbox 608 3439 868 3500; x_wconf 85' lang='lat' dir='ltr'>exemplum</span> <span class='ocrx_word' id='word_1_322' title='bbox 896 3438 1111 3497; x_wconf 90' lang='lat' dir='ltr'>poscitur,</span> <span class='ocrx_word' id='word_1_323' title='bbox 1138 3450 1230 3480; x_wconf 88' lang='lat' dir='ltr'>non</span> <span class='ocrx_word' id='word_1_324' title='bbox 1260 3436 1342 3480; x_wconf 88' lang='lat' dir='ltr'>erit</span> <span class='ocrx_word' id='word_1_325' title='bbox 1368 3434 1596 3493; x_wconf 86' lang='lat' dir='ltr'>singulare</span> <span class='ocrx_word' id='word_1_326' title='bbox 1616 3450 1668 3488; x_wconf 79' lang='lat'>»3</span> <span class='ocrx_word' id='word_1_327' title='bbox 1696 3433 1773 3478; x_wconf 90' lang='lat' dir='ltr'>sed</span> <span class='ocrx_word' id='word_1_328' title='bbox 1800 3429 2021 3476; x_wconf 86' lang='lat' dir='ltr'>miracula</span> <span class='ocrx_word' id='word_1_329' title='bbox 2049 3427 2164 3473; x_wconf 87' lang='lat' dir='ltr'>fiunt</span> <span class='ocrx_word' id='word_1_330' title='bbox 2189 3426 2245 3471; x_wconf 81' lang='lat' dir='ltr'>ad</span> <span class='ocrx_word' id='word_1_331' title='bbox 2317 3422 2325 3438; x_wconf 69' lang='lat'><em>⁵</em></span> 
     </span>
     <span class='ocr_line' id='line_1_38' title="bbox 283 3496 2246 3559; baseline -0.008 -4"><span class='ocrx_word' id='word_1_332' title='bbox 283 3511 680 3555; x_wconf 82' lang='lat' dir='ltr'>confirmationem</span> <span class='ocrx_word' id='word_1_333' title='bbox 707 3507 834 3552; x_wconf 87' lang='lat' dir='ltr'>fidei:</span> <span class='ocrx_word' id='word_1_334' title='bbox 863 3505 981 3549; x_wconf 89' lang='lat' dir='ltr'>unde</span> <span class='ocrx_word' id='word_1_335' title='bbox 1009 3504 1174 3548; x_wconf 89' lang='lat' dir='ltr'>debent</span> <span class='ocrx_word' id='word_1_336' title='bbox 1196 3517 1292 3547; x_wconf 88' lang='lat' dir='ltr'>esse</span> <span class='ocrx_word' id='word_1_337' title='bbox 1320 3501 1580 3555; x_wconf 85' lang='lat' dir='ltr'>manifesta;</span> <span class='ocrx_word' id='word_1_338' title='bbox 1609 3515 1714 3545; x_wconf 89' lang='lat' dir='ltr'>cum</span> <span class='ocrx_word' id='word_1_339' title='bbox 1742 3500 1877 3559; x_wconf 85' lang='lat' dir='ltr'>igitur</span> <span class='ocrx_word' id='word_1_340' title='bbox 1901 3510 1981 3557; x_wconf 87' lang='lat' dir='ltr'>per</span> <span class='ocrx_word' id='word_1_341' title='bbox 2001 3496 2246 3555; x_wconf 16' lang='lat' dir='ltr'>,desponsa-</span> 
     </span>
     <span class='ocr_line' id='line_1_39' title="bbox 281 3561 2245 3624; baseline -0.008 -1"><span class='ocrx_word' id='word_1_342' title='bbox 281 3580 454 3622; x_wconf 81' lang='lat' dir='ltr'>tionem</span> <span class='ocrx_word' id='word_1_343' title='bbox 483 3578 573 3621; x_wconf 90' lang='lat' dir='ltr'>hoc</span> <span class='ocrx_word' id='word_1_344' title='bbox 601 3573 874 3620; x_wconf 88' lang='lat' dir='ltr'>miraculum</span> <span class='ocrx_word' id='word_1_345' title='bbox 907 3571 1038 3616; x_wconf 84' lang='lat' dir='ltr'>fuerit</span> <span class='ocrx_word' id='word_1_346' title='bbox 1070 3570 1408 3624; x_wconf 87' lang='lat' dir='ltr'>obumbratum,</span> <span class='ocrx_word' id='word_1_347' title='bbox 1446 3568 1623 3613; x_wconf 86' lang='lat' dir='ltr'>videtur</span> <span class='ocrx_word' id='word_1_348' title='bbox 1658 3580 1751 3612; x_wconf 91' lang='lat' dir='ltr'>non</span> <span class='ocrx_word' id='word_1_349' title='bbox 1788 3565 1927 3610; x_wconf 85' lang='lat' dir='ltr'>fuisse</span> <span class='ocrx_word' id='word_1_350' title='bbox 1953 3561 2245 3616; x_wconf 79' lang='lat' dir='ltr'>conveniens,</span> 
     </span>
    </p>
   </div>
   <div class='ocr_carea' id='block_1_17' title="bbox 207 3642 1323 3704">
    <p class='ocr_par' dir='ltr' id='par_1_20' title="bbox 207 3642 1323 3704">
     <span class='ocr_line' id='line_1_40' title="bbox 207 3642 1323 3704; baseline -0.011 -13"><span class='ocrx_word' id='word_1_351' title='bbox 207 3655 211 3659; x_wconf 82' lang='lat'>&#39;</span> <span class='ocrx_word' id='word_1_352' title='bbox 284 3645 406 3704; x_wconf 88' lang='lat' dir='ltr'>quod</span> <span class='ocrx_word' id='word_1_353' title='bbox 434 3644 644 3689; x_wconf 88' lang='lat' dir='ltr'>Christus</span> <span class='ocrx_word' id='word_1_354' title='bbox 670 3642 724 3687; x_wconf 87' lang='lat' dir='ltr'>de</span> <span class='ocrx_word' id='word_1_355' title='bbox 752 3643 1023 3701; x_wconf 84' lang='lat' dir='ltr'>desponsata</span> <span class='ocrx_word' id='word_1_356' title='bbox 1049 3646 1323 3682; x_wconf 85' lang='lat' dir='ltr'>nasceretur.</span> 
     </span>
    </p>
   </div>
   <div class='ocr_carea' id='block_1_18' title="bbox 2311 3345 2352 3926">
    <p class='ocr_par' dir='ltr' id='par_1_21' title="bbox 2311 3345 2352 3926">
     <span class='ocr_line' id='line_1_41' title="bbox 2311 3345 2352 3926; baseline 0 0"><span class='ocrx_word' id='word_1_357' title='bbox 2311 3345 2352 3926; x_wconf 95' lang='lat' dir='ltr'> </span> 
     </span>
    </p>
   </div>
  </div>
 </body>
</html>
