2352 3926
258 245 362 299 114
796 239 1076 287 Quasi-10
1116 238 1191 279 1x.
1231 226 1541 280 Anne-,utus
1579 239 1653 279 ιν.

246 346 392 400 beata,
419 361 498 404 per
524 359 663 405 quam
688 345 787 404 ipsa
811 344 902 388 Dei
927 343 1125 388 essentia
1154 343 1346 399 videtur,
1378 353 1446 389 est
1475 343 1673 404 propria,
1706 354 1751 389 et
1785 343 2092 390 connaturalis
2123 344 2212 390 soli

248 413 369 467 Deo,
395 423 445 457 ut
469 413 516 456 in
549 427 585 456 1.
613 413 786 456 dictum
813 421 881 456 est
907 410 966 470 (q.
992 425 1055 457 12.
1089 416 1169 456 art.
1191 410 1273 469 4.).

333 481 410 524 AD
442 493 630 525 PRIMUM
656 493 766 538 ergo
794 478 1054 532 dicendum,
1071 478 1194 538 quod
1217 492 1323 523 cum
1340 477 1492 538 duplex
1511 478 1569 523 sit
1590 478 1755 523 modus
1782 477 2044 538 acquirendi
2065 478 2210 524 scien-

241 547 376 601 tiam;
403 546 599 591 scilicet:
626 545 888 599 inveniendo,
917 554 961 590 et
986 544 1244 600 addiscendo,
1272 545 1437 589 modus
1470 546 1546 604 qui
1572 554 1640 589 est
1665 559 1745 604 per
1770 545 2104 600 inventionem,
2137 555 2208 592 est

242 614 536 673 praecipuus;
563 613 729 656 modus
756 621 923 666 autem,
949 612 1026 672 qui
1052 622 1120 657 est
1145 627 1225 671 per
1251 611 1553 671 disciplinam,
1572 621 1640 656 est
1655 611 1974 666 secundarius3
2000 613 2122 658 unde
2146 612 2208 658 di-

244 682 358 724 citur
382 681 429 724 in
461 695 496 724 1.
523 680 724 724 Ethicor.
754 683 863 740 (cap.
881 694 923 737 4.
941 682 987 725 in
997 680 1118 739 fin.).·
1147 695 1170 720 t<
1188 678 1270 724 Ille
1298 679 1484 739 quidem
1511 688 1579 722 est
1605 679 1818 738 optimus,
1845 679 1925 740 qui
1949 679 2109 724 omnia
2130 693 2211 738 per

241 748 442 807 seipsum
467 746 704 806 intelligit3
730 747 878 791 bonus
911 757 1067 791 autem
1093 760 1245 791 rursus
1273 756 1340 790 est
1360 745 1451 799 ille,
1479 745 1556 805 qui
1577 746 1692 789 bene
1720 746 1886 790 dicenti
1912 746 2067 792 obedit
2090 762 2145 802 »ς
2167 757 2212 792 et

240 815 344 859 ideo
364 814 551 858 Christo
579 815 726 873 magis
746 813 1039 873 competebat
1054 813 1223 858 habere
1240 813 1479 857 seientiam
1498 812 1767 872 acquisitam
1785 826 1865 872 per
1880 813 2210 868 inventionem,

241 897 380 941 quam
412 897 491 942 per
524 882 834 941 disciplinam;
863 882 1128 941 praesertim
1161 895 1267 924 cum
1300 880 1395 939 ipse
1428 880 1610 924 daretur
1636 894 1662 923 a
1687 880 1790 924 Deo
1824 880 2036 924 omnibus
2062 881 2108 924 in
2133 881 2211 925 do-

241 960 432 1004 ctorem,
459 950 711 994 secundum
738 949 850 994 illud
875 948 980 1008 Joel
1005 961 1071 992 2..
1059 963 1070 972 ·
1097 949 1339 994 Laetamini
1369 949 1414 992 in
1445 949 1636 992 Domino
1660 948 1754 992 Deo
1785 954 1937 1002 vestro,
1970 949 2072 1007 quia
2102 947 2212 996 dedit

237 1019 357 1062 vobis
382 1018 592 1062 doctorem
611 1019 817 1076 justitiae.

328 1085 404 1130 An
431 1098 694 1130 SECUNDUM
717 1083 978 1138 dicendum,
1002 1083 1125 1142 quod
1150 1082 1355 1127 humana
1381 1096 1512 1127 mens
1534 1082 1737 1142 duplicem
1763 1082 1902 1128 habet
1925 1063 2207 1142 respectum:

237 1167 369 1196 unum
396 1151 582 1228 quidem
609 1151 665 1195 ad
688 1151 946 1210 superiora.
972 1161 1016 1194 et
1037 1150 1292 1195 secundum
1319 1150 1440 1194 hunc
1467 1159 1726 1209 respectum
1753 1150 1908 1194 anima
1929 1149 2103 1197 Christi
2125 1149 2211 1199 fuit

236 1218 372 1278 plena
398 1234 479 1279 per
505 1219 743 1263 scientiam
770 1218 986 1262 inditam:
1005 1218 1111 1262 alius
1128 1227 1282 1263 autem
1298 1226 1528 1275 respectus
1548 1219 1644 1276 ejus
1673 1226 1741 1262 est
1764 1217 1819 1262 ad
1845 1216 2076 1272 inferiora,
2093 1217 2210 1266 idest

238 1286 295 1330 ad
320 1286 656 1345 phantasmata,
683 1299 799 1345 quae
822 1295 925 1329 sunt
949 1295 1058 1329 nata
1083 1298 1275 1329 movere
1299 1294 1502 1329 mentem
1528 1278 1781 1329 humanam
1802 1298 1885 1344 per
1905 1285 2120 1333 virtutem
2145 1285 2209 1335 in-

236 1352 445 1398 tellectus
489 1353 688 1412 agentis:
724 1352 925 1429 oportuit
968 1361 1136 1405 autern,
1179 1350 1301 1410 quod
1336 1351 1474 1395 etiam
1506 1351 1758 1395 secundum
1792 1351 1916 1395 hunc
1948 1362 2209 1412 respectum

237 1420 391 1464 anima
413 1420 586 1465 Christi
611 1420 803 1464 scientia
828 1418 1113 1478 impleretur:
1138 1432 1234 1464 non
1260 1417 1367 1477 quia
1392 1417 1540 1476 prima
1557 1417 1792 1476 plenitudo
1815 1417 1961 1465 menti
1974 1419 2206 1469 humanae

235 1486 462 1532 sufficeret
491 1487 745 1532 secundum
762 1487 977 1545 seipsam,
995 1486 1073 1531 sed
1091 1485 1332 1545 oportebat
1349 1499 1452 1530 eam
1476 1484 1634 1544 perfici
1649 1485 1789 1531 etiam
1811 1485 2064 1536 secundnm
2084 1500 2209 1535 com-

234 1555 522 1613 parationem
551 1555 606 1599 ad
632 1555 968 1614 phantasmata.

324 1622 401 1665 AD
419 1634 636 1666 TERTIUM
656 1621 917 1675 dicendum,
936 1621 1059 1680 quod
1077 1619 1166 1663 alia
1183 1619 1300 1663 ratio
1318 1629 1386 1663 est
1403 1618 1458 1663 de
1475 1619 1634 1663 habitu
1656 1619 1896 1679 acquisito,
1914 1629 1961 1668 et
1974 1619 2032 1668 de
2047 1604 2208 1669 habitu

233 1687 407 1733 infuso:
431 1703 540 1732 nam
558 1689 739 1733 habitus
756 1688 974 1733 scientiae
1002 1687 1248 1746 acquiritur
1268 1701 1348 1746 per
1366 1686 1760 1744 comparationem
1785 1687 2017 1735 humanae
2039 1689 2206 1736 mentis

235 1756 291 1799 ad
317 1756 666 1814 phantasmata;
690 1756 810 1800 unde
837 1755 1090 1801 secundum
1118 1755 1330 1801 eamdem
1351 1755 1578 1799 rationem
1600 1768 1695 1798 non
1718 1763 1867 1814 potest
1888 1754 2002 1803 alius
2023 1755 2206 1809 habitus
2283 1789 2286 1793 -

234 1825 397 1868 iterato
425 1823 622 1883 acquiri:
655 1823 734 1868 sed
765 1823 948 1868 habitus
979 1822 1198 1868 scientiae
1228 1821 1405 1866 infusae
1434 1831 1502 1869 est
1537 1820 1721 1869 alterius
1752 1821 1957 1875 rationis.
1988 1833 2147 1883 utpote
2177 1838 2206 1870 a

233 1891 456 1950 superiori
473 1891 755 1935 descendens
770 1891 817 1934 in
836 1890 1056 1944 animam,
1066 1903 1162 1934 non
1178 1889 1432 1934 secundum
1449 1889 1798 1948 proportionem
1814 1889 2205 1950 phantasmatum;

234 1968 279 2002 et
303 1958 407 2003 ideo
434 1972 530 2003 non
556 1968 624 2003 est
649 1958 814 2003 eadem
839 1958 955 2002 ratio
983 1957 1040 2003 de
1066 1967 1261 2015 utroque
1285 1955 1456 2000 habitu.

919 2337 1369 2417 QUAESTm
1428 2337 1510 2399 X.

594 2495 676 2536 DE
723 2494 1000 2537 SCIENTIA
1047 2493 1240 2535 BEATA
1289 2493 1529 2534 ANIMAE
1573 2492 1828 2546 CHRISTI,

716 2585 782 2624 IN
814 2583 1102 2635 QUATUOR
1134 2582 1467 2624 ARTICULOS
1497 2582 1718 2623 DIVISA.

316 2762 495 2807 Deinde
515 2762 898 2807 considerandum
916 2771 984 2806 est
1001 2762 1055 2806 de
1078 2760 1279 2821 qualibet
1299 2760 1635 2820 praedictarum
1657 2758 1971 2809 scientiarum:
1988 2759 2068 2809 sed
2090 2760 2196 2820 quia

227 2828 284 2875 de
309 2829 498 2875 scientia
526 2829 677 2873 divina
710 2830 883 2873 dictum
915 2839 983 2874 est
1013 2829 1059 2873 in
1092 2829 1240 2888 prima
1266 2838 1392 2888 parte
1421 2828 1482 2886 (q.
1508 2827 1612 2885 14.),
1637 2836 1776 2871 restat
1804 2840 1925 2876 nunc
1950 2826 2195 2874 dicendum

228 2895 416 2942 de-aliis
442 2897 606 2941 tribus:
627 2898 773 2955 primo
806 2897 861 2941 de
894 2897 1083 2941 scientia
1116 2897 1271 2940 beata:
1299 2895 1472 2941 secundo
1500 2895 1555 2939 de
1582 2893 1772 2939 scientia
1795 2893 1961 2939 indita:
1989 2896 2107 2941 tertio
2139 2894 2196 2941 de

225 2964 413 3008 scientia
441 2964 684 3023 acquisita3
712 2965 788 3008 sed
818 2964 923 3022 quia
956 2964 1093 3008 etiam
1117 2964 1172 3009 de
1200 2963 1391 3008 scientia
1415 2963 1562 3016 beata,
1589 2962 1768 3020 quaein
1784 2961 1875 3006 Dei
1895 2961 2072 3006 visione
2091 2976 2198 3008 con-

225 3033 353 3086 sistit,
380 3031 509 3091 plura
536 3033 656 3076 dicta
683 3042 787 3076 sunt
811 3032 857 3076 in
885 3032 1031 3091 prima
1058 3043 1184 3091 parte
1210 3032 1270 3090 (q.
1304 3031 1405 3087 12.)‚
1428 3030 1503 3074 hic
1528 3028 1608 3074 illa
1630 3028 1730 3074 sola
1750 3029 1962 3076 videntur
1987 3029 2193 3085 dicenda,

225 3115 341 3159 quae
367 3100 548 3160 proprie
566 3093 801 3159 ⁴pertinent
828 3099 883 3142 ad
911 3099 1113 3143 animam
1143 3098 1326 3143 Christi.

785 3209 915 3254 Circa
942 3210 1016 3253 hoc
1043 3223 1138 3268 ergo
1165 3213 1423 3268 quaeruntur
1443 3213 1635 3266 quatuor.

313 3301 486 3346 Primo.
515 3299 682 3345 Utrum
710 3300 862 3343 anima
890 3297 1062 3343 Christi
1094 3296 1495 3356 comprehenderit
1518 3296 1739 3351 Verbum,
1765 3296 1866 3345 sive
1892 3297 2096 3344 divinam
2127 3311 2194 3345 es-

224 3368 432 3412 sentiam.

315 3434 542 3479 Secundo.
572 3433 739 3478 Utrum
765 3433 810 3476 in
838 3431 991 3477 Verbo
1020 3431 1289 3490 cognoverit
1314 3430 1485 3475 omnia.

315 3500 491 3546 Tertio.
521 3501 688 3545 Utrum
717 3500 870 3544 anima
898 3498 1071 3544 Christi
1095 3499 1143 3543 in
1169 3498 1323 3543 Verbo
1351 3499 1619 3557 cognoverit
1643 3498 1831 3545 infinita.

316 3567 510 3619 Quarto.
540 3568 708 3614 Utrum
734 3567 888 3613 videat
911 3565 1132 3621 Verbum,
1159 3566 1253 3611 sive
1281 3565 1481 3610 divinam
1515 3567 1759 3613 essentiam
1793 3566 1959 3613 clarius
1987 3565 2190 3628 qualibet

224 3634 312 3680 alia
338 3644 556 3679 creatura.
