2352 3926
679 221 957 267 QUAEsrro
998 221 1084 262 ιν.
1123 221 1432 260 Ani-mutus
1471 221 1545 260 vl.
1988 222 2089 276 471

140 322 250 368 Cor.
282 336 372 381 15.:
396 322 636 368 Seminatur
657 324 701 367 in
717 324 975 381 infirmitate,
998 330 1133 383 surget
1147 325 1191 367 in
1210 325 1393 368 virtute:
1414 333 1458 367 et
1475 323 1579 366 ideo
1603 335 1657 366 ea
1684 335 1801 382 quae
1823 322 2099 367 inducuntur

139 389 196 434 ad
221 389 548 434 ostendendam
577 390 887 435 conditionem
916 390 1102 450 gloriae,
1121 391 1329 435 videntur
1355 391 1521 434 habere
1545 390 1914 434 contrarietatem
1939 390 1994 433 ad
2016 404 2096 433 na-

138 463 301 510 turam,
326 470 420 500 non
451 457 729 515 simpliciter,
761 459 839 502 sed
873 458 1125 502 secundum
1158 468 1325 501 statum
1359 467 1672 517 praesentem;
1706 467 1751 501 et
1781 470 1806 501 e
1839 470 2089 501 converso:

138 523 256 568 unde
289 523 482 583 Gregor.
509 523 616 568 dicit
640 524 687 567 in
720 524 845 568 hom.
864 525 952 581 (26.
980 527 1025 568 in
1058 525 1138 569 Ev.
1166 525 1297 584 paulo
1330 539 1355 568 a
1380 524 1542 584 princ.)
1577 523 1699 583 quod
1734 523 1868 568 «duo
1895 524 2023 577 mira,
2051 533 2095 567 et

135 590 258 648 juxta
283 590 536 635 humanam
567 592 793 635 rationem
825 591 908 635 sibi
940 591 1071 635 valde
1100 591 1326 635 contraria
1351 591 1580 635 Dominus
1607 591 1817 644 ostendit,
1844 591 1954 635 dum
1987 601 2089 650 post

136 658 512 702 resurrectionem
545 672 710 718 corpus
737 673 870 702 suum
902 670 946 702 et
981 658 1336 717 incorruptibile,
1375 667 1419 702 et
1455 668 1610 702 tamen
1646 658 1873 718 palpabile
1906 658 2094 702 demon-

135 724 291 769 stravit
306 742 347 769 u.

223 792 299 837 An
326 804 541 838 ‘tl-:urum
567 792 827 846 dicendum,
854 792 992 851 quod,
1018 792 1135 836 sicut
1160 759 1353 850 August
1381 791 1490 835 dicit
1515 805 1648 850 super
1668 792 1798 869 Joan.
1826 793 1972 850 (tract.
2004 805 2095 838 121.

134 872 161 903 a
185 858 328 917 med),
358 875 382 900 «
399 859 487 903 hoc
516 859 637 918 quod
663 859 892 903 Dominus
919 859 1047 903 dixit:
1076 857 1179 903 Noli
1198 874 1263 902 me
1295 866 1473 916 tangere,
1502 859 1687 903 nondum
1713 861 1823 903 enim
1850 859 2012 904 ascendi
2043 859 2097 904 ad

132 925 301 970 Patrem
333 941 484 980 meum,
512 926 576 970 sic
603 926 775 970 dictum
802 936 883 979 est,
910 935 957 970 ut
988 926 1034 969 in
1061 925 1138 969 illa
1160 925 1363 969 foemina
1385 925 1652 983 figuraretur
1678 925 1883 970 Ecclesia
1909 926 1963 970 de
1990 940 2097 985 gen-

131 992 265 1045 tibus,
291 1006 407 1051 quae
433 992 479 1036 in
514 992 747 1037 Christum
779 1006 874 1036 non
907 993 1110 1046 credidit,
1141 993 1231 1037 nisi
1258 1007 1364 1036 curn
1391 993 1670 1036 ascendisset
1697 993 1752 1036 ad
1779 993 1987 1037 Patrem:
2021 1004 2098 1038 aut

132 1058 197 1104 sic
222 1058 269 1102 in
294 1073 343 1103 se
370 1060 491 1104 credi
521 1059 666 1103 voluit
691 1059 836 1117 Jesus,
868 1060 960 1103 hoc
993 1070 1062 1104 est
1093 1060 1157 1103 sic
1191 1074 1240 1103 se
1274 1059 1564 1119 spiritualiter
1590 1060 1731 1118 tangi,
1759 1060 1882 1118 quod
1908 1060 2018 1118 ipse,
2053 1071 2096 1105 et

131 1124 265 1170 Pater
289 1140 431 1170 unum
457 1135 583 1170 sunt:
611 1128 707 1185 ejus
727 1127 891 1186 quippe
917 1127 1088 1171 intimis
1115 1127 1319 1171 sensibus
1346 1127 1691 1185 quodammodo
1716 1127 1919 1171 ascendit
1937 1127 1991 1170 ad
2014 1127 2097 1171 Pa-

130 1202 262 1247 trem,
287 1193 365 1252 qui
390 1193 454 1237 sic
481 1195 527 1238 in
550 1207 606 1238 eo
633 1193 889 1253 profecerit,
916 1205 966 1238 ut
991 1195 1113 1238 Patri
1141 1204 1362 1253 agnoscat
1388 1193 1652 1252 aequalem3
1675 1194 1790 1237 haec
1818 1203 1972 1237 autem
2000 1208 2097 1237 car-

129 1259 292 1305 naliter
317 1261 464 1305 adhuc
497 1261 543 1304 in
569 1275 676 1317 eum
707 1262 931 1316 credebat,
964 1275 1100 1320 quem
1127 1262 1244 1305 sicut
1275 1261 1516 1305 hominem
1542 1260 1735 1304 fiebat».
1766 1260 1906 1313 Quod
1940 1271 2094 1305 autem

130 1327 275 1372 Maria
302 1326 407 1371 alibi
433 1326 595 1386 legitur
623 1328 861 1373 Christum
883 1329 1099 1387 tetigisse,
1122 1329 1304 1387 quando
1324 1327 1460 1372 simul
1488 1342 1594 1371 cum
1621 1327 1718 1371 aliis
1739 1327 2002 1371 mulieribus
2026 1341 2097 1371 ac-

131 1394 279 1448 cessit,
321 1405 365 1439 et
395 1395 540 1439 tenuit
571 1396 709 1454 pedes
743 1397 853 1454 ejus,
882 1396 1236 1455 «quaestionem
1268 1397 1363 1440 non
1395 1394 1555 1448 facit»,
1598 1405 1646 1438 ut
1680 1395 1954 1439 Saverianus
1987 1394 2096 1438 dicit

130 1460 196 1519 fid
216 1462 310 1517 hab.
337 1461 524 1520 Chrysol.
545 1477 668 1506 serm.
687 1462 756 1522 76.
781 1477 805 1506 a
831 1463 936 1508 med.
935 1462 976 1520 ),
999 1463 1265 1522 «siquidem
1284 1461 1394 1507 illud
1422 1463 1477 1506 de
1504 1462 1647 1521 figura
1674 1472 1755 1516 est,
1777 1463 1868 1506 hoc
1889 1462 1943 1506 de
1957 1477 2093 1516 sexu3

129 1527 241 1572 illud
267 1529 323 1573 de
349 1529 500 1572 divina
527 1530 683 1587 gratia,
711 1530 801 1574 hoc
835 1530 891 1574 de
925 1530 1128 1574 humana
1169 1541 1330 1574 natura
1346 1545 1396 1584 »3
1431 1529 1520 1583 vel,
1557 1530 1674 1573 sicut
1715 1529 1953 1588 Chrysost.
1987 1529 2097 1573 dicit

129 1596 263 1653 (hom.
284 1597 346 1654 85.
372 1598 417 1640 in
437 1597 561 1653 Joan.
583 1603 676 1642 ante
697 1597 838 1654 med),
874 1597 1096 1642 «volebat
1122 1597 1236 1642 haec
1263 1597 1427 1641 mulier
1459 1596 1607 1641 adhuc
1636 1611 1742 1641 cum
1775 1596 1961 1641 Christo
1989 1593 2096 1639 con-

129 1663 312 1716 versari,
349 1663 465 1707 sicut
497 1673 542 1708 et
573 1673 676 1708 ante
713 1665 990 1723 passionem,
1024 1674 1069 1708 et
1099 1679 1206 1723 prae
1240 1664 1409 1722 gaudio
1440 1663 1557 1707 nihil
1587 1678 1809 1722 magnum
1842 1663 2088 1722 cogitabat,

130 1730 339 1788 quamvis
361 1744 480 1782 ,caro
514 1730 686 1775 Christi
717 1731 863 1775 multo
902 1732 1066 1776 melior
1096 1731 1214 1776 facta
1247 1730 1381 1775 fuerit
1411 1731 1718 1789 resurgendo3
1746 1741 1790 1774 et
1820 1730 1924 1774 ideo
1959 1730 2092 1775 dixit:

129 1796 328 1842 Nondum
353 1797 516 1843 ascendi
537 1798 591 1841 ad
611 1798 782 1843 Patrem
800 1814 950 1853 meum,
971 1799 1100 1857 quasi
1122 1799 1266 1844 dicat:
1293 1798 1400 1842 Non
1420 1798 1632 1842 aestimes
1650 1811 1724 1841 me
1745 1798 1838 1855 jam
1863 1807 2092 1842 terrenam

128 1865 269 1909 vitam
297 1879 455 1924 agere3
482 1865 604 1924 quod
632 1866 755 1909 enim
780 1866 827 1909 in
854 1867 982 1910 terris
1009 1881 1082 1910 me
1110 1867 1250 1920 vides,
1277 1865 1367 1909 hoc
1396 1876 1476 1918 est,
1504 1866 1609 1924 quia
1642 1865 1825 1909 nondum
1848 1864 2011 1909 ascendi
2042 1863 2096 1908 ad

130 1933 296 1978 Patrem
312 1945 465 1987 meum,
483 1932 625 1976 sedin
643 1943 858 1992 promptu
886 1944 954 1977 est
979 1933 1101 1992 quod
1129 1932 1400 1987 ascendam;
1428 1932 1546 1976 unde
1573 1932 1798 1976 subditur:
1826 1931 2013 1976 Ascendo
2040 1931 2094 1975 ad

127 1999 298 2045 Patrem
328 2014 480 2055 meum,
511 2006 550 2044 et
580 2001 748 2045 Patrem
778 2006 1017 2045 vestrum».

204 2067 294 2111 *An
319 2076 556 2117 QUARTUM
583 2067 843 2121 dicendum,
869 2068 1007 2126 quod,
1035 2067 1153 2112 sicut
1178 2067 1298 2126 Aug.
1335 2067 1442 2111 dicit
1477 2067 1524 2110 in
1565 2065 1750 2125 dialogo
1779 2065 1835 2109 ad
1870 2065 2091 2110 Orosium

68 2157 76 2168 ·
127 2134 190 2195 (q.
211 2135 315 2192 ιφ),
345 2132 629 2178 «clarificata
656 2149 791 2179 carne
824 2134 1055 2179 Dominus
1087 2134 1354 2179 resurrexit:
1387 2134 1466 2178 sed
1504 2133 1653 2177 noluit
1693 2134 1738 2176 in
1781 2147 1834 2177 ea
1876 2131 2092 2176 clarifica-

127 2201 251 2246 tione
276 2200 507 2259 discipulis
533 2203 626 2245 suis
652 2215 894 2260 apparere3
916 2204 1022 2261 quia
1048 2216 1143 2245 non
1166 2211 1351 2261 possent
1378 2200 1523 2245 oculis
1549 2201 1641 2245 suis
1667 2199 1806 2244 talem
1836 2199 2088 2244 claritatem

54 2275 56 2278 ’
127 2268 405 2327 perspicere:
432 2268 471 2312 si
502 2268 626 2312 enim
661 2279 906 2328 antequam
946 2279 1203 2313 moreretur
1234 2283 1316 2328 pro
1348 2269 1496 2322 nobis,
1530 2278 1575 2312 et
1605 2277 1875 2326 resurgeret,
1908 2267 2091 2326 quando

127 2333 468 2394 transfiguratus
495 2345 563 2380 est
587 2335 634 2378 in
660 2346 833 2390 monte,
858 2336 1067 2394 discipuli
1098 2337 1167 2380 sui
1194 2350 1300 2380 eum
1326 2329 1480 2380 videre
1506 2350 1600 2379 non
1627 2344 1885 2393 potuerunt,
1918 2345 2089 2393 quanto

127 2401 274 2460 magis
298 2401 551 2461 glorificata
577 2416 712 2446 carne
738 2403 930 2446 Domini
955 2416 1062 2447 eum
1087 2403 1241 2447 videre
1267 2417 1361 2446 non
1379 2402 1654 2462 potuerunt?
1673 2419 1696 2444 >›
1726 2401 1806 2445 Est
1824 2401 1963 2446 etiam
1986 2415 2092 2445 con-

127 2469 430 2526 siderandum,
458 2469 580 2528 quod
598 2480 702 2528 post
718 2472 1101 2514 resurrectionem
1121 2469 1358 2514 Dominus
1369 2471 1460 2514 hoc
1480 2470 1724 2528 praecipue
1742 2468 1926 2512 volebat
1942 2478 2092 2512 osten-

128 2534 248 2591 dere,
263 2537 386 2595 quod
401 2536 523 2580 idem
542 2536 639 2596 ipse
657 2548 774 2581 esset
791 2537 868 2596 qui
885 2547 1092 2582 mortuus
1112 2537 1278 2582 fuerat:
1303 2537 1426 2596 quod
1449 2536 1644 2580 multum
1658 2546 1835 2595 poterat
1849 2535 2086 2594 impedire,

129 2601 168 2646 si
191 2601 256 2647 eis
286 2603 356 2647 sui
377 2604 581 2661 corporis
599 2603 851 2648 claritatem
871 2605 1156 2659 ostenderet;
1181 2619 1289 2648 nam
1316 2605 1592 2656 immutatio,
1620 2618 1735 2662 quae
1761 2602 1811 2647 fit
1836 2602 2088 2647 secundum

131 2677 378 2726 aspectum,
409 2670 610 2715 maxime
642 2671 840 2715 ostendit
871 2671 1183 2716 diversitatem
1217 2673 1312 2730 ejus
1346 2671 1468 2730 quod
1499 2671 1699 2715 videtur:
1727 2670 1833 2729 quia
1859 2669 2085 2714 sensibilia

130 2737 408 2790 communia,
433 2738 548 2781 inter
573 2751 689 2797 quae
716 2749 783 2782 est
809 2753 966 2815 unum,
999 2750 1043 2783 et
1075 2738 1233 2792 multa,
1259 2738 1333 2783 vel
1365 2739 1504 2792 idem,
1536 2748 1581 2782 et
1612 2738 1857 2791 diversum,
1890 2736 2089 2780 maxime

129 2801 344 2860 dijudicat
366 2803 507 2848 visus.
539 2805 618 2849 sed
651 2816 754 2849 ante
774 2806 1048 2864 passionem,
1073 2821 1130 2850 ne
1157 2806 1467 2850 infirmitatem
1501 2805 1724 2864 passionis
1752 2806 1849 2863 ejus
1881 2802 2088 2878 discipuli

127 2869 423 2928 despicerent,
448 2870 707 2916 intendebat
734 2873 942 2917 Christus
961 2874 1023 2917 eis
1051 2873 1247 2932 gloriam
1270 2873 1518 2930 majestatis
1545 2886 1653 2916 suae
1681 2871 1934 2924 ostendere,
1949 2883 2087 2928 quarn

31 2988 39 2994 β
127 2936 326 2979 maxime
344 2935 624 2982 demonstrat
639 2938 819 2984 claritas
838 2941 1056 2999 corporis,
1072 2951 1116 2984 et
1132 2941 1236 2984 ideo
1257 2951 1360 2984 ante
1378 2940 1640 2999 passionem
1656 2939 1849 2998 gloriam
1869 2952 1999 2981 suam
2018 2937 2091 2980 de-

25 2998 47 3029 *⁴-
128 3003 398 3047 monstravit
411 3003 642 3062 discipulis
655 3018 734 3063 per
746 3005 1013 3061 claritatem,
1027 3018 1130 3066 post
1149 3008 1529 3051 resurrectionem
1544 3017 1696 3050 autem
1709 3020 1789 3065 per
1802 3005 1888 3048 alia
1907 3003 2087 3047 indicia.

42 3113 56 3129 μ
214 3071 291 3115 AD
323 3082 550 3120 Qum'rtm
577 3072 836 3127 dicendum,
862 3075 999 3133 quod,
1017 3077 1133 3119 sicut
1159 3075 1352 3132 August.
1381 3075 1489 3118 dicit
1514 3074 1561 3117 in
1587 3073 1662 3118 lib.
1695 3088 1731 3131 3.
1759 3073 1814 3115 de
1844 3072 2084 3116 Consensu

125 3136 297 3196 Evang.
324 3138 438 3197 (cap.
457 3140 564 3195 24),
594 3155 618 3180 «
636 3153 877 3197 possumus
902 3141 1155 3200 intelligere
1174 3157 1316 3186 unum
1340 3140 1555 3200 angelum
1578 3141 1727 3184 visum
1752 3154 1777 3182 a
1804 3138 2086 3190 mulieribus,

32 3203 53 3266 J,
125 3206 377 3249 secundum
410 3205 709 3256 Matthaeum,
741 3217 786 3250 et
810 3207 1034 3262 Marcum,
1060 3219 1109 3252 ut
1141 3223 1217 3253 eas
1251 3210 1478 3267 ingressas
1511 3208 1557 3251 in
1591 3215 1942 3251 monumentum
1971 3204 2086 3248 acci·

36 3271 44 3277 ”
125 3271 318 3331 piamus,
345 3272 388 3315 in
416 3271 600 3330 aliquod
626 3271 800 3317 scilicet
825 3274 1038 3332 spatium,
1064 3276 1185 3333 quod
1213 3287 1309 3319 erat
1335 3275 1488 3333 aliqua
1516 3273 1706 3317 materia
1735 3270 2086 3325 communitum,

55 3363 58 3366 ·
126 3348 259 3398 atque
284 3339 345 3382 ibi
370 3338 535 3382 vidisse
559 3338 773 3397 angelum
791 3340 1026 3384 sedentem
1049 3355 1181 3399 supra
1198 3342 1398 3400 lapidem
1417 3340 1674 3385 revolutum
1704 3353 1728 3381 a
1756 3346 2086 3392 monument03

42 3403 58 3445 Ἀ
125 3405 242 3450 sicut
272 3406 380 3449 dicit
419 3405 700 3459 Matthaeus3
735 3415 783 3449 ut
814 3406 904 3450 hoc
937 3407 1008 3460 sit,
1041 3409 1273 3453 sedentem
1308 3423 1333 3452 a
1366 3408 1545 3459 dextris,
1579 3405 1701 3464 quod
1735 3405 1841 3447 dicit
1879 3404 2087 3458 Marcus;

52 3479 54 3482 ’
125 3472 288 3517 deinde
314 3473 422 3516 dum
451 3472 799 3530 introspicerem
824 3472 995 3526 locum,
1021 3474 1067 3517 in
1094 3489 1185 3533 quo
1211 3478 1412 3532 jacuerat
1446 3487 1609 3531 corpus
1637 3470 1843 3523 Domini,
1870 3471 1993 3514 visos
2028 3470 2082 3514 ab

27 3546 43 3598 s
126 3539 191 3584 eis
218 3539 331 3584 alios
358 3540 472 3584 duos
496 3539 699 3599 angelos,
724 3539 871 3598 primo
893 3541 1077 3599 quidem
1099 3542 1362 3594 sedentes»,
1386 3551 1434 3584 ut
1459 3540 1567 3583 dicit
1579 3538 1793 3596 Joannes,
1814 3546 1894 3582 «et
1922 3547 2082 3595 postea

28 3616 60 3667 352
125 3619 205 3651 eos
230 3607 488 3660 surrexisse,
514 3617 562 3651 ut
588 3616 758 3651 stantes
783 3607 1100 3663 viderentur»,
1126 3618 1175 3653 ut
1200 3608 1308 3652 dicit
1334 3608 1497 3651 Lucas.

1156 3755 1266 3822 w
1285 3725 1777 3847 οςεὼῑιεὶῑῇωμςι,
1813 3675 1942 3808 ΞΜ
1967 3684 2129 3813 Qu.

1394 3847 1642 3873 Μ
1719 3830 1747 3885 *⁸
1810 3817 2192 3859 fl
