2352 3926
258 178 333 231 44
812 165 1089 214 QUAESTIO
1130 162 1187 201 11.
1228 158 1534 201 ARTICULUS
1572 155 1687 196 vm.

259 277 434 330 uniens,
459 288 553 318 non
590 284 824 316 assumens
857 267 985 327 quasi
1011 266 1067 310 ad
1093 279 1141 310 se
1168 276 1376 309 sumens:
1414 273 1611 320 persona
1645 267 1800 304 autem
1833 256 1952 314 Filii,
1977 269 2094 318 quae
2126 254 2214 302 sibi

267 345 517 388 humanam
543 349 749 383 naturam
776 335 933 388 univit,
957 343 1024 378 est
1049 333 1223 385 uniens,
1250 340 1295 374 et
1311 341 1571 381 assumens;
1594 335 1639 370 et
1655 323 1863 370 similiter
1886 338 1982 369 non
2007 333 2076 369 est
2089 323 2214 369 idem

260 410 450 462 unitum,
478 417 521 451 et
547 413 851 462 assumptum:
870 415 979 444 narn
1007 399 1158 444 divina
1176 407 1337 441 natura
1360 394 1522 438 dicitur
1548 393 1687 447 unita,
1715 400 1760 436 et
1783 405 1878 436 non
1905 400 2152 450 assumpta.

349 477 425 520 AD
453 485 664 518 TERTIUM
691 469 949 522 dicendum,
977 466 1098 526 quod
1131 463 1381 521 assumptio
1409 459 1694 514 determinat,
1727 458 1802 503 cui
1833 458 1956 503 facta
1987 467 2056 504 est
2080 471 2216 523 copu-

259 543 384 596 latio,
412 557 464 586 ex
491 549 614 599 parte
634 535 917 589 assumentis,
943 535 1210 593 inquantum
1228 528 1477 587 assumptio
1496 527 1673 581 dicitur,
1697 523 1829 584 quasi
1855 524 1912 569 ad
1927 538 1978 570 se
1999 522 2212 584 sumptio:

262 611 339 655 sed
366 606 632 658 incarnatio,
661 614 704 648 et
734 602 1002 646 humanatio
1036 614 1091 644 ex
1122 608 1246 658 parte
1280 595 1513 654 assumpti,
1544 592 1666 652 quod
1699 602 1768 637 est
1799 605 1921 646 caro,
1951 590 2028 636 vel
2055 600 2218 636 natura

261 678 485 727 humana3
514 683 558 716 et
581 671 685 714 ideo
715 668 964 728 assumptio
992 666 1139 711 differt
1164 664 1339 709 ratione
1366 671 1411 706 et
1437 661 1490 705 ab
1517 660 1704 715 unione,
1737 669 1782 705 et
1808 659 1862 704 ab
1888 657 2218 712 incarnatione,

261 758 340 788 seu
366 739 710 785 humanatione.

965 892 1396 953 ARTICULUS
1428 889 1527 948 IX.
1848 964 1854 969 ¹
1957 958 1965 961 .
2092 954 2093 957 Ἴ
2141 914 2215 961 ,ις

575 1034 767 1074 UTRUM
793 1032 928 1073 UNIO
955 1030 1186 1070 DUARUM
1213 1027 1552 1067 NATURARUM
1579 1025 1637 1065 IN
1652 1020 1903 1064 ’CHRISTO

855 1115 954 1152 SIT
1006 1111 1257 1150 MAXIMA
1298 1107 1623 1149 UNIONUM.

495 1229 550 1287 (3.
586 1228 698 1271 Dist.
730 1240 765 1286 5.
804 1241 841 1284 q.
873 1242 908 1270 r.
941 1230 1022 1269 art.
1056 1240 1090 1268 1.
1125 1238 1162 1281 q.
1197 1239 1231 1267 1.
1265 1227 1303 1266 et
1334 1220 1403 1264 lib.
1438 1232 1480 1277 4.
1519 1219 1665 1264 Contr.
1696 1231 1736 1276 g.
1770 1224 1860 1278 cap.
1891 1217 1997 1276 41.).

354 1341 430 1385 An
447 1353 624 1385 NONUM
642 1339 705 1382 sic
723 1337 994 1397 proceditur.
1006 1336 1210 1389 Videtur,
1224 1333 1346 1393 quod
1362 1333 1470 1377 unio
1489 1332 1683 1376 duarum
1694 1329 2017 1375 naturarumin
2035 1327 2222 1374 Christo

264 1422 357 1452 non
370 1408 427 1452 sit
440 1407 639 1451 maxima
657 1406 899 1449 unionum:
914 1404 1090 1447 unitum
1104 1404 1226 1447 enim
1245 1401 1396 1445 deficit
1412 1401 1458 1444 in
1475 1400 1653 1444 ratione
1665 1398 1849 1443 unitatis
1861 1398 1916 1442 ab
1933 1395 2144 1456 eo‚qu0d
2156 1405 2225 1441 est

265 1490 407 1518 unum
419 1490 430 1529 3
444 1489 499 1518 eo
512 1474 633 1532 quod
653 1473 830 1516 unitum
847 1472 1008 1515 dicitur
1020 1485 1098 1528 per
1111 1469 1520 1529 participationem,
1534 1481 1676 1511 unum
1695 1476 1848 1510 autem
1865 1478 1947 1524 per
1958 1464 2223 1518 essentiam3

267 1543 347 1587 sed
373 1542 419 1585 in
444 1542 575 1585 rebus
604 1540 763 1584 creatis
791 1539 958 1598 aliquid
991 1538 1153 1582 dicitur
1189 1535 1466 1595 sempliciter
1500 1549 1598 1580 esse
1630 1549 1801 1589 unum3
1833 1533 1951 1578 sicut
1980 1530 2224 1592 praecipue

268 1619 390 1668 patet
411 1608 466 1652 de
493 1610 662 1651 unitate
688 1607 799 1665 ipsa,
823 1620 937 1664 quae
961 1615 1028 1649 est
1059 1604 1334 1664 principium
1360 1604 1561 1658 numeri3
1588 1616 1699 1661 ergo
1725 1600 1994 1661 hujusmodi
2015 1599 2142 1654 unio,
2167 1598 2224 1644 de

266 1690 354 1735 qua
376 1675 620 1733 loquimur,
646 1687 739 1716 non
764 1674 981 1732 importat
1002 1673 1251 1715 maximam
1274 1672 1508 1716 unitatem.
2030 1684 2034 1686 “

357 1755 396 1785 2.
430 1742 724 1786 PRAETEREA.
752 1740 955 1797 Quando
983 1754 1037 1783 ea
1063 1754 1180 1798 quae
1203 1740 1432 1794 uniuntur,
1460 1740 1607 1798 magis
1634 1738 1814 1792 distant,
1830 1746 1960 1782 tanto
1985 1732 2140 1781 minor
2152 1744 2226 1780 est

271 1809 403 1853 unio:
431 1808 509 1853 sed
542 1823 594 1852 ea
626 1822 740 1866 quae
767 1807 1018 1851 secundum
1043 1807 1162 1851 hanc
1189 1809 1410 1851 unionem
1435 1806 1664 1860 uniuntur,
1696 1805 1897 1850 maxime
1916 1804 2113 1860 ¹distanm
2142 1803 2228 1848 sci-

268 1877 375 1920 licet
404 1886 561 1920 natura
587 1875 751 1930 divina,
778 1885 821 1919 et
847 1875 1073 1919 humana:
1107 1874 1275 1919 distant
1306 1874 1429 1919 enim
1460 1874 1509 1918 in
1541 1873 1792 1928 infinitum;
1822 1886 1936 1932 ergo
1960 1870 2228 1932 hujusmodi

271 1953 337 1988 est
362 1944 552 1987 minima
572 1943 698 1988 unio.

362 2025 399 2070 3.
421 2010 716 2055 PRAETEREA.
743 2010 830 2054 Per
856 2011 1073 2055 unionem
1098 2011 1148 2055 fit
1175 2010 1344 2070 aliquid
1369 2025 1533 2056 unum:
1561 2009 1640 2055 sed
1673 2024 1728 2055 ex
1760 2009 1931 2055 unione
1955 2009 2151 2065 animae,
2178 2017 2229 2053 et

274 2077 477 2136 corporis
502 2077 547 2120 in
573 2077 703 2121 nobis
729 2077 778 2121 fit
804 2076 971 2136 aliquid
1004 2093 1147 2122 unum
1178 2079 1224 2122 in
1250 2092 1461 2138 persona,
1504 2088 1549 2122 et
1578 2087 1762 2122 natura:
1790 2091 1846 2122 ex
1870 2076 2042 2122 unione
2073 2084 2228 2123 autem

277 2146 470 2198 divinae,
497 2154 541 2188 et
564 2144 793 2188 humanae
819 2157 1005 2189 naturae
1031 2146 1080 2189 fit
1106 2145 1275 2205 aliquid
1302 2161 1445 2190 unum
1467 2144 1621 2190 solum
1646 2145 1694 2189 in
1710 2158 1930 2205 persona3
1948 2143 2230 2204 ergo-major

271 2221 337 2256 est
363 2211 677 2270 unio-animae
705 2211 759 2254 ad
787 2225 965 2270 corpus,
992 2227 1129 2271 quam
1157 2214 1337 2258 divinae
1363 2223 1550 2258 naturae
1573 2213 1630 2258 ad
1646 2212 1926 2268 humanam3
1947 2221 1992 2257 et
2015 2210 2229 2266 sicanio,

276 2280 331 2323 de
358 2292 447 2338 qua
473 2278 716 2337 loquimur,
748 2293 840 2323 non
867 2280 1082 2339 importat
1107 2282 1357 2325 maximam
1384 2282 1620 2326 unitatem.
2010 2325 2019 2327 ,
2158 2316 2161 2318 μ

361 2346 455 2390 SED
484 2357 678 2390 CONTRA
706 2356 787 2399 est,
814 2346 936 2404 quod
963 2347 1155 2406 August.
1184 2348 1292 2393 dicit
1316 2349 1364 2392 in
1396 2363 1431 2393 1.
1451 2349 1506 2393 de
1534 2346 1698 2392 Trinit.
1725 2348 1838 2407 (cap.
1863 2346 1955 2406 ιο.)
1979 2345 2089 2406 quod
2107 2345 2230 2391 bomo

271 2414 412 2473 potius
436 2417 490 2456 est
515 2413 559 2455 in
585 2412 695 2456 Filio
722 2413 819 2466 Dei,
842 2428 967 2471 quam
994 2416 1128 2459 Filius
1153 2418 1198 2459 in
1225 2417 1377 2462 Patre:
1404 2416 1544 2461 Filius
1573 2426 1725 2461 autem
1743 2416 1875 2461 estin
1887 2414 2023 2461 Patre
2042 2426 2123 2476 pet
2135 2415 2232 2459 uni-

274 2489 416 2524 tatem
434 2479 669 2533 essentiae,
685 2479 828 2523 homo
846 2495 953 2525 vero
974 2492 1039 2526 est
1063 2483 1106 2525 in
1123 2482 1239 2527 Filio
1252 2498 1332 2542 per
1348 2485 1568 2528 unionem
1585 2482 1936 2538 incarnationis;
1952 2494 2066 2542 ergo
2079 2483 2234 2542 major

277 2557 346 2590 est
370 2546 479 2589 unio
498 2545 835 2602 incarnationis,
853 2562 989 2605 quam
1017 2550 1164 2594 unitas
1182 2551 1360 2595 divinae
1380 2551 1616 2607 essentiae,
1633 2565 1750 2610 quae
1766 2561 1923 2596 tamen
1938 2559 2008 2595 est
2028 2547 2233 2595 maxima

276 2614 523 2668 unionum;
551 2623 593 2657 et
620 2615 684 2657 sic
711 2627 790 2672 per
815 2628 1099 2674 consequens
1126 2618 1236 2662 unio
1263 2618 1588 2663 incarnationis
1614 2618 1833 2678 importat
1855 2615 2234 2663 maximam-uni-

273 2689 428 2724 tatem.
2113 2697 2119 2704 .

365 2746 653 2791 RESPONDEO
680 2747 939 2802 dicendum,
972 2751 1093 2808 quod
1126 2752 1234 2796 unio
1262 2752 1479 2811 importat
1504 2753 1877 2812 conjunctionem
1897 2751 2160 2812 aliquorum
2183 2750 2232 2795 in
2299 2797 2306 2804 ,

278 2813 431 2879 aliquo
453 2827 567 2857 uno:
596 2823 745 2872 potest
766 2829 874 2873 ergo
894 2816 1001 2860 unio
1025 2817 1345 2864 incarnationis
1365 2821 1583 2880 dupliciter
1595 2820 1760 2880 accipi:
1796 2834 1878 2865 uno
1892 2819 2014 2865 modo
2034 2832 2091 2864 ex
2103 2825 2232 2878 parte

278 2894 438 2926 eorum
464 2894 579 2939 quae
608 2882 964 2939 conjunguntur:
992 2885 1074 2928 alio
1100 2886 1219 2929 modo
1247 2901 1300 2930 ex
1326 2898 1452 2946 parte
1481 2889 1591 2946 ejus,
1614 2889 1660 2932 in
1687 2901 1778 2947 quo
1801 2886 2164 2947 conjungunmr3
2189 2893 2235 2928 et

276 2961 330 2992 ex
351 2947 438 2992 hac
465 2957 589 3006 parte
615 2947 879 3006 hujusmodi
897 2950 1004 2993 unio
1031 2951 1167 2996 habet
1193 2955 1599 3011 praeeminentiam
1625 2955 1740 3000 inter
1758 2953 1870 3000 alias
1885 2954 2235 2999 unionesznam

275 3014 422 3059 unitas
440 3027 661 3072 personae
679 3014 870 3069 divinae,
889 3016 933 3058 in
952 3031 1038 3074 qua
1058 3018 1271 3063 uniuntur
1290 3022 1403 3065 duae
1421 3032 1623 3077 naturae,
1642 3032 1709 3067 est
1725 3021 1949 3067 maxima:
1967 3033 2062 3066 non
2079 3027 2235 3065 autem

275 3082 413 3126 habet
438 3082 842 3141 praeeminentiam
871 3097 924 3126 ex
950 3094 1075 3141 parte
1102 3100 1276 3142 eorum,
1303 3102 1419 3146 quae
1446 3091 1796 3149 conjunguntur.
2123 3116 2125 3118 ·

365 3149 440 3194 An
467 3162 654 3194 prunum
681 3162 791 3207 ergo
811 3150 1068 3204 dicendum,
1087 3153 1207 3210 quod
1227 3156 1374 3198 unitas
1389 3155 1568 3200 divinae
1586 3170 1811 3216 personae
1826 3164 1896 3202 est
1910 3155 2075 3215 major,
2094 3164 2236 3214 quam

277 3217 424 3260 unitas
451 3215 713 3270 numeralis,
741 3230 855 3275 quae
889 3217 1061 3262 scilicet
1094 3229 1160 3262 est
1193 3220 1463 3279 principium
1496 3224 1699 3268 numeri:
1733 3237 1844 3269 nam
1874 3223 2036 3269 unitas,
2056 3220 2237 3267 divinae

278 3297 498 3342 personae
525 3293 592 3328 est
618 3283 764 3327 unitas
792 3283 990 3328 increata
1018 3300 1095 3343 per
1117 3300 1163 3330 se
1192 3288 1453 3343 subsistens,
1479 3304 1573 3333 non
1601 3291 1846 3351 receptain
1870 3289 2027 3351 aliqum
2043 3303 2124 3351 per
2139 3301 2238 3348 par·

278 3350 613 3409 ticipationern:
648 3361 715 3395 est
747 3350 884 3395 etiam
915 3351 961 3394 in
994 3365 1041 3396 se
1076 3353 1318 3411 completa,
1351 3355 1523 3399 habens
1555 3357 1601 3400 in
1634 3372 1682 3402 se
1709 3356 1931 3419 quidquid
1961 3356 2155 3418 pertinet
2178 3354 2236 3400 ad

279 3417 504 3461 rationem
530 3418 734 3472 unitatis;
762 3428 806 3462 et
831 3418 934 3462 ideo
961 3432 1054 3462 non
1082 3421 1301 3478 competit
1323 3421 1408 3464 sibi
1432 3422 1546 3466 ratio
1570 3424 1722 3482 partis,
1748 3425 1865 3470 sicut
1895 3423 2058 3470 unitati
2078 3436 2239 3469 nume-

282 3483 379 3538 rali,
406 3498 521 3542 quae
549 3494 615 3529 est
640 3498 742 3544 pars
767 3484 960 3539 numeri,
988 3495 1031 3529 et
1057 3499 1171 3544 quae
1195 3487 1485 3546 participatur
1515 3489 1562 3532 in
1588 3491 1721 3535 rebus
1752 3491 2025 3547 numer-atim
2056 3489 2238 3536 et¹ideo

279 3560 497 3609 quantum
526 3551 582 3595 ad
608 3551 697 3596 hoc
726 3552 835 3597 unio
861 3552 1186 3597 incarnationis
1212 3554 1495 3612 praeeminet
1515 3556 1677 3603 unitati
1706 3557 1948 3613 numerali,
1964 3555 2240 3604 radone‘sci-

2341 3461 2352 3631 ἕ
