2352 3926
645 239 924 287 Quansrto
965 238 1114 278 Lvnt.
1155 236 1465 279 Ait-rmums
1504 235 1576 276 tv.
1981 218 2088 290 489

222 344 319 390 SED
341 355 537 390 CONTRA
564 353 645 402 est,
673 343 795 404 quod
823 344 985 388 dicitur
1013 342 1068 387 ad
1100 342 1238 387 Hebr.
1271 354 1332 385 t.:
1360 340 1430 386 Ad
1454 354 1572 399 quem
1605 337 1847 397 angelorum
1878 336 1988 381 dixit
2020 337 2094 380 ali·

26 455 42 474 ὲ
131 411 322 473 quando:
351 411 448 456 Sede
469 426 496 456 a
521 411 677 456 dextris
694 412 807 465 meis,
834 411 949 455 idest
970 411 1017 454 in
1034 410 1149 455 meis
1175 409 1306 453 bonis
1333 407 1599 467 potioribus,
1617 405 1691 451 vel
1707 404 1821 451 mihi
1842 403 2094 452 secundum

132 478 418 524 divinitatem
446 477 678 538 aequalis?
706 478 836 537 quasi
858 478 993 531 dicat,
1020 478 1075 521 ad
1090 476 1291 521 nullum:
1310 475 1388 519 sed
1416 474 1567 533 angeli
1594 483 1699 518 sunt
1719 472 1974 531 superiores
1992 471 2093 515 aliis

24 551 28 560 ⁴
131 546 372 600 creaturis;
400 559 511 603 ergo
540 545 688 589 multo
725 545 873 604 magis
902 543 1016 588 nulli
1043 543 1121 588 alii
1151 544 1368 587 convenit
1403 542 1562 586 sedere
1590 541 1646 585 ad
1673 541 1908 585 dexteram
1932 538 2095 592 Patris,

131 627 271 673 quarn
301 612 502 658 Christo.

220 679 509 725 Respounno
522 678 782 732 dicendum,
798 677 935 737 quod,
956 677 1073 722 sicut
1090 677 1261 721 dictum
1283 686 1351 721 est
1362 677 1465 734 (art.
1484 691 1519 721 ι,
1538 691 1578 721 2.
1594 683 1633 721 et
1643 690 1680 735 3.
1691 675 1874 735 praec),
1887 672 2096 719 Christus

131 746 293 792 dicitur
318 746 475 791 sedere
498 745 553 790 ad
581 739 812 790 dexteram
829 744 989 798 Patris,
1011 744 1281 803 inquantum
1304 743 1556 787 secundum
1579 753 1789 787 naturam
1807 741 2008 786 divinam
2026 749 2094 786 est

132 814 180 858 in
206 813 476 873 aequalitate
502 812 663 866 Patris,
689 811 940 856 secundum
968 821 1122 854 autem
1143 811 1395 854 humanam
1418 820 1631 854 naturam
1656 809 1703 853 in
1731 807 1972 854 excellenti
1997 821 2096 867 pos-

134 881 337 926 sessione
364 880 623 923 divinorum
650 878 875 922 bonorum
903 891 1010 936 prae
1037 877 1227 921 caeteris
1260 877 1359 921 aliis
1394 877 1634 920 creaturis:
1668 886 1909 935 utrumque
1943 884 2095 919 autem

134 947 223 993 soli
248 946 433 993 Christo
460 944 687 990 convenit.
721 944 854 989 Unde
882 943 994 988 nulli
1027 943 1117 998 alii,
1143 958 1229 988 nec
1257 942 1438 1003 angelo,
1463 957 1548 987 nec
1575 943 1755 987 homini
1788 942 2003 987 convenit
2028 955 2095 986 se·

134 1014 240 1060 dere
266 1015 323 1059 ad
349 1014 580 1058 dexteram
606 1012 766 1066 Patris,
793 1012 882 1056 nisi
908 1011 996 1056 soli
1024 1011 1225 1057 Christo.

224 1082 301 1127 AD
326 1094 515 1126 PRIMUM
547 1094 658 1139 ergo
686 1079 945 1133 dicendum,
963 1079 1085 1138 quod
1113 1079 1219 1138 quia
1243 1078 1451 1123 Christus
1479 1087 1547 1123 est
1574 1087 1710 1136 caput
1734 1087 1957 1131 nostrum,
1985 1074 2096 1120 illud

134 1149 257 1209 quod
290 1147 511 1193 collatum
537 1157 604 1191 est
631 1147 832 1201 Christ0‚
859 1156 927 1191 est
953 1147 1090 1191 etiam
1107 1146 1240 1190 nobis
1267 1146 1313 1189 in
1339 1145 1439 1205 ipso
1468 1145 1702 1190 collatum.
1726 1144 1782 1189 Et
1802 1155 1984 1204 propter
2005 1144 2095 1187 hoc

134 1216 241 1276 quia
266 1215 362 1275 ipse
383 1217 476 1274 jam
502 1215 793 1259 resuscitatus
819 1224 899 1269 est,
927 1214 1036 1258 dicit
1062 1213 1312 1273 Apostolus
1338 1213 1461 1272 quod
1488 1214 1615 1258 Deus
1640 1226 1726 1256 nos
1749 1211 2096 1271 quodammodo

136 1283 185 1328 eiv-
202 1282 593 1336 conresuscitavit,
612 1283 688 1341 qui
705 1291 859 1326 tamen
887 1281 933 1324 in
959 1282 1092 1326 nobis
1114 1281 1220 1340 ipsis
1246 1281 1452 1324 nondum
1479 1294 1637 1325 sumus
1654 1279 1921 1334 resuscitati,
1941 1278 2019 1323 sed
2037 1292 2102 1322 re-

135 1349 396 1403 suscitandi,
421 1349 675 1394 secundum
700 1347 810 1392 illud
837 1349 974 1394 Rom.
1002 1350 1051 1393 8:
1081 1350 1171 1405 Qui
1190 1350 1403 1393 suscitavit
1422 1349 1562 1405 Jesum
1588 1362 1615 1391 α
1648 1348 1838 1400 mortuis,
1861 1346 2099 1405 vivificabit

135 1423 173 1462 et
191 1416 391 1462 mortalia
405 1424 586 1476 corpora
603 1422 772 1467 nostran
793 1426 836 1459 et
858 1415 1109 1461 secundum
1129 1415 1341 1459 eumdem
1361 1416 1552 1459 modum
1574 1414 1790 1474 loquendi
1809 1413 1958 1458 subdit
1979 1413 2101 1471 Apo-

137 1484 297 1538 stolus,
328 1483 451 1543 quod
478 1483 686 1528 consedere
707 1497 781 1527 nos
797 1483 900 1542 fecit
925 1485 970 1527 in
995 1483 1244 1538 coelestibus,
1273 1481 1448 1527 scilicet
1471 1483 1518 1526 in
1544 1482 1634 1527 hoc
1662 1483 1777 1540 ipso,
1809 1481 1932 1541 quod
1965 1490 2102 1540 caput

135 1561 359 1604 nostrum,
381 1550 504 1610 quod
532 1560 599 1594 est
624 1550 848 1604 Christus,
874 1550 936 1594 ibi
962 1550 1101 1596 sedet.

229 1618 304 1663 An
332 1630 593 1663 SECUNDUM
619 1617 879 1670 dicendum,
905 1618 1027 1676 quod
1055 1617 1161 1676 quia
1187 1617 1370 1661 dextera
1397 1626 1463 1662 est
1495 1616 1648 1661 divina
1673 1616 1921 1670 beatitudo,
1943 1615 2100 1660 sedere

140 1685 187 1730 in
212 1685 396 1730 dextera
411 1699 506 1728 non
523 1684 749 1743 significat
771 1683 1037 1742 simpliciter
1062 1698 1162 1729 esse
1184 1684 1231 1728 in
1252 1685 1545 1738 beatitudine,
1572 1684 1650 1728 sed
1675 1684 1843 1728 habere
1869 1682 2102 1728 beatitudi-

137 1766 245 1797 nem
264 1766 370 1796 cum
388 1751 583 1811 quadam
603 1751 885 1795 dominativa
900 1752 1141 1810 potestate,
1161 1762 1205 1796 et
1221 1752 1349 1811 quasi
1367 1752 1599 1811 propriam
1618 1761 1661 1796 et
1677 1750 1958 1796 naturalem:
1977 1749 2100 1810 quod

141 1818 229 1864 soli
262 1820 448 1864 Christo
482 1819 720 1872 convenit3
754 1818 868 1862 nulli
904 1830 1057 1863 autem
1091 1820 1166 1863 alii
1185 1830 1430 1864 creaturae.
1463 1820 1620 1863 Potest
1651 1830 1807 1864 tamen
1841 1819 1944 1872 dici,
1977 1818 2098 1877 quod

140 1886 291 1933 omnis
307 1897 505 1940 sanctus,
532 1887 609 1946 qui
635 1895 703 1930 est
728 1887 774 1930 in
800 1886 1091 1941 beatitudine,
1119 1897 1187 1931 est
1213 1888 1267 1930 ad
1295 1887 1526 1931 dexteram
1552 1887 1642 1931 Dei
1665 1887 1957 1931 constitutus:
1981 1885 2100 1930 unde

141 1964 187 1999 et
211 1953 373 1998 dicitur
405 1953 566 1997 Matth.
595 1966 665 2010 25.
693 1953 815 2012 quod
841 1959 990 1998 statuet
1015 1968 1107 1998 oves
1132 1969 1159 1998 a
1180 1953 1347 1998 dextris.

227 2021 304 2066 AD
331 2033 548 2067 TERTIUM
574 2020 833 2075 dicendum,
860 2021 982 2080 quod
1004 2035 1085 2080 per
1101 2021 1318 2066 thronum
1336 2020 1614 2079 significatur
1629 2020 1866 2080 judiciaria
1888 2030 2101 2080 potestaS,

140 2101 278 2149 quam
302 2087 509 2132 Christus
534 2087 673 2132 habet
698 2102 723 2131 a
749 2088 906 2133 Patre:
933 2097 979 2132 et
1004 2088 1257 2132 secundum
1282 2088 1372 2132 hoc
1396 2088 1558 2132 dicitur
1579 2088 1735 2132 sedere
1759 2090 1803 2132 in
1826 2088 1994 2132 throno
2021 2087 2102 2131 Pa-

139 2154 242 2200 tris:
275 2154 349 2198 alii
377 2164 531 2199 autem
557 2155 702 2198 sancti
726 2155 895 2199 habent
921 2169 1023 2199 earn
1058 2169 1083 2199 a
1110 2155 1312 2210 Christo,
1339 2166 1382 2200 et
1415 2155 1666 2199 secundum
1698 2155 1788 2199 hoc
1821 2155 2031 2199 dicuntur
2055 2155 2102 2198 in

140 2222 309 2266 throno
336 2221 508 2266 Christi
535 2221 708 2275 sedere,
734 2222 987 2266 secundum
1014 2222 1125 2266 illud
1157 2223 1318 2267 Matth.
1351 2236 1440 2283 19.:
1468 2222 1662 2268 Sedebitis
1687 2229 1723 2267 et
1753 2237 1826 2267 vos
1850 2230 1972 2282 super
1995 2221 2104 2267 sedes

139 2287 353 2335 duodecim
373 2289 606 2349 sudicantes
631 2289 846 2334 duodecim
873 2291 1004 2335 tribus
1028 2291 1174 2335 Israel.

230 2356 306 2402 AD
329 2369 567 2407 QUARTUM
590 2357 849 2411 dicendum,
871 2357 1009 2416 quod,
1035 2358 1152 2402 sicut
1179 2357 1417 2417 Chrysost.
1445 2357 1555 2402 dicit
1576 2372 1674 2417 sup.
1690 2358 1851 2402 Matth.
1877 2358 2010 2416 (hom.
2029 2357 2102 2403 66.

139 2425 262 2470 inter.
272 2426 411 2484 princ.
425 2430 463 2469 et
474 2424 576 2468 med.
576 2424 618 2481 )‚
640 2439 664 2465 α
676 2423 806 2468 locus
824 2423 899 2469 ille
911 2441 953 2478 »,
971 2424 1087 2468 idest
1104 2438 1345 2470 consessus
1363 2425 1587 2479 dexterae,
1602 2426 1787 2469 «invius
1805 2435 1873 2470 est
1888 2425 2102 2469 omnibus

141 2505 236 2536 non
261 2490 413 2536 solum
449 2490 725 2545 hominibus,
753 2491 831 2535 sed
858 2491 997 2536 etiam
1031 2492 1228 2550 angelis3
1262 2494 1380 2538 sicut
1405 2493 1527 2537 enim
1555 2493 1852 2552 praecipuum
1884 2492 2104 2551 unigeniti

142 2559 273 2618 ponit
296 2557 464 2601 Paulus
476 2558 632 2602 dicens
651 2574 660 2603 :
679 2558 749 2603 Ad
765 2573 885 2616 quem
903 2565 1038 2603 autem
1061 2559 1302 2617 angelorum
1319 2559 1426 2604 dixit
1441 2575 1646 2618 unquam:
1664 2559 1760 2604 Sede
1778 2574 1803 2603 a
1815 2559 1967 2604 dextris
1976 2561 2105 2605 meis?

143 2624 373 2669 Dominus
398 2638 508 2683 ergo
532 2638 627 2669 non
653 2626 783 2684 quasi
809 2626 1098 2670 existentibus
1116 2626 1400 2685 quibusdam,
1424 2628 1499 2686 qui
1517 2628 1682 2671 sessuri
1704 2637 1822 2681 sunt,
1844 2628 1924 2671 sed
1942 2626 2105 2671 conde-

144 2691 365 2737 scendens
385 2691 760 2750 interrogantium
779 2692 1099 2752 supplicationi
1115 2695 1372 2753 respondit3
1394 2695 1484 2739 hoc
1503 2696 1626 2739 enim
1649 2709 1791 2739 unum
1807 2694 1958 2739 solum
1973 2708 2105 2753 quae-

145 2759 303 2804 rebant
327 2772 434 2818 prae
459 2758 573 2812 aliis,
599 2769 715 2803 stare
743 2761 860 2819 apud
886 2760 1036 2820 ipsum
1062 2777 1104 2803 >›.
1132 2760 1291 2806 Potest
1314 2773 1469 2806 tamen
1496 2762 1599 2816 dici,
1632 2762 1754 2822 quod
1787 2762 1999 2821 petebant
2024 2760 2104 2804 filii

146 2825 367 2870 Zebedaei
385 2824 699 2870 excellentiam
715 2826 884 2872 habere
902 2842 1008 2886 prae
1026 2827 1124 2871 aliis
1140 2828 1186 2871 in
1198 2829 1509 2889 participando
1526 2828 1810 2887 judiciariam
1829 2838 2101 2888 potestatem

146 2895 256 2951 ejus,
283 2892 401 2936 unde
426 2905 521 2936 non
546 2893 770 2952 petebant,
788 2894 910 2953 quod
933 2895 1141 2940 sederent
1159 2897 1214 2940 ad
1231 2895 1479 2951 dexteram,
1501 2894 1576 2941 vel
1597 2896 1825 2942 sinistram
1843 2895 2002 2949 Patris,
2025 2893 2103 2938 sed

148 2960 204 3005 ad
230 2960 479 3014 dexteram,
503 2958 578 3004 vel
602 2959 831 3005 sinistram
859 2961 1043 3006 Christi.
