2352 3926
229 212 339 282 298
759 209 1246 284 QUAEsrml-{xxxw
1286 220 1593 267 ARTICUL‘US
1632 225 1685 265 v.

225 343 382 372 versos
410 328 637 386 subjectos
665 327 824 372 eadem
852 337 1097 386 potestate:
1126 328 1164 372 si
1189 343 1299 372 vero
1331 329 1421 373 sint
1452 343 1615 373 causae
1648 328 1852 373 diversae
1885 328 2039 388 specie
2065 327 2188 373 diffea

225 406 388 449 rentes,
415 410 468 438 ex
496 394 792 452 consequenti
823 395 1032 439 videntur
1065 392 1203 439 etiain
1235 395 1478 440 relationes
1511 396 1662 455 specie
1689 395 1891 451 differre3
1918 395 2039 440 unde
2070 394 2188 439 nihil

223 462 446 520 prohibet,
473 462 622 520 plures
660 461 773 505 tales
800 462 999 506 rationes
1027 463 1176 506 eidem
1208 463 1377 507 inesse:
1411 464 1528 507 sicut
1561 464 1598 507 si
1631 462 1791 522 aliquis
1825 473 1892 507 est
1925 462 2184 522 aliquorum

225 529 443 587 magister
490 528 534 571 in
579 529 894 586 grammatica,
929 525 973 573 et
1009 529 1204 574 aliorum
1245 531 1291 574 in
1329 530 1496 589 logica,
1534 530 1621 574 alia
1668 540 1734 574 est
1775 530 1889 574 ratio
1937 528 2188 588 magisterii

221 595 477 654 utriusque:
514 604 557 639 et
589 596 692 638 ideo
720 595 1015 641 relationibus
1042 597 1229 642 diversis
1255 612 1371 641 unus
1398 608 1442 642 et
1467 597 1591 641 idem
1617 597 1762 641 homo
1789 606 1940 658 potest
1965 610 2062 641 esse
2091 609 2189 640 ma-

222 664 373 720 gister,
391 661 465 705 vel
482 662 781 715 diversorum,
799 662 873 707 vel
891 664 1174 718 eorumdem,
1193 665 1443 708 secundum
1461 665 1661 709 diversas
1680 664 1923 709 doctrinas.
1946 661 2188 723 Contingit

223 739 376 772 autem
395 729 684 788 quandoque,
703 730 824 788 quod
845 730 1005 790 aliquis
1020 731 1156 775 habet
1176 732 1447 776 relationem
1462 732 1516 776 ad
1540 731 1689 791 plures
1709 732 1961 776 secundum
1983 731 2184 776 diversas

223 810 398 849 causas,
428 796 632 853 ejusdem
658 806 813 840 tamen
841 798 1032 856 speciei:
1061 798 1180 843 sicut
1206 812 1311 842 curn
1340 798 1499 857 aliquis
1518 809 1585 843 est
1610 809 1738 858 pater
1763 799 2048 843 diversorum
2072 796 2188 843 filio-

221 877 323 906 rum
341 864 593 906 secundum
616 863 819 908 diversos
843 866 1149 923 generationis
1173 876 1323 920 actus;
1351 866 1469 909 unde
1488 866 1732 924 paternitas
1751 879 1846 909 non
1863 875 2014 925 potest
2032 864 2183 924 specie

222 928 416 984 differre,
451 945 556 974 cum
589 941 716 975 actus
749 933 1097 990 generationum
1131 929 1220 976 sint
1240 933 1377 977 iidem
1407 933 1572 990 specie,
1606 943 1650 976 et
1685 933 1790 992 quia
1822 932 1973 992 plures
2009 930 2186 977 formae

222 997 428 1055 ejusdem
455 997 625 1056 speciei
646 1013 741 1042 non
767 1009 958 1059 possunt
983 999 1120 1044 simul
1144 1000 1294 1044 inesse
1322 999 1471 1044 eidem
1498 1000 1718 1058 subjecto,
1745 1014 1839 1044 non
1867 1009 1935 1045 est
1955 998 2188 1058 possibile,

222 1064 346 1122 quod
373 1065 462 1108 sint
487 1064 638 1123 plures
665 1067 955 1125 paternitates
990 1067 1036 1110 in
1074 1081 1144 1121 eo,
1183 1066 1260 1125 qui
1294 1076 1360 1110 est
1386 1077 1513 1126 pater
1538 1067 1737 1125 plurium
1774 1066 1975 1111 filiorum
2002 1080 2187 1126 genera-

220 1132 346 1175 tione
373 1132 582 1187 naturali,
609 1146 740 1178 secus
768 1145 922 1178 autem
955 1144 1089 1188 esset,
1116 1135 1153 1178 si
1185 1144 1302 1178 esset
1333 1144 1460 1193 pater
1492 1135 1624 1178 unius
1657 1135 1950 1193 generatione
1975 1133 2189 1189 naturali,

221 1208 266 1242 et
292 1198 474 1243 alterius
502 1214 581 1258 per
609 1200 918 1259 adoptionem.
952 1200 1247 1245 Manifestum
1276 1211 1427 1245 autem
1457 1211 1536 1255 est,
1560 1202 1682 1260 quod
1707 1216 1801 1246 non
1829 1216 1918 1245 una
1945 1211 1990 1245 et
2021 1201 2184 1246 eadem

219 1266 455 1310 nativitate
476 1266 684 1311 Christus
706 1278 772 1312 est
788 1278 926 1319 >natus
945 1283 998 1312 ex
1016 1269 1149 1312 Patre
1168 1268 1220 1311 ab
1242 1278 1443 1321 aeterno,
1465 1277 1509 1311 et
1526 1282 1578 1311 ex
1597 1278 1740 1311 matre
1769 1283 1824 1312 ex
1848 1277 2080 1328 tempore3
2097 1281 2183 1311 nec

221 1333 434 1377 nativitas
460 1344 527 1378 est
551 1334 684 1379 unius
712 1335 900 1394 speciei3
920 1335 1039 1378 unde
1057 1345 1276 1393 quantum
1298 1335 1352 1378 ad
1370 1335 1477 1388 hoc,
1496 1344 1727 1393 oporteret
1752 1334 1902 1379 dicere
1923 1334 1971 1379 in
1997 1333 2190 1380 Christo·

222 1413 322 1444 esse
342 1400 542 1444 diversas
560 1400 815 1457 filiationes,
839 1417 978 1445 unam
991 1401 1309 1460 temporalem,
1329 1411 1372 1445 et
1391 1401 1526 1445 aliam
1552 1411 1810 1445 aeternam:
1828 1401 1906 1445 sed
1919 1401 2026 1461 quia
2042 1401 2191 1460 subje«

218 1477 342 1511 ctum
370 1466 602 1512 filiationis
628 1482 723 1512 non
751 1479 819 1513 est
843 1479 1019 1523 natura,
1048 1479 1124 1512 aut
1144 1483 1247 1528 pars
1273 1478 1477 1522 naturae,
1496 1468 1574 1512 sed
1602 1467 1753 1512 solum
1779 1478 1990 1527 persona,
2011 1467 2085 1512 vel
2105 1467 2188 1528 hy-

216 1536 424 1592 postasis,
453 1535 498 1578 in
528 1535 714 1579 Christo
744 1546 897 1580 autem
923 1551 1017 1580 non
1047 1546 1113 1580 est
1138 1536 1411 1595 hypostasis,
1437 1535 1511 1579 vel
1533 1549 1743 1594 persona,
1760 1535 1846 1580 nisi
1873 1544 2070 1591 aeterna,
2087 1547 2182 1579 non

216 1611 367 1660 potest
400 1602 445 1645 in
480 1602 667 1646 Christo
703 1617 801 1647 esse
840 1603 992 1662 aliqua
1023 1602 1198 1656 filiatio,
1231 1603 1319 1646 nisi
1357 1616 1473 1661 quae
1506 1603 1597 1646 sint
1627 1603 1673 1646 in
1705 1602 1943 1662 hypostasi
1975 1610 2182 1648 aeterna:

218 1668 368 1712 omnis
396 1679 547 1712 autem
575 1670 752 1725 relatio,
779 1685 896 1729 quae
919 1685 973 1714 ex
995 1681 1203 1729 tempore
1231 1670 1285 1714 de
1304 1670 1407 1714 Deo
1431 1669 1608 1724 dicitur,
1625 1684 1719 1714 non
1742 1669 1872 1729 ponit
1892 1669 1939 1714 in
1961 1670 2061 1729 ipso
2078 1665 2183 1714 Deo

219 1746 404 1780 aeterno
439 1736 607 1795 aliquid
641 1738 894 1782 secundum
927 1753 1039 1792 rem,
1073 1738 1151 1782 sed
1175 1737 1427 1781 secundum
1452 1737 1677 1780 rationem
1710 1746 1902 1792 tantum,
1925 1736 2043 1781 sicut
2065 1736 2113 1780 in
2144 1749 2182 1780 1.

219 1802 426 1847 habitum
459 1814 526 1848 est
566 1805 626 1863 (q.
659 1820 714 1865 13.
749 1811 829 1849 art.
862 1806 951 1865 7.):
989 1816 1033 1849 et
1064 1805 1169 1849 ideo
1202 1804 1376 1858 filiatio,
1410 1819 1498 1863 qua
1532 1803 1742 1848 Christus
1774 1803 1964 1848 refertur
1995 1803 2049 1848 ad
2083 1817 2180 1848 ma-

215 1880 349 1924 trem,
385 1884 479 1914 non
520 1882 671 1931 potest
713 1886 811 1916 esse
853 1872 987 1917 realis
1030 1872 1207 1926 relati0,
1254 1872 1332 1916 sed
1376 1871 1527 1916 solum
1561 1871 1815 1915 secundum
1850 1871 2097 1925 rationem3
2139 1879 2185 1915 et

216 1937 295 1991 sic,
323 1949 543 1996 quantum
571 1939 626 1982 ad
655 1938 838 1998 aliquid,
866 1950 1055 1999 utraque
1083 1939 1239 1998 opinio
1263 1953 1424 1982 verum
1442 1938 1571 1982 dicit:
1597 1953 1705 1999 nam
1731 1938 1788 1982 sit
1815 1939 2100 1983 attendamus
2125 1938 2180 1983 ad

215 2003 439 2063 perfectas
465 2006 664 2049 rationes
691 2005 938 2061 filiationis,
966 2015 1146 2066 oportet
1172 2006 1322 2050 dicere
1349 2006 1460 2049 duas
1487 2005 1729 2050 filiationes
1763 2005 2016 2050 secundum
2043 2005 2183 2050 duali-

214 2081 355 2115 tatem
387 2073 696 2116 nativitatum:
726 2074 763 2117 si
791 2083 943 2117 autem
976 2073 1261 2117 attendamus
1291 2072 1345 2116 ad
1373 2073 1628 2131 subjectum
1655 2071 1901 2127 filiationis,
1929 2072 2052 2132 quod
2084 2079 2179 2117 nori

213 2148 363 2197 potest
390 2153 487 2183 esse
514 2139 601 2183 nisi
626 2141 914 2199 suppositum
942 2151 1193 2194 aeternum,
1211 2155 1305 2184 non
1333 2149 1485 2199 potest
1501 2141 1547 2183 in
1569 2140 1757 2184 Christo
1777 2138 2076 2189 esserealiter
2091 2137 2179 2184 nisi

212 2204 372 2250 filiatio
401 2216 607 2252 aeterna:
637 2207 799 2251 dicitur
823 2217 978 2251 tamen
1005 2207 1193 2251 relative
1219 2206 1337 2251 filius
1366 2207 1421 2250 ad
1440 2217 1649 2261 matrem,
1667 2207 1903 2261 relatione,
1921 2221 2037 2266 quae
2060 2206 2184 2252 coin-

212 2272 429 2332 telligitur
456 2273 667 2318 relationi
700 2275 1000 2319 maternitatis
1033 2275 1089 2318 ad
1125 2275 1384 2318 Christum:
1420 2275 1536 2318 sicut
1573 2275 1710 2318 etiam
1747 2275 1874 2319 Deus
1911 2272 2075 2318 dicitur
2105 2272 2183 2318 do-

212 2340 378 2394 minus,
405 2340 641 2394 relatione,
675 2355 790 2400 quae
825 2341 1151 2400 cointelligitur
1181 2341 1292 2385 reali
1325 2341 1549 2396 relationi,
1584 2356 1672 2400 qua
1706 2352 1912 2386 creatura
1944 2341 2180 2400 subjicitur

211 2407 338 2450 Deo:
368 2418 412 2451 et
438 2408 646 2467 quamvis
673 2408 833 2452 relatio
862 2409 1053 2452 dominii
1080 2423 1173 2452 non
1192 2410 1248 2453 sit
1265 2408 1398 2452 realis
1425 2409 1470 2452 in
1489 2409 1618 2464 Deo;
1646 2408 1809 2453 dicitur
1824 2419 1979 2453 tamen
2001 2409 2186 2454 realiter

213 2474 426 2518 dominus
460 2489 514 2518 ex
546 2474 658 2518 reali
690 2475 971 2533 subjectione
1007 2486 1239 2520 creaturae
1274 2477 1329 2520 ad
1361 2476 1533 2535 ipsum3
1568 2486 1612 2520 et
1643 2476 1853 2520 similiter
1885 2475 2095 2522 Christus
2120 2476 2181 2521 di-

212 2540 327 2585 citur
352 2541 532 2585 realiter
554 2541 674 2585 filius
691 2541 892 2601 Virginis
911 2543 1068 2586 matris
1088 2558 1141 2587 ex
1157 2542 1379 2587 relatione
1407 2542 1517 2587 reali
1534 2543 1834 2587 maternitatis
1854 2543 1909 2587 ad
1928 2542 2180 2588 Christum.

300 2608 376 2651 AD
403 2621 591 2653 PRIMUM
618 2623 728 2667 ergo
757 2609 1016 2664 dicendum,
1035 2611 1156 2669 quod
1184 2610 1396 2654 nativitas
1419 2609 1685 2668 temporalis
1704 2620 1912 2654 causaret
1926 2610 1973 2654 in
1993 2609 2178 2655 Christo

210 2674 514 2734 temporalem
547 2675 815 2719 filiationem
842 2676 1026 2730 realem,
1054 2679 1089 2721 si
1118 2687 1236 2721 esset
1267 2677 1329 2720 ibi
1361 2677 1616 2735 subJectum
1649 2676 1915 2735 hujusmodi
1946 2676 2178 2722 filiationis

212 2756 375 2801 capax;
403 2743 525 2801 quod
553 2743 737 2801 quidem
766 2757 861 2787 esse
888 2758 981 2787 non
1005 2754 1174 2802 potest:
1199 2745 1349 2802 ipsum
1373 2744 1495 2787 enirn
1518 2743 1804 2802 suppositum
1826 2754 2062 2789 aeternum
2082 2757 2179 2789 non

210 2818 359 2868 potest
391 2823 489 2853 esse
523 2810 832 2868 susceptivum
866 2810 1096 2854 relationis
1128 2811 1409 2869 temporalis,
1443 2821 1491 2854 ut
1523 2810 1696 2854 dictum
1729 2821 1796 2855 est
1824 2810 1887 2868 (in
1913 2818 2026 2871 corp.
2054 2813 2177 2870 art.).·

209 2889 293 2920 nec
321 2887 471 2935 potest
496 2877 600 2930 dici,
627 2877 748 2935 quod
775 2877 831 2921 sit
864 2878 1172 2936 susceptivum
1199 2877 1429 2922 filiationis
1455 2877 1720 2936 temporalis
1748 2877 1924 2923 ratione
1945 2878 2178 2932 humanae

209 2954 412 2998 naturae,
439 2945 555 2988 sicut
587 2945 725 2989 etiam
759 2955 802 2988 et
833 2945 1099 3003 temporalis
1132 2945 1402 2989 nativitatis:
1438 2945 1543 3003 quia
1577 2955 1822 3003 oporteret,
1854 2955 2064 2990 naturam
2097 2946 2180 2990 hu·

208 3026 395 3055 manam
423 3011 676 3071 aliqualiter
703 3026 799 3055 esse
827 3012 1078 3069 subjectam
1106 3011 1327 3065 filiationi,
1356 3012 1470 3055 sicut
1499 3022 1565 3055 est
1593 3011 1846 3071 aIIqualiter
1872 3013 2077 3072 subjecta
2102 3025 2180 3057 na·

205 3079 383 3133 tivitati,
402 3093 506 3123 cum
525 3079 647 3123 enim
665 3078 890 3137 Aethiops
909 3079 1070 3122 dicitur
1088 3078 1214 3122 albus
1233 3080 1410 3123 ratione
1430 3079 1592 3132 dentis,
1606 3089 1785 3137 oportet
1798 3079 1921 3139 quod
1934 3078 2177 3139 Aethiopis

207 3147 317 3190 dens
345 3147 401 3190 sit
426 3146 646 3190 albedinis
672 3146 948 3204 subJectum:
977 3155 1137 3189 natura
1165 3155 1318 3190 autern
1345 3146 1547 3189 humana
1575 3146 1703 3190 nullo
1731 3146 1872 3191 modo
1899 3155 2050 3206 potest
2076 3158 2175 3192 esse

206 3213 462 3271 subjectum
488 3213 740 3257 filiationis:
766 3213 871 3272 quia
902 3213 1016 3256 haec
1044 3212 1204 3256 relatio
1233 3213 1403 3257 directe
1431 3214 1614 3273 respicit
1641 3226 1899 3272 personam.

294 3280 370 3324 AD
399 3293 659 3325 SECUNDUM
688 3279 945 3334 dicendum,
965 3279 1086 3339 quod
1116 3279 1273 3323 filiatio
1303 3290 1485 3324 aeterna
1502 3295 1595 3324 non
1616 3281 1839 3340 dependet
1855 3295 1881 3325 a
1897 3290 2043 3326 matre
2063 3290 2176 3326 tem-

205 3347 374 3405 porali3
403 3348 481 3392 sed
509 3347 614 3391 huic
642 3346 851 3390 filiationi
875 3357 1085 3391 aeternae
1110 3346 1435 3405 cointelligitur
1453 3348 1638 3406 quidam
1658 3357 1891 3407 respectus
1906 3345 2174 3407 temporalis

206 3415 465 3473 dependens
493 3429 518 3458 a
546 3424 704 3468 matre,
739 3414 989 3459 secundum
1018 3427 1154 3472 quem
1182 3413 1391 3458 Christus
1419 3414 1581 3458 dicitur
1607 3414 1724 3459 filius
1753 3417 1922 3459 matris.

296 3482 371 3526 AD
400 3495 616 3527 TERTmM
649 3482 908 3534 dicendum,
942 3480 1064 3540 quod
1101 3495 1258 3534 unum,
1299 3491 1342 3525 et
1375 3496 1454 3526 ens
1481 3496 1527 3526 se
1557 3493 1910 3542 consequuntur,
1937 3491 1986 3526 ut
2011 3480 2175 3526 dicitur

206 3549 250 3592 in
276 3562 318 3603 4.
346 3549 602 3609 Metaphys.
630 3550 730 3607 (tex.
754 3551 837 3609 3.)‚·
873 3558 917 3593 et
949 3547 1053 3592 ideo
1087 3548 1203 3592 sicut
1237 3549 1473 3606 contingit,
1501 3550 1623 3608 quod
1657 3550 1702 3593 in
1736 3563 1828 3593 uno
1862 3558 2173 3594 extremorum

207 3614 366 3660 relatio
393 3617 450 3661 sit
476 3616 707 3676 quoddam
734 3630 829 3670 ens,
857 3616 902 3660 in
929 3614 1020 3660 alio
1054 3625 1206 3660 autem
1238 3629 1331 3659 non
1365 3618 1421 3660 sit
1454 3631 1548 3671 ens,
1576 3617 1654 3661 sed
1683 3618 1800 3662 ratio
1829 3626 2022 3671 tantum,
2052 3615 2171 3662 sicut
