2352 3926
302 258 412 315 740
553 235 560 243 ’
816 253 1092 301 αυΑΕετιο
1130 253 1319 292 Lxxxx.
1350 252 1660 293 Aa‘rtcums
1698 253 1757 293 11.

1018 464 1454 524 ARTICULUS
1494 465 1566 522 11.
2027 455 2029 457 ’
2120 439 2255 545 ’,ξφ

572 606 767 646 UTRUM
801 604 1067 645 CHRISTUS
1100 603 1346 643 DEDERIT
1373 603 1549 659 JUDAE
1583 603 1796 643 CORPUS
1829 602 1999 645 SUUM.
2197 575 2199 578 -

391 721 452 777 (4.
482 719 593 763 Dist.
621 732 680 763 Η.
707 731 745 775 q.
769 731 805 776 3.
832 721 914 761 art.
940 730 982 761 2.
1009 730 1048 775 q.
1075 730 1113 762 1.
1143 721 1181 761 et
1204 729 1245 761 2.
1272 720 1308 760 et
1326 714 1452 772 Joan.
1476 729 1531 774 13.
1559 714 1647 759 lect.
1667 729 1705 774 3.
1726 715 1798 765 fin.
1820 719 1858 760 et
1876 714 1965 778 lect.
1988 729 2034 774 4.
2048 714 2167 776 fin).

382 828 460 873 An
493 837 756 872 SECUNDUM
781 824 846 870 sic
871 824 1147 885 proceditur.
1175 823 1378 879 Videtur,
1405 823 1528 883 quod
1555 822 1767 868 Christus
1786 822 1931 882 Judae
1959 837 2058 869 non
2085 824 2262 872 dederit

295 910 461 955 corpus
486 908 644 939 suum:
673 903 722 938 ut
747 892 872 937 enim
897 891 1063 952 legitur
1086 892 1249 936 Matth.
1276 889 1363 946 ²6„
1389 899 1635 951 postquam
1670 889 1808 936 dedit.
1826 891 2057 936 Dominus
2094 906 2259 953 corpus

293 978 442 1017 suum,
469 972 514 1006 et
538 962 810 1020 sanguinem
834 959 1083 1020 discipulis,
1110 959 1220 1004 dixit
1252 959 1339 1004 eis:
1376 959 1475 1004 Non
1513 960 1654 1003 bibam
1685 957 1836 1003 amodo
1871 958 1919 1004 de
1947 959 2024 1004 hoc
2053 961 2261 1019 genimine

291 1033 391 1076 vitis
415 1045 539 1089 usque
563 1031 609 1073 in
632 1028 741 1074 diem
765 1027 901 1081 illum,
930 1042 1024 1073 cum
1050 1027 1155 1071 illud
1180 1028 1322 1072 bibam
1345 1027 1561 1071 vobiscum
1587 1040 1744 1070 novum
1769 1027 1815 1070 in
1839 1039 1966 1086 regno
1987 1026 2131 1072 Patris
2149 1030 2258 1074 mis

294 1113 348 1142 ex
380 1111 472 1157 quo
503 1095 695 1151 videtur,
721 1095 843 1155 quod
866 1094 948 1149 illi,
975 1094 1137 1154 quibus
1174 1108 1339 1152 corpus
1366 1108 1515 1147 suum,
1553 1103 1595 1137 et
1622 1094 1894 1152 sanguinem
1919 1093 2120 1149 dederat,
2151 1108 2259 1140 num

293 1179 350 1210 eo
377 1173 529 1210 essent
551 1164 719 1208 iterum
743 1162 948 1207 bibituri:
975 1162 1054 1207 sed
1075 1162 1213 1220 Judas
1234 1171 1394 1219 postea
1417 1175 1523 1206 cum
1544 1160 1645 1219 ipso
1666 1175 1762 1204 non
1783 1161 1917 1216 bibit;
1939 1167 2051 1221 ergo
2069 1176 2168 1207 non
2188 1177 2260 1225 ac·

293 1233 412 1293 cepit
444 1246 549 1276 cum
576 1230 675 1275 aliis
690 1229 933 1289 ⁸discipulis
960 1243 1125 1288 corpus
1154 1228 1339 1282 Christi,
1367 1237 1412 1272 et
1436 1230 1721 1287 sanguinem.

381 1314 422 1345 2.
448 1300 747 1345 PRAETEREA.
764 1298 995 1343 Dominus
1011 1295 1233 1356 implevit,
1255 1295 1378 1355 quod
1401 1295 1643 1354 praecepit,
1665 1294 1920 1340 secundum
1934 1294 2047 1341 illud
2063 1295 2168 1342 Act.
2194 1311 2257 1344 1.:

294 1368 441 1428 Coepit
450 1368 564 1425 jesus
575 1367 733 1426 facere,
752 1373 790 1411 et
811 1366 980 1410 docere:
1008 1364 1088 1408 sed
1114 1364 1210 1423 ipse
1237 1363 1483 1422 praecepit,
1502 1362 1664 1407 Matth.
1692 1376 1758 1421 7.:
1786 1363 1930 1409 Nolite
1950 1369 2139 1409 sanctum
2159 1364 2260 1410 dare

290 1437 488 1488 canibus;
511 1449 618 1478 cum
644 1448 755 1492 ergo
777 1434 873 1492 ipse
901 1441 1204 1490 cognosceret
1222 1430 1388 1488 Judam
1414 1444 1512 1475 esse
1538 1439 1845 1490 peccatorem,
1870 1430 2049 1476 videtur
2072 1432 2196 1492 quod
2217 1433 2260 1478 ei

292 1517 456 1563 corpus
482 1516 632 1556 suum,
659 1511 704 1546 et
728 1500 1001 1560 sanguinem
1026 1513 1121 1543 non
1147 1498 1333 1542 dederit
2136 1536 2138 1538 ,
2348 1549 2352 1557 μ’

383 1585 420 1630 3.
446 1570 745 1615 PRAETEREA.
773 1568 984 1613 Christus
1010 1565 1267 1626 specialiter
1291 1565 1458 1625 legitur
1476 1565 1620 1623 Judae
1645 1579 1815 1623 panem
1839 1539 2083 1613 intinctum
2103 1581 2260 1627 porre-

289 1638 406 1682 xisse
433 1638 573 1695 (Joan.
600 1652 640 1695 13
645 1636 706 1692 .).·
728 1637 766 1679 si
792 1649 903 1693 ergo
931 1648 1096 1693 corpus
1122 1648 1257 1678 suum
1284 1633 1326 1678 ei
1358 1633 1495 1687 dedit,
1521 1633 1698 1678 videtur
1723 1633 1848 1692 quod
1872 1634 1955 1678 sub
1976 1634 2188 1680 buccella
2215 1636 2259 1681 ei
2348 1631 2352 1634 ’

289 1705 482 1749 dederit:
507 1704 749 1763 praecipue
777 1717 883 1746 cum
909 1701 1089 1760 legatur
1112 1701 1299 1755 ibidem,
1333 1701 1454 1760 quod
1481 1707 1574 1760 post
1607 1701 1832 1746 buccellam
1863 1703 2059 1747 introivit
2083 1704 2130 1746 in
2161 1719 2256 1748 eum

291 1774 468 1817 Satanas
479 1787 494 1824 ;
523 1772 599 1815 ubi
624 1770 909 1828 Augustinus
936 1769 1045 1814 dicit
1071 1769 1215 1827 (tract.
1249 1768 1320 1820 62.
1352 1771 1397 1812 in
1427 1769 1553 1825 Joan.
1588 1782 1614 1812 a
1640 1769 1835 1828 princ.).·
1865 1784 1889 1810 «
1912 1769 2031 1814 Hinc
2063 1783 2149 1814 nos
2181 1769 2259 1815 do-

292 1855 463 1893 cemur,
490 1853 629 1898 quam
661 1838 719 1882 sit
752 1836 1007 1882 cavendum
1039 1836 1161 1881 male
1189 1838 1395 1895 accipere
1429 1836 1626 1890 bonum;
1661 1835 1700 1880 si
1736 1835 1860 1880 enim
1897 1836 2149 1897 curripitur‚
2182 1838 2260 1898 qui

287 1922 382 1952 non
409 1907 638 1966 dijudicat,
664 1906 709 1950 id
737 1915 804 1950 est
828 1919 923 1949 non
950 1904 1166 1948 discernit
1192 1918 1357 1962 corpus
1382 1903 1577 1948 Domini
1603 1918 1629 1947 a
1656 1903 1846 1948 caeteris
1872 1904 1997 1959 cibis,
2019 1905 2256 1964 quomodo
2336 1927 2340 1967 χ

288 1990 382 2020 non
409 1974 712 2028 damnabitur,
738 1973 814 2033 qui
834 1973 888 2016 ad
907 1973 1001 2031 ejus
1026 1986 1236 2016 mensam
1257 1971 1435 2030 fingens
1458 1985 1505 2015 se
1529 1971 1745 2025 amicum,
1770 1971 1948 2016 accedit
1964 1972 2206 2017 inimicus?
2227 1990 2253 2017 >›
2307 1974 2324 1993 ‘⁹

290 2042 380 2087 Sed
407 2056 514 2086 cum
538 2040 746 2085 buccella
772 2040 963 2085 intincta
988 2054 1083 2083 non
1109 2039 1287 2096 accepit
1313 2053 1479 2098 corpus
1506 2038 1703 2093 Christi3
1739 2048 1789 2083 ut
1824 2039 1948 2083 enim
1973 2039 2258 2100 Augustinus
2332 2033 2335 2047 ²

289 2110 397 2154 dicit
422 2123 557 2168 super
580 2108 691 2153 illud
710 2103 842 2166 J0an.
875 2121 964 2167 13.:
994 2107 1105 2152 Cum
1127 2108 1361 2152 intinxisset
1378 2114 1549 2165 panem,
1577 2106 1685 2151 dedit
1709 2105 1844 2163 Judae
1871 2107 2055 2152 Simonis
2077 2107 2256 2153 Ircaviu-

289 2178 365 2222 this
386 2177 485 2235 (loc.
503 2177 571 2222 cit.
569 2176 610 2234 )‚
642 2191 666 2217 <c
687 2190 797 2230 non,
813 2185 863 2219 ut
880 2184 1040 2233 putant
1060 2174 1243 2233 quidam
1262 2173 1548 2233 negligenter
1563 2173 1782 2233 legentes,
1801 2183 1911 2219 tunc
1929 2174 2069 2232 Judas
2089 2187 2257 2236 corpus

289 2245 462 2290 Christi
494 2244 670 2303 accepit
695 2261 717 2286 >›
740 2259 750 2298 ;
778 2257 890 2301 ergo
917 2243 1095 2287 videtur
1119 2242 1243 2301 quod
1263 2242 1402 2299 Judas
1435 2255 1600 2300 corpus
1628 2241 1801 2286 Christi
1831 2255 1928 2287 non
1955 2243 2196 2303 acceperit.

379 2312 474 2357 SED
506 2324 703 2357 CONTRA
722 2321 802 2365 est,
829 2310 952 2369 quod
979 2309 1342 2369 Chrysostomus
1369 2309 1479 2353 dicit
1504 2309 1635 2367 (hom.
1663 2310 1724 2368 83.
1750 2311 1796 2354 in
1821 2309 1975 2355 Matth.
2000 2311 2047 2354 in
2062 2311 2258 2371 privanda

291 2395 315 2421 ι(
335 2380 474 2438 Judas
505 2379 728 2438 particeps
756 2378 950 2422 existens
977 2379 1300 2437 mysteriorum
1337 2390 1583 2421 conversus
1610 2390 1703 2420 non
1740 2385 1830 2431 est;
1863 2377 1984 2422 unde
2017 2377 2071 2423 fit
2100 2377 2256 2424 scelus
2334 2382 2335 2385 ’

288 2448 384 2506 ejus
408 2448 618 2505 utrinque
643 2445 906 2500 immanius,
934 2454 1032 2489 tum
1052 2445 1157 2504 quia
1181 2444 1262 2488 tali
1286 2444 1522 2503 proposito
1545 2444 1744 2488 imbutus
1767 2444 1876 2488 adiit
1895 2443 2128 2504 mysteria,
2151 2455 2255 2491 'tum
2335 2441 2338 2444 ⁴

287 2515 393 2574 quia
419 2514 574 2558 adiens
600 2512 766 2558 melior
789 2512 935 2557 factus
960 2526 1056 2556 non
1080 2512 1165 2556 fuit
1189 2526 1274 2556 nec
1301 2521 1442 2565 mem,
1466 2525 1552 2555 nec
1579 2511 1818 2566 beneficio,
1829 2518 1925 2556 'nec
1942 2511 2127 2558 honore
2151 2530 2194 2559 n.
2331 2510 2338 2551 Ϊ

375 2582 666 2627 ΒΕεΡοΝῡΕο
699 2580 960 2634 dicendum,
988 2579 1112 2639 quod
1137 2578 1336 2623 Hilarius
1362 2578 1516 2638 posuit
1541 2592 1676 2636 super
1705 2578 1993 2624 Matthaeum
2021 2579 2254 2641 (can.3o.),
2330 2595 2332 2598 ’

287 2649 411 2710 quod
438 2649 648 2694 Christus
669 2648 812 2707 Judae
840 2662 1004 2707 corpus
1030 2662 1179 2701 suum,
1206 2657 1250 2691 et
1274 2647 1545 2705 sanguinem
1571 2661 1666 2691 non
1699 2646 1843 2702 dedit3
1871 2659 1916 2693 et
1943 2649 2037 2694 hoc
2069 2651 2255 2710 quidem
2328 2698 2331 2699 ⁷

285 2717 563 2763 conveniens
587 2716 759 2769 fuisset,
786 2715 1071 2759 considerata
1097 2713 1270 2758 malitia
1290 2714 1455 2771 Judae:
1483 2714 1562 2758 sed
1585 2715 1690 2773 quia
1712 2715 1920 2760 Christus
1943 2717 2078 2762 nobis
2099 2717 2256 2764 debuit
2327 2735 2335 2766 ;

286 2799 384 2831 esse
412 2783 674 2844 exemplum
698 2783 910 2841 justitiae,
935 2795 1030 2826 non
1048 2782 1349 2826 conveniebat
1366 2783 1463 2841 ejus
1480 2782 1758 2840 magisterio,
1776 2793 1826 2827 ut
1835 2782 2003 2842 judam
2020 2785 2255 2831 occultum
2323 2814 2325 2818 .

286 2862 578 2913 peccatorem
603 2851 700 2896 sine
727 2860 1008 2902 accusatore,
1036 2859 1080 2893 et
1107 2850 1303 2893 evidenti
1329 2849 1598 2908 probatione
1625 2850 1678 2894 ab
1707 2849 1911 2896 aliorum
1923 2853 2254 2899 communione

285 2930 535 2980 separaret3
561 2933 619 2964 ne
645 2933 726 2979 per
750 2919 840 2963 hoc
868 2917 1049 2962 daretur
1074 2916 1335 2976 exemplum
1360 2917 1572 2975 praelatis
1598 2917 1833 2963 Ecclesiae
1853 2918 2023 2964 similia
2042 2919 2257 2976 faciendi,

286 2999 332 3033 et
360 2990 455 3047 ipse
482 2987 620 3046 Judas
653 2995 942 3045 exasperatus
982 2984 1088 3029 inde
1123 2994 1323 3028 sumeret
1359 2986 1656 3028 occasionem
1691 2985 1926 3045 peccandi.
1962 2985 2020 3031 Et
2053 2986 2158 3032 ideo
2184 2988 2256 3033 di-

286 3056 484 3101 cendum
510 3065 592 3109 est,
618 3054 741 3114 quod
760 3052 899 3112 Judas
926 3066 1032 3096 cum
1059 3050 1158 3096 aliis
1202 3051 1433 3110 discipulis
1476 3065 1639 3111 corpus
1679 3053 1886 3108 Domini,
1912 3063 1958 3098 et
1980 3054 2252 3113 sanguinem
2339 3079 2352 3109 y]

284 3124 503 3183 suscepit,
530 3132 579 3167 ut
605 3121 714 3166 dicit
737 3121 932 3180 Dionys.
958 3120 1004 3164 in
1030 3119 1106 3164 lib.
1134 3118 1259 3165 Eccl.
1286 3119 1521 3163 Hierarch.
1549 3120 1663 3179 (cap.
1691 3134 1729 3179 3.
1754 3121 1863 3166 inter
1885 3122 2030 3182 princ.
2050 3121 2252 3182 elmund),
2319 3122 2335 3184 ’ᾖ

286 3202 330 3236 et
354 3191 549 3250 August.
577 3204 712 3250 super
731 3191 862 3248 Joan.
890 3189 1037 3247 (tract.
1062 3187 1170 3245 62..)
2325 3184 2338 3242 ’ᾗ

374 3259 450 3303 AD
480 3271 669 3303 PRIMUM
693 3271 803 3316 ergo
831 3255 1091 3309 dicendum,
1117 3254 1240 3315 quod
1266 3253 1344 3298 illa
1372 3265 1439 3299 est
1464 3255 1579 3300 ratio
1606 3254 1770 3300 Hilarii
1784 3255 1886 3315 (loc.
1910 3257 2010 3334 cit)
2022 3256 2083 3302 ad
2105 3241 2257 3303 osten·

284 3327 499 3381 dendum,
526 3325 648 3385 quod
669 3325 807 3383 Judas
834 3337 999 3382 corpus
1019 3322 1190 3368 Christi
1207 3336 1300 3365 non
1319 3323 1530 3381 sumpsit:
1551 3337 1644 3367 non
1662 3334 1816 3367 tamen
1834 3324 1972 3401 cogit,
1999 3326 2104 3384 quia
2121 3324 2252 3371 Chri·
2315 3318 2317 3321 ¹

283 3404 376 3437 stus
409 3392 609 3452 loquitur
641 3392 888 3452 discipulis,
922 3406 947 3436 a
981 3404 1177 3450 quorum
1211 3389 1409 3448 collegio
1437 3389 1575 3448 Judas
1606 3405 1654 3435 se
1687 3390 1935 3450 separavit:
1967 3405 2063 3437 non
2095 3401 2248 3438 autem

284 3461 493 3506 Christus
520 3475 626 3505 eum
654 3460 858 3513 exclusit,
886 3469 931 3504 et
956 3459 1058 3503 ideo
1087 3457 1310 3510 Christus,
1339 3468 1559 3516 quantum
1592 3468 1659 3502 est
1689 3458 1735 3502 in
1761 3472 1823 3513 se,
1847 3458 1985 3503 etiarn
2006 3473 2113 3504 cum
2133 3459 2250 3519 Juda

283 3529 441 3573 vinum
466 3529 512 3573 in
538 3542 682 3587 regno
710 3529 798 3572 Dei
823 3527 955 3572 bibit:
982 3527 1061 3572 sed
1087 3526 1177 3570 hoc
1206 3525 1466 3570 convivium
1494 3526 1589 3585 ipse
1610 3526 1747 3584 Judas
1774 3526 2040 3585 repudiavit.

373 3596 450 3641 An
478 3609 740 3642 SECUNDUM
766 3594 1026 3649 dicendum,
1054 3592 1176 3653 quod
1215 3592 1398 3637 Christo
1440 3603 1551 3638 nota
1592 3602 1687 3637 erat
1706 3593 1849 3652 Judae
1885 3592 2097 3654 iniquitas
2131 3594 2249 3640 sicut

284 3664 411 3720 Deo;
437 3678 531 3709 non
559 3673 712 3709 autem
740 3672 835 3708 erat
860 3662 943 3709 sibi
968 3671 1078 3707 nota
1099 3675 1178 3722 per
1196 3659 1386 3706 modum
1405 3674 1495 3720 quo
1513 3660 1776 3706 hominibus
1793 3660 2059 3708 innotescit:
2077 3669 2121 3707 et
2140 3660 2245 3708 ideo
2316 3712 2322 3721 k
