2352 3926
285 223 393 294 488
803 236 1080 282 QUAESTIO
1122 235 1271 274 Lvm.
1312 205 1620 274 ARTmuLus
1660 234 1739 274 111.

285 343 411 397 turis,
435 351 479 386 et
495 355 629 399 super
646 353 808 384 omnes
828 339 938 383 alias
951 348 1178 383 creaturas
1195 338 1370 383 habens
1386 337 1577 396 regiam,
1600 347 1645 382 et
1659 336 1945 395 judiciariam
1959 345 2242 396 potestatem.

291 409 367 453 Sic
401 409 537 467 igitur
563 408 601 451 si
632 407 679 466 ly
701 406 921 451 secundum
953 405 1062 464 quod
1096 405 1304 464 designet
1337 405 1652 449 conditionem
1682 413 1887 459 naturae,
1922 403 2149 458 Christus,
2180 416 2246 448 se-

289 475 489 519 cundum
522 474 644 532 quod
680 474 821 527 Deus,
854 472 981 516 sedet
1012 472 1069 516 ad
1101 472 1340 516 dexteram.
1359 472 1521 526 Patris,
1553 472 1669 516 idest
1698 472 1746 515 in
1778 470 2049 530 aequalitate
2081 469 2244 518 Panis:

287 542 540 587 secundum
574 550 727 584 autem
754 540 876 599 quod
894 540 1054 594 homo,
1083 539 1209 583 sedet
1239 539 1294 583 ad
1321 539 1552 583 dexteram
1577 538 1737 591 Patris,
1754 538 1871 582 idest
1896 538 1941 582 in
1958 537 2092 582 bonis
2107 544 2248 596 pater·

286 609 356 652 nis
382 607 633 667 potioribus
668 621 776 666 prae
813 607 1001 651 caeteris
1033 607 1265 661 creaturis,
1286 607 1403 651 idest
1427 606 1473 650 in
1500 606 1665 664 majori
1689 605 1981 660 beatitudine,
2007 614 2053 650 et
2075 604 2247 649 habens

286 675 572 734 iudiciariam
605 684 892 733 potestatem.
936 675 986 718 Si
1009 688 1120 718 vero
1153 674 1200 734 ly
1239 674 1459 719 secundum
1494 673 1602 732 quod
1639 673 1846 732 designet
1886 673 2110 717 unitatem
2146 685 2250 730 sup·

285 742 435 802 positi,
457 741 521 786 sic
549 741 688 785 etiam
711 741 963 785 secundum
985 741 1108 800 quod
1125 741 1286 795 homo,
1314 741 1440 785 sedet
1466 740 1522 784 ad
1549 741 1781 784 dexteram
1806 739 1968 793 Patris,
1994 737 2246 784 secundum

287 808 609 868 aequalitatem
626 808 817 852 honoris
832 823 843 863 ;
866 808 1137 867 inquantum
1158 808 1334 852 scilicet
1351 808 1516 852 eodem
1531 808 1710 851 honore
1725 820 2000 853 veneramur
2014 806 2166 867 ipsum
2182 804 2250 849 Fi·

287 877 399 920 lium
432 876 521 920 Dei
548 890 653 919 cum
680 886 839 920 natura
867 885 1113 936 assumpta,
1140 886 1189 920 ut
1220 890 1355 934 supra
1378 875 1550 919 dictum
1584 885 1652 918 est
1677 874 1734 933 (q.
1758 888 1818 934 25.
1852 879 1930 919 art.
1965 871 2040 932 1.)-

378 944 454 987 ΑΙ)
486 956 676 988 PRIMUM
711 957 822 1002 ergo
860 943 1120 997 dicendum,
1157 942 1278 1002 quod
1316 942 1578 986 humanitas
1607 941 1779 986 Christi
1814 941 2067 986 secundum
2094 939 2249 984 condi-

291 1011 441 1056 tiones
464 1025 573 1055 suae
599 1020 788 1054 naturae
814 1024 909 1054 non
934 1011 1073 1055 habet
1099 1010 1310 1069 gloriam,
1345 1009 1420 1053 vel
1454 1010 1681 1053 honorem
1710 1009 1902 1062 deitatis,
1931 1023 2070 1067 quam
2095 1018 2251 1052 tamen

292 1079 430 1122 habet
454 1078 630 1122 ratione
653 1091 889 1137 personae,
917 1078 989 1121 cui
1016 1077 1186 1122 unitur:
1218 1078 1335 1121 unde
1357 1076 1528 1120 ibidem
1550 1078 1765 1121 Damasc.
1789 1076 1958 1120 subdit:
1985 1091 2010 1117 «
2035 1076 2086 1120 In
2113 1088 2202 1134 qua
2222 1091 2246 1116 »

292 1146 468 1190 scilicet
490 1145 636 1204 gloria
659 1145 836 1189 deitatis
866 1162 888 1187 t<
906 1145 995 1189 Dei
1010 1145 1149 1189 Filius
1168 1145 1362 1188 existens
1382 1154 1484 1188 ante
1506 1142 1704 1197 saecula,
1722 1154 1772 1187 ut
1787 1144 1928 1198 Deus,
1946 1153 1992 1188 et
2006 1142 2131 1187 Patri
2145 1155 2254 1187 con-

290 1212 610 1266 substantialis,
636 1212 766 1256 sedet
801 1211 1146 1269 conglorificata
1164 1225 1300 1255 carne
1328 1212 1444 1269 ejus3
1479 1211 1693 1255 adoratur
1719 1211 1843 1255 enim
1869 1225 1960 1255 una
1985 1209 2252 1254 adoratione

291 1294 398 1324 cum
425 1293 561 1323 carne
588 1280 684 1338 ejus
711 1280 764 1322 ab
793 1281 920 1323 omni
947 1289 1153 1323 creatura
1175 1295 1216 1322 ».

384 1347 460 1391 AD
484 1359 745 1391 SECUNDUM
762 1346 1023 1400 dicendum,
1050 1346 1172 1405 quod
1192 1345 1418 1399 Christus,
1436 1345 1687 1389 secundum
1708 1344 1830 1403 quod
1846 1344 2009 1398 homo,
2027 1343 2253 1402 subjectus

292 1425 360 1459 est
384 1415 520 1468 Patri,
547 1424 682 1473 prout
698 1413 745 1473 ly
769 1413 991 1459 secundum
1009 1413 1118 1472 quod
1144 1413 1352 1471 designat
1378 1411 1692 1456 conditionem
1713 1422 1924 1457 naturae:
1943 1410 2255 1456 etsecundum

290 1483 381 1526 hoc
407 1496 502 1526 non
531 1482 750 1540 competit
772 1481 814 1525 ei
839 1481 996 1525 sedere
1025 1480 1079 1523 ad
1107 1480 1339 1523 dexteram
1365 1480 1524 1533 Patris,
1552 1480 1803 1523 secundum
1836 1475 2062 1524 rationem
2095 1491 2256 1537 aequa-

290 1549 442 1603 litatis,
469 1549 721 1592 secundum
749 1549 871 1607 quod
899 1557 966 1592 est
991 1548 1164 1591 homo:
1193 1548 1256 1591 sic
1281 1557 1435 1591 autem
1463 1547 1683 1606 competit
1709 1547 1751 1591 ei
1774 1547 1933 1592 sedere
1950 1545 2007 1591 ad
2022 1546 2254 1591 dexteram
2340 1590 2352 1606 1

291 1617 451 1670 Patris,
478 1616 729 1660 secundum
756 1615 878 1674 quod
905 1629 986 1673 per
1020 1615 1111 1658 hoc
1149 1615 1411 1673 designatur
1436 1614 1706 1659 excellentia
1741 1613 2046 1668 beatitudinis,
2071 1622 2118 1658 et
2145 1611 2259 1671 judi·

296 1684 432 1727 ciaria
459 1693 660 1742 potestas
683 1697 819 1741 super
845 1696 1034 1726 omnem
1063 1692 1331 1726 creaturam.
2343 1679 2352 1694 ¹

380 1751 456 1795 An
494 1763 712 1796 TERTmM
744 1750 1004 1803 dicendum,
1031 1750 1154 1808 quod
1188 1763 1286 1794 esse
1312 1749 1359 1793 in
1393 1750 1664 1808 aequalitate
1685 1749 1831 1794 Patris
1857 1762 1953 1793 non
1978 1749 2172 1808 pertinet
2197 1746 2255 1791 ad

288 1821 434 1878 ipsam
457 1828 666 1862 naturam
693 1818 946 1861 humanam
974 1817 1160 1870 Christi,
1188 1817 1267 1861 sed
1294 1816 1446 1861 solum
1469 1817 1524 1860 ad
1547 1831 1793 1876 personam
1819 1826 2150 1862 assumentem:
2169 1814 2255 1860 sed

290 1900 388 1931 esse
413 1886 460 1929 in
487 1886 740 1944 potioribus
776 1885 908 1929 bonis
943 1885 1047 1939 Dei,
1084 1884 1339 1929 secundum
1370 1885 1492 1944 quod
1527 1885 1747 1942 importat
1783 1897 2022 1930 excessum
2058 1882 2255 1932 aliarum

290 1963 615 2009 creaturarum,
642 1953 858 1998 convenit
881 1953 1020 1997 etiam
1040 1952 1127 2011 ipsi
1152 1961 1342 1997 naturae
1376 1961 1652 2011 assumptae.

987 2155 1422 2214 ARTICULUS
1466 2156 1562 2211 IV.
2172 2177 2256 2228 319

348 2306 543 2345 UTRUM
582 2308 789 2346 SEDERE
822 2308 896 2346 AD
939 2308 1240 2346 DEXTERAM
1280 2307 1471 2345 PATRIS
1513 2307 1599 2345 SIT
1639 2303 1919 2345 PROPRIUM
1959 2303 2198 2345 CHRISTI.

890 2432 942 2492 (3.
976 2434 1088 2478 Dist.
1116 2447 1183 2478 22.
1218 2448 1256 2492 q.
1284 2448 1321 2493 3.
1348 2439 1429 2478 art.
1454 2447 1497 2490 4.
1520 2447 1559 2492 q.
1587 2434 1661 2493 3.).

380 2558 457 2602 AD
483 2571 722 2608 QUARTUM
759 2559 823 2603 sic
857 2561 1132 2618 proceditur.
1166 2560 1371 2615 Videtur,
1410 2561 1532 2620 quod
1575 2561 1732 2605 sedere
1760 2561 1816 2605 ad
1843 2560 2078 2605 dexteram
2109 2558 2259 2605 Patris

291 2639 387 2670 non
414 2625 470 2669 sit
495 2626 730 2684 proprium
758 2626 952 2673 Christi:
997 2628 1106 2672 dicit
1132 2628 1253 2672 enim
1281 2628 1532 2687 Apostolus
1559 2628 1723 2686 Ephes.
1752 2641 1792 2672 2.
1821 2628 1942 2687 quod
1973 2629 2090 2689 Deus
2119 2642 2258 2673 conre-
2327 2641 2333 2688 j

292 2694 511 2738 suscitavit
535 2708 622 2746 nos,
649 2699 688 2738 et
703 2694 912 2738 consedere
919 2696 1028 2752 fecit
1052 2697 1097 2739 in
1123 2696 1354 2740 coelestibus
1370 2698 1415 2739 in
1445 2697 1610 2741 Christo
1631 2697 1755 2752 Jesu:
1782 2696 1861 2741 sed
1887 2695 2148 2740 resuscitari
2162 2708 2255 2740 non
2320 2700 2338 2707 ’

293 2769 363 2805 est
386 2760 622 2818 proprium
646 2760 842 2816 Christi;
871 2776 980 2821 ergo
1008 2762 1146 2806 etiam
1169 2763 1266 2821 pari
1291 2763 1467 2807 ratione
1484 2778 1568 2807 nec
1587 2763 1745 2808 sedere
1774 2763 1829 2807 ad
1856 2762 2093 2808 dexteram
2105 2762 2256 2808 Deiin
2324 2777 2327 2781 ·

297 2826 499 2872 excelsis.
2331 2824 2333 2826 ’

387 2907 427 2938 2.
460 2894 758 2939 PRAETEREA.
779 2895 909 2939 Sicut
934 2895 1128 2954 August.
1157 2897 1266 2941 dicit
1292 2897 1337 2940 in
1363 2897 1439 2941 lib.
1473 2911 1507 2941 1.
1534 2898 1588 2942 de
1612 2898 1770 2957 Symb.
1794 2898 1910 2958 (cap.
1932 2912 1975 2956 4.
2001 2904 2097 2944 anie
2111 2898 2255 2957 med),

301 2977 325 3003 κ
353 2960 590 3005 Christum
617 2962 774 3006 sedere
803 2963 857 3006 ad
885 2963 1117 3007 dexteram
1143 2964 1303 3018 Patris,
1321 2965 1411 3008 hoc
1432 2975 1497 3009 est
1514 2966 1718 3010 habitare
1735 2966 1782 3009 in
1805 2966 1901 3025 ejus
1922 2966 2200 3012 beatitudine
2214 2980 2256 3011 »ε
2315 2987 2337 3021 ,χ

296 3029 374 3073 sed
400 3028 492 3072 hoc
520 3028 674 3073 multis
700 3028 798 3073 aliis
827 3031 1062 3085 convenit;
1091 3045 1201 3089 ergo
1227 3032 1418 3086 videtur,
1436 3034 1558 3092 quod
1577 3034 1734 3078 sedere
1761 3033 1817 3077 ad
1843 3033 2076 3079 dexteram
2111 3033 2259 3079 Patris

293 3109 388 3140 non
415 3096 472 3140 sit
499 3096 735 3155 proprium
765 3097 948 3142 Christi.
2319 3101 2325 3108 ’

393 3177 430 3221 3.
467 3163 766 3208 PRAETEREA.
797 3164 897 3223 Ipse
931 3163 1040 3208 dicit
1075 3165 1220 3224 Apoc.
1263 3179 1324 3223 3.:
1350 3168 1440 3223 Qui
1470 3169 1636 3223 vicerit,
1669 3168 1775 3213 dabo
1809 3169 1847 3214 ei
1879 3167 2012 3214 sedere
2030 3170 2259 3215 mecumin

297 3229 444 3274 throno
471 3245 575 3284 meo,
603 3233 709 3276 sicut
733 3237 770 3275 et
795 3246 864 3289 ego
890 3233 992 3286 vici,
1019 3238 1055 3276 et
1078 3232 1162 3276 sedi
1184 3249 1278 3277 cum
1302 3235 1425 3278 Patre
1453 3250 1555 3289 meo,
1583 3238 1627 3279 in
1650 3236 1798 3280 throno
1823 3238 1934 3295 ejus:
1955 3235 2035 3282 sed
2060 3250 2141 3296 pet
2165 3235 2259 3281 hoc
2310 3273 2312 3278 ,

296 3297 423 3341 sedet
450 3297 659 3342 Christus
687 3298 742 3342 ad
770 3299 1002 3343 dexteram
1037 3299 1197 3353 Patris,
1231 3302 1352 3359 quod
1387 3302 1512 3347 sedet
1549 3303 1595 3346 in
1628 3303 1796 3348 throno
1823 3305 1943 3363 eju83
1976 3317 2087 3364 ergo
2119 3303 2259 3349 etiam

297 3364 387 3418 alii,
411 3365 486 3424 qui
512 3366 717 3419 vincunt,
744 3367 903 3411 sedent
929 3366 984 3410 ad
1017 3366 1248 3411 dexteram
1276 3369 1435 3413 Patris.

383 3445 424 3487 4.
453 3433 751 3478 PRAETEREA.
780 3434 941 3478 Matth.
961 3447 1030 3479 20.
1058 3434 1286 3479 Dominus
1310 3436 1440 3480 dicit:
1469 3436 1610 3482 Sedere
1632 3437 1685 3481 ad
1715 3437 1927 3483 dexteram
1950 3452 2103 3493 meam,
2127 3436 2196 3482 vel
2207 3437 2267 3493 εἰς,

295 3501 487 3553 nistram,
515 3515 601 3544 non
623 3507 678 3545 est
703 3516 838 3546 meum
858 3501 958 3545 dare
977 3502 1110 3554 vobis,
1129 3502 1194 3546 sed
1210 3504 1355 3561 quibus
1364 3510 1565 3562 paratum
1582 3512 1682 3549 esta
1710 3506 1832 3549 Patre
1857 3519 1973 3550 meo:
1994 3505 2085 3549 hoc
2103 3513 2258 3548 autem

294 3565 456 3610 frustra
482 3567 723 3622 diceretur,
746 3568 834 3612 nisi
857 3578 975 3613 esset
1000 3567 1224 3627 aliquibus
1251 3580 1484 3627 paratum3
1506 3585 1600 3616 non
1628 3586 1738 3631 ergo
1757 3571 1914 3617 sedere
1939 3571 1996 3616 ad
2022 3571 2256 3627 dexteram

293 3634 510 3678 convenit
533 3634 622 3679 soli
648 3634 850 3680 Christo.
2191 3656 2193 3658 ·
