2352 3926
2314 2 2337 42 {⁷32

2309 59 2338 180 Ξ

236 228 346 283 790
692 225 971 273 Quimsrm
1014 226 1236 266 Lxxx1v.
1277 214 1586 267 sumemus
1610 226 1700 267 v121.

323 329 402 374 AD
424 341 641 374 TERTmM
668 328 928 383 dicendum,
946 328 1084 387 quod,
1106 327 1360 374 secundum
1380 324 1719 389 Philosophum
1735 329 1782 373 in
1799 341 1839 374 2.
1856 329 2007 376 Ethic.
2027 329 2138 392 (cap.
2154 345 2192 391 3.

236 396 278 441 6.
306 410 345 456 7.
372 403 409 441 et
425 398 503 456 9.),
524 397 579 440 ad
594 395 808 440 virtutem
826 398 1020 455 pertinet
1035 406 1191 441 tenere
1214 395 1418 442 medium
1429 398 1476 441 in
1487 396 1787 455 passionibus.
1806 395 2008 442 Tristitia
2027 392 2195 452 autem,

237 478 353 523 quae
377 464 424 508 in
452 463 651 523 appetitu
677 463 894 507 sensitivo
921 464 1194 523 poenitentis
1222 464 1516 524 consequitur
1538 478 1593 508 ex
1618 463 1905 523 displicentia
1933 463 2197 518 voluntatis,

237 533 388 592 passio
416 531 642 590 quaedam
669 540 750 584 est,
777 531 897 575 unde
923 532 1206 576 moderanda
1232 543 1299 577 est
1324 531 1575 577 secundum
1600 531 1830 586 virtutem,
1857 540 1903 576 et
1926 532 2025 591 ejus
2050 536 2200 591 super-
2229 551 2231 554 ·

238 599 386 643 fluitas
413 608 481 643 est
504 598 683 652 vitiosa,
711 598 816 657 quia
841 598 1017 643 inducit
1041 599 1088 643 in
1123 599 1515 659 desperationem3
1543 600 1665 658 quod
1692 598 1918 659 significat
1948 598 2199 658 Apostolus

237 665 408 709 ibidem
434 665 612 709 dicens:
641 665 705 710 Ne
730 667 889 724 majori
910 667 1084 711 tristitia
1115 667 1400 721 absorbeatur,
1433 667 1505 725 qui
1536 665 1736 725 ejusmodi
1767 673 1851 712 est:
1874 674 1921 712 et
1944 665 2009 710 sic
2041 679 2202 711 conso·

238 732 365 786 latio,
392 731 447 775 de
474 746 562 790 qua
589 732 650 776 ibi
681 731 933 792 Apostolus
958 732 1174 793 loquitur,
1201 743 1268 779 est
1292 733 1576 779 moderativa
1593 733 1816 788 tristitiae,
1841 748 1938 779 non
1964 741 2118 779 autem
2136 742 2204 778 to-

238 798 387 843 taliter
413 798 622 844 ablativa.

935 959 1372 1030 ARTICULUS
1411 972 1482 1029 X.
2121 998 2204 1049 519

414 1097 610 1146 UTRUM
649 1105 1063 1151 SACRAMENTUM
1094 1107 1505 1149 POENITENTIAE
1538 1109 1755 1148 DEBEAT
1795 1108 2031 1150 ITERARI.

527 1218 592 1277 (4.
614 1219 726 1264 Dist.
751 1232 818 1277 14.
841 1232 882 1278 q.
906 1235 942 1265 r.
970 1225 1051 1265 art.
1077 1233 1120 1278 4.
1148 1234 1187 1279 q.
1208 1235 1245 1280 3.
1273 1225 1311 1265 et
1334 1227 1417 1266 art.
1439 1234 1478 1280 5.
1504 1235 1543 1280 q.
1565 1235 1606 1266 2.
1632 1226 1670 1265 et
1688 1221 1822 1266 Hebr.
1843 1219 1924 1279 6.).

336 1331 412 1376 AD
439 1343 664 1376 DECIMUM
687 1332 752 1376 sic
774 1332 1050 1391 proceditur.
1067 1332 1274 1388 Videtur,
1297 1334 1421 1393 quod
1440 1344 1776 1379 sacramentum
1792 1332 2100 1393 poenitentiae
2115 1345 2211 1377 non

247 1397 409 1443 debeat
432 1399 607 1443 iterari:
635 1399 743 1444 dicit
768 1401 892 1444 enim
928 1400 1180 1460 Apostolus
1218 1401 1356 1446 Hebr.
1389 1400 1456 1448 6.:
1492 1402 1750 1462 Impossibile
1783 1407 1852 1456 est,
1889 1415 1971 1458 eos,
1991 1402 2065 1461 qui
2092 1399 2212 1446 semel

245 1472 341 1512 sunt
357 1466 602 1521 illuminati,
621 1473 657 1512 et
670 1473 942 1526 gustaverunt
957 1468 1119 1514 coeleste
1138 1468 1308 1524 donum,
1326 1476 1362 1514 et
1373 1471 1602 1530 participes
1615 1475 1711 1514 sunt
1716 1470 1830 1529 sacti
1853 1468 2033 1528 Spiritus
2053 1467 2210 1522 Sancti,

246 1540 283 1579 et
301 1534 498 1594 prolapsi
520 1541 632 1589 sunt,
664 1537 866 1580 renovari
887 1551 1030 1581 rursus
1055 1535 1109 1580 ad
1120 1539 1449 1601 poenitentiam:
1477 1538 1557 1582 sed
1584 1537 1860 1597 quicumque
1876 1536 2212 1596 poenituerunt,

248 1611 353 1646 sunt
375 1601 635 1657 illuminati,
653 1612 698 1647 et
715 1613 988 1662 acceperunt
1005 1603 1178 1648 donum
1208 1604 1400 1664 Spiritus
1429 1605 1608 1649 Sancti·
1598 1618 1738 1664 ,ergo
1762 1604 2038 1664 quicumque
2053 1611 2216 1664 peccat

250 1678 355 1728 post
385 1669 732 1728 poenitentiam,
758 1685 853 1714 non
879 1681 1029 1730 potest
1053 1672 1215 1716 iterato
1243 1673 1491 1732 poenitere.

339 1749 379 1780 2.
407 1736 706 1783 PRAETEREA.
734 1738 950 1783 Ambros.
979 1739 1122 1784 dicit'
1111 1754 1158 1783 m
1183 1739 1260 1784 lib.
1293 1753 1333 1784 2.
1363 1741 1418 1784 de
1444 1739 1734 1785 Poenitentia
1760 1740 1873 1817 (cap.
1904 1754 1971 1786 ιο.
2003 1753 2032 1784 a
2060 1702 2214 1796 nied-Q·

255 1820 277 1845 (ε
301 1803 618 1862 Reperiuntur,
645 1805 723 1882 qui
745 1807 924 1866 saepius
957 1807 1182 1866 agendam
1210 1809 1540 1867 poenitentiam
1566 1817 1739 1868 putant,
1772 1807 1850 1868 qui
1873 1805 2180 1852 luxuriantur'
2168 1820 2216 1850 m

253 1871 463 1926 Christ03
490 1887 599 1916 narn
632 1873 671 1917 si
695 1888 802 1918 vere
828 1874 1159 1934 poenitentiam
1186 1886 1387 1935 agerent,
1402 1876 1659 1921 1terandam
1676 1885 1840 1935 postea
1870 1888 1965 1920 non
1982 1882 2215 1933 putarent:

253 1941 359 1998 quia
385 1939 503 1984 sicut
528 1955 671 1984 unum
699 1951 767 1986 est
790 1941 1030 2002 baptisma,
1056 1942 1118 1987 ita
1146 1953 1191 1987 et
1226 1944 1360 1988 unica
1387 1954 1455 1988 est
1479 1943 1760 2003 poenitentia
1780 1958 1832 1998 »3
1854 1941 1935 1988 sed
1966 1940 2218 2002 baptismus

250 2021 346 2051 non
371 2009 580 2063 iteratur3
606 2023 716 2068 ergo
743 2024 828 2054 nec
851 2010 1146 2070 poenitentia.

346 2089 383 2134 3.
401 2075 700 2122 PRAETEREA.
727 2077 965 2133 Miracula,
988 2078 1148 2138 quibus
1175 2078 1406 2123 Dominus
1431 2078 1718 2124 infirmitates
1746 2076 2007 2138 corporales
2027 2074 2219 2130 sanavit,

254 2142 517 2201 significant
541 2145 801 2189 sanationes
827 2145 1131 2205 spiritualium
1156 2146 1488 2201 infirmitatum,
1507 2147 1667 2206 quibus
1685 2145 1861 2191 scilicet
1875 2144 2090 2191 homines
2114 2141 2221 2194 libe·

253 2221 409 2255 rantur
437 2226 462 2255 a
493 2215 719 2270 peccatis:
748 2213 827 2258 sed
852 2228 948 2258 non
973 2214 1153 2273 legitur,
1181 2215 1303 2273 quod
1325 2215 1556 2259 Dominus
1584 2213 1784 2274 aliquem
1811 2226 2007 2258 coecum
2029 2211 2100 2256 bis
2121 2209 2223 2255 ‘inu-

255 2279 509 2334 minaverit,
535 2279 611 2324 vel
632 2281 754 2340 quod
773 2282 972 2341 aliquem
989 2281 1223 2342 leprosum
1244 2282 1312 2326 bis
1340 2282 1642 2336 mundaverit,
1669 2291 1745 2326 aut
1770 2280 1970 2341 aliquem
1987 2287 2222 2333 mortuum

254 2346 323 2389 bis
349 2347 657 2403 suscitaverit;
685 2362 796 2407 ergo
823 2349 1016 2405 videtur,
1043 2350 1167 2409 quod
1191 2364 1277 2394 nec
1304 2349 1442 2395 alicui
1458 2350 1690 2409 peccatori
1704 2349 1773 2394 bis
1789 2362 1871 2408 per
1891 2345 2220 2408 poenitentiam

255 2414 439 2458 veniam
465 2414 695 2473 largiatur.
2123 2431 2125 2436 ’
2307 2448 2310 2452 ·

340 2493 382 2537 4.
395 2482 695 2528 PRAETEREA.
710 2483 847 2543 Greg.
863 2484 970 2529 dicit
981 2485 1029 2529 in
1042 2485 1170 2530 hom.
1186 2485 1580 2545 Quadragesimae
1593 2484 1716 2544 (quae
1733 2491 1788 2530 est
1798 2497 1865 2544 34.
1878 2485 1924 2528 in
1935 2484 2103 2542 Evang.
2114 2482 2226 2527 inter
2297 2513 2303 2523 -,

256 2549 361 2595 med.
379 2556 417 2595 et
430 2551 562 2609 fin.):
594 2567 617 2592 «
639 2551 925 2596 Poenitentia
953 2562 1020 2597 est
1056 2562 1264 2597 anteacta
1290 2563 1478 2612 peccata
1501 2552 1667 2597 deflere
1692 2562 1737 2597 et
1756 2550 1907 2596 flenda
1932 2551 2100 2595 iterum
2128 2561 2224 2595 non

261 2617 548 2672 committere
571 2634 611 2672 »,
640 2628 682 2663 et
700 2618 860 2664 Isidor.
880 2620 989 2664 dicit
1003 2620 1051 2664 in
1068 2620 1142 2664 lib.
1162 2633 1202 2664 2.
1222 2620 1276 2665 de
1298 2620 1493 2665 Summo
1513 2621 1645 2664 Bono
1663 2620 1776 2680 (cap.
1794 2619 1885 2678 16.)
1900 2634 1913 2665 .·
1931 2634 1954 2660 «
1970 2618 2130 2663 Irrisor
2145 2626 2227 2671 est,

260 2695 304 2730 et
323 2699 418 2729 non
444 2685 698 2744 poenitens,
726 2686 803 2746 qui
830 2686 978 2731 adhuc
1011 2687 1104 2746 agit
1130 2688 1252 2747 quod
1278 2689 1483 2747 poenitet
1508 2703 1561 2743 »3
1588 2689 1626 2732 si
1653 2702 1763 2746 ergo
1791 2686 1954 2764 aliquis
1983 2699 2091 2731 vere
2121 2697 2227 2745 poe-

259 2754 416 2807 niteat,
441 2767 536 2797 non
561 2753 728 2797 iterum
755 2755 984 2813 peccabit,
1012 2769 1122 2814 ergo
1148 2769 1243 2799 non
1269 2765 1421 2815 potest
1446 2770 1560 2811 esse,
1588 2755 1711 2814 quod
1732 2753 2012 2814 poenitentia
2027 2753 2226 2797 iteretur

355 2834 392 2884 5.
419 2820 718 2866 PRAETEREA.
747 2821 876 2866 Sicut
900 2822 1153 2880 baptismus
1185 2823 1323 2867 habet
1354 2822 1608 2868 efficaciam
1636 2837 1690 2867 ex
1717 2822 1930 2883 passione
1957 2820 2143 2875 Christi,
2163 2819 2228 2864 ita

262 2898 306 2933 et
331 2888 638 2948 poenitentia:
682 2889 760 2933 sed
796 2889 1047 2948 baptismus
1082 2904 1178 2934 non
1210 2890 1412 2945 iteratur,
1440 2901 1624 2950 propter
1664 2892 1887 2934 unitatem
1911 2887 2151 2949 passionis,
2183 2895 2230 2931 et

262 2955 423 3000 mortis
450 2955 645 3000 Christi·
636 2970 780 3015 ,ergo
808 2957 904 3015 pari
929 2957 1105 3001 ratione
1131 2972 1215 3001 nec
1243 2959 1523 3017 poenitentia
1549 2958 2307 3002 iteratur.

353 3022 394 3067 6.
422 3023 722 3069 PRAETEREA.
749 3024 964 3069 Ambros.
992 3025 1101 3068 dicit
1135 3024 1241 3084 (sup.
1261 3026 1365 3069 illud
1386 3026 1495 3070 Psal.
1516 3027 1634 3071 118..·
1661 3026 1918 3085 Deprecatus
1953 3037 2046 3068 sum
2053 3022 2229 3083 facum,

262 3092 376 3150 eta),
414 3093 534 3150 quod
565 3109 588 3134 «
611 3091 805 3137 facilitas
832 3093 993 3137 veniae
1019 3092 1302 3136 incentivum
1319 3094 1504 3151 praebet
1521 3091 1814 3152 delinquendi
1835 3108 1858 3134 >›
1877 3091 1946 3135 :si
1966 3103 2078 3150 ergo
2103 3089 2231 3134 Deus
2271 3117 2282 3126 ·-

263 3159 446 3203 veniam
482 3158 741 3219 frequenter
775 3161 962 3219 praebet
993 3174 1074 3219 per
1107 3160 1453 3219 poenitentiam,
1487 3161 1664 3204 videtur
1690 3158 1814 3218 quod
1844 3158 1943 3218 ipse
1967 3155 2233 3202 hominibus
2256 3150 2285 3190 ἶ

263 3227 479 3286 praebeat
506 3227 787 3271 incentivum
814 3226 1118 3287 delinquendi,
1153 3237 1197 3271 et
1227 3227 1290 3271 sic
1310 3228 1538 3272 videretur
1555 3226 1810 3272 delectare'
1799 3239 1846 3270 m
1862 3225 2086 3303 peccatis3
2108 3220 2261 3284 quod

266 3296 361 3354 eJus
387 3295 581 3339 bonitati
606 3310 700 3339 non
728 3296 963 3355 congruit3
985 3309 1080 3339 non
1107 3309 1217 3354 ergo
1244 3305 1395 3354 potest
1420 3295 1701 3354 poenitentia
1726 3293 1894 3338 iterari.

356 3362 450 3407 SED
474 3376 670 3408 CONTRA
697 3373 778 3418 est,
797 3363 918 3423 quod
943 3362 1090 3407 homo
1110 3362 1339 3406 inducitur
1362 3363 1418 3406 ad
1441 3362 1803 3407 misericordiam
1822 3358 2035 3419 exemplo
2051 3358 2233 3404 divinae

266 3430 623 3485 misericordiae,
642 3431 894 3476 secundum
911 3429 1023 3474 iliud
1052 3430 1163 3474 Luc.
1188 3429 1249 3473 6.:
1284 3430 1421 3474 Estote
1453 3429 1749 3483 misericordes,
1767 3429 1873 3474 sicut
1896 3433 1933 3473 et
1958 3427 2086 3473 Pater
2103 3431 2268 3472 vester
2262 3445 2302 3497 ',

265 3499 500 3543 misericors
525 3505 605 3543 est:
632 3498 710 3543 sed
738 3498 968 3542 Dominus
1000 3497 1120 3541 hanc
1148 3496 1513 3541 misericordiam
1545 3495 1778 3555 discipulis
1814 3495 1907 3540 suis
1941 3492 2153 3555 imponit,
2183 3499 2263 3543 ιιι
2262 3506 2306 3532 κ

266 3565 447 3625 saepius
470 3566 703 3610 remittant
716 3564 925 3610 fratribus
945 3574 1103 3609 contra
1120 3578 1168 3609 se
1187 3564 1500 3622 peccantibus,
1519 3563 1653 3619 unde,
1671 3564 1788 3608 sicut
1804 3561 1967 3607 dicitur
1981 3560 2144 3607 Matth.
2166 3557 2283 3606 18.

268 3632 406 3677 Petro
434 3633 658 3693 querenti:
689 3633 861 3691 Quoties
880 3633 1073 3693 peccabit
1092 3632 1138 3678 in
1162 3645 1226 3677 me
1232 3630 1375 3691 frater
1398 3646 1524 3686 meus,
1543 3636 1582 3677 et
1597 3630 1810 3677 dimittam
1825 3630 1897 3676 ei?
1920 3642 2045 3689 usque
2063 3620 2293 3689 sepau?
2277 3662 2340 3702 -jl‘-
