2352 3926
246 267 355 322 534
750 265 1030 311 QUAESTIO
1072 266 1218 305 LXIV.
1259 265 1570 304 ARTICULUS
1611 266 1670 305 11.

242 367 440 411 minatur
467 366 522 409 ad
548 365 796 424 specialem
823 365 1207 423 significationem
1234 380 1289 410 ex
1313 366 1598 411 institutione
1624 366 1796 411 divina:
1823 378 1867 413 et
1887 369 1979 414 hoc
2003 379 2068 415 est
2085 370 2206 430 quod

243 434 380 492 Hugo
408 434 462 477 de
491 434 536 477 S.
564 433 737 476 Victor.
767 432 857 487 (lib.
892 448 927 477 Ι.
960 433 1007 477 de
1033 434 1222 477 Sacram.
1249 440 1365 492 part.
1397 449 1438 493 9.
1467 442 1559 493 cap.
1583 450 1642 480 H.
1666 440 1758 478 ante
1783 435 1907 494 med.)
1935 436 2058 492 dicit,
2084 438 2208 497 quod

245 518 268 543 «
292 510 630 544 sacramentum
663 513 717 542 ex
744 499 1025 543 institutione
1053 500 1278 559 significat
1299 516 1349 546 »t
1383 501 1632 559 praeelegit
1654 511 1807 545 tamen
1834 502 1961 548 Deus
1986 504 2207 562 quasdam

241 582 312 611 res
340 568 438 610 aliis
468 567 522 609 ad
549 565 903 624 significationes
929 566 1298 622 sacramentales,
1324 581 1419 611 non
1453 568 1558 626 quia
1590 568 1646 612 ad
1679 582 1757 612 eas
1784 569 2078 614 contrahatur
2110 570 2205 628 ejus

243 633 443 686 affectus,
471 633 548 676 sed
576 643 624 676 ut
650 635 706 676 sit
732 633 1079 678 convenientior
1105 634 1393 694 significatio.

332 701 407 744 AD
426 713 642 744 TERTIUM
657 701 920 755 dicendum,
940 702 1062 760 quod
1090 702 1317 761 Apostoli,
1345 712 1390 746 et
1415 715 1576 746 eorum
1602 716 1889 748 successores
1922 713 2027 748 sunt
2049 703 2210 749 vicarii

241 768 344 822 Dei,
363 778 583 826 quantum
601 767 655 811 ad
673 768 879 826 regimen
900 768 1132 813 Ecclesiae
1152 770 1424 813 constitutae
1443 783 1524 828 per
1545 769 1698 823 fidem,
1717 780 1761 814 et
1776 769 1880 814 fidei
1898 779 2209 817 sacramenta:

242 835 361 879 unde
389 837 506 879 sicut
530 849 625 878 non
651 834 759 879 licet
792 836 855 879 eis
890 837 1167 880 constituere
1205 836 1343 880 aliam
1379 836 1649 891 Ecclesiam,
1685 837 1747 881 ita
1772 851 1868 882 non
1898 837 2007 883 licet
2030 840 2097 883 eis
2125 848 2213 883 tra-

241 903 346 946 dere
373 902 511 945 aliam
537 902 690 955 fidem,
711 916 861 961 neque
886 903 1120 948 instituere
1138 903 1227 948 alia
1243 913 1551 949 sacramenta:
1578 904 1657 948 sed
1675 918 1756 962 per
1770 915 2075 960 sacramenta,
2089 919 2208 965 quae

241 970 295 1014 de
322 969 463 1014 latere
490 968 664 1014 Christi
688 970 926 1029 pendentis
951 971 998 1014 in
1026 984 1159 1016 cruce
1185 970 1422 1027 fluxerunt,
1450 972 1613 1016 dicitur
1638 985 1738 1016 esse
1759 970 1977 1026 fabricata
2001 971 2209 1018 Ecclesia

244 1036 430 1081 Christi.

920 1225 1357 1283 ARTICULUS
1409 1225 1510 1280 III.
2128 1252 2211 1300 352

241 1376 436 1415 UTRUM
469 1375 757 1427 CHRISTUS,
790 1375 1091 1413 SECUNDUM
1126 1375 1285 1420 QUOD
1321 1374 1504 1426 HOMO,
1531 1374 1807 1416 HABUERIT
1841 1373 2213 1413 POTESTATEM

470 1459 743 1498 OPERANDI
785 1458 1125 1497 INTERIOREM
1158 1457 1451 1495 EFFECTUM
1484 1456 1988 1496 SACRAMENTORUM.
2049 1472 2053 1473 ⁷

423 1584 552 1643 (Insr.
579 1590 662 1629 art.
687 1597 729 1641 4.
757 1590 870 1643 corp.
897 1589 936 1628 et
955 1596 996 1640 4.
1024 1583 1137 1627 Dist.
1159 1596 1196 1641 5.
1225 1597 1263 1641 q.
1289 1598 1324 1627 r.
1352 1587 1434 1627 art.
1459 1597 1494 1627 1.
1522 1588 1560 1626 et
1584 1596 1623 1641 q.
1646 1596 1686 1627 2.
1709 1587 1793 1626 art.
1819 1595 1860 1626 2.
1883 1595 1922 1640 q.
1949 1579 2030 1638 2.).
2096 1592 2101 1612 ἕ

330 1711 406 1755 An
426 1701 641 1755 TER-rium
659 1711 722 1755 sic
740 1710 1014 1770 proceditur.
1032 1709 1236 1758 Videtur,
1255 1708 1378 1767 quod
1397 1708 1621 1762 Christus,
1638 1707 1895 1755 secundum
1908 1706 2213 1767 quodhomo,

242 1778 452 1822 habuerit
469 1788 743 1836 potestatem
767 1778 986 1837 operandi
1008 1777 1273 1821 interiorem
1293 1775 1507 1820 effectum
1524 1784 1942 1820 sacramentorum:
1964 1773 2214 1821 dicit-enim

235 1845 435 1903 Joannes
464 1846 678 1904 Baptista,
710 1855 759 1888 ut
783 1845 975 1888 habetur
986 1844 1117 1902 Joan.
1151 1858 1211 1887 1.:
1241 1844 1331 1900 Qui
1356 1859 1419 1887 me
1435 1845 1549 1887 misit
1574 1844 1786 1902 baptizare
1803 1843 1848 1886 in
1869 1855 1998 1901 aqua,
2020 1839 2215 1899 illejm‘hi

243 1913 377 1957 dixit:
406 1913 541 1972 Super
562 1928 681 1971 quem
705 1912 860 1957 videris
890 1913 1098 1972 Spiritum
1123 1910 1436 1965 descendentem,
1464 1917 1501 1955 et
1525 1916 1758 1955 manentem
1781 1917 1907 1969 super
1929 1924 2039 1963 eum,
2072 1909 2138 1963 hic
2158 1914 2215 1953 est

238 1981 311 2038 qui
337 1981 519 2038 baptizat
544 1982 589 2023 in
615 1980 779 2039 Spiritu
804 1980 986 2024 Sancto:
1007 1979 1086 2023 sed
1111 1978 1340 2038 baptizare
1361 1978 1408 2021 in
1423 1977 1593 2037 Spiritu
1613 1977 1800 2031 Sancto,
1827 1986 1895 2022 est
1910 1976 2099 2022 interius
2116 1990 2213 2036 gra-

241 2047 355 2090 tiam
383 2047 576 2105 Spiritus
605 2046 760 2091 Sancti
788 2045 1023 2091 conferre:
1058 2045 1252 2105 Spiritus
1270 2045 1466 2089 Sanctus
1499 2055 1652 2089 autem
1669 2043 1903 2088 descendit
1929 2058 2066 2103 super
2083 2042 2216 2089 Chri·

241 2124 377 2167 stum,
419 2115 690 2173 inquantum
724 2114 887 2168 homo,
918 2128 1014 2158 non
1046 2113 1314 2172 inquantum
1357 2113 1499 2167 Deus,
1532 2112 1638 2171 quia
1669 2112 1734 2156 sic
1761 2112 1858 2170 ipse
1884 2111 1962 2155 dat
1988 2110 2210 2170 Spiritum

241 2181 486 2236 Sanctum;
514 2196 624 2240 ergo
650 2181 842 2235 videtur,
875 2181 998 2240 quod
1032 2181 1256 2236 Christus,
1283 2180 1535 2225 secundum
1573 2179 1695 2239 quod
1722 2180 1884 2234 homo,
1901 2178 2112 2224 habuerit
2135 2192 2215 2238 po-

242 2258 454 2292 testatem
481 2248 747 2293 interiorem
771 2248 986 2293 effectum
1008 2258 1405 2293 sacramentorum
1432 2247 1663 2292 causandi.

334 2328 374 2358 2.
402 2316 701 2360 PRAETEREA.
728 2316 891 2360 Matth.
918 2331 959 2376 9.
983 2317 1213 2360 Dominus
1242 2316 1378 2360 dicit:
1409 2315 1574 2369 Sciatis,
1603 2316 1703 2373 quia
1729 2313 1868 2359 Filius
1891 2313 2073 2359 hominis
2096 2313 2217 2358 habet

235 2389 477 2442 potestatem
503 2385 547 2426 in
566 2389 678 2427 terra
703 2383 937 2428 dimittendi
952 2391 1128 2443 peccata
1143 2400 1155 2428 :
1173 2383 1252 2427 sed
1271 2383 1480 2427 remissio
1500 2391 1797 2441 peccatorum
1824 2390 1893 2426 est
1907 2380 2098 2426 interior
2114 2379 2217 2425 effe·

242 2460 339 2493 ctus
367 2451 663 2505 sacramenti;
704 2465 815 2509 ergo
840 2451 1031 2505 videtur,
1073 2450 1196 2510 quod
1224 2450 1450 2504 Christus,
1482 2450 1736 2494 secundum
1768 2447 1892 2508 quod
1918 2448 2080 2504 homo,
2103 2447 2215 2492 inte-

241 2517 410 2562 riorem
446 2516 659 2561 effectum
683 2529 1078 2562 sacramentorum
1107 2527 1334 2577 operetur.

337 2599 373 2643 3.
401 2585 699 2629 PRAETEREA.
734 2585 962 2629 Institutio
1000 2594 1394 2629 sacramentorum
1432 2583 1627 2642 pertinet
1653 2582 1708 2627 ad
1737 2596 1858 2637 eum,
1884 2582 1962 2642 qui
1996 2592 2216 2642 tanquam

243 2651 494 2711 principale
521 2666 662 2710 agens
686 2663 899 2711 operatur
922 2652 977 2695 ad
994 2652 1261 2696 interiorem
1288 2651 1562 2695 sacramenti
1580 2649 1819 2694 effectum:
1837 2649 2129 2694 manifestum
2149 2659 2216 2694 est

242 2729 409 2774 autem,
437 2719 560 2778 quod
595 2718 805 2763 Christus
832 2729 1120 2763 sacramenta
1144 2719 1362 2774 instituit3
1401 2732 1512 2777 ergo
1540 2718 1635 2777 ipse
1664 2727 1744 2772 est,
1784 2717 1862 2777 qui
1883 2717 2072 2762 interius
2105 2730 2215 2777 ope-

239 2796 365 2832 ratur
390 2797 786 2831 sacramentorum
821 2786 1052 2830 effectum.

330 2846 372 2909 4.
401 2854 699 2899 PRAETEREA.
727 2853 891 2898 Nullus
934 2864 1084 2913 potest
1115 2853 1212 2898 sine
1239 2863 1527 2897 sacramento
1567 2851 1783 2904 effectum
1809 2851 2084 2897 sacramenti
2110 2865 2216 2897 con-

240 2921 374 2976 ferre,
401 2922 488 2965 nisi
520 2922 702 2981 propria
733 2922 896 2965 virtute
925 2921 1196 2965 sacramenti
1225 2919 1439 2965 effectum
1471 2931 1709 2979 operetur:
1749 2920 1827 2964 sed
1870 2919 2081 2965 Christus
2113 2921 2212 2964 sine

241 3000 532 3034 sacramento
578 2988 770 3033 contulit
813 2989 1088 3032 sacramenti
1130 2987 1360 3042 effectum,
1388 2999 1436 3032 ut
1462 2997 1582 3047 patet
1609 2988 1656 3031 in
1683 2986 1972 3047 Magdalena,
2000 2986 2074 3032 cui
2099 2986 2213 3032 dixit

246 3058 371 3115 (Luc.
400 3072 437 3117 7.
438 3058 496 3115 ).·
526 3058 820 3102 Dimittuntur
852 3058 928 3100 tibi
952 3063 1154 3116 peccata‚·
1190 3070 1299 3114 ergo
1327 3056 1517 3110 videtur,
1545 3055 1668 3114 quod
1706 3055 1932 3109 Christus,
1957 3054 2211 3100 secundum

245 3126 368 3185 quod
397 3126 557 3179 homo,
590 3135 802 3184 operetur
828 3123 1091 3168 interiorem
1119 3124 1394 3167 sacramenti
1421 3122 1649 3167 effectum.

339 3207 375 3251 5.
403 3194 700 3238 PRAETEREA.
738 3191 869 3246 Illud,
908 3191 954 3235 in
987 3192 1114 3248 cujus
1139 3191 1303 3235 virtute
1332 3201 1671 3235 sacramentum
1705 3198 1932 3248 operatur,
1958 3199 2027 3234 est
2051 3188 2214 3249 princi-

242 3260 343 3320 pale
371 3275 510 3317 agens
538 3260 594 3304 ad
621 3259 884 3303 interiorem
918 3256 1153 3302 effectum:
1183 3258 1261 3301 sed
1296 3269 1582 3301 sacramenta
1609 3258 1779 3301 habent
1802 3258 2018 3302 virtutem
2038 3270 2093 3301 ex
2118 3270 2217 3315 pas-

242 3329 371 3372 sione
400 3327 587 3381 Christi,
611 3337 655 3372 et
680 3325 971 3371 invocatione
998 3325 1199 3369 nominis
1226 3326 1336 3382 ejus,
1364 3325 1616 3370 secundum
1644 3324 1754 3368 illud
1786 3337 1822 3369 1.
1845 3324 1901 3368 ad
1921 3322 2135 3369 Corinth.
2158 3336 2210 3368 1.:

247 3394 466 3454 Numquid
498 3395 654 3439 Paulus
664 3402 747 3454 pro
768 3395 887 3439 vobis
907 3393 1129 3450 crucifixus
1146 3398 1217 3446 est,
1236 3394 1370 3436 autin
1393 3394 1557 3437 nomine
1576 3392 1700 3436 Pauli
1722 3393 1921 3451 baptt'zati
1934 3391 2066 3437 estis?
2090 3390 2215 3450 Ergo

247 3462 473 3517 Christus,
501 3462 771 3521 inquantum
789 3461 950 3516 homo,
977 3469 1189 3519 operatur
1216 3460 1478 3504 interiorem
1506 3458 1722 3505 effectum
1747 3457 2036 3503 sacramenti.

337 3530 430 3574 SED
460 3542 656 3575 CONTRA
685 3539 765 3583 est,
792 3527 915 3588 quod
948 3527 1142 3586 August.
1170 3525 1277 3570 dicit
1310 3527 1485 3585 (implic.
1522 3532 1639 3572 tract.
1667 3527 1737 3573 8ο.
1770 3527 1816 3570 in
1834 3526 1959 3584 Joan.
1986 3539 2014 3570 a
2045 3523 2150 3570 med.
2176 3530 2216 3569 et

244 3597 317 3641 lib.
340 3612 376 3656 3.
400 3603 530 3642 contr.
548 3598 764 3642 Donatist.
784 3604 875 3655 cap.
893 3609 958 3642 10.
979 3609 1005 3639 a
1021 3593 1125 3639 med.
1143 3593 1209 3638 sed
1230 3602 1401 3653 express.
1427 3594 1575 3638 Isidor.
1594 3594 1666 3638 lib.
1694 3594 1736 3639 6.
1764 3594 1903 3652 Etym.
1922 3600 2013 3653 cap.
2030 3591 2095 3638 18.
2113 3591 2214 3637 circ.

242 3664 387 3722 med),
415 3665 537 3723 quod
565 3681 589 3706 «
611 3664 659 3708 in
686 3657 985 3709 sacramentis
1010 3661 1163 3707 divina
1184 3661 1326 3705 virtus
1358 3661 1575 3705 secretius
1603 3670 1817 3721 operatur
1841 3658 2039 3705 salutem
2061 3671 2120 3703 »ε
2153 3657 2216 3705 di-
