2352 3926
662 222 940 269 QUAESTIO
981 224 1054 263 VI.
1095 225 1403 264 ARTICULUS
1443 225 1480 264 1.
1995 224 2061 279 75

50 329 54 335 ‘
67 356 87 363 η»
105 333 248 372 tatem
273 338 382 370 suae
408 325 584 370 virtutis
600 325 728 370 Deus
746 325 1010 370 immediate
1034 326 1212 384 attingit
1229 325 1479 385 quamlibet
1503 339 1615 379 rem,
1634 324 1879 380 causando,
1901 334 1945 368 et
1963 338 2068 368 con-

44 397 62 414 ’·”
106 391 359 446 servand03
384 401 430 436 et
455 392 511 436 ad
537 392 627 437 hoc
656 392 862 452 pertinet,
885 393 1007 452 quod
1033 392 1160 437 Deus
1187 393 1450 438 immediate
1484 403 1552 437 est
1577 393 1622 437 in
1654 392 1866 437 omnibus
1892 405 1972 451 per
2003 406 2069 436 es-

0 447 1 450 *
45 443 52 488 s
104 458 314 513 sentiam,
340 459 660 518 praesentiam,
694 468 738 504 et
768 459 1042 518 potentiam:
1077 460 1185 503 alius
1217 469 1369 503 autem
1403 461 1516 504 ordo
1544 470 1625 514 est,
1659 459 1910 504 secundum
1943 459 2065 517 quod

47 545 53 570 ·.
102 537 175 570 res
206 525 482 571 reducuntur
513 526 559 570 in
585 526 756 580 Deum,
789 526 907 571 sicut
936 525 983 570 in
1015 525 1179 571 finem:
1207 535 1252 569 et
1277 536 1497 584 quantum
1525 527 1580 570 ad
1607 527 1697 571 hoc
1723 525 1950 570 invenitur
1975 539 2068 569 rne-

40 607 51 626 .=
103 590 230 638 dium
250 592 368 637 inter
385 603 654 648 creaturam,
673 602 717 637 et
733 594 907 638 Deum:
926 593 1032 652 quia
1049 591 1285 636 inferiores
1305 602 1536 637 creaturae
1555 593 1832 637 reducuntur
1849 594 1895 637 in
1912 592 2064 636 Deum

102 672 185 720 per
204 659 474 720 superiores,
500 669 550 704 ut
574 659 683 704 dicit
707 660 846 704 Dion.
874 660 920 703 in
953 659 1028 704 lib.
1056 659 1178 703 Eccl.
1208 659 1329 703 Hier.
1372 660 1482 719 (cap.
1510 661 1571 719 5.)
1585 676 1601 712 ,·
1637 670 1681 704 et
1713 660 1768 704 ad
1794 659 1916 703 hunc
1951 659 2067 703 ordi-

43 734 67 766 ·'1
101 736 210 771 nem
234 726 428 786 pertinet
454 727 704 789 assumptio
731 727 961 771 humanae
996 736 1185 770 naturae
1212 740 1237 769 a
1263 725 1418 770 Verbo
1455 726 1558 781 Dei,
1590 728 1712 786 quod
1745 737 1813 772 est
1846 727 2066 771 terminus

102 793 440 854 assumptionis,
473 803 516 838 et
541 793 645 838 ideo
673 808 754 853 per
780 794 982 837 animam
1009 793 1160 837 unitur
1186 793 1325 836 carni.

15 914 18 916 v
41 871 65 896 ι
109 855 132 897 -Ξ
190 860 267 904 An
285 872 546 906 SECUNDUM
564 860 823 915 dicendum,
850 861 972 920 quod
1000 861 1035 905 si
1053 861 1311 920 hypostasis
1328 860 1468 904 Verbi
1488 861 1577 905 Dei
1594 861 1942 906 constitueretur
1962 861 2066 905 sim-

12 921 60 982 -ζῖ,
99 925 278 988 pliciter
303 929 383 988 per
399 927 650 972 humanam
670 939 894 983 naturam,
921 938 1184 987 sequeretur
1202 928 1323 1005 quod
1349 942 1513 986 corpus
1542 938 1659 972 esset
1676 929 1716 973 ei
1732 929 1939 983 vicinius,
1957 942 2062 972 cum

7 989 57 1046 Ψ
102 993 166 1047 ἐὴ
199 995 404 1050 materia,
441 1010 557 1055 quae
593 1005 660 1040 est
690 996 1062 1042 individuationis
1094 995 1392 1055 principium;
1419 997 1536 1039 sicut
1563 1005 1607 1039 et
1643 996 1811 1049 anima,
1848 1008 1965 1071 quae
1999 1005 2064 1039 est

98 1055 249 1109 &rma
273 1062 501 1123 specifica,
527 1063 824 1140 propinquius
851 1077 899 1107 se
915 1063 1053 1107 habet
1069 1063 1125 1106 ad
1142 1073 1352 1106 naturam
1379 1062 1656 1106 humanam.
1680 1063 1759 1107 sed
1788 1063 1893 1121 quia
1920 1062 2063 1120 hypo-

99 1129 230 1176 stasis
253 1128 395 1175 Verbi
419 1140 487 1175 est
522 1131 658 1189 prior,
686 1141 730 1174 et
757 1129 905 1185 altior,
939 1144 1077 1190 quam
1105 1131 1308 1174 humana
1333 1140 1508 1183 natura,
1535 1139 1663 1173 tanto
1690 1130 1735 1173 id
1762 1129 1885 1188 quod
1919 1139 1987 1172 est
2017 1130 2061 1172 in

98 1188 302 1242 humana
325 1206 501 1252 natura,
527 1198 825 1257 propinquius
844 1198 899 1242 ad
926 1212 1029 1241 eam
1056 1211 1104 1242 se
1130 1197 1281 1251 habet,
1300 1207 1470 1257 quanto
1494 1206 1561 1241 est
1587 1197 1745 1251 altius;
1773 1206 1818 1241 et
1842 1196 1947 1240 ideo
1965 1209 2065 1255 pro-

60 1262 311 1325 „pinquior
335 1273 404 1309 est
418 1264 572 1309 Verbo
594 1265 683 1309 Dei
709 1265 877 1319 anima,
904 1279 1043 1324 quarn
1072 1278 1250 1323 corpus.

111 1340 118 1355 ¹
143 1354 145 1358 .
190 1327 267 1376 AD
293 1343 511 1377 TER’HUM
536 1331 796 1386 dicendum,
823 1333 945 1392 quod
971 1331 1086 1376 nihil
1101 1331 1325 1391 prohibet,
1354 1330 1522 1390 aliquid
1541 1345 1639 1375 esse
1664 1344 1849 1375 causam
1873 1329 2063 1388 alicujus

0 1379 53 1442 ssss‘
101 1407 322 1459 quantum
348 1397 404 1442 ad
432 1398 743 1458 aptitudinem,
771 1409 816 1444 et
841 1399 1191 1459 congruitatem,
1218 1413 1309 1458 quo
1325 1409 1484 1443 tamen
1511 1408 1707 1453 remoto,
1725 1397 1837 1442 illud
1863 1412 1958 1442 non
1980 1397 2064 1442 tol-

99 1462 226 1511 Btur:
248 1464 355 1525 quia
379 1465 462 1510 etsi
488 1463 587 1510 fieri
613 1464 802 1524 alicujus
826 1466 1051 1526 dependet
1077 1481 1132 1511 ex
1159 1466 1329 1525 aliquo,
1346 1476 1590 1525 postquam
1606 1475 1763 1510 tamen
1789 1475 1857 1509 est
1873 1465 1919 1508 in
1939 1463 2062 1509 facto

102 1536 216 1589 esse,
243 1531 298 1576 ab
324 1545 381 1577 eo
406 1546 502 1577 non
529 1532 775 1593 dependet:
794 1535 911 1578 sicut
926 1534 965 1578 si
989 1534 1107 1578 inter
1128 1533 1304 1593 aliquos
1334 1534 1534 1578 amicitia
1562 1544 1773 1578 causatur
1799 1533 1953 1593 aliquo
1971 1547 2067 1577 me-

102 1598 268 1655 diante,
294 1611 351 1644 eo
376 1600 618 1644 recedente
645 1600 794 1644 adhuc
822 1600 1022 1645 amicitia
1048 1610 1276 1655 remanet3
1300 1611 1346 1645 et
1361 1601 1425 1645 sic
1453 1601 1590 1646 etiam
1607 1601 1646 1646 si
1672 1600 1824 1660 aliqua
1840 1601 1886 1644 in
1913 1600 2065 1644 matri-

103 1667 311 1712 monium
345 1667 523 1712 ducitur
548 1677 732 1727 propter
747 1667 1147 1727 pulchritudinem,
1169 1683 1285 1727 quae
1306 1667 1414 1712 facit
1440 1669 1775 1727 congruitatem
1801 1668 1847 1711 in
1870 1667 2062 1712 muliere

25 1735 27 1738 ’
101 1732 158 1778 ad
185 1733 399 1793 copulam
425 1733 731 1794 conjugalem,
758 1745 928 1790 tamen,
960 1734 1296 1794 pulchritudine
1324 1745 1543 1790 cessante,
1563 1735 1710 1779 adhuc
1738 1735 1870 1779 durat
1895 1734 2061 1794 copula

99 1799 377 1860 conjugalis:
406 1811 451 1846 et
474 1800 696 1856 similiter,
723 1812 929 1862 separata
955 1802 1123 1857 anima,
1149 1812 1354 1847 remanet
1380 1803 1490 1847 unio
1516 1801 1656 1846 Verbi
1682 1802 1738 1846 ad
1765 1816 1963 1846 carnem.

817 1965 1250 2023 ARTICULUS
1286 1966 1358 2021 II.
2006 1981 2058 2039 38

477 2100 669 2140 UTRUM
701 2100 795 2139 DEI
835 2101 1011 2139 FILIUS
1052 2101 1420 2140 ASSUMPSERIT
1459 2100 1675 2140 ANIMAM

614 2183 903 2223 MEDIANTE
931 2184 1145 2223 SPIRITU
1178 2184 1298 2223 SIVE
1326 2184 1529 2224 MENTE.

735 2294 880 2353 (Locis
903 2303 1031 2355 supra
1052 2302 1134 2341 art.
1160 2311 1196 2341 1.
1223 2296 1413 2354 notatis).

7 2440 50 2465 ,U
181 2402 260 2448 AD
291 2415 553 2449 SECUNDUM
578 2404 643 2448 sic
669 2405 943 2463 proceditur.
971 2405 1176 2460 Videtur,
1205 2406 1327 2465 quod
1354 2405 1493 2450 Filius
1523 2405 1612 2451 Dei
1643 2420 1736 2449 non
1765 2406 2058 2464 assumpserit

8 2487 41 2530 3
93 2468 296 2515 §nimam
322 2470 552 2516 mediante
578 2471 759 2532 spiritu:
796 2472 920 2517 idem
953 2473 1077 2517 enim
1103 2487 1197 2518 non
1230 2473 1349 2517 cadit
1382 2473 1587 2517 medium
1618 2473 1735 2517 inter
1766 2474 1981 2552 seipsum,
2014 2484 2059 2518 et

94 2535 263 2614 aliquid
291 2536 437 2582 aliud:
465 2538 545 2583 sed
571 2539 767 2597 spiritus,
795 2539 890 2584 sive
917 2554 1046 2585 mens
1063 2555 1157 2585 non
1177 2550 1245 2585 est
1263 2540 1422 2584 aliud*
1411 2555 1457 2585 111
1476 2541 1671 2585 essentia
1699 2541 1790 2584 ab
1778 2555 1876 2601 1psa
1889 2542 2056 2595 anima,

11 2592 42 2670 ³⁵3
79 2607 142 2672 „ut
164 2605 212 2649 in
236 2605 384 2665 prima
410 2615 536 2665 parte
561 2605 768 2651 habitum
796 2617 863 2651 est
891 2607 950 2667 (q.
972 2621 1038 2668 77.
1066 2614 1146 2653 art.
1173 2625 1209 2654 1.
1236 2608 1290 2652 ad
1314 2624 1333 2653 1
1340 2609 1399 2666 .);
1434 2622 1544 2667 ergo
1576 2607 1714 2652 Filius
1745 2608 1835 2652 Dei
1865 2623 1960 2653 non
1993 2623 2058 2653 as-

7 2687 18 2698 ⁶
84 2672 284 2737 >sumpsit
309 2672 512 2717 animam
538 2673 768 2718 mediante
794 2676 965 2734 spiritu,
992 2675 1087 2719 sive
1114 2686 1280 2720 mente.

181 2750 222 2783 2.
248 2738 544 2786 PRAETEREA.
573 2739 706 2795 Illud,
725 2755 816 2800 quo
836 2742 1066 2786 mediante
1088 2742 1208 2787 facta
1227 2753 1293 2786 est
1310 2743 1576 2802 assumptio,
1593 2743 1770 2786 videtur
1792 2757 1890 2788 esse
1907 2743 2054 2803 magis

92 2805 426 2869 assumptibile·
445 2808 525 2851 sed
547 2807 727 2867 spiritus
750 2809 844 2853 sive
863 2823 994 2854 mens
1015 2823 1109 2853 non
1133 2819 1200 2854 est
1216 2810 1363 2867 magis
1381 2810 1718 2869 assumptibilis‚
1735 2824 1874 2869 quam
1887 2810 2053 2864 anima3

32 2871 51 2914 s
91 2866 216 2933 quod
240 2883 365 2933 patet
403 2888 458 2918 ex
484 2874 590 2929 hoc,
625 2876 746 2934 quod
774 2876 953 2934 spiritus
987 2877 1182 2935 angelici
1207 2891 1302 2920 non
1329 2886 1433 2921 sunt
1470 2877 1820 2936 assumptibiles,
1846 2887 1894 2922 ut
1919 2892 2053 2937 supra

90 2938 264 2984 dictum
303 2950 372 2985 est
406 2941 467 3000 (q.
500 2955 543 2999 4.
578 2949 661 2987 art.
695 2944 779 2998 1.);
819 2957 930 3003 ergo
961 2944 1152 2999 videtur,
1185 2946 1308 3004 quod
1345 2944 1484 2989 Filius
1516 2945 1605 2989 Dei
1634 2959 1729 2989 non
1762 2946 2054 3004 assumpserit

24 3027 33 3030 >·
91 3006 293 3051 animam
320 3008 549 3053 mediante
575 3009 746 3069 spiritu.

181 3087 220 3152 3:
246 3073 545 3121 PRAETEREA.
566 3076 800 3122 Posterius
833 3078 1078 3123 assumitur
1105 3093 1128 3122 a
1155 3079 1304 3138 primo
1337 3078 1567 3124 mediante
1594 3079 1755 3156 priori:
1789 3079 1865 3124 sed
1901 3079 2052 3123 anima

87 3140 297 3186 nominat
317 3141 465 3201 ipsam
482 3144 742 3198 essentiam,
761 3159 877 3204 quae
897 3155 964 3189 est
989 3146 1112 3204 prior
1136 3145 1415 3200 naturaliter,
1443 3160 1580 3205 quam
1599 3146 1696 3205 ipsa
1713 3147 1916 3205 potentia
1943 3147 2051 3204 ejus,

18 3221 41 3270 3
89 3220 206 3268 quae
230 3217 302 3253 est
326 3222 480 3253 mens·
470 3223 617 3269 ,ergo
643 3211 835 3266 videtur,
863 3212 986 3271 quod
1012 3211 1152 3257 Filius
1177 3212 1266 3257 Dei
1292 3227 1385 3258 non
1413 3214 1707 3271 assumpserit
1733 3214 1934 3256 animam
1961 3227 2052 3258 me-

17 3283 39 3328 ‚·
87 3273 240 3319 diante
266 3275 438 3334 spiritu,
464 3278 558 3321 sive
584 3288 752 3323 mente.

32 3345 34 3347 ’
178 3340 273 3387 SED
300 3355 495 3388 CONTRA
523 3353 603 3398 est,
630 3345 753 3404 quod
781 3345 974 3406 August.
1002 3347 1147 3390 dicit
1136 3361 1183 3390 1n
1211 3346 1285 3390 lib.
1314 3346 1369 3390 de
1392 3348 1558 3405 Agone
1587 3345 1754 3390 Christ.
1783 3346 1899 3405 (cap.
1928 3346 2045 3404 18).-

7 3407 47 3450 .‘s
91 3421 117 3449 α
140 3406 398 3463 Invisibilis,
425 3418 469 3454 et
492 3410 883 3457 incommutabilis
909 3413 1075 3457 veritas
1092 3428 1172 3472 per
1198 3414 1403 3472 spiritum
1433 3413 1648 3465 animam,
1676 3422 1720 3456 et
1744 3426 1824 3471 per
1846 3413 2048 3457 animam

5 3479 45 3522 {11
89 3487 147 3519 co
202 3476 379 3521 wacci
413 3476 446 3520 it
471 3493 512 3520 ».

6 3533 19 3610 ᾗ
150 3489 466 3593 qilnspongflo
488 3543 747 3600 dicendum,
774 3546 912 3605 quod,
945 3546 1062 3590 sicut
1088 3546 1260 3590 dictum
1287 3555 1354 3590 est
1381 3545 1483 3601 (art.
1506 3546 1686 3604 praec),
1711 3544 1847 3589 Filius
1873 3546 1961 3591 Dei
1987 3547 2047 3591 di-

90 3606 206 3653 citur
229 3608 532 3670 assumpsisse
553 3624 735 3656 carnem
763 3612 917 3657 anima
941 3613 1184 3666 mediante,
1216 3622 1313 3656 tum
1346 3621 1530 3671 propter
1561 3612 1769 3656 ordinem
1802 3613 2046 3672 dignitatis,
