2352 3926
282 253 387 308 322
763 249 1042 291 oUAEsno
1080 249 1310 288 xxxv111.
1351 224 1658 289 ART1cULUs
1697 248 1755 286 11.

1000 460 1435 518 ARTICULUS
1471 461 1542 515 11.
2148 484 2241 536 1209

615 595 809 634 UTRUM
848 595 1149 633 BAPTISMUS
1184 595 1413 648 JOANNIS
1453 595 1650 633 FUERIT
1692 593 1728 631 A
1766 593 1899 632 DEO.
2130 548 2133 551 Ι
2183 570 2186 573 ᾗ

899 705 963 763 (2.
990 705 1110 750 Dist.
1135 719 1174 750 2.
1201 720 1240 764 q.
1266 719 1307 750 2.
1332 711 1413 749 art.
1439 720 1475 750 ι.
1502 719 1540 763 q.
1564 704 1637 763 3.).

371 817 447 861 AD
475 829 737 861 SECUNDUM
764 816 827 859 sic
851 815 1123 874 proceditur.
1144 814 1350 869 Videtur,
1369 815 1491 874 quod
1518 815 1769 874 baptismus
1789 813 1977 872 Joannis
2002 827 2096 858 non
2111 810 2246 858 fuerit

282 899 308 928 a
333 884 459 927 Deo:
487 882 603 926 nihil
630 883 752 926 enirn
785 882 1131 936 sacramentale,
1166 883 1288 941 quod
1322 893 1390 927 est
1417 897 1441 925 a
1474 883 1592 935 Deo,
1626 881 1948 925 denominatur
1974 881 2028 924 ab
2052 880 2245 924 homine

282 965 421 1010 puro;
450 951 566 994 sicut
590 949 841 1008 baptismus
866 964 1016 993 novae
1042 949 1157 1008 legis
1182 964 1276 993 non
1304 949 1467 993 dicitur
1498 949 1633 1002 Petri,
1665 949 1738 992 vel
1765 947 1910 1002 Pauli,
1943 947 2022 992 sed
2051 946 2243 992 Christi:

281 1018 361 1062 sed
387 1017 463 1061 ille
495 1016 748 1074 baptismus
781 1017 1102 1060 denominatur
1131 1030 1156 1059 a
1188 1017 1379 1074 Joanne,
1412 1016 1664 1059 secundum
1696 1015 1807 1058 illud
1844 1014 2005 1059 Matth.
2039 1027 2134 1059 21,:
2166 1013 2248 1059 Ba-

276 1087 451 1144 ptismus
476 1085 652 1141 Joannis
683 1083 789 1128 unde
822 1090 925 1138 erat,
959 1099 977 1127 e
1000 1083 1123 1137 coe10‚
1159 1097 1214 1127 an
1241 1097 1290 1127 ex
1322 1084 1589 1127 hominibus?
1621 1082 1743 1141 Ergo
1775 1082 2029 1141 baptismus
2055 1080 2244 1139 Joannis

280 1166 376 1196 non
401 1150 486 1195 fuit
508 1165 534 1194 a
559 1151 677 1194 Deo.

371 1230 411 1261 2.
445 1217 743 1262 PRAETEREA.
774 1216 941 1261 Omnis
969 1216 1175 1260 doctrina
1202 1215 1257 1259 de
1274 1230 1398 1260 novo
1420 1230 1445 1258 a
1462 1216 1564 1259 Deo
1588 1215 1842 1274 procedens
1866 1214 2088 1274 aliquibus
2105 1214 2245 1274 signis

283 1284 608 1337 confirmatur3
634 1284 753 1327 unde
781 1293 824 1326 et
836 1283 1081 1336 Dominus,
1118 1282 1264 1326 Exodi
1289 1295 1355 1337 4.,
1383 1283 1505 1326 dedit
1539 1283 1690 1341 Moysi
1722 1291 1995 1341 potestatem
2026 1282 2156 1340 signa
2186 1281 2247 1326 fa-

283 1352 456 1396 ciendi:
485 1361 529 1396 et
552 1351 665 1395 Heb.
686 1363 726 1394 2.
746 1350 930 1394 dicitur:
958 1349 1066 1394 Cum
1085 1349 1196 1394 fides
1213 1359 1368 1393 nostra
1381 1351 1644 1408 principium
1666 1351 1877 1408 accepisset
1899 1351 2096 1398 enarrari
2111 1363 2138 1393 a
2154 1348 2246 1405 Deo

274 1426 354 1478 per
379 1434 458 1472 eos,
487 1420 559 1476 qui
590 1418 825 1474 audierunt,
858 1419 903 1460 in
929 1432 1002 1460 nos
1028 1417 1276 1470 confirmata
1304 1423 1379 1470 est,
1415 1417 1765 1460 contestanteDeo
1789 1417 1932 1474 signis,
1954 1422 1993 1460 et
2014 1413 2245 1475 prodigiis:

281 1486 360 1530 sed
380 1485 435 1529 de
447 1485 624 1543 Joanne
648 1484 850 1543 Baptista
877 1484 1039 1527 dicitur
1060 1483 1190 1541 Joan.
1223 1497 1312 1527 1o.:
1335 1484 1514 1540 Joannes
1537 1485 1706 1541 signum
1713 1483 1818 1541 fecit
1841 1483 2001 1527 nullum
2013 1497 2031 1536 ;
2059 1495 2170 1541 ergo
2186 1482 2249 1526 vi·

285 1553 428 1605 detur,
458 1551 580 1610 quod
606 1551 872 1608 baptismus,
900 1565 991 1609 quo
1017 1549 1275 1609 baptizavit,
1302 1564 1396 1593 non
1424 1560 1542 1593 esset
1568 1563 1592 1592 a
1618 1550 1735 1593 Deo.
2232 1606 2234 1609 ἡ

375 1633 412 1677 3.
431 1619 730 1662 PRAETEREA.
756 1618 1069 1670 Sacramenta,
1097 1631 1213 1675 quae
1240 1626 1342 1660 sunt
1360 1617 1573 1660 divinitus
1599 1617 1816 1671 instituta,
1843 1615 2066 1676 aliquibus
2090 1629 2247 1661 sacrae

284 1686 544 1744 Scripturae
571 1684 824 1743 praeceptis
852 1686 1165 1728 continentur:
1192 1684 1269 1728 sed
1287 1684 1538 1743 baptismus
1559 1684 1747 1741 Joannis
1764 1697 1858 1727 non
1874 1683 2148 1743 praecipitur
2172 1683 2248 1728 ali-

283 1767 375 1811 quo
403 1762 647 1810 praecepto
675 1765 831 1795 sacrae
856 1751 1140 1810 Scripturae3
1168 1764 1279 1809 ergo
1305 1751 1497 1804 videtur,
1524 1750 1646 1810 quod
1672 1764 1765 1794 non
1792 1749 1927 1795 fuerit
1947 1764 1974 1794 a
1998 1751 2118 1795 Deo.

377 1819 471 1863 SED
501 1831 697 1863 CONTRA
725 1827 805 1872 est,
838 1818 961 1877 quod
995 1817 1158 1861 dicitur
1177 1817 1308 1875 Joan.
1352 1830 1413 1861 1.:
1454 1818 1543 1874 Qui
1568 1833 1631 1861 me
1655 1818 1769 1862 misit
1798 1819 2009 1876 baptizare
2042 1818 2088 1862 in
2118 1831 2244 1877 aqua,

280 1887 349 1931 ille
369 1887 475 1930 mihi
495 1885 630 1930 dixit:
661 1885 793 1944 Super
818 1900 938 1943 quem
958 1885 1112 1929 videris
1144 1886 1366 1944 Spiritum,
1393 1894 1481 1928 ὑπο.

372 1953 664 2015 RESPQNDEO
685 1952 943 2004 dicendum,
971 1951 1092 2010 quod
1120 1953 1165 1995 in
1187 1952 1414 2010 baptismo
1436 1951 1624 2009 Joannis
1643 1951 1721 1995 duo
1739 1961 1928 2010 possunt
1945 1951 2245 1997 considerari:

280 2021 437 2064 scilicet
462 2020 559 2078 ipse
586 2021 696 2063 ritus
720 2019 993 2076 baptizandi,
1013 2028 1057 2062 et
1074 2017 1259 2062 effectus
1277 2018 1513 2076 baptismi:
1539 2019 1650 2062 ritus
1668 2018 1852 2077 quidem
1877 2019 2136 2078 baptizandi
2151 2033 2247 2063 non

285 2086 371 2131 fuit
397 2101 452 2130 ex
477 2086 757 2139 hominibus,
784 2085 863 2129 sed
882 2099 908 2129 a
933 2086 1052 2139 Deo,
1079 2085 1156 2143 qui
1182 2084 1395 2128 familiari
1422 2085 1613 2143 Spiritus
1641 2085 1796 2129 Sancti
1816 2085 2095 2130 revelatione
2115 2085 2249 2144 Joan-

281 2168 390 2197 nem
426 2153 480 2197 ad
506 2153 830 2211 baptizandum
867 2152 1011 2206 misit3
1039 2151 1226 2195 effectus
1264 2162 1416 2195 autem
1453 2152 1573 2195 illius
1611 2152 1823 2211 baptismi
1847 2151 1931 2197 fuit
1954 2153 2009 2196 ab
2035 2145 2247 2208 homine,

285 2220 390 2279 quia
417 2220 531 2263 nihil
560 2220 605 2262 in
632 2219 712 2263 illo
755 2219 982 2277 baptismo
1010 2218 1301 2272 efficiebatur,
1319 2219 1440 2277 quod
1462 2219 1608 2262 homo
1634 2218 1783 2262 facere
1809 2232 1904 2263 non
1928 2229 2104 2279 posset;
2126 2220 2245 2266 unde

284 2301 379 2332 non
405 2287 490 2331 fuit
517 2301 542 2330 a
568 2285 669 2331 solo
696 2286 815 2339 Deo,
841 2286 930 2329 nisi
955 2285 1226 2344 inquantum
1251 2286 1378 2329 Deus
1404 2286 1450 2328 in
1475 2286 1666 2329 homine
1693 2296 1918 2345 operatur.

374 2354 450 2398 AD
483 2366 674 2398 PRIMUM
710 2367 819 2411 ergo
848 2353 1108 2406 dicendum,
1135 2353 1258 2411 quod
1295 2367 1376 2412 per
1410 2352 1688 2412 baptismum
1713 2367 1863 2397 novae
1887 2352 2002 2413 legis
2031 2351 2248 2399 homines

282 2421 472 2466 interius
506 2435 586 2479 per
619 2419 838 2478 Spiritum
873 2419 1058 2463 Sanctut
1086 2439 1090 2456 ι
1117 2419 1423 2479 baptizantur:
1458 2421 1580 2478 quod
1607 2418 1716 2464 facit
1736 2419 1862 2464 solus
1887 2420 2040 2475 Deus;
2071 2435 2152 2481 per
2175 2415 2263 2466 ba?

281 2489 501 2547 ptismum
515 2497 668 2531 autern
680 2487 867 2544 Joannis
884 2486 1035 2530 solum
1051 2504 1067 2530 «s
1078 2501 1215 2546 orpus
1234 2487 1538 2531 mundabatur
1552 2490 1689 2545 aquai
1709 2487 1828 2531 unde
1841 2486 2004 2532 dicitur
2014 2487 2176 2533 Matth.
2195 2502 2247 2548 3.:

282 2557 371 2614 Ego
391 2557 553 2614 baptizo
575 2569 649 2598 vos
675 2556 719 2597 in
744 2568 868 2611 aqua,
893 2554 961 2598 ille
986 2569 1058 2598 vos
1079 2555 1310 2613 baptizabit
1334 2556 1379 2597 in
1397 2554 1557 2613 Spiritu
1587 2554 1771 2599 Sancto:
1799 2562 1844 2598 et
1867 2554 1972 2599 ideo
1998 2555 2249 2614 baptismus

275 2623 463 2681 Joannis
500 2621 822 2666 denominatur
849 2621 901 2664 ab
930 2621 1056 2679 ipso;
1084 2621 1189 2679 quia
1222 2620 1397 2664 scilicet
1429 2619 1544 2663 nihil
1575 2620 1620 2663 in
1655 2634 1711 2664 eo
1740 2621 1970 2679 agebatur,
1998 2622 2121 2681 quod
2151 2622 2261 2682 ipse'

281 2704 376 2733 non
403 2698 581 2747 ageret:
608 2688 862 2747 baptismus
889 2698 1044 2731 autem
1070 2701 1219 2731 novae
1245 2687 1359 2745 legis
1386 2701 1480 2730 non
1514 2687 1836 2731 denominatur
1863 2702 1888 2731 a
1914 2688 2138 2743 ministro,
2172 2689 2250 2750 qui

284 2755 584 2816 principalem
609 2754 823 2813 baptismi
851 2753 1064 2798 effectum
1091 2768 1185 2797 non
1214 2754 1320 2812 agit,
1349 2753 1524 2797 scilicet
1548 2754 1813 2798 interiorem
1840 2754 2229 2801 emundationem.

329 2853 332 2857 A
371 2823 447 2866 AD
475 2834 736 2866 SECUNDUM
771 2820 1033 2874 dicendum,
1067 2821 1188 2879 quod
1222 2830 1318 2864 tota
1351 2820 1572 2874 doctrina,
1605 2830 1650 2864 et
1682 2821 1889 2880 operatio
1917 2821 2107 2880 Joannis
2134 2822 2250 2868 ordi·

283 2889 476 2934 nabatur
503 2889 558 2932 ad
587 2887 839 2941 Christum,
868 2887 945 2946 qui
972 2887 1261 2931 multitudine
1288 2887 1525 2945 signorum
1553 2897 1597 2931 et
1622 2901 1768 2942 suam,
1802 2898 1846 2932 et
1872 2888 2062 2947 Joannis
2087 2889 2251 2935 doctri-

282 2971 391 3000 nam
420 2955 735 2999 confirmavit:
765 2954 803 2998 si
830 2963 983 2997 autem
1000 2955 1200 3010 Joannes
1224 2953 1354 3011 signa
1377 2952 1574 3007 fecisset,
1591 2954 1804 2999 homines
1828 2969 1882 3000 ex
1904 2968 2051 3016 aequo
2066 2956 2249 3015 Joanni,

284 3033 328 3068 et
356 3023 543 3068 Christo
572 3021 888 3066 attendissent:
914 3030 958 3064 et
980 3020 1083 3064 ideo
1108 3031 1155 3064 ut
1177 3020 1390 3064 homines
1413 3021 1718 3080 principaliter
1743 3021 1930 3068 Christo
1951 3022 2249 3079 intenderem,

283 3105 377 3135 non
405 3099 473 3134 est
500 3090 655 3133 datum
677 3088 857 3146 Joanni,
885 3097 934 3131 ut
958 3087 1129 3131 faceret
1151 3087 1355 3146 signum:
1379 3088 1561 3145 Judaeis
1582 3099 1738 3132 tamen
1761 3090 2093 3149 quaerentibus,
2110 3091 2273 3151 quare*

283 3157 546 3216 baptizaret,
565 3154 853 3200 confirmavit
870 3167 1005 3197 suum
1029 3153 1232 3197 officium
1261 3156 1529 3198 auctoritate
1556 3154 1830 3214 Scripturae‚
1848 3155 2028 3201 dicens:
2055 3157 2144 3217 Ego
2163 3171 2250 3204 vox

285 3225 505 3269 clamantis
538 3225 582 3267 in
613 3222 783 3276 deserto,
804 3231 906 3275 etc.,
923 3231 972 3265 ut
993 3221 1154 3265 dicitur
1171 3222 1299 3278 Joan.
1329 3235 1379 3264 1.:
1399 3221 1497 3280 ipsa
1515 3222 1652 3266 etiam
1672 3222 1907 3268 austeritas
1923 3223 2042 3268 vitae
2064 3225 2160 3283 ejus
2182 3218 2250 3270 of·
2322 3227 2345 3276 ξ

284 3291 440 3335 ficium
470 3289 853 3334 commendabat:
881 3288 1001 3347 quia,
1029 3297 1076 3331 ut
1104 3287 1344 3346 Chrysost.
1364 3288 1472 3332 dicit
1493 3303 1626 3348 super
1645 3289 1806 3334 Matth.
1829 3289 1962 3347 (bom.
1978 3303 2043 3339 ιο.
2062 3305 2088 3335 a
2104 3289 2248 3350 med),
2321 3297 2352 3339 ὲ

290 3374 313 3399 «
336 3356 543 3402 mirabile
572 3367 668 3400 erat
692 3357 738 3400 in
765 3356 970 3399 humano
999 3369 1192 3414 corpore
1220 3364 1394 3398 tantam
1422 3356 1687 3414 patientiam
1714 3357 1868 3401 videre
1889 3372 1931 3400 n.

378 3426 452 3469 An
477 3436 694 3469 TERTIUM
718 3423 976 3475 dicendum,
996 3422 1117 3481 quod
1142 3421 1392 3480 baptismus
1410 3423 1597 3480 Joannis
1614 3437 1708 3467 non
1725 3422 1809 3468 fuit
1829 3415 2062 3469 ordinatus
2083 3439 2107 3469 a
2129 3424 2249 3482 Deo,
2318 3400 2337 3424 ξ’

286 3491 373 3535 nisi
400 3500 448 3535 ut
474 3491 662 3535 modico
690 3500 898 3549 tempore
925 3489 1120 3542 duraret,
1148 3498 1332 3547 propter
1364 3503 1522 3533 causas
1545 3490 1822 3549 praedictas;
1849 3499 1893 3534 et
1917 3490 2021 3536 ideo
2046 3505 2141 3536 non
2165 3487 2250 3537 fuit

289 3557 638 3601 commendatus
666 3556 820 3616 aliquo
847 3565 1090 3615 praecepto
1119 3555 1425 3599 communiter
1448 3556 1568 3600 edito
1592 3557 1637 3600 in
1670 3570 1798 3601 sacra
1821 3556 2068 3617 Scriptura,
2089 3556 2168 3604 sed
2188 3557 2262 3604 fa*v

289 3624 455 3668 miliari
483 3623 680 3683 quadam
709 3622 989 3668 revelatione
1017 3621 1208 3682 Spiritus
1237 3621 1407 3677 Sancti,
1435 3633 1482 3667 ut
1509 3623 1680 3667 dictum
1709 3633 1775 3669 est
1801 3624 2104 3686 (τινι-μακε).
