2352 3926
725 210 1005 257 Quasss‘no
1047 210 1119 249 L1.
1158 209 1466 250 ARr1cuLus
1507 210 1578 247 ιν.
2023 208 2131 263 437

172 321 320 357 morte
346 313 529 367 animae,
552 322 596 357 et
617 326 642 356 a
660 322 807 357 morte
834 314 1046 372 corporis:
1073 322 1119 358 et
1142 313 1232 357 hoc
1255 312 1535 372 significatur
1556 325 1635 371 per
1652 310 1763 357 duas
1780 319 1952 364 noctes,
1971 310 2133 370 quibus

173 377 383 424 Christus
408 378 455 423 in
480 378 723 438 sepulchro
750 380 1016 438 permansit:
1041 394 1167 424 mors
1194 390 1347 424 autem
1374 381 1487 438 ejus,
1500 380 1605 438 quia
1629 393 1724 423 non
1749 377 1834 423 fuit
1859 392 1914 422 ex
1938 388 2130 437 peccato

170 446 458 505 proveniens,
484 447 563 491 sed
590 461 645 490 ex
670 447 888 490 charitate
916 457 1140 505 suscepta,
1173 461 1267 490 non
1295 446 1452 490 habuit
1478 447 1703 490 rationem
1722 445 1885 499 noctis,
1907 446 1987 489 sed
2011 445 2131 500 diei;

170 521 215 556 et
238 512 343 556 ideo
370 512 648 571 significatur
675 527 753 571 per
778 513 900 556 diem
921 514 1165 571 integrum,
1184 527 1274 572 quo
1297 513 1504 557 Christus
1530 512 1612 557 fuit
1634 513 1679 556 in
1702 512 1946 572 sepulchro
1965 527 1975 556 z
1999 522 2044 556 et
2065 513 2130 557 sic

169 580 449 624 conveniens
466 579 549 623 fuit
565 581 685 638 quod
705 579 914 624 Christus
942 594 1031 623 una
1058 580 1143 632 die,
1172 589 1215 623 et
1242 580 1415 623 duabus
1433 580 1643 623 noctibus
1671 590 1789 624 esset
1806 580 1852 623 in
1870 578 2130 638 sepulchro.

258 646 334 690 AD
366 659 553 691 PRmUM
581 661 691 705 ergo
719 646 976 699 dicendum,
1006 646 1142 705 quod,
1170 647 1287 690 sicut
1318 646 1511 704 August.
1540 647 1648 690 dicit
1679 647 1725 690 in
1752 646 1827 690 lib.
1860 661 1896 705 3.
1925 646 1981 690 de
2010 646 2135 691 Con-

166 725 302 757 sensu
329 712 723 770 Evangelistarum
750 713 863 771 (cap.
886 726 958 769 24.
991 715 1036 756 in
1066 713 1207 771 med),
1250 728 1274 753 «
1297 713 1481 771 quidam
1515 714 1707 757 modum
1740 713 1986 757 locutionis
2014 713 2132 757 Scri-

168 788 325 838 pturae
345 780 612 833 nescientes,
630 789 813 823 noctem
832 779 1076 823 voluerunt
1099 794 1399 823 annumerare
1417 790 1507 823 tres
1524 779 1625 823 illas
1643 780 1780 824 horas
1799 794 1824 823 a
1841 790 1965 824 sexta
1988 795 2132 840 usque

167 845 224 890 ad
249 859 437 900 nonam,
454 846 615 906 quibus
640 845 712 890 sol
738 845 1003 890 obscuratus
1030 855 1110 900 est,
1129 855 1174 890 et
1198 846 1320 890 diem
1345 856 1437 890 tres
1458 846 1597 890 horas
1624 845 1750 900 alias,
1768 847 1930 906 quibus
1963 847 2130 892 iterum

164 913 294 957 terris
321 922 389 958 est
412 913 626 966 redditus,
644 912 759 957 idest
776 926 801 956 a
818 926 940 956 nona
962 927 1105 971 usque
1129 914 1184 957 ad
1202 913 1298 957 eius
1322 927 1564 967 occasum;
1588 914 1789 972 sequitur
1808 913 1932 958 enim
1953 928 2046 958 nox
2066 913 2133 958 fu-

164 979 254 1023 turi
265 979 449 1034 sabbati,
468 994 555 1038 qua
575 993 679 1023 cum
702 993 785 1023 suo
812 979 885 1023 die
913 989 1191 1038 computata,
1210 989 1339 1023 erunt
1361 980 1452 1038 jam
1481 979 1596 1024 duae
1618 990 1792 1034 noctes,
1819 990 1864 1024 et
1889 980 1980 1024 duo
2005 981 2129 1025 dies:

164 1059 302 1105 porro
336 1056 490 1090 autem
525 1056 627 1105 post
662 1046 899 1090 sabbatum
933 1046 1134 1105 sequitur
1165 1061 1256 1090 nox
1287 1047 1422 1106 primi
1448 1047 1635 1101 sabbati,
1668 1047 1784 1091 idest
1820 1046 2128 1091 illucescentis

164 1112 255 1159 diei
278 1112 529 1167 Dominici,
554 1114 601 1157 in
627 1128 716 1172 qua
741 1124 848 1157 tunc
875 1114 1105 1157 Dominus
1131 1114 1387 1167 resurrexit,
1422 1123 1467 1158 et
1498 1114 1560 1158 ita
1593 1114 1742 1158 adhuc
1773 1128 1869 1158 non
1902 1115 2129 1158 constabit

148 1179 280 1224 ratio
309 1180 448 1224 trium
479 1180 670 1233 dierum,
704 1191 747 1224 et
777 1181 915 1224 trium
946 1181 1176 1224 noctium:
1214 1191 1353 1225 restat
1389 1195 1514 1239 ergo,
1549 1191 1596 1225 ut
1627 1181 1717 1224 hoc
1759 1181 2014 1224 inveniatur
2045 1180 2126 1226 illo

165 1245 501 1307 Scripturarum
533 1249 698 1292 usitato
730 1247 947 1307 loquendi
978 1249 1135 1302 modo,
1169 1262 1260 1307 quo
1295 1262 1321 1291 a
1353 1259 1477 1307 parte
1509 1258 1660 1292 totum
1691 1247 1958 1307 intelligitur
1989 1265 2032 1302 »‚
2064 1248 2127 1292 ita

162 1313 339 1359 scilicet
362 1315 484 1374 quod
510 1329 650 1359 unam
675 1325 878 1368 noctem,
905 1325 949 1359 et
970 1330 1111 1359 unum
1139 1314 1261 1359 diem
1289 1315 1567 1373 accipiamus
1601 1329 1684 1374 pro
1712 1329 1805 1359 uno
1833 1316 1906 1360 die
1932 1315 2129 1359 naturali

161 1381 293 1440 (quod
315 1384 498 1441 sequitur
522 1383 618 1427 hab.
645 1383 716 1427 lib.
737 1397 778 1440 4.
797 1382 843 1427 de
868 1383 1023 1427 Trinit.
1047 1391 1138 1441 cap.
1167 1382 1233 1439 6.)
1245 1399 1261 1434 ‚·
1291 1393 1335 1426 et
1361 1383 1425 1426 sic
1454 1383 1625 1441 primus
1649 1383 1744 1427 dies
1762 1391 2053 1440 computatur
2070 1382 2124 1426 ab

161 1459 364 1493 extrema
389 1459 514 1508 parte
540 1450 624 1503 sui,
649 1464 737 1509 qua
765 1449 976 1494 Christus
1009 1450 1054 1492 in
1086 1459 1211 1494 sexta
1242 1449 1353 1493 feria
1379 1460 1447 1493 est
1473 1460 1695 1503 mortuus,
1730 1459 1775 1494 et
1806 1448 2034 1508 sepultus:
2061 1464 2126 1494 se-

162 1516 335 1560 cundus
362 1526 514 1560 autem
541 1516 635 1560 dies
663 1526 730 1560 est
754 1517 930 1575 integer
947 1531 1052 1559 cum
1069 1516 1428 1574 vigintiquatuor
1450 1517 1574 1560 horis
1601 1516 1850 1569 nocturnis,
1868 1527 1912 1560 et
1930 1516 2124 1561 diurnis:

160 1596 252 1627 nox
269 1591 422 1627 autem
438 1597 632 1642 sequens
658 1583 848 1642 pertinet
871 1582 926 1627 ad
942 1584 1125 1627 tertium
1149 1584 1291 1627 diem:
1323 1599 1347 1624 ε(
1369 1583 1486 1627 sicut
1511 1583 1634 1627 enim
1655 1583 1791 1642 primi
1817 1583 1911 1626 dies
1939 1593 2123 1642 propter

159 1648 361 1694 futurum
386 1650 586 1695 hominis
614 1649 793 1709 lapsum
821 1665 845 1694 a
871 1649 972 1694 luce
999 1650 1045 1693 in
1071 1660 1271 1705 noctem,
1298 1650 1360 1694 ita
1393 1651 1465 1694 isti
1496 1660 1681 1710 propter
1712 1650 1915 1694 hominis
1946 1664 2123 1710 repara-

161 1718 334 1763 tionem
362 1730 389 1761 a
412 1716 608 1763 tenebris
636 1726 960 1776 computantur
985 1717 1030 1760 in
1057 1716 1210 1760 lucem
1232 1734 1275 1762 2).

250 1784 328 1829 AD
353 1797 615 1831 SECUNDUM
636 1784 897 1842 dicendum,
924 1784 1061 1843 quod,
1089 1785 1204 1828 sicut
1229 1784 1424 1843 August.
1445 1785 1554 1829 dicit
1578 1785 1625 1828 in
1650 1797 1693 1839 4.
1721 1785 1776 1829 de
1801 1783 1928 1829 Trin.
1951 1787 2064 1845 (cap.
2084 1785 2127 1831 6.

161 1851 356 1910 implica,
375 1850 586 1896 Christus
611 1851 657 1895 in
684 1850 886 1895 diluculo
914 1852 1169 1904 resurrexit,
1189 1852 1232 1894 in
1251 1866 1342 1910 quo
1362 1851 1531 1910 aliquid
1557 1851 1672 1896 lucis
1696 1862 1895 1910 apparet,
1914 1864 1960 1897 et
1977 1853 2126 1896 adhuc

159 1928 318 1963 tamen
335 1917 505 1977 aliquid
521 1928 727 1962 remanet
742 1919 1032 1962 tenebrarum
1046 1918 1194 1961 noctis
1209 1933 1219 1971 ;
1237 1918 1356 1962 unde
1371 1918 1426 1961 de
1440 1918 1703 1962 mulieribus
1722 1919 1884 1962 dicitur
1895 1919 2025 1976 Joan.
2039 1931 2127 1973 20.,

160 1985 284 2046 quod
309 1999 404 2030 cum
429 1985 561 2030 adhuc
587 1991 712 2029 essent
733 1987 935 2038 tenebrae,
953 1990 1154 2029 venerunt
1179 1985 1233 2029 ad
1263 1992 1577 2029 monumentum
1589 2001 1606 2037 ;
1631 1985 1805 2029 ratione
1829 2000 1939 2043 ergo
1961 1986 2126 2030 harum

149 2053 448 2102 aenebrarum
476 2051 670 2111 Gregor.
688 2052 796 2095 dicit
813 2052 944 2110 (hom.
963 2066 1022 2096 21.
1042 2053 1086 2095 in
1108 2053 1267 2111 Evang.
1302 2066 1409 2096 vers.
1423 2053 1542 2110 fin),
1562 2052 1798 2096 Christum
1818 2053 1969 2096 media
1987 2063 2124 2097 nocte

158 2119 417 2174 surrexisse,
442 2133 537 2163 non
563 2119 747 2178 quidem
775 2119 919 2163 divisa
943 2129 1079 2162 nocte
1105 2119 1151 2162 in
1178 2119 1289 2162 duas
1316 2129 1465 2177 partes
1485 2119 1712 2177 aequales,
1727 2119 1807 2163 sed
1832 2119 1947 2163 infra
1972 2119 2121 2178 ipsam

157 2196 367 2241 noctem;
392 2186 505 2230 illud
531 2187 655 2230 enim
681 2186 933 2230 diluculum
960 2195 1004 2230 et
1029 2201 1131 2244 pars
1153 2187 1317 2240 noctis,
1337 2196 1381 2231 et
1407 2201 1510 2246 pars
1534 2187 1623 2231 diei
1643 2187 1731 2231 dici
1749 2198 1915 2245 potest,
1936 2197 2123 2247 propter

159 2253 528 2299 convenientiam
555 2267 693 2312 quam
721 2268 827 2297 cum
853 2263 1046 2312 utroque
1069 2254 1220 2298 habet.

248 2321 324 2367 AD
363 2333 580 2366 TERTIUM
605 2320 865 2374 dicendum,
897 2321 1019 2379 quod
1045 2321 1272 2364 intantum
1304 2320 1380 2364 lux
1412 2321 1459 2364 in
1492 2331 1639 2365 morte
1669 2321 1841 2366 Christi
1874 2321 2127 2380 praevaluit

158 2390 298 2449 (quae
323 2388 601 2448 significatur
626 2403 705 2447 per
731 2402 871 2432 unam
898 2388 1041 2445 diem)
1069 2388 1191 2446 quod
1217 2388 1426 2432 tenebras
1453 2389 1647 2432 duarum
1669 2389 1893 2444 noctium,
1912 2388 2029 2433 idest
2050 2388 2126 2432 du·

158 2456 288 2516 plicis
313 2455 474 2501 mortis
499 2465 697 2510 nostrae,
723 2455 932 2510 removit,
966 2466 1015 2499 ut
1041 2456 1215 2499 dictum
1242 2465 1310 2499 est
1335 2457 1403 2514 (in
1435 2464 1548 2515 corp.
1577 2455 1696 2513 art.).

821 2781 1268 2859 QUAESTIO
1319 2781 1443 2840 LII.

559 2934 639 2975 DE
687 2935 991 2976 DESCENSU
1041 2934 1277 2976 CHRISTI
1326 2935 1409 2975 AD
1457 2934 1728 2985 INFEROS,

688 3024 754 3064 IN
801 3024 955 3065 OCTO
998 3024 1330 3066 ARTICULOS
1377 3024 1598 3064 DIVISA.

248 3193 427 3239 Deinde
453 3192 835 3238 considerandum
863 3203 931 3238 est
956 3193 1012 3238 de
1039 3193 1261 3239 descensu
1290 3194 1462 3239 Christi
1489 3194 1544 3237 ad
1571 3193 1755 3237 inferos.

781 3304 837 3348 Et
861 3305 976 3349 circa
1000 3305 1074 3350 hoc
1101 3311 1361 3364 quaeruntur
1386 3311 1489 3349 octo.

248 3393 421 3439 Primo.
445 3393 610 3438 Utrum
632 3391 767 3437 fuerit
792 3393 1069 3438 conveniens
1098 3394 1334 3438 Christum
1361 3394 1417 3438 ad
1444 3392 1612 3437 inferos
1639 3389 1929 3435 descendere.

251 3460 480 3506 Secundo.
507 3461 559 3503 In
586 3473 723 3519 quem
748 3457 975 3504 infernum
1001 3460 1297 3506 descenderit.

252 3526 428 3572 Tertio.
455 3527 621 3571 Utrum
645 3535 768 3570 totus
793 3525 927 3571 fuerit
951 3527 998 3571 in
1023 3526 1216 3572 inferno.

224 3638 229 3641 ,
253 3593 447 3646 Quarto.
476 3593 642 3638 Utrum
670 3592 871 3652 aliquam
895 3607 1076 3638 moram
1100 3594 1164 3638 ibi
1187 3594 1384 3638 traxerit.
