2352 3926
1645 177 1666 221 ι

273 238 383 309 786
746 250 1026 298 QUAESTIO
1066 251 1288 290 Lxxxrv.
1327 249 1637 291 Annoums
1675 252 1771 291 vn.

360 350 401 400 2ss
429 355 727 400 PRAETEREA.
749 352 866 397 Illud
889 352 1013 412 quod
1033 352 1118 397 fuit
1127 352 1174 397 in
1187 353 1327 397 veteri
1348 352 1467 412 lege,
1478 352 1807 398 instituendum·
1816 367 1911 399 non
1921 353 2006 400 fixit
2023 354 2071 400 in
2086 365 2230 402 nova:

268 423 348 468 sed
366 423 503 468 etiam
520 423 566 466 in
583 421 725 466 veteri
742 420 846 479 lege
860 420 944 465 fuit
955 419 1256 479 poenitentia}
1273 419 1393 464 unde
1411 429 1456 464 et
1470 419 1700 473 Dominus
1714 421 2007 480 conqueritur
2021 422 2230 471 Hiemzss.

269 491 447 535 dicens:
481 489 634 535 Nullus
667 494 734 541 est,
769 489 841 547 qui
866 494 966 546 agat
991 489 1288 547 poenitentiam
1314 495 1439 547 super
1458 493 1626 547 peccato
1656 502 1748 544 suo,
1781 487 1943 534 dicens:
1977 487 2232 550 Quidflbci?

268 558 391 617 Ergo
418 556 697 616 poenitentia
722 569 818 599 non
844 555 998 600 debuit
1019 555 1193 600 institui
1216 555 1264 600 in
1289 569 1411 600 nova
1436 554 1552 614 lege.

363 639 399 682 3.
427 623 725 667 PRAETEREA.
753 622 1041 667 Poenitentia
1069 632 1402 682 consequenter
1427 636 1475 666 se
1499 622 1639 667 habet
1660 622 1716 667 ad
1736 623 2029 683 baptismum,
2047 637 2155 669 cum
2175 624 2234 670 sit

269 691 469 736 secunda
495 689 664 744 tabula,
691 700 740 734 ut
765 704 899 749 supra
931 689 1104 734 dictum
1137 700 1204 735 est
1233 690 1337 748 (art.
1365 690 1562 750 praec.):
1589 690 1669 734 sed
1694 691 1975 750 poenitentia
1998 691 2176 737 videtur
2207 707 2233 740 a

266 759 473 802 Domino
494 758 697 801 instituta
717 767 820 802 ante
838 757 1131 817 baptismum,
1157 771 1267 802 nam
1281 758 1328 802 in
1340 758 1562 817 principio
1580 758 1931 817 praedicationis
1946 773 2056 804 suae
2067 759 2232 806 dixisse

269 825 498 870 Dominus
525 824 692 884 legitur
716 825 876 869 Matth.
895 837 961 880 4.:
979 826 1279 870 Poenitentiam
1296 827 1430 884 agite:
1448 826 1809 885 appropinquavit
1823 827 1933 871 enim
1957 840 2134 885 regnum
2150 841 2233 872 coe-

266 893 406 937 lorum
415 907 432 945 ;
452 906 561 951 ergo
580 893 671 937 hoc
689 901 1029 936 sacramentum
1054 906 1149 936 non
1173 891 1259 937 fuit
1285 892 1609 937 convenienter
1625 892 1880 937 institutum
1902 893 1949 938 in
1974 907 2099 938 nova
2113 893 2230 953 lege.

356 972 399 1015 4.
426 960 727 1005 PRAETEREA.
763 960 1063 1005 Sacramenta
1093 974 1243 1005 novae
1276 960 1390 1019 legis
1423 960 1753 1005 institutionem
1779 961 1950 1006 habent
1974 975 2001 1006 a
2027 960 2231 1016 Christo,

265 1041 321 1072 ex
347 1028 474 1085 cujus
498 1027 663 1072 virtute
690 1037 949 1087 operantur,
976 1038 1025 1072 ut
1045 1042 1180 1087 supra
1197 1028 1371 1079 dictum
1389 1037 1456 1072 est
1480 1028 1541 1086 (q.
1570 1028 1639 1073 52.
1662 1035 1745 1073 art.
1762 1042 1800 1087 5.
1827 1034 1864 1074 et
1886 1043 1926 1088 q.
1953 1029 2026 1086 64.
2047 1035 2129 1074 art.
2150 1029 2230 1087 1.):

264 1094 344 1139 sed
368 1095 578 1139 Christus
603 1109 699 1140 non
720 1095 897 1140 videtur
918 1096 1165 1140 instituisse
1183 1095 1273 1140 hoc
1292 1105 1647 1149 sacramentum,
1674 1110 1780 1140 cum
1803 1096 1901 1155 ipse
1925 1110 2022 1141 non
2045 1097 2104 1141 sit
2123 1110 2245 1142 usus.

267 1176 339 1215 eo,
359 1163 476 1207 sicut
502 1163 600 1207 aliis
626 1164 939 1218 sacramentis,
962 1177 1078 1222 quae
1100 1163 1197 1221 ipse
1218 1162 1432 1217 instituit;
1449 1177 1558 1222 ergo
1575 1163 1667 1208 hoc
1682 1172 2020 1209 sacramentum
2035 1177 2132 1210 non
2145 1163 2231 1210 fuit

270 1232 595 1275 convenienter
617 1230 875 1275 institutum
900 1231 947 1274 in
972 1244 1095 1274 nova
1120 1229 1236 1288 lege.

359 1297 454 1342 SED
473 1310 670 1343 CONTRA
693 1307 773 1352 est,
798 1298 920 1357 quod
937 1298 1048 1342 dicit
1063 1297 1294 1341 Dominus
1313 1297 1423 1341 Luc.
1451 1295 1554 1341 ult.:
1587 1298 1815 1356 Oportebat
1833 1298 2049 1344 Christum
2059 1300 2171 1359 pati,
2195 1305 2232 1345 et

268 1379 478 1424 resurgere
503 1379 530 1409 a
554 1367 732 1411 mortuis
757 1365 820 1410 die
838 1367 978 1420 tertia,
1005 1371 1042 1410 et
1059 1364 1306 1425 praedicari
1330 1366 1375 1410 in
1399 1365 1567 1409 nomine
1588 1367 1675 1426 eJ'us
1689 1366 2007 1424 poenitentiam,
2032 1371 2072 1412 et
2091 1367 2233 1413 remis-2

267 1432 422 1476 sionem
440 1439 708 1497 peccatorum
733 1434 779 1476 in
805 1447 941 1486 omnes
965 1439 1110 1492 gentes.
2103 1455 2106 1457 v

357 1498 647 1545 RESPONDEo
675 1499 936 1554 dicendum,
970 1500 1107 1559 quod,
1140 1500 1257 1544 sicut
1281 1514 1417 1558 supra
1447 1499 1621 1544 dictum
1648 1509 1716 1545 est
1741 1500 1846 1559 (art.
1869 1515 1907 1547 ι.
1932 1501 2023 1561 huj.
2048 1516 2088 1562 q.
2114 1501 2170 1548 ad
2193 1518 2230 1550 1.

271 1572 307 1611 et
331 1581 356 1611 2
362 1567 442 1624 .'),
431 1581 478 1610 in
494 1567 586 1611 hoc
613 1577 900 1611 sacramento
929 1578 1055 1612 actus
1081 1568 1355 1627 poenitentis
1381 1581 1430 1612 se
1455 1567 1592 1611 habet
1613 1567 1730 1612 sicut
1746 1568 1962 1613 materia.
1987 1569 2034 1614 id
2060 1578 2230 1626 autem,

267 1634 390 1693 quod
417 1645 485 1679 est
518 1649 572 1679 ex
597 1645 723 1694 parte
755 1635 1019 1689 sacerdotis,
1053 1635 1131 1695 qui
1162 1645 1375 1694 operatur
1406 1644 1456 1679 ut
1486 1635 1694 1680 minister
1727 1635 1913 1691 Christi,
1938 1650 1989 1682 se
2012 1636 2162 1682 habetv
2181 1648 2231 1683 ut

267 1700 477 1756 formale,
505 1711 550 1746 et
577 1701 907 1761 completivum
933 1702 1230 1748 sacramenti:
1255 1702 1446 1747 materia
1462 1716 1573 1747 vero
1597 1703 1736 1747 etiam
1751 1703 1799 1748 in
1817 1702 1917 1748 aliis
1932 1705 2230 1751 sacramentis

268 1769 526 1827 praeexistit
551 1784 577 1813 a
602 1779 777 1824 natura,
804 1779 853 1815 ut
869 1784 1007 1829 aqua3
1030 1769 1104 1814 vel
1130 1769 1184 1813 ab
1212 1779 1320 1825 arte,
1343 1780 1393 1814 ut
1416 1770 1570 1829 panis:
1597 1770 1677 1815 sed
1699 1770 1823 1830 quod
1846 1770 1950 1817 talis
1961 1771 2152 1817 materia
2172 1773 2229 1818 ad

268 1845 606 1880 sacramentum
624 1847 893 1892 assumatur,
919 1838 1202 1882 institutione
1227 1837 1402 1896 indiget
1425 1837 1516 1881 hoc
1534 1837 1886 1883 determinante:
1904 1839 1984 1884 sed
1997 1838 2148 1887 forma
2163 1854 2231 1886 sa·

269 1904 504 1959 cramenti,
522 1914 567 1948 et
582 1904 723 1948 virtus
744 1904 884 1963 ipsius
901 1905 1103 1949 totaliter
1124 1915 1192 1949 est
1217 1919 1271 1949 ex
1297 1905 1578 1949 institutione
1597 1904 1783 1959 Christi,
1801 1919 1856 1950 ex
1872 1907 1999 1966 cujus
2015 1907 2227 1967 passione

267 1972 473 2029 procedit
496 1972 637 2016 virtus
663 1983 1070 2017 sacramentorum.
1095 1973 1171 2017 Sic
1190 1987 1300 2031 ergo
1318 1972 1451 2031 hujus
1469 1973 1743 2017 sacramenti
1760 1974 1950 2019 materia
1971 1975 2230 2034 praeexistit

261 2053 287 2082 a
310 2048 495 2094 natura;
518 2053 574 2083 ex
589 2039 783 2084 naturali
809 2041 933 2084 enim
959 2041 1135 2085 ratione
1160 2041 1307 2086 homo
1331 2050 1542 2085 movetur
1569 2040 1625 2085 ad
1651 2041 1980 2100 poenitendum
2005 2041 2062 2087 de
2078 2041 2227 2098 malis,

263 2121 379 2164 quae
406 2106 535 2151 fecit:
564 2107 644 2151 sed
672 2108 795 2166 quod
820 2108 927 2162 hoc,
952 2107 1026 2152 vel
1052 2107 1132 2152 illo
1161 2108 1303 2152 modo
1330 2108 1475 2152 homo
1502 2108 1834 2168 poenitentiam
1852 2118 1972 2168 agat,
1997 2110 2230 2155 estexin-

261 2173 495 2218 stitutione
526 2174 708 2230 divina3
742 2175 862 2220 unde
890 2185 934 2219 et
958 2176 1188 2220 Dominus
1215 2176 1261 2219 in
1287 2176 1510 2235 principio
1544 2175 1895 2235 praedicationis
1926 2190 2038 2222 suae
2067 2176 2230 2222 indixit

261 2241 542 2296 hominibus,
569 2252 618 2287 ut
638 2257 732 2286 non
754 2242 906 2288 solum
930 2244 1229 2301 poeniterent,
1252 2244 1331 2288 sed
1354 2244 1493 2288 etiam
1515 2243 1846 2302 poenitentiam
1871 2253 2073 2304 agerent,
2094 2244 2229 2304 signi-

262 2308 404 2352 ficans
431 2308 756 2354 determinatos
783 2310 948 2354 modos
982 2320 1181 2365 actuum,
1215 2310 1292 2369 qui
1324 2310 1612 2370 requiruntur
1654 2310 1710 2354 ad
1742 2310 1834 2355 hoc
1875 2320 2229 2357 sacramentum.

268 2375 359 2419 Sed
385 2375 430 2430 id
457 2376 579 2434 quod
606 2377 800 2435 pertinet
825 2377 881 2421 ad
910 2377 1114 2422 officium
1145 2378 1476 2432 ministrorum,
1509 2377 1828 2422 determinavit
1855 2378 2020 2423 Matth.
2057 2376 2126 2424 16.
2149 2379 2228 2424 ubi

265 2442 374 2487 dixit
398 2442 560 2487 Petro:
596 2443 693 2488 Tibi
717 2444 821 2489 dabo
849 2445 982 2490 claves
1007 2447 1124 2504 regni
1149 2446 1372 2499 coelorum,
1407 2455 1492 2489 etc.
1519 2444 1784 2489 Efficaciam
1818 2455 1970 2490 autem
2000 2445 2136 2504 hujus
2161 2460 2229 2491 sa-

265 2509 500 2564 cramenti,
518 2520 563 2555 et
588 2511 814 2570 originem
841 2512 1015 2556 virtutis
1034 2514 1130 2571 ers
1147 2511 1454 2557 manifestavit
1469 2522 1573 2572 post
1588 2513 1983 2568 resurrectionem,
2001 2513 2113 2558 Luc.
2130 2513 2227 2570 ult.‚
2274 2572 2281 2575 „

265 2577 341 2620 ubi
365 2577 487 2632 dixit,
515 2578 637 2637 quod
664 2585 823 2638 oportet
840 2579 1080 2638 praedicari
1105 2581 1149 2624 in
1172 2581 1337 2625 nomine
1355 2583 1441 2638 ejus
1449 2581 1765 2639 poenitentiam,
1789 2582 2228 2642 etfremissionempec-

263 2652 454 2691 catorum
479 2648 526 2691 in
553 2662 688 2692 omnes
711 2654 856 2706 gentes,
890 2648 1144 2707 praemisso
1171 2648 1226 2692 de
1252 2648 1478 2707 passione,
1511 2657 1556 2692 et
1587 2648 1931 2693 resurrectione.
1963 2647 2030 2697 Ex
2060 2648 2226 2694 virtute

262 2713 387 2757 enim
411 2713 614 2758 nominis
633 2714 739 2773 Jesu
768 2714 941 2759 Christi
967 2715 1192 2774 patientis,
1227 2725 1271 2759 et
1296 2715 1572 2774 resurgentis
1597 2715 1687 2759 hoc
1715 2725 2054 2761 sacramentum
2078 2714 2227 2761 effica-

263 2780 382 2825 ciam
399 2781 572 2825 habet
562 2796 608 2825 m
635 2781 954 2826 remissionem
981 2792 1290 2841 peccatorum.
1310 2782 1365 2826 Et
1391 2783 1453 2827 sic
1472 2792 1607 2842 patet,
1627 2783 1952 2828 convenienter
1967 2783 2060 2828 hoc
2080 2796 2226 2829 sacra-

263 2858 470 2892 mentum
496 2849 543 2893 in
569 2863 691 2893 nova
712 2848 815 2908 lege
842 2849 1099 2894 institutum
1130 2848 1283 2894 fuisse.

347 2915 423 2960 AD
455 2930 644 2961 PRIMUM
662 2931 773 2976 ergo
807 2917 1065 2971 dicendum,
1092 2917 1214 2977 quod
1242 2917 1296 2962 de
1322 2919 1420 2977 jure
1447 2905 1642 2963 naturali
1669 2928 1751 2973 est,
1778 2917 1902 2978 quod
1929 2915 2091 2979 aliquis
2117 2931 2224 2979 poe-

259 2982 400 3027 niteat
422 2983 477 3028 de
504 2983 636 3028 malis
663 2998 779 3043 quae
805 2983 926 3039 fecit,
954 2994 1173 3044 quantum
1194 2984 1249 3028 ad
1267 2985 1357 3029 hoc
1377 2985 1499 3044 quod
1517 2985 1671 3031 doleat
1697 2999 1751 3031 ea
1776 2984 1953 3040 fecisse,
1980 2994 2025 3031 et
2050 2984 2223 3032 doloris

259 3050 515 3101 remedium
548 3062 734 3111 quaerat
760 3066 839 3111 per
871 3051 1070 3112 aliquem
1097 3052 1304 3106 modum,
1331 3063 1376 3097 et
1402 3052 1525 3112 quod
1552 3053 1692 3099 etiam
1718 3052 1869 3114 aliqua
1894 3053 2026 3113 signa
2050 3051 2223 3099 doloris

260 3117 493 3174 ostendat3
528 3118 645 3163 sicut
677 3128 721 3163 et
751 3119 981 3164 Ninivitae
1012 3118 1231 3173 fecerunt,
1265 3129 1313 3164 ut
1338 3120 1484 3178 Jonae
1521 3135 1558 3180 3.
1590 3119 1778 3181 legitur:
1805 3120 1853 3165 in
1879 3119 2042 3181 quibus
2066 3129 2223 3166 tamen

257 3183 425 3244 aliquid
457 3184 541 3230 fuit
573 3186 837 3245 adjunctum
869 3186 988 3241 fidei,
1021 3200 1160 3246 quam
1194 3198 1501 3246 conceperant
1534 3203 1588 3232 ex
1614 3188 1952 3248 praedicatione
1979 3187 2141 3247 Jonae,
2172 3195 2224 3234 ut

255 3252 430 3297 scilicet
455 3253 545 3297 hoc
565 3264 752 3313 agerent
768 3254 848 3299 sub
872 3269 951 3313 spe
967 3254 1128 3299 veniae
1152 3255 1501 3314 consequendae
1520 3270 1545 3300 a
1561 3256 1680 3310 Deo,
1699 3255 1952 3300 secundum
1969 3253 2081 3300 illud
2097 3254 2221 3315 quod

253 3319 314 3364 ibi
341 3319 529 3379 legitur:
559 3322 667 3378 Quis
689 3324 779 3376 scit,
805 3323 842 3366 si
867 3328 1146 3375 convertatur,
1175 3329 1214 3367 et
1238 3323 1424 3380 ignoscat
1445 3324 1573 3379 Deus,
1601 3330 1638 3369 et
1663 3329 1902 3369 revertatur
1917 3336 1944 3368 a
1960 3322 2109 3382 furore
2130 3324 2221 3369 irae

253 3402 364 3440 suae,
393 3394 431 3433 et
455 3403 538 3433 non
562 3391 826 3448 peribimus?
854 3389 943 3434 Sed
971 3389 1089 3434 sicut
1114 3388 1216 3443 alia,
1243 3404 1358 3448 quae
1386 3401 1489 3435 sunt
1516 3391 1570 3435 de
1596 3393 1692 3449 jure
1719 3389 1928 3445 naturali,
1953 3389 2222 3446 determina·

253 3455 429 3499 tionem
457 3467 730 3516 acceperunt
752 3472 805 3502 ex
826 3457 1108 3502 institutione
1126 3456 1238 3516 legis
1257 3457 1451 3512 divinae,
1474 3468 1522 3502 ut
1547 3459 1592 3502 in
1613 3471 1652 3502 2.
1672 3459 1844 3502 dictum
1870 3468 1939 3503 est
1965 3457 2069 3516 (1-2.
2085 3472 2125 3518 q.
2153 3473 2216 3518 91.

252 3529 331 3567 art.
358 3537 400 3580 4.
429 3529 465 3568 et
490 3539 527 3582 q.
557 3539 618 3583 95.
647 3531 726 3570 art.
754 3539 794 3570 2.
822 3531 857 3569 et
881 3540 918 3583 q.
947 3525 1042 3585 99.)
1052 3540 1069 3577 ;
1097 3525 1160 3569 ita
1185 3524 1324 3568 etiam
1352 3535 1395 3569 et
1419 3526 1716 3583 poenitentia.

343 3590 419 3634 An
447 3604 707 3637 SECUNDUM
735 3592 996 3645 dicendum,
1018 3591 1139 3652 quod
1168 3605 1221 3636 ea
1247 3606 1364 3651 quae
1391 3602 1495 3637 sunt
1515 3594 1623 3652 juris
1649 3591 1882 3647 naturalis,
1908 3590 2215 3638 diversimode

252 3656 681 3705 determinationem
714 3659 943 3719 accipiunt
974 3659 1020 3703 in
1052 3658 1208 3714 veteri,
1242 3669 1287 3704 et
1313 3659 1360 3703 in
1386 3674 1507 3705 nova
1534 3660 1650 3719 lege,
1676 3659 1929 3706 secundum
1961 3658 2084 3720 quod
2110 3672 2215 3706 con·
