2352 3926
332 221 444 292 484
856 233 1135 279 QUAESTIO
1177 233 1306 272 Lvn.
1347 212 1657 274 Anrrcums
1694 234 1770 274 vr.

335 339 464 398 quasi
488 339 534 381 in
561 337 717 381 locum
745 335 1034 394 peregrinum
1053 335 1283 379 humanae
1298 345 1502 389 naturae,
1520 335 1642 381 bona
1660 337 1872 396 captione
1893 337 2111 397 captivos,
2136 347 2295 398 utpote

334 421 414 465 per
438 404 680 448 victoriam
714 402 982 460 acquisitos:
1016 402 1202 455 secundo,
1232 402 1338 461 quia
1364 403 1482 447 sicut
1515 403 1718 460 pontifex
1748 404 1796 448 in
1819 405 1963 450 veteri
1994 403 2294 451 Testamento

331 472 526 517 intrabat
551 470 908 522 santuarium,ut
925 469 1152 513 assisteret
1167 470 1270 514 Deo
1289 484 1370 528 pro
1394 469 1589 528 populo;
1616 470 1678 514 ita
1704 481 1749 515 et
1774 471 1984 517 Christus
2008 474 2188 521 intravit
2211 487 2296 518 coa-

334 542 420 585 lmn
453 538 506 582 ad
536 535 878 594 interpellandum
904 544 985 595 pro
1016 538 1149 591 nobis,
1183 546 1230 581 ut
1263 536 1426 581 dicitur
1458 536 1572 581 Heb.
1607 549 1648 595 7.
1678 537 1781 596 Ipsa
1799 538 1923 582 enim
1940 540 2294 598 repraesentatio

333 607 402 651 sui
428 621 482 649 ex
507 614 668 647 natura
684 603 902 656 humana,
921 617 1060 662 quam
1077 603 1124 647 in
1142 602 1324 648 coelum
1350 603 1514 658 intulit,
1542 613 1610 648 est
1629 605 1856 663 quaedam
1887 604 2192 665 interpellatio
2212 620 2295 665 pro

333 673 489 726 nobis;
523 681 571 714 ut
603 685 656 714 ex
690 685 780 729 quo
812 670 939 714 Deus
972 670 1224 715 humanam
1258 681 1469 716 naturam
1501 671 1566 715 sic
1600 671 1814 716 exaltavit
1843 672 1890 716 in
1924 671 2126 727 Christo,
2148 673 2295 718 *etiam

333 754 493 784 eorum
512 739 794 792 misereatur,
817 751 899 796 pro
918 738 1079 797 quibus
1101 738 1240 782 Filius
1256 739 1344 783 Dei
1366 739 1619 782 humanam
1645 748 1855 783 naturam
1872 740 2136 799 assumpsit:
2159 742 2294 795 tertio,

333 818 381 851 ut
406 807 451 850 in
480 805 718 850 coelorum
746 805 851 849 sede
871 805 999 864 quasi
1023 806 1164 860 Deus,
1193 815 1235 850 et
1251 806 1479 850 Dominus
1500 807 1784 860 constitutus,
1811 806 1972 851 exinde
1997 806 2151 851 divina
2175 806 2297 851 dona

334 874 599 918 hominibus
625 873 837 926 mitteret,
870 873 1122 916 secundum
1154 873 1266 917 illud
1303 873 1467 932 Ephes.
1501 886 1569 928 4.:
1602 873 1800 918 Ascendit
1830 882 1954 934 super
1983 888 2121 919 omnes
2151 874 2294 929 coelos,

332 948 377 986 ut
403 941 646 1000 adimpleret
671 942 828 994 omnia,
855 939 1030 984 scilicet
1059 956 1082 981 «
1103 940 1233 984 donis
1255 942 1405 994 suis»,
1430 941 1682 984 secundum
1711 940 1927 985 Glossam
1953 940 2154 999 (interl).

422 1008 498 1052 AD
525 1021 714 1052 PRIMUM
741 1021 850 1065 ergo
880 1007 1138 1060 dicendum,
1165 1008 1287 1066 quod
1315 1008 1522 1051 ascensio
1558 1007 1728 1052 Christi
1756 1018 1824 1052 est
1861 1022 1997 1053 causa
2022 1018 2206 1053 nostrae
2231 1021 2298 1052 sa-

333 1075 453 1131 lutis,
479 1089 573 1119 non
601 1088 679 1133 per
705 1075 896 1118 modum
919 1074 1082 1128 meriti,
1101 1075 1179 1119 sed
1205 1088 1285 1134 per
1311 1075 1504 1119 modum
1531 1075 1816 1130 efficientiae,
1841 1077 1961 1121 sicut
1985 1089 2121 1136 supra
2146 1075 2202 1120 de
2226 1089 2296 1120 re·-

334 1142 613 1187 surrectione
640 1141 812 1185 dictum
840 1151 907 1185 est
933 1141 991 1200 (q.
1015 1150 1159 1200 praec.
1182 1148 1262 1186 art.
1290 1142 1361 1200 1.).
1928 1195 1934 1201 Ι

423 1210 500 1254 AD
527 1222 789 1254 SECUNDUM
816 1209 1075 1262 dicendum,
1105 1209 1228 1267 quod
1264 1209 1415 1268 passio
1445 1208 1616 1253 Christi
1652 1219 1720 1254 est
1756 1224 1894 1254 causa
1923 1219 2108 1255 nostrae
2144 1223 2298 1255 ascen-

335 1277 476 1321 sionis
500 1279 545 1320 in
573 1275 772 1333 coelum,
795 1275 975 1335 proprie
1003 1275 1250 1334 loquendo,
1277 1290 1357 1334 per
1381 1276 1689 1320 remotionem
1721 1277 1899 1335 peccati
1929 1276 2228 1336 prohibentis,
2253 1287 2298 1322 et

333 1358 414 1403 per
454 1343 645 1388 modum
690 1343 863 1387 meriti:
908 1344 1115 1386 ascensio
1150 1352 1304 1386 autem
1338 1342 1511 1386 Christi
1544 1352 1613 1386 est
1643 1343 1814 1388 directe
1846 1357 1984 1388 causa
2016 1343 2297 1389 ascensionis

333 1422 532 1464 nostrae,
550 1410 680 1469 quasi
695 1409 958 1453 inchoando
976 1410 1122 1468 ipsam
1140 1409 1188 1453 in
1207 1410 1354 1468 capite
1372 1419 1547 1464 nostro,
1560 1411 1633 1453 cui
1650 1418 1832 1467 oportet
1847 1410 2055 1455 membra
2066 1410 2297 1470 conjungi.

421 1479 497 1522 AD
518 1490 734 1526 TERTIUM
753 1477 1010 1532 dicendum,
1034 1476 1156 1535 quod
1185 1477 1393 1521 Christus
1412 1475 1557 1521 semel
1575 1476 1824 1521 ascendens
1841 1477 1888 1521 in
1905 1476 2091 1522 coelum
2108 1476 2297 1536 adeptus

333 1555 400 1590 est
425 1545 522 1598 sibi,
556 1554 602 1588 et
631 1544 762 1587 nobis
805 1544 852 1586 in
883 1553 1151 1602 perpetuum
1177 1544 1261 1601 Jus,
1290 1553 1334 1587 et
1363 1543 1631 1602 dignitatem
1664 1544 1916 1589 mansionis
1948 1543 2190 1590 coelestis:
2223 1543 2299 1588 cui
2344 1589 2352 1605 ὦ

329 1624 485 1657 tamen
512 1611 720 1671 dignitati
744 1625 839 1654 non
861 1611 1065 1670 derogat,
1093 1611 1132 1655 si
1157 1625 1211 1655 ex
1238 1610 1390 1670 aliqua
1416 1611 1754 1670 dispensatione
1781 1611 1991 1658 Christus
2021 1611 2297 1672 quandoque

330 1679 628 1739 corporaliter
646 1679 700 1722 ad
718 1689 886 1722 terram
906 1678 1176 1732 descendat3
1200 1678 1275 1723 vel
1291 1688 1341 1723 ut
1363 1679 1574 1723 ostendat
1599 1693 1647 1723 se
1665 1679 1892 1734 omnibus,
1907 1679 2026 1724 sicut
2040 1681 2086 1724 in
2101 1678 2296 1738 judici03
2350 1692 2352 1739 ᾗ

328 1748 403 1792 vel
429 1758 478 1792 ut
504 1746 714 1791 ostendat
738 1760 786 1789 se
815 1745 951 1789 alicui
987 1745 1259 1804 specialiter,
1294 1746 1411 1790 sicut
1445 1746 1607 1800 Paulo,
1644 1757 1693 1791 ut
1727 1747 1921 1792 habetur
1957 1747 2062 1792 Act.
2088 1760 2131 1807 9.
2156 1745 2215 1793 Et
2237 1761 2297 1791 ne
2350 1763 2352 1766 ·

327 1816 426 1875 quis
454 1815 621 1868 credat,
643 1814 734 1858 hoc
752 1812 926 1858 factum
951 1812 1088 1857 fuisse
1115 1827 1208 1857 non
1228 1813 1414 1858 Christo
1439 1814 1500 1857 ibi
1525 1815 1824 1873 corporaliter
1847 1823 2100 1873 praesente,
2114 1814 2195 1860 sed
2221 1813 2298 1858 ali·

329 1883 520 1942 qualiter
557 1891 816 1940 apparente,
845 1881 1124 1924 contrarium
1162 1890 1348 1940 apparet
1388 1895 1469 1939 per
1501 1881 1593 1924 hoc
1627 1881 1749 1940 quod
1776 1883 1871 1941 ipse
1899 1880 2155 1942 Apostolus
2185 1880 2297 1926 dicit

331 1966 366 1995 1.
387 1951 442 1994 ad
471 1950 580 1996 Cor.
613 1963 678 2007 15.
699 1949 754 1992 ad
782 1948 1147 1993 confirmandam
1175 1949 1518 1992 resurrectionis
1541 1948 1703 1995 fidem:
1722 1949 1957 1995 Novissime
1983 1951 2186 2004 omnium,
2205 1954 2297 1994 tan-
2342 1935 2352 2001 3,

326 2033 451 2077 quam
483 2018 696 2070 abortivo,
721 2018 833 2060 visus
863 2022 921 2060 est
951 2022 987 2060 et
1018 2016 1135 2059 mihi.
1172 2014 1306 2067 Quae
1334 2015 1518 2074 quidem
1544 2016 1660 2060 visio
1687 2017 1925 2061 veritatem
1951 2015 2296 2061 resurrectionis

326 2099 420 2129 non
447 2085 674 2144 probaret,
716 2083 802 2126 nisi
827 2083 979 2142 ipsum
1000 2096 1162 2127 verum
1188 2081 1361 2127 Christi
1387 2096 1552 2141 corpus
1583 2083 1731 2127 visum
1758 2082 1919 2128 fuisset
1945 2083 2100 2129 abeo.

936 2465 1384 2543 QUAESTIO
1430 2465 1643 2525 Lvm.

550 2622 631 2662 DE
682 2621 962 2662 SESSIONE
1017 2620 1251 2662 CHRISTI
1307 2621 1390 2660 AD
1446 2620 1774 2661 DEXTERAM
1824 2619 2031 2662 PATRIS
2051 2646 2064 2673 ‚

810 2710 875 2749 IN
909 2709 1196 2761 QUATUOR
1230 2710 1559 2751 ARTICULOS
1591 2710 1813 2751 DIVISA.
1969 2695 1971 2698 ⁴

414 2888 592 2933 Deinde
619 2887 1002 2933 considerandum
1030 2898 1097 2932 est
1122 2887 1176 2932 de
1204 2888 1406 2932 sessione
1434 2887 1606 2933 Christi
1640 2887 1695 2937 ad
1723 2887 1956 2933 dexteram
1981 2887 2142 2934 Patris.

901 3000 955 3044 Et
987 3001 1102 3043 circa
1128 2999 1201 3043 hoc
1235 3005 1491 3058 quaeruntur
1522 3006 1716 3058 quatuor.

415 3091 586 3136 Primo.
614 3091 780 3135 Utrum
809 3089 1016 3134 Christus
1044 3088 1197 3133 sedeat
1224 3089 1278 3132 ad
1306 3089 1538 3133 dexteram
1565 3090 1653 3134 Dei
1678 3089 1840 3134 Patris.

415 3158 642 3203 Secundo.
671 3158 837 3202 Utrum
859 3158 948 3201 hoc
973 3158 1215 3201 conveniat
1241 3160 1280 3201 ei
1304 3158 1556 3202 secundum
1583 3158 1783 3214 divinam
1810 3168 2035 3204 naturam.

416 3226 591 3270 Tertio.
624 3226 790 3270 Utrum
819 3224 1061 3275 conveniat
1094 3226 1133 3268 ei
1161 3225 1412 3269 secundum
1444 3226 1696 3270 humanam
1719 3236 1945 3271 naturam.

417 3294 611 3347 Quarto.
640 3293 805 3338 Utrum
831 3292 921 3336 hoc
949 3292 1003 3336 sit
1030 3292 1265 3351 proprium
1300 3292 1485 3336 Christi.

2344 2143 2352 2184 i

2342 2187 2352 2225 ‘i
