2352 3926
605 254 881 299 QUAESTIO
922 253 1419 294 xxlv.ART1ctJLus
1461 254 1495 292 1.
1948 253 2054 307 217

72 396 73 399 ,
181 371 219 418 3.
250 357 550 402 pum-Emi.
579 355 708 400 Sicut
731 354 843 399 illud
871 355 993 414 quod
1021 365 1090 400 est
1114 355 1302 410 factum,
1328 369 1422 401 non
1443 368 1626 415 semper
1645 354 1743 409 fuit,
1769 353 1840 398 ita
1858 363 1902 398 et
1928 353 2055 408 illud,

37 420 211 487 quod
242 433 310 469 est
334 423 747 483 praedestinatum;
779 435 836 466 eo
868 422 991 481 quod
1022 423 1374 481 praedestinatio
1410 421 1776 467 antecessionem
1807 421 2056 480 quamdam

42 491 327 555 importat:
371 490 450 535 sed
488 490 594 550 quia
627 488 837 534 Christus
873 502 1054 546 semper
1089 488 1173 532 fuit
1202 489 1343 543 Deus,
1377 498 1421 533 et
1451 488 1571 533 filius
1603 488 1708 543 Dei,
1738 501 1834 533 non
1875 488 2055 548 proprie

39 557 253 607 &citur
276 557 399 618 quod
425 557 571 601 homo
598 555 675 600 ille
693 555 751 600 sit
770 555 917 600 factus
934 555 1052 599 filius
1080 555 1198 609 Dei;
1225 569 1336 614 ergo
1364 556 1462 614 pari
1482 556 1659 633 ratione
1683 569 1779 600 non
1802 555 1936 599 debet
1951 554 2055 603 dici,

34 624 210 688 quod
246 624 456 670 Christus
484 624 542 668 sit
565 623 925 683 praedestinatus
950 621 1070 666 filius
1100 622 1203 666 Dei.

177 691 274 737 SED
301 703 498 737 CONTRA
533 700 615 745 est,
643 689 765 749 quod
793 687 1046 748 Apostolus
1073 688 1181 732 dicit
1201 688 1338 732 Rom.
1371 702 1406 733 1.
1434 688 1490 733 de
1510 689 1700 733 Christo
1726 688 1941 748 loquens.
1967 689 2059 746 Qui

35 757 415 824 praedestinatus
445 764 503 803 est
515 757 636 817 filius
660 758 745 801 Dei
770 758 815 800 in
845 758 1012 800 virtute.

37 870 39 874 Α
175 822 466 870 Rsssronnno
493 822 752 876 dicendum,
780 823 918 881 quod,
944 822 1062 866 sicut
1086 830 1210 880 patet
1235 835 1289 865 ex
1313 821 1386 865 his
1413 835 1529 880 quae
1551 823 1598 865 in
1620 823 1766 880 prima
1785 832 1911 880 parte
1938 821 2058 866 dicta

36 882 43 898 ⁷³
87 898 193 938 sunt
219 891 278 950 (q.
307 905 366 950 ²3·
393 897 476 936 art.
509 907 545 936 1.
572 896 612 935 et
633 903 654 947 5
657 890 706 947 .)‚
742 889 1094 949 praedestinatio
1122 889 1302 948 proprie
1335 898 1523 947 accepta
1556 898 1623 933 est
1650 889 1875 947 quaedam
1905 889 2059 933 divina

47 991 48 996 ,
85 957 426 1020 praeordinatio
455 956 508 1001 ab
543 966 729 1001 aeterno
758 956 813 1000 de
839 955 925 1009 his,
960 969 1076 1014 quae
1103 970 1182 1015 per
1214 956 1410 1014 gratiam
1431 955 1521 1000 Dei
1552 966 1657 1000 sunt
1687 956 1838 999 fienda
1870 956 1916 998 in
1948 966 2059 999 tem-

86 1036 227 1085 pore:
249 1033 318 1068 est
343 1032 497 1068 autem
518 1023 609 1067 hoc
627 1023 673 1066 in
692 1033 900 1081 tempore
926 1021 1098 1067 factum
1115 1036 1196 1082 per
1213 1023 1406 1081 gratiam
1434 1022 1617 1067 unionis
1644 1036 1669 1066 a
1695 1022 1814 1076 Deo,
1837 1032 1887 1066 ut
1911 1022 2058 1066 homo

39 1128 51 1139 ,γ
86 1099 208 1136 esset
230 1090 358 1135 Deus
384 1099 430 1134 et
453 1090 581 1134 Deus
608 1099 727 1134 esset
751 1089 919 1133 homo:
946 1103 1031 1133 nec
1065 1099 1215 1147 potest
1239 1089 1344 1143 dici,
1372 1089 1495 1148 quod
1520 1089 1648 1133 Deus
1676 1089 1729 1132 ab
1755 1100 1940 1133 aeterno
1963 1102 2059 1134 non

85 1156 474 1218 praeordinaverit
501 1156 592 1200 hoc
626 1170 674 1201 se
700 1155 927 1200 facturum
958 1156 1005 1199 in
1027 1165 1259 1214 tempore:
1295 1156 1402 1215 quia
1428 1166 1706 1215 sequeretur,
1733 1155 1857 1215 quod
1880 1155 2060 1199 divinae

36 1228 46 1269 f'
85 1222 231 1269 menti
256 1222 427 1283 aliquid
455 1223 510 1268 de
536 1237 660 1267 novo
685 1223 933 1281 accideret:
953 1233 998 1267 et
1028 1223 1134 1267 ideo
1167 1233 1349 1282 oportet
1375 1223 1542 1278 dicere,
1570 1223 1693 1282 quod
1725 1223 1823 1282 ipsa
1851 1223 1960 1265 unio
1987 1236 2062 1265 na-

38 1288 49 1331 ἒ,
84 1299 291 1336 utrarum
311 1291 358 1334 in
381 1299 575 1349 persona
593 1289 767 1334 Christi
785 1290 916 1334 cadat
939 1291 1019 1334 sub
1044 1300 1227 1334 aeterna
1248 1291 1337 1334 Dei
1354 1291 1794 1350 praedestinatione3
1822 1301 1867 1334 et
1884 1291 2060 1333 ratione

43 1361 45 1363 ’
85 1356 221 1418 hujus
247 1357 456 1402 Christus
489 1357 652 1401 dicitur
678 1371 776 1402 esse
808 1357 1180 1416 praedestinatus.

6 1427 7 1430 ’
31 1425 53 1481 ’,[
177 1425 254 1470 AD
290 1437 480 1470 PRIMUM
506 1437 618 1484 ergo
644 1425 904 1478 dicendum,
937 1424 1060 1483 quod
1082 1424 1334 1484 Apostolus
1359 1425 1423 1468 ibi
1453 1424 1656 1484 loquitur
1680 1423 1736 1468 de
1762 1422 2062 1483 praedestina·

85 1491 229 1546 tione,
255 1506 344 1551 qua
369 1506 455 1536 nos
480 1492 886 1550 praedestinamur,
909 1500 958 1535 ut
982 1492 1125 1536 simus
1155 1491 1236 1535 filii
1269 1492 1491 1551 adoptivi:
1519 1492 1636 1536 sicut
1669 1501 1823 1535 autem
1850 1490 2062 1535 Christus

39 1588 42 1595 .,
86 1558 308 1618 singulari
332 1559 474 1603 modo
501 1573 609 1618 prae
637 1558 735 1603 aliis
763 1568 831 1603 est
854 1558 943 1602 Dei
968 1558 1088 1603 filius
1113 1558 1355 1614 'naturalis;
1373 1559 1435 1603 ita
1453 1559 1655 1617 quodam
1677 1557 1898 1617 singulari
1918 1556 2061 1601 modo

32 1624 45 1627 ⁷
87 1635 156 1672 est
181 1626 553 1686 praedestinatus.

34 1689 47 1746 ,ἶ
178 1693 255 1737 An
274 1705 534 1737 SECUNDUM
562 1693 823 1746 dicendum,
847 1693 984 1751 quod,
1000 1693 1120 1738 sicut
1146 1693 1344 1737 dicitur
1333 1708 1380 1737 ιιι
1409 1692 1561 1737 Gloss.
1585 1693 1697 1751 (ord.
1714 1701 1805 1753 sup
1826 1692 1953 1737 illud.-
1973 1693 2064 1749 Qui

28 1759 478 1821 praedeitmatusest
478 1759 597 1819 filzus
612 1761 709 1813 Det,
724 1766 761 1804 et
778 1766 836 1805 est
847 1761 958 1818 Aug
973 1761 1044 1805 lib.
1063 1760 1110 1805 de
1129 1760 1336 1805 Panedest
1357 1761 1496 1806 Sanct.
1516 1769 1607 1820 cap.
1622 1775 1677 1820 15.
1689 1760 1815 1805 amed
1819 1760 1852 1817 .)
1870 1759 2006 1803 Rom.
2026 1774 2064 1805 1.
2088 1809 2090 1811 ,

2 1869 7 1876 ,
30 1826 276 1887 quidam
303 1827 525 1880 dixerunt,
547 1827 1010 1886 praedestinationem
1027 1826 1374 1886 intelligendam
1398 1841 1495 1872 esse
1513 1827 1568 1871 de
1590 1837 1766 1880 natura,
1782 1841 1878 1870 non
1896 1816 1951 1870 de
1969 1840 2063 1884 per-

4 1895 6 1947 }
42 1900 46 1902 ’
88 1906 225 1939 sona:
253 1894 359 1952 quia
385 1893 559 1938 scilicet
588 1893 820 1938 humanae
845 1904 1034 1938 naturae
1064 1893 1185 1938 facta
1212 1904 1279 1938 est
1303 1894 1418 1939 haec
1453 1895 1609 1953 gratia,
1643 1904 1692 1938 ut
1717 1894 1920 1938 uniretur
1945 1892 2061 1937 Filio

89 1959 216 2005 Dei·
204 1975 251 2004 m
276 1961 447 2005 unitate
473 1975 717 2020 personae:
746 1960 824 2005 sed
851 1961 1105 2005 secundum
1130 1961 1220 2005 hoc
1248 1961 1420 2006 locutio
1453 1960 1667 2020 Apostoli
1699 1970 1765 2005 est
1797 1961 2061 2019 impropria,

88 2037 272 2088 propter
296 2027 403 2072 duo:
424 2029 571 2087 primo
606 2027 790 2087 quidem
822 2027 998 2071 ratione
1032 2028 1284 2082 communi,
1319 2042 1414 2072 non
1452 2028 1576 2072 enim
1610 2028 1818 2081 dicimus,
1851 2037 2062 2070 naturam

35 2103 57 2140 s
89 2094 282 2155 alicuius
308 2095 646 2154 praedestinari,
674 2095 790 2139 sed
779 2109 930 2154 ipsum
952 2095 1259 2154 suppositum:
1287 2095 1393 2154 quia
1419 2094 1746 2153 praedestinari
1768 2104 1836 2138 est
1857 2093 2026 2152 dirigi·
2016 2108 2061 2136 m

42 2180 69 2232 [1
88 2161 304 2217 saluterm
321 2162 444 2222 quod
470 2162 655 2222 quidem
680 2172 747 2206 est
764 2163 984 2222 suppositi
1003 2162 1176 2221 agentis
1195 2172 1381 2221 propter
1400 2161 1691 2206 beatitudinis
1708 2161 1872 2206 finem:
1890 2160 2062 2205 secundo

43 2222 266 2292 τοιίῥοῦε
291 2228 501 2288 speciali:
519 2229 624 2288 quia
646 2242 745 2273 esse
762 2229 907 2273 filium
924 2230 1012 2273 Dei
1031 2243 1127 2273 non
1145 2229 1360 2274 convenit
1377 2230 1607 2273 humanae
1624 2239 1835 2272 naturae:
1855 2237 1922 2271 est
1940 2227 2062 2271 enim

34 2285 205 2396 Jhaec
225 2295 360 2341 falsa:
387 2296 592 2341 Humana
618 2303 774 2341 natura
800 2303 854 2341 est
868 2297 986 2356 filius
1011 2296 1136 2342 Dei:
1145 2297 1231 2341 nisi
1253 2296 1369 2341 forte
1408 2298 1507 2356 quis
1528 2295 1639 2341 velit
1660 2298 1722 2340 sic
1746 2309 1971 2355 exponere
1995 2309 2066 2339 ex-

43 2348 209 2408 {torta
233 2363 539 2422 expositione:
556 2364 646 2421 Qui
655 2363 987 2424 praedestinatus
1006 2371 1061 2408 est
1075 2365 1189 2422 filius
1205 2365 1319 2408 Dei
1303 2380 1348 2408 tn
1359 2366 1528 2418 virtute,
1546 2364 1660 2407 idest
1677 2362 2063 2422 praedestinatum

44 2439 175 2494 est,
200 2439 249 2474 ut
273 2429 477 2474 humana
501 2440 663 2474 natura
689 2431 892 2475 uniretur
912 2430 1029 2475 Filio
1055 2432 1144 2476 Dei
1170 2433 1216 2475 in
1242 2445 1463 2491 persona:
1491 2431 1760 2490 relinquitur
1792 2444 1917 2489 ergo,
1941 2430 2063 2489 quod

0 2527 8 2577 3
48 2512 68 2561 ᾗ
91 2496 443 2557 praedestinatio
471 2497 737 2541 attribuatur
762 2511 985 2557 personae
1013 2498 1200 2552 Christi,
1226 2512 1320 2542 non
1343 2498 1527 2557 quidem
1557 2497 1810 2542 secundum
1827 2511 1889 2551 se,
1906 2497 1980 2541 vel
1999 2511 2063 2541 se-

0 2578 6 2584 *
47 2563 292 2627 qjcundum
319 2565 442 2623 quod
469 2564 668 2609 subsistit
691 2565 739 2608 in
766 2564 918 2609 divina
943 2575 1118 2619 natura,
1151 2565 1230 2610 sed
1257 2566 1509 2610 secundum
1538 2566 1660 2624 quod
1687 2565 1888 2609 subsistit
1913 2564 1957 2607 in
1985 2564 2048 2607 hu

52 2622 230 2687 i{22'1'nana
253 2641 440 2687 natura3
466 2631 586 2676 unde
613 2646 719 2687 cum
746 2631 930 2676 dixisset
955 2632 1231 2691 Apostolus:
1261 2634 1351 2690 Qui
1372 2634 1509 2690 factus
1530 2638 1584 2677 est
1600 2634 1637 2676 ei
1661 2647 1712 2676 ex
1735 2633 1888 2677 semine
1913 2630 2063 2676 David

0 2711 9 2779 3
58 2689 312 2747 {facundum
333 2713 516 2752 carnem,
544 2698 793 2757 subjunxit:
821 2700 910 2756 Qui
925 2699 1257 2758 praedestinatus
1281 2706 1338 2745 est
1348 2701 1467 2758 filius
1488 2701 1573 2744 Dei
1594 2701 1638 2743 in
1659 2701 1842 2751 virtute;
1867 2709 1916 2742 ut
1938 2699 2065 2742 daret

0 2762 9 2830 ξ
56 2758 362 2844 υιεΙῙιςειε,
388 2765 511 2825 quod
537 2766 790 2810 secundum
816 2766 906 2809 hoc
934 2766 1056 2825 quod
1091 2777 1158 2810 est
1182 2766 1327 2811 factus
1355 2781 1409 2811 ex
1431 2768 1606 2811 semine
1632 2766 1782 2809 David
1810 2766 2062 2810 secundum

0 2819 62 2911 Ξ
65 2824 295 2895 emnem,
322 2841 391 2876 est
414 2832 773 2892 praedestinatus
799 2831 916 2876 filius
944 2833 1066 2877 Dei'
1054 2848 1100 2876 ιιι
1118 2834 1296 2887 virtute,
1324 2834 1533 2892 quamvis
1562 2833 1684 2878 enim
1702 2833 1758 2877 sit
1775 2832 1979 2877 naturale
1996 2831 2063 2875 illi

0 2913 12 2993 ’Ξ
64 2892 315 2963 {personae
342 2899 595 2942 secundum
621 2913 669 2943 se
697 2899 1024 2954 consideratae,
1052 2901 1174 2959 quod
1201 2903 1257 2945 sit
1282 2900 1400 2944 filius
1417 2901 1534 2945 Dei'
1523 2915 1568 2944 m
1586 2901 1773 2955 virtute3
1790 2914 1884 2944 non
1908 2910 2062 2943 tamen

0 2983 5 3038 3
61 2972 166 3019 ζἐει
185 2964 229 3008 e'i
251 2964 457 3009 naturale
483 2966 736 3010 secundum
761 2966 1015 3010 humanam
1040 2977 1267 3022 naturam,
1293 2968 1546 3012 secundum
1573 2981 1712 3027 quam
1738 2967 1828 3011 hoc
1852 2967 1934 3011 sibi
1960 2981 2062 3010 con·

0 3043 7 3101 3
37 3030 218 3111 ‚yenit
240 3045 321 3092 per
346 3033 539 3091 gratiam
566 3033 762 3077 unionis.

54 3094 90 3160 ἑζ
160 3098 262 3144 AD
294 3112 509 3145 TERTIUM
551 3099 810 3154 dicendum,
843 3101 965 3160 quod
1001 3101 1228 3160 Origenes
1260 3116 1395 3161 super
1425 3101 1566 3161 Epist.
1602 3101 1657 3145 ad
1694 3101 1830 3144 Rom.
1861 3100 1922 3155 (z'n
1956 3100 2062 3143 hunc

58 3163 174 3224 ssssloc.
198 3166 368 3226 Apost.)
394 3167 503 3212 dicit
526 3167 646 3211 hanc
670 3182 767 3212 esse
801 3166 979 3212 literam
1007 3168 1235 3227 Apostoli,
1256 3170 1346 3226 Qui
1357 3169 1689 3228 praedestinatus
1718 3166 1794 3224 [al.
1818 3165 2060 3222 destinatus]

51 3225 281 3298 {erstfilt'us
300 3234 386 3278 Dei
410 3235 456 3278 in
479 3235 659 3279 virtute:
686 3234 748 3279 ita
774 3234 896 3294 quod
922 3248 1017 3278 non
1044 3235 1306 3294 designetur
1333 3235 1484 3294 aliqua
1512 3236 1786 3278 antecessio:
1807 3243 1850 3276 et
1867 3232 1930 3276 sic
1947 3231 2063 3275 nihil

51 3286 235 3344 &habet
258 3298 556 3346 difficultatis:
584 3300 661 3345 alii
685 3315 796 3346 vero
816 3302 1197 3356 antecessionem,
1220 3316 1336 3361 quae
1359 3301 1647 3360 designatur
1637 3315 1682 3343 m
1706 3301 1794 3343 hoc
1823 3298 2061 3357 participio

39 3364 430 3431 praedestinatus,
450 3365 648 3411 referunt
668 3381 761 3411 non
777 3367 830 3411 ad
844 3367 888 3411 id
899 3368 1021 3427 quod
1040 3378 1106 3412 est
1122 3383 1220 3412 esse
1234 3368 1378 3411 filium
1402 3369 1502 3420 Dei,
1516 3367 1593 3411 sed
1614 3367 1669 3411 ad
1687 3368 1782 3424 ejus
1801 3364 2065 3409 manifesta-

41 3429 289 3491 tionem,
314 3433 567 3478 secundum
594 3433 723 3478 illum
751 3445 1025 3479 consuetum
1051 3436 1244 3479 modum
1270 3435 1487 3494 loquendi
1515 3434 1560 3477 in
1589 3433 1846 3491 Scripturis,
1873 3445 1964 3491 quo
1988 3446 2058 3477 res

54 3496 308 3554 dicuntur
332 3498 444 3554 fieri,
471 3500 654 3559 quando
681 3501 1000 3545 innotescunt.
1028 3511 1077 3545 ut
1102 3502 1159 3546 sit
1185 3516 1358 3555 sensus,
1371 3501 1499 3577 quod
1528 3500 1737 3543 Christus
1762 3499 2062 3557 praedestina-

38 3567 170 3620 atus
195 3574 264 3610 est
293 3565 574 3617 manifestari
603 3566 722 3611 filius
753 3567 866 3611 Dei:
894 3569 972 3612 sed
1005 3568 1069 3612 sic
1101 3582 1196 3612 non
1230 3568 1410 3627 proprie
1443 3566 1794 3625 praedestinatio
1828 3565 2059 3624 accipitur,

40 3671 87 3729 {ff
63 3630 206 3679 fuam
232 3630 393 3692 aliquis
419 3633 582 3679 dicitur
606 3633 788 3693 proprie
814 3634 1152 3693 praedestinari,
1186 3634 1436 3678 secundum
1464 3632 1586 3692 quod
1614 3633 1852 3691 dirigitur·
1841 3646 1887 3676 ιιι
1920 3632 2059 3677 finem
