2352 3926
620 231 900 278 QUAESTIO
941 231 1089 272 ant.
1129 230 1439 271 ARTICULUS
1479 229 1553 270 1v.
1967 216 2069 269 601

205 333 495 380 Rnsronnno
522 334 780 389 dicendum,
798 334 936 395 quod,
958 335 1074 379 sicut
1091 333 1374 394 Augustinus
1400 332 1509 377 dicit
1530 332 1576 376 in
1602 331 1678 376 lib.
1705 344 1742 376 1.
1765 330 1823 376 de
1839 330 2076 390 Baptismo

114 400 410 462 parvulorum
437 402 526 458 (seu
543 401 590 446 de
609 403 820 447 Peccator.
843 403 979 461 nigrit.
1002 408 1040 447 et
1055 404 1210 446 remiss.
1228 409 1319 460 cap.
1338 401 1407 446 26.
1430 415 1457 444 a
1474 399 1615 458 med),
1646 399 1701 443 ad
1717 399 1809 443 hoc
1825 399 2077 458 baptismus

114 467 250 523 valet,
276 478 323 513 ut
348 469 560 528 baptizati
587 468 775 513 Christo
802 469 1165 528 incorporentur,
1201 479 1251 512 ut
1282 468 1488 512 membra
1515 469 1635 524 ejus:
1675 480 1701 511 a
1740 467 1887 526 capite
1924 475 2078 509 autem

117 534 303 580 Christo
329 535 375 579 in
399 535 555 580 omnia
581 536 788 580 membra
807 537 902 594 eius
925 536 1111 595 gratiae,
1135 545 1178 579 et
1194 534 1370 579 virtutis
1393 534 1626 593 plenitudo
1654 534 1896 588 derivatur,
1919 546 2077 577 secun-

116 602 227 647 dum
237 601 348 647 illud
359 603 489 661 Joan.
509 616 558 647 1.:
574 603 640 647 De
650 602 905 661 plenitudine
925 605 1011 660 ejus
1027 617 1099 646 nos
1121 617 1257 647 omnes
1274 603 1513 660 accipimus.
1529 601 1662 645 Unde
1682 600 1973 646 manifestum
1994 609 2075 654 est,

117 669 240 729 quod
264 683 345 728 per
369 669 645 728 baptismum
672 668 833 727 aliquis
860 669 1156 727 consequitur
1182 669 1391 726 gratiam,
1419 678 1463 712 et
1487 668 1691 713 virtutes.

206 736 283 781 AD
314 748 503 780 PRIMUM
529 749 639 794 ergo
666 734 926 789 dicendum,
953 735 1076 793 quod
1102 735 1218 779 sicut
1242 749 1359 794 aqua
1381 735 1595 793 baptismi
1626 749 1706 794 per
1731 749 1862 779 suam
1890 733 2079 778 ablutio-

116 816 224 847 nem
250 801 477 862 significat
499 802 876 846 emundationem
903 801 1079 860 culpae,
1118 811 1161 845 et
1186 816 1267 860 per
1292 816 1426 845 suum
1459 801 1744 860 refrigerium
1777 801 2004 861 significat
2034 800 2082 844 li-

115 868 402 914 berationem
427 883 452 913 a
475 882 653 927 poena3
678 869 741 913 ita
766 881 847 927 per
870 868 1129 912 naturalem
1156 867 1411 912 claritatem
1435 868 1661 927 significat
1677 869 1967 929 splendorem
1985 881 2083 928 gra-

116 935 222 992 tiae,
249 946 294 981 et
313 937 545 981 virtutum.
1481 950 1489 956 ·

207 1002 284 1048 AD
301 1016 563 1049 SECUNDUM
589 1002 848 1058 dicendum,
876 1002 1014 1063 quod,
1031 1002 1148 1047 sicut
1174 1002 1347 1046 dictum
1375 1012 1443 1046 est
1465 1004 1524 1062 (q.
1547 1003 1618 1048 68.
1646 1010 1728 1048 art.
1750 1018 1788 1048 2.
1790 1003 1832 1061 ),
1855 1002 2083 1048 remissio·

116 1084 228 1116 nem
247 1079 543 1130 peccatorum
562 1069 723 1128 aliquis
751 1070 1044 1129 consequitur
1072 1079 1176 1114 ante
1197 1069 1492 1128 baptismum,
1519 1070 1771 1114 secundum
1795 1071 1918 1129 quod
1944 1070 2084 1114 habet

116 1136 396 1197 baptismum
421 1137 468 1180 in
498 1146 625 1191 voto,
649 1136 725 1180 vel
750 1137 974 1196 explicite,
1005 1136 1080 1180 vel
1104 1136 1354 1194 implicite:
1398 1147 1445 1180 et
1483 1146 1638 1180 tamen
1667 1151 1772 1181 cum
1798 1138 1984 1181 realiter
2015 1151 2085 1181 su-

118 1204 251 1264 scipit
274 1204 567 1264 baptismum,
594 1203 644 1248 fit
669 1204 847 1263 plenior
869 1204 1079 1248 remissio
1097 1214 1318 1262 quantum
1337 1203 1393 1248 ad
1410 1203 1728 1248 liberationem
1753 1219 1777 1248 a
1795 1214 1892 1248 tota
1918 1217 2083 1263 poena.

118 1271 186 1317 Ita
212 1271 351 1317 etiam
377 1281 481 1316 ante
507 1271 784 1331 baptismum
814 1271 1073 1325 Cornelius,
1106 1281 1152 1315 et
1177 1270 1254 1314 alii
1285 1270 1459 1315 similes
1496 1281 1838 1330 consequuntur
1871 1271 2082 1330 gratiam,

121 1348 167 1383 et
189 1339 378 1383 virtutes
404 1353 483 1398 per
508 1338 645 1383 fidem
676 1338 862 1393 Christi,
884 1349 929 1382 et
951 1338 1226 1382 desiderium
1252 1337 1465 1397 baptismi
1490 1337 1730 1396 implicite,
1750 1337 1826 1382 vel
1849 1338 2083 1397 explicite:

119 1406 416 1466 postmodum
444 1415 601 1450 tamen
626 1405 673 1449 in
699 1406 926 1465 baptismo
953 1406 1179 1463 maiorem
1197 1407 1380 1464 copiam
1407 1405 1596 1464 gratiae,
1621 1415 1665 1450 et
1689 1407 1907 1449 virtutum
1931 1418 2087 1449 conse-

120 1482 340 1533 quuntur:
368 1473 487 1517 unde
510 1488 645 1532 super
670 1472 781 1516 illud
798 1473 968 1517 Psalm.
993 1485 1079 1517 22.:
1098 1473 1233 1532 Super
1255 1486 1386 1531 aquas
1406 1473 1641 1531 refectionis
1657 1472 1852 1517 educavit
1876 1487 1954 1526 me,
1979 1472 2089 1516 dicit

123 1539 295 1586 Glossa
325 1540 483 1598 (interl.
509 1546 547 1584 et
572 1540 708 1584 ordin.
731 1541 936 1599 implic.).·
971 1555 995 1581 «
1013 1540 1101 1584 Per
1133 1550 1433 1599 augmentum
1466 1539 1657 1596 virtutis,
1685 1549 1732 1584 et
1755 1539 1906 1584 bonae
1932 1553 2089 1599 opera-

121 1607 261 1652 tionis
289 1607 499 1652 educavit
522 1608 570 1651 in
602 1607 829 1666 baptismo
849 1625 888 1651 2).

210 1676 288 1720 AD
306 1687 524 1720 TERTIUM
551 1675 809 1729 dicendum,
831 1674 955 1734 quod
982 1673 1222 1718 difficultas
1251 1674 1308 1718 ad
1332 1674 1522 1728 bonum,
1541 1684 1587 1718 et
1606 1674 1809 1734 pronitas
1832 1675 1888 1719 ad
1907 1674 2084 1719 malum

121 1744 413 1789 inveniuntur
433 1743 482 1787 in
506 1743 758 1802 baptizatis,
774 1757 869 1787 non
892 1752 1076 1801 propter
1100 1741 1328 1786 defectum
1345 1742 1526 1786 habitus
1552 1742 1786 1796 virtutum,
1804 1741 1883 1786 sed
1901 1750 2088 1801 propter

122 1810 559 1870 concupiscentiam,
586 1825 703 1870 quae
728 1824 823 1854 non
845 1810 1020 1854 tollitur
1040 1810 1086 1853 in
1108 1809 1363 1868 baptismo:
1392 1809 1509 1853 sicut
1530 1820 1688 1854 tamen
1705 1823 1786 1868 per
1810 1809 2088 1868 baptismum

0 1863 11 1911 Ξ
42 1902 44 1904 -
123 1878 388 1923 diminuitur
413 1878 800 1936 concupiscentia,
823 1887 872 1921 ut
893 1891 987 1921 non
1006 1876 1280 1931 dominetur,
1302 1877 1366 1921 ita
1386 1877 1525 1921 etiam
1548 1877 1813 1922 diminuitur
1844 1887 2089 1935 utrumque

123 1944 367 2000 dictorum,
390 1959 450 1990 ne
470 1945 617 1990 homo
643 1944 699 1989 ab
725 1945 796 1989 his
821 1953 1072 2004 superetur.

841 2106 1277 2166 ARTICULUS
1311 2108 1382 2164 V.
1999 2133 2090 2177 400

384 2243 579 2283 UTRUM
619 2242 1045 2284 CONVENIENTER
1083 2243 1514 2283 ATTRIBUANTUR
1553 2242 1828 2282 BAPTISMO

721 2326 943 2371 QUIDAM
974 2326 1155 2365 ACTUS
1184 2326 1493 2365 VIRTUTUM.

185 2434 252 2494 (4.
273 2435 386 2481 Dist.
403 2449 440 2495 3.
462 2450 502 2494 q.
524 2449 564 2480 2.
588 2440 670 2480 art.
691 2449 733 2480 2.
755 2449 794 2494 q.
811 2450 850 2495 3.
872 2449 915 2492 4.
938 2441 974 2480 et
990 2450 1027 2494 5.
1050 2442 1088 2481 et
1109 2437 1220 2480 Dist.
1246 2450 1277 2490 5.
1300 2450 1338 2495 q.
1361 2451 1397 2495 3.
1421 2442 1503 2480 art.
1526 2452 1562 2481 1.
1585 2450 1624 2495 q.
1645 2450 1686 2481 2.
1710 2443 1826 2495 corp.
1851 2441 1891 2482 et
1921 2434 1976 2480 ad
1996 2450 2032 2481 ι.

482 2508 520 2547 et
539 2509 623 2548 art.
639 2516 677 2562 5.
699 2516 738 2561 q.
761 2517 796 2548 1.
822 2510 935 2561 corp.
949 2509 989 2547 et
1003 2504 1115 2547 Dist.
1139 2504 1202 2548 18.
1226 2518 1265 2561 q.
1287 2519 1323 2548 ι.
1346 2509 1427 2548 art.
1449 2519 1485 2548 r.
1507 2518 1545 2562 q.
1567 2518 1603 2548 1.
1626 2502 1681 2548 ad
1696 2519 1732 2548 1.

833 2577 872 2615 et
894 2570 1048 2627 Quodl.
1077 2570 1119 2615 6.
1139 2577 1221 2616 art.
1239 2570 1320 2629 4.).

220 2677 297 2724 An
322 2691 549 2730 QUINTUM
565 2680 631 2725 sic
654 2680 926 2740 proceditur.
953 2681 1157 2736 Videtur,
1175 2681 1298 2741 quod
1315 2682 1690 2727 inconvenienter
1708 2682 2006 2726 attribuantur
2021 2681 2095 2725 ba-

130 2745 299 2805 ptismo
325 2759 407 2805 pro
440 2745 673 2792 effectibus
705 2748 888 2807 quidam
923 2758 1049 2793 actus
1075 2749 1309 2803 virtutum,
1341 2749 1516 2794 scilicet
1539 2748 1850 2808 incorporatio
1880 2749 1935 2791 ad
1963 2747 2095 2792 Chri·

131 2824 267 2867 stum,
298 2812 586 2868 illuminatio,
628 2824 673 2859 et
706 2814 1023 2861 foecundatio:
1062 2830 1158 2860 non
1192 2816 1315 2860 enim
1347 2817 1599 2876 baptismus
1636 2817 1767 2860 datur
1803 2815 1974 2869 adulto,
2005 2813 2095 2858 nisi

130 2879 269 2934 fideli,
309 2880 561 2924 secundum
599 2879 711 2925 illud
751 2882 892 2926 Marc.
921 2882 1024 2926 ult.:
1061 2884 1150 2940 Qui
1180 2883 1414 2938 crediderit,
1444 2890 1482 2928 et
1514 2885 1750 2942 baptizatus
1778 2883 1923 2938 fuerit,
1954 2881 2095 2926 salvus

131 2949 235 2992 erit:
262 2946 343 2991 sed
375 2960 455 3006 per
486 2946 623 2991 fidem
654 2947 815 3007 aliquis
840 2949 1156 3007 incorporatur
1183 2950 1369 2995 Christo
1403 2951 1657 2994 secundum
1689 2948 1801 2993 illud
1828 2948 1996 3007 Ephes.
2027 2961 2092 3006 3.:

131 3014 342 3059 Habitare
361 3013 576 3059 Christum
586 3021 666 3073 per
668 3014 799 3073 fidem
823 3017 869 3060 in
893 3015 1084 3061 cordibus
1107 3019 1280 3070 vestris;
1306 3031 1417 3076 ergo
1439 3017 1591 3061 nullus
1607 3016 1873 3074 baptizatur,
1895 3014 1983 3059 nisi
1998 3015 2094 3074 jam

133 3079 320 3126 Christo
339 3081 685 3140 incorporatus;
710 3095 804 3125 non
831 3095 941 3140 ergo
968 3092 1036 3127 est
1061 3082 1247 3128 effectus
1273 3084 1488 3143 baptismi
1513 3082 1795 3142 incorporari
1814 3081 2017 3126 Christo.

223 3160 264 3192 2.
291 3148 585 3192 PRAETEREA
623 3146 902 3192 Illuminatio
935 3148 985 3193 fit
1010 3164 1089 3209 per
1114 3150 1386 3206 doctrinam,
1413 3151 1665 3195 secundum
1697 3149 1808 3193 illud
1835 3148 2000 3208 Ephes.
2031 3162 2093 3208 3,:

134 3215 248 3260 Mihi
262 3217 449 3260 omnium
474 3220 715 3260 sanctorum
736 3216 912 3259 minimo
938 3215 1038 3261 data
1063 3223 1120 3262 est
1142 3220 1285 3276 gratia
1306 3219 1418 3272 haec,
1441 3219 1682 3262 illuminare
1708 3231 1859 3270 omnes,
1879 3225 1988 3260 etc.:
2014 3215 2097 3260 sed

133 3282 342 3328 doctrina
367 3282 598 3342 praecedit
622 3282 900 3340 baptismum
921 3282 968 3327 in
991 3284 1297 3339 catechism03
1318 3299 1413 3329 non
1437 3295 1505 3328 est
1526 3298 1636 3342 ergo
1662 3282 1848 3327 effectus
1869 3282 2096 3341 baptismi.

227 3363 265 3409 3.
291 3349 588 3395 PRAETEREA.
622 3348 925 3394 Foecunditas
955 3351 1149 3409 pertinet
1182 3352 1238 3395 ad
1271 3353 1618 3409 generationem
1651 3350 1872 3394 activam:
1905 3349 1984 3393 sed
2017 3363 2098 3409 per

135 3416 412 3477 baptismum
439 3417 600 3476 aliquis
632 3426 925 3474 regeneratur
949 3417 1263 3476 spiritualiter3
1286 3433 1396 3478 ergo
1413 3417 1696 3462 foecunditas
1715 3430 1808 3460 non
1827 3426 1894 3460 est
1910 3414 2098 3461 effectus

136 3484 361 3544 baptismi.

228 3550 323 3596 San
350 3554 544 3596 CONTRA
569 3560 650 3604 est,
677 3549 800 3609 quod
825 3550 1020 3609 August.
1052 3550 1162 3596 dicit
1186 3552 1232 3596 in
1263 3551 1340 3596 lib.
1380 3564 1414 3595 1.
1449 3551 1504 3594 de
1533 3550 1768 3609 Baptismo
1801 3549 2098 3610 parvulorum

136 3616 239 3676 (loc.
268 3618 340 3664 cit.
370 3624 454 3664 art.
478 3617 660 3677 praec),
688 3616 812 3676 quod
849 3616 905 3661 ad
935 3616 1027 3663 hoc
1051 3617 1175 3663 valet
1198 3618 1466 3678 baptismus,
1497 3627 1548 3661 ut
1576 3616 1791 3676 baptizati
1818 3616 2004 3663 Christo
2035 3617 2083 3663 in
