2352 3926
308 246 417 301 304
824 243 1103 289 QUAEsT1o
1142 243 1330 282 xxxv1.
1371 226 1678 284 ARTICULUS
1717 245 1753 284 1.

306 347 362 391 sit
388 346 676 390 manifestus:
705 345 783 389 sed
809 345 982 404 primus
1016 344 1235 390 adventus
1266 344 1351 390 fuit
1377 345 1432 390 ad
1459 346 1668 390 omnium
1700 345 1909 402 salutem,
1941 361 2057 407 quae
2090 353 2158 393 est
2186 363 2267 408 per

304 414 456 467 fidem,
483 427 598 473 quae
626 412 810 471 quidem
834 422 902 456 est
923 413 978 457 de
995 427 1089 457 non
1117 413 1456 472 apparentibus:
1485 423 1528 458 et
1549 414 1653 458 ideo
1671 414 1843 473 primus
1861 412 2032 460 Christi
2047 414 2267 460 adventus

306 480 458 524 debuit
480 494 577 524 esse
606 479 828 524 occultus.
2146 487 2147 490 ’
2180 480 2186 483 ”
2249 502 2253 505 ’

1022 634 1457 693 ARTICULUS
1498 637 1568 692 11.
2186 664 2266 712 197

379 772 571 810 UTRUM
597 771 893 811 NATIVITAS
923 773 1141 812 CHRISTI
1175 774 1450 813 DEBUERIT
1483 773 1777 819 ALIQUIBUS
1811 771 2193 833 MANJFESTARI.

393 881 469 924 AD
507 894 768 925 SECUNDUM
801 881 865 925 sic
898 883 1171 941 proceditur.
1206 883 1412 936 Videtur,
1446 882 1567 941 quod
1603 881 1814 925 nativitas
1850 879 2021 925 Christi
2050 878 2165 924 nulli
2195 879 2269 924 de-

303 948 448 991 buerit
473 947 773 1004 manifestari3
802 949 922 1008 quia,
949 960 998 993 ut
1024 950 1195 994 dictum
1222 959 1290 994 est
1315 950 1418 1008 (art.
1442 950 1624 1009 praec),
1651 949 1743 993 hoc
1770 957 1867 992 erat
1893 959 2149 1005 congruum
2179 947 2266 991 hu-

303 1029 468 1059 manae
489 1015 637 1069 saluti,
654 1026 703 1060 ut
718 1016 890 1075 primus
916 1016 1086 1061 Christi
1114 1017 1331 1061 adventus
1349 1026 1468 1061 esset
1490 1016 1719 1061 occultus:
1737 1015 1817 1060 sed
1838 1015 2047 1060 Christus
2064 1023 2265 1069 venerat,

303 1092 352 1126 ut
377 1096 538 1126 omnes
565 1082 774 1137 salvaret,
800 1084 1052 1127 secundum
1074 1084 1183 1127 illud
1207 1098 1241 1128 1.
1264 1084 1319 1127 ad
1345 1083 1551 1127 Timoth.
1578 1095 1643 1138 4.:
1672 1083 1760 1139 Qui
1777 1089 1832 1127 est
1847 1083 2036 1127 salvator
2058 1083 2262 1135 omnium,
2316 1118 2322 1124 .

302 1151 484 1194 maxime
495 1149 685 1209 fidelium
693 1166 709 1203 ;
734 1164 844 1208 ergo
871 1151 1080 1207 nativitas
1110 1151 1279 1195 Christi
1300 1150 1412 1194 nulli
1439 1150 1591 1194 debuit
1612 1148 1905 1193 manifestari.

393 1230 432 1261 2.
459 1218 755 1261 PRAETEREA.
783 1218 902 1262 Ante
928 1218 1212 1262 nativitatem
1241 1218 1412 1262 Christi
1444 1217 1730 1260 manifestata
1763 1226 1858 1260 erat
1879 1217 2047 1260 Beatae
2072 1215 2266 1275 Virgini,

303 1293 348 1327 et
368 1284 539 1343 Joseph
566 1284 714 1328 futura
741 1284 912 1329 Christi
937 1285 1176 1339 nativitas;
1203 1299 1297 1329 non
1326 1299 1435 1343 ergo
1464 1294 1559 1327 erat
1583 1283 1909 1337 necessarium,
1932 1282 2119 1327 Christo
2140 1292 2266 1338 nato,

304 1351 517 1395 eamdem
545 1350 640 1394 aliis
668 1351 960 1397 manifestari.

396 1432 433 1476 3.
459 1418 756 1463 PRAETEREA.
784 1418 947 1463 Nullus
975 1419 1152 1478 sapiens
1179 1418 1440 1462 manifestat
1465 1418 1524 1471 id,
1552 1432 1605 1461 ex
1632 1430 1722 1476 quo
1749 1416 1945 1461 turbatio
1977 1416 2190 1470 nascitur,
2222 1425 2268 1460 et

302 1485 624 1528 detrimentum
653 1485 867 1529 aliorum:
896 1485 989 1539 sed,
1018 1485 1305 1529 manifestata
1333 1484 1505 1528 Christi
1530 1485 1778 1537 nativitate,
1811 1483 2051 1527 subsecuta
2083 1491 2150 1527 est
2180 1493 2268 1527 tur-

301 1551 448 1595 batio:
477 1552 641 1595 dicitur
663 1553 785 1595 enim
811 1553 972 1596 Matth.
998 1566 1054 1606 2.,
1078 1553 1214 1611 quod,
1239 1551 1425 1595 audiens
1450 1551 1656 1595 Herodes
1676 1550 1849 1596 Christi
1869 1550 2168 1605 nativitatem,
2185 1556 2270 1595 tur·

303 1621 421 1664 batus
442 1626 514 1674 est,
536 1626 572 1663 et
594 1622 728 1663 omnis
752 1620 1046 1679 Hierosolyma
1069 1636 1162 1664 cum
1185 1620 1283 1664 illo.-
1309 1620 1443 1663 cessit
1470 1621 1607 1662 etiam
1628 1619 1719 1661 hoc
1741 1618 1788 1661 in
1810 1618 2133 1662 detrimentum
2159 1616 2266 1662 alio-

302 1702 429 1741 rum;
457 1686 564 1746 quia
592 1701 644 1731 ex
669 1687 758 1731 hac
785 1687 1031 1731 occasione
1059 1687 1243 1731 Herodes
1269 1686 1419 1731 occidit
1440 1695 1590 1745 pueros
1611 1688 1656 1729 in
1677 1685 1922 1740 Bethlehem,
1949 1687 2051 1730 etin
2077 1686 2266 1742 omnibus

291 1755 452 1814 finibus
472 1755 571 1812 ejus,
596 1768 622 1797 a
645 1755 821 1808 bimatu,
849 1760 888 1798 et
910 1755 1025 1810 infra
1049 1754 1226 1811 (Matth.
1254 1757 1316 1811 2.)
1329 1769 1344 1806 ;
1374 1767 1483 1812 ergo
1510 1753 1701 1806 videtur,
1729 1753 1851 1811 quod
1876 1764 1972 1796 non
1996 1751 2130 1796 fuerit
2154 1765 2264 1796 con-

302 1820 504 1874 veniens,
533 1820 703 1865 Christi
729 1821 1013 1865 nativitatem
1041 1821 1265 1880 aliquibus
1292 1820 1584 1864 manifestari.

392 1887 485 1932 SED
514 1900 711 1932 CONTRA
737 1898 818 1942 est,
845 1888 967 1947 quod
997 1889 1166 1933 Christi
1192 1888 1401 1932 nativitas
1427 1887 1541 1931 nulli
1565 1885 1723 1930 fuisset
1743 1885 1961 1945 proficua,
1988 1887 2023 1930 si
2052 1885 2264 1930 omnibus

304 1964 423 1999 esset
455 1954 658 1999 occulta:
697 1955 776 1999 sed
814 1956 1052 2013 oportebat
1091 1955 1261 2000 Christi
1300 1955 1583 1998 nativitatem
1619 1968 1718 1998 esse
1755 1953 2034 2013 proficuam3
2061 1953 2263 2013 alioquin

299 2020 464 2065 frustra
484 2030 616 2065 natus
637 2021 820 2076 fuisset;
847 2036 958 2080 ergo
976 2021 1166 2076 videtur,
1186 2021 1308 2081 quod
1327 2021 1549 2080 aliquibus
1569 2019 1847 2064 manifestari
1868 2019 2072 2064 debuerit
2089 2020 2264 2066 Christi

300 2089 525 2133 nativitas.

389 2157 679 2201 RESPONDEO
707 2156 965 2211 dicendum,
993 2157 1130 2216 quod,
1157 2158 1274 2202 sicut
1299 2156 1510 2216 Apostol.
1539 2156 1646 2200 dicit
1670 2156 1807 2200 Rom.
1846 2169 1935 2214 13.:
1972 2157 2094 2214 Quae
2125 2169 2152 2201 a
2171 2157 2264 2202 Deo

297 2230 407 2277 sunt,
431 2223 626 2268 ordinata
642 2230 735 2268 sunt
744 2240 760 2276 ;
788 2225 983 2283 pertinet
1006 2234 1158 2268 autem
1177 2224 1232 2267 ad
1251 2224 1431 2268 divinae
1451 2224 1699 2283 sapientiae
1718 2223 1941 2278 ordinem,
1957 2233 2007 2267 ut
2023 2223 2111 2268 Dei
2129 2223 2264 2277 dona,

301 2301 344 2335 et
366 2301 541 2335 secreta
558 2291 805 2350 sapientiae
823 2293 918 2349 ejus
936 2305 1030 2335 non
1049 2291 1297 2350 aequaliter
1315 2291 1369 2334 ad
1389 2305 1565 2345 omnes,
1583 2291 1660 2335 sed
1679 2291 1944 2335 immediate
1966 2290 2022 2335 ad
2039 2290 2263 2350 quosdam

298 2358 578 2417 perveniant,
602 2369 645 2402 et
671 2372 750 2416 per
777 2372 855 2401 eos
880 2359 935 2401 ad
959 2357 1072 2402 alios
1090 2358 1370 2402 deriventur:
1400 2358 1519 2401 unde
1546 2368 1590 2402 et
1608 2368 1829 2417 quantum
1847 2358 1903 2402 ad
1920 2357 2264 2402 resurrectionis

299 2426 567 2484 mysterium
594 2425 756 2468 dicitur
782 2425 939 2469 Actor.
973 2439 1055 2480 10.‚
1075 2425 1196 2484 quod
1219 2426 1333 2469 Deus
1358 2425 1465 2469 dedit
1485 2425 1696 2470 Christum
1712 2430 1985 2484 resurgentem
2001 2425 2265 2484 manufestum

286 2493 388 2552 fieri
411 2507 494 2535 non
517 2494 631 2535 omni
646 2491 819 2551 populo,
842 2491 909 2535 sed
935 2493 1095 2536 testibus
1104 2492 1427 2555 praeordinatis
1453 2507 1479 2535 α
1507 2493 1598 2536 Deo
1620 2508 1633 2537 .·
1666 2491 1786 2536 unde
1818 2491 1910 2535 hoc
1945 2492 2084 2536 etiam
2111 2492 2266 2537 debuit

298 2559 419 2603 circa
444 2559 582 2617 ipsius
609 2559 892 2602 nativitatem
919 2559 1164 2612 observari,
1192 2569 1240 2602 ut
1262 2573 1356 2602 non
1391 2559 1602 2602 omnibus
1637 2558 1847 2603 Christus
1880 2557 2262 2614 manifestaretur,

299 2626 378 2670 sed
401 2625 686 2684 quibusdam,
712 2639 791 2684 per
817 2639 931 2683 quos
958 2636 1113 2684 posset
1139 2625 1193 2668 ad
1222 2625 1336 2669 alios
1364 2626 1589 2669 devenire.

389 2693 465 2737 AD
506 2705 694 2737 PR1MUM
732 2706 842 2749 ergo
880 2692 1139 2745 dicendum,
1173 2692 1296 2750 quod
1327 2692 1444 2735 sicut
1474 2691 1632 2736 fuisset
1663 2691 1710 2735 in
1741 2691 2073 2750 praejudicium
2105 2691 2262 2738 salutis

297 2759 543 2813 humanae,
570 2760 608 2803 si
634 2759 845 2803 omnibus
867 2759 1130 2803 hominibus
1157 2760 1245 2803 Dei
1270 2760 1479 2804 nativitas
1506 2761 1800 2814 innotuisset;
1822 2761 1883 2804 ita
1905 2762 2060 2816 etiam,
2083 2762 2121 2806 si
2145 2762 2262 2807 nulli

299 2838 409 2871 nota
435 2826 614 2871 fuisset:
652 2837 845 2885 utroque
882 2826 1006 2870 enim
1041 2826 1182 2870 modo
1218 2825 1392 2870 tollitur
1419 2826 1543 2880 fides,
1569 2837 1664 2871 tam
1699 2826 1874 2872 scilicet
1909 2841 1990 2887 per
2020 2828 2111 2873 hoc
2139 2829 2263 2889 quod

300 2894 468 2953 aliquid
497 2902 563 2938 est
587 2892 788 2937 totaliter
813 2892 1120 2946 manifestum,
1154 2907 1292 2952 quam
1326 2894 1463 2937 etiam
1496 2908 1576 2952 per
1601 2894 1691 2937 hoc
1720 2894 1842 2953 quod
1877 2909 1901 2938 a
1933 2893 2062 2940 nullo
2094 2909 2265 2956 cogno·

297 2961 450 3015 scitur,
484 2976 508 3005 a
542 2974 632 3020 quo
659 2960 802 3020 possit
832 2960 1147 3004 testimonium
1180 2960 1353 3014 audiri3
1384 2961 1487 3019 fides
1523 2963 1632 3006 enim
1659 2967 1715 3006 est
1746 2976 1795 3006 ex
1826 2961 1990 3017 auditu,
2018 2972 2068 3007 ut
2099 2962 2262 3008 dicitur

298 3029 436 3074 Rom.
474 3043 538 3074 1o.

387 3098 463 3142 An
486 3109 747 3142 SECUNDUM
765 3095 1024 3148 dicendum,
1043 3095 1163 3154 quod
1182 3095 1340 3149 Maria,
1360 3106 1403 3139 et
1415 3096 1583 3155 Joseph
1601 3097 1852 3141 instruendi
1864 3106 1992 3142 erant
2011 3097 2068 3142 de
2091 3097 2263 3143 Christi

296 3165 543 3218 nativitate,
572 3174 814 3222 antequam
840 3173 1122 3216 nasceretur3
1151 3163 1255 3221 quia
1280 3163 1333 3206 ad
1358 3176 1436 3207 eos
1460 3164 1711 3222 pertinebat
1729 3166 2030 3209 reverentiam
2049 3164 2261 3210 exhibere

296 3232 414 3292 proli
440 3241 690 3291 conceptae
716 3230 762 3273 in
790 3239 934 3283 utero,
958 3239 1002 3273 et
1029 3229 1166 3273 etiam
1195 3229 1382 3288 obsequi
1400 3230 1677 3274 nasciturae:
1707 3239 1868 3275 eorum
1889 3240 2044 3277 autem
2060 3232 2261 3277 testimo-

295 3300 438 3353 nium,
465 3309 648 3358 propter
673 3298 762 3342 hoc
790 3296 911 3356 quod
940 3306 1034 3340 erat
1059 3297 1379 3350 domesticum,
1412 3296 1569 3341 fuisset
1602 3298 1809 3342 habitum
1841 3308 2104 3358 suspectum
2137 3299 2260 3344 circa

297 3366 686 3425 magnificentiam
725 3364 924 3409 Christi:
961 3374 1004 3408 et
1040 3364 1143 3408 ideo
1171 3365 1385 3423 oportuit,
1414 3375 1461 3408 ut
1489 3364 1585 3409 aliis
1622 3364 1988 3411 manifestaretur
2008 3365 2258 3421 extraneis,

297 3449 492 3493 quorum
519 3433 833 3478 testimonium
859 3441 1119 3490 suspectum
1145 3445 1242 3475 esse
1269 3446 1362 3475 non
1390 3443 1556 3490 posset.

388 3502 462 3545 AD
490 3513 706 3546 TERTmM
729 3499 986 3552 dicendum,
1009 3498 1130 3558 quod
1157 3499 1253 3557 ipsa
1279 3499 1474 3543 turbatio
1498 3500 1739 3544 subsecuta
1761 3514 1814 3544 ex
1836 3499 2068 3545 nativitate
2086 3498 2258 3545 Christi
2329 3494 2351 3560 {j

299 3567 584 3612 manifestata
612 3567 892 3626 congruebat
918 3565 1086 3611 Christi
1115 3565 1323 3610 nativati:
1348 3568 1489 3624 primo
1523 3566 1721 3625 quidem,
1756 3566 1861 3626 quia
1887 3580 1969 3625 per
1994 3566 2084 3612 hoc
2116 3566 2259 3611 mani-

298 3635 485 3680 festatur
512 3635 722 3680 coelestis
752 3634 923 3679 Christi
949 3633 1166 3693 dignitas:
1202 3633 1319 3676 unde
1350 3634 1486 3692 Greg.
1521 3634 1629 3680 dicit
1655 3634 1700 3678 in
1730 3634 1866 3679 Hom.
1897 3637 1981 3692 (ιο.
2012 3635 2058 3680 in
2090 3635 2254 3695 Evang.
2324 3633 2349 3695 ἐξ
