2352 3926
714 247 992 296 QUAESTIO
1032 247 1121 286 Lx·
1159 244 1468 286 ARTICULUS
1507 244 1544 284 1.
2003 243 2109 299 499

878 432 1310 517 ARTICULUS
1354 460 1397 514 1.
1856 496 1862 503 ,
1891 545 1894 551 ⁴
2000 415 2002 418 ’
2033 468 2116 530 326

471 598 664 638 UTRUM
706 595 1115 636 SACRAMENTUM
1154 594 1239 632 SIT
1282 595 1340 633 IN
1383 593 1595 632 GENERE
1636 591 1800 632 SIGNI.

340 707 401 765 (4.
428 708 541 753 Dist.
571 719 608 753 1.
637 722 674 766 q.
702 723 737 753 Ι.
760 711 840 751 art.
867 721 903 751 1.
927 720 964 764 q.
991 721 1027 751 I.
1055 711 1090 749 et
1113 710 1193 748 art.
1212 719 1248 763 3.
1276 703 1330 748 ad
1350 719 1385 748 Ι.
1414 709 1449 747 et
1475 709 1555 747 art.
1579 716 1620 759 4.
1654 718 1692 761 q.
1719 719 1754 748 r.
1782 702 1836 747 ad
1865 702 1940 759 1.).

251 818 327 863 AD
352 831 541 864 PRIMUM
567 818 632 862 sic
655 816 927 876 proceditur.
951 815 1155 870 Videtur,
1175 815 1296 874 quod
1320 824 1658 858 sacramentum
1685 828 1779 858 non
1806 814 1862 858 sit
1883 815 1928 858 in
1952 827 2119 874 genere

162 885 305 945 signi:
342 886 518 930 videtur
551 886 674 929 enim
705 891 1043 928 sacramentum
1076 882 1165 926 dici
1193 896 1218 925 a
1254 882 1492 935 sacrand0,
1525 882 1641 924 sicut
1673 881 2062 927 medicamentum
2095 896 2122 926 a

163 952 460 997 medicando:
488 952 568 996 sed
594 952 684 995 hoc
708 950 855 1009 magis
880 950 1058 994 videtur
1088 949 1312 1009 pertinere
1346 949 1402 992 ad
1434 948 1659 991 rationem
1688 963 1865 1001 causae,
1893 963 2030 1007 quam
2064 949 2119 992 ad

162 1019 388 1064 rationem
410 1019 551 1077 signi;
579 1032 688 1077 ergo
715 1026 1053 1062 sacramentum
1086 1016 1233 1075 magis
1260 1025 1328 1060 est
1352 1015 1398 1058 in
1421 1029 1588 1073 genere
1618 1029 1795 1073 causae,
1823 1030 1960 1074 quarn
1986 1016 2032 1059 in
2051 1029 2124 1075 ge-

161 1101 270 1132 nere
296 1085 428 1145 signi.

251 1166 293 1199 2.
334 1153 631 1198 PRAETEREA.
671 1151 1022 1196 Sacramentum
1061 1150 1238 1199 videtur
1285 1149 1455 1208 aliquid
1490 1149 1725 1193 occultum
1755 1150 2025 1208 significare,
2058 1165 2123 1195 se-

163 1219 362 1267 cundum
388 1218 499 1263 illud
527 1217 646 1263 Tob.
679 1231 769 1263 12.:
797 1219 1117 1263 Sacramentum
1134 1219 1245 1276 regis
1271 1217 1515 1262 abscondere
1532 1218 1686 1261 bonum
1713 1224 1782 1271 est,
1812 1228 1854 1261 et
1871 1217 2036 1276 Ephes.
2062 1233 2122 1277 3.:

164 1290 285 1348 Quae
304 1290 356 1334 sit
380 1289 626 1349 dispensatio
651 1290 905 1333 sacramenti
930 1287 1159 1332 absconditi
1185 1301 1211 1331 a
1235 1287 1408 1332 saeculis
1433 1289 1478 1330 in
1503 1288 1624 1331 Deo:
1651 1287 1730 1330 sed
1756 1285 1868 1330 illud
1903 1285 2025 1344 quod
2058 1295 2125 1330 est

164 1356 494 1409 absconditum,
530 1355 705 1400 videtur
741 1369 839 1399 esse
876 1364 1035 1399 contra
1077 1354 1304 1398 rationem
1350 1354 1482 1412 signi,
1519 1368 1627 1396 nam
1662 1353 1845 1412 signum
1883 1362 1963 1409 est,
2000 1353 2123 1412 quod

167 1440 191 1466 α
207 1433 386 1483 praeter
409 1423 626 1483 speciem,
653 1436 791 1481 quam
817 1422 983 1481 ingerit
1007 1421 1228 1475 sensibus,
1255 1420 1364 1465 facit
1391 1420 1561 1479 aliquid
1589 1419 1709 1463 aliud
1735 1420 1782 1463 in
1810 1420 2125 1478 cognitionem

162 1490 318 1536 venire
334 1507 377 1546 n,
402 1500 452 1534 ut
476 1499 599 1549 patet
623 1489 922 1550 per-,August
950 1489 996 1532 in
1030 1501 1070 1532 2.
1104 1488 1158 1532 de
1191 1489 1351 1531 Doctr.
1388 1487 1556 1532 Christ.
1590 1487 1658 1546 (in
1681 1489 1824 1547 princ.
1859 1487 1950 1545 lib.)
1961 1502 1977 1539 ,·
2013 1500 2123 1545 ergo

162 1557 356 1611 videtur,
380 1557 502 1616 quod
528 1566 868 1600 sacramentum
892 1570 988 1599 non
1015 1556 1072 1599 sit
1098 1555 1142 1598 in
1171 1569 1337 1613 genere
1365 1555 1495 1612 signi.

258 1639 295 1684 3.
321 1624 619 1669 PRAETEREA.
640 1623 957 1681 juramentum
986 1622 1259 1681 quandoque
1286 1631 1627 1665 sacramentum
1648 1621 2123 1665 nominaturt'dicitur

166 1690 289 1736 enim
314 1691 361 1735 in
382 1691 517 1735 Decr.
546 1702 615 1734 22.
643 1705 685 1749 q.
710 1703 745 1747 5.
775 1688 885 1748 (cap.
908 1690 997 1746 14.)
1013 1705 1026 1734 .·
1057 1706 1079 1731 c<
1103 1688 1300 1742 Parvuli,
1327 1689 1404 1747 qui
1426 1688 1523 1732 sine
1550 1698 1696 1732 aetate
1723 1687 1983 1731 rationabili
2004 1698 2123 1742 sunt,

166 1772 260 1803 non
285 1768 508 1816 cogantur
533 1759 700 1816 jurare:
730 1767 774 1801 et
798 1756 875 1815 qui
901 1755 1046 1800 semel
1072 1757 1323 1814 perjuratus
1349 1754 1496 1809 fuerit,
1522 1769 1606 1799 nec
1640 1755 1765 1799 testis
1798 1755 1854 1799 sit
1886 1764 1989 1813 post
2020 1755 2126 1810 hoc,

111 1861 113 1865 Α
164 1839 250 1871 nec
273 1825 330 1869 ad
350 1834 691 1869 sacramentum
708 1824 844 1881 (idest
859 1823 1189 1882 juramentum)
1209 1823 1437 1866 accedat»
1455 1838 1464 1866 :
1490 1822 1568 1866 sed
1595 1824 1901 1879 juramentum
1919 1836 2014 1866 non
2032 1835 2131 1880 per-

165 1892 277 1939 tinet
288 1891 579 1936 adrationem
590 1891 732 1949 signi;
746 1904 857 1948 ergo
869 1890 1060 1943 videtur,
1074 1890 1195 1948 quod
1209 1899 1546 1933 sacramentum
1562 1903 1655 1932 non
1674 1890 1730 1932 sit
1742 1889 1787 1932 in
1806 1902 1974 1947 genere
1992 1889 2124 1948 signi.

256 1959 352 2004 San
378 1971 574 2003 CONTRA
601 1967 682 2011 est,
710 1957 833 2016 quod
866 1957 1061 2015 August.
1089 1957 1198 2001 dicit
1229 1957 1275 2000 in
1308 1969 1372 2001 10.
1401 1956 1456 2000 de
1485 1956 1620 2001 Civit.
1644 1957 1732 2000 Dei
1759 1957 1872 2016 (cap.
1894 1970 1931 2015 5.
1965 1958 2124 2016 'parum

166 2040 194 2071 a
215 2025 406 2086 princ.).·
436 2042 460 2067 α
479 2024 765 2069 Sacrificium
799 2023 976 2068 visibile
1013 2023 1250 2068 invisibilis
1288 2023 1500 2068 sacrificii
1533 2034 1887 2077 sacramentum,
1920 2024 2036 2069 idest
2061 2039 2127 2069 sa-

167 2107 298 2139 crum
323 2093 505 2151 signum
533 2101 602 2136 est
617 2108 658 2135 a).

256 2159 545 2205 RESPONDEO
573 2157 833 2211 dicendum,
866 2157 988 2216 quod
1022 2157 1177 2202 omnia
1211 2171 1326 2216 quae
1358 2157 1529 2206 habent
1561 2157 1769 2201 ordinem
1803 2157 1858 2201 ad
1885 2172 2027 2202 unum
2056 2158 2131 2202 ali-

167 2226 290 2287 quid,
313 2226 422 2271 licet
445 2225 763 2278 diversimode,
787 2225 841 2268 ab
863 2224 945 2268 illo
972 2224 1258 2268 denominari
1281 2234 1490 2283 possunt:
1515 2224 1634 2268 sicut
1651 2239 1675 2268 a
1694 2225 1899 2279 sanitate,
1923 2240 2038 2284 quae
2062 2236 2130 2270 est

165 2294 216 2339 in
226 2292 757 2346 animali‚denominatur
766 2306 928 2336 sanum
941 2305 1035 2335 non
1047 2290 1200 2335 solum
1214 2291 1398 2344 animal,
1417 2291 1539 2350 quod
1554 2301 1620 2336 est
1638 2292 1841 2336 sanitatis
1857 2293 2129 2351 subjectum,

164 2360 246 2407 sed
271 2359 434 2405 dicitur
459 2359 688 2403 medicina
713 2373 838 2412 sana,
866 2361 1135 2418 inquantum
1163 2368 1230 2402 est
1251 2358 1456 2402 sanitatis
1484 2358 1716 2412 effectiva3
1744 2359 1892 2403 diaeta
1918 2373 2043 2413 vero,
2066 2360 2128 2403 in-

168 2437 388 2488 quantum
400 2436 468 2471 est
479 2425 791 2470 conservativa
809 2426 1038 2484 ejusdem3
1057 2434 1099 2468 et
1117 2425 1263 2479 urina,
1282 2425 1552 2484 inquantum
1573 2436 1640 2469 est
1652 2426 1955 2484 significativa
1971 2427 2127 2485 ipsius.

169 2493 246 2541 Sic
261 2493 397 2553 igitur
420 2502 760 2538 sacramentum
786 2502 936 2550 potest
957 2492 1127 2551 aliquid
1154 2492 1256 2546 dici,
1282 2491 1360 2536 vel
1374 2495 1479 2551 quia
1496 2495 1542 2536 in
1564 2506 1611 2537 se
1638 2493 1777 2538 habet
1803 2494 2003 2553 aliquam
2031 2509 2130 2538 san-

169 2560 372 2606 ctitatem
396 2559 642 2613 occultam,
668 2570 714 2604 et
744 2559 996 2604 secundum
1027 2559 1118 2603 hoc
1153 2569 1494 2604 sacramentum
1519 2560 1643 2604 idem
1677 2569 1758 2614 est,
1791 2562 1915 2620 quod
1947 2575 2127 2605 sacrum

170 2637 423 2681 secretum;
446 2625 520 2671 vel
544 2626 650 2686 quia
674 2626 812 2670 habet
838 2626 1036 2685 aliquem
1065 2626 1273 2689 ordinem
1300 2627 1355 2670 ad
1378 2627 1498 2670 hanc
1521 2627 1825 2682 sanctitatem,
1851 2629 1924 2672 vel
1950 2642 2126 2682 causae,

170 2692 245 2739 vel
268 2693 399 2753 signi,
423 2692 498 2737 vel
522 2693 775 2738 secundum
801 2707 1138 2752 quamcumque
1167 2692 1305 2736 aliam
1324 2693 1660 2738 habitudinem:
1689 2695 1947 2754 specialiter
1974 2707 2126 2740 autem

170 2773 293 2805 nunc
317 2758 547 2819 loquimur
567 2759 623 2804 de
643 2759 952 2813 sacramentis,
971 2760 1224 2804 secundum
1242 2760 1364 2819 quod
1381 2760 1632 2820 important
1657 2761 1972 2806 habitudinem
1995 2763 2127 2821 signi,

173 2836 219 2873 et
241 2826 493 2871 secundum
516 2824 607 2870 hoc
633 2836 971 2870 sacramentum
996 2826 1179 2885 ponitur
1204 2828 1250 2870 in
1278 2841 1444 2886 genere
1471 2828 1606 2885 signi.

263 2893 340 2938 AD
371 2904 560 2938 Primum
593 2906 702 2951 ergo
729 2893 987 2947 dicendum,
1015 2894 1136 2952 quod
1164 2894 1270 2952 quia
1296 2895 1523 2938 medicina
1550 2909 1597 2939 se
1624 2895 1760 2939 habet
1786 2905 1835 2939 ut
1862 2910 1998 2939 causa
2031 2895 2133 2940 effe-

175 2960 294 3006 ctiva
319 2957 536 3012 sanitatis,
560 2958 666 3003 inde
688 2968 755 3004 est
785 2960 908 3018 quod
931 2961 1088 3004 omnia
1112 2960 1406 3005 denominata
1429 2976 1454 3004 a
1477 2962 1707 3006 medicina
1740 2962 1950 3006 dicuntur
1969 2976 2048 3021 per
2064 2977 2135 3006 or-

174 3027 328 3071 dinem
357 3025 412 3070 ad
438 3039 580 3069 unum
600 3025 795 3084 primum
821 3040 981 3086 agens:
1003 3037 1050 3071 et
1069 3038 1254 3087 propter
1274 3028 1364 3072 hoc
1389 3028 1777 3073 medicamentum
1800 3029 2015 3087 importat
2032 3043 2135 3072 cau-

174 3093 401 3140 salitatem
440 3091 697 3152 quandam:
737 3092 818 3136 sed
850 3094 1081 3148 sanctitas,
1117 3108 1143 3138 a
1179 3109 1268 3153 qua
1300 3095 1621 3140 denominatur
1655 3106 2006 3150 sacramentum,
2038 3110 2134 3140 non

175 3159 455 3220 significatur
479 3172 559 3218 per
583 3157 775 3203 modum
801 3172 965 3204 causae
992 3159 1242 3216 efficientis,
1269 3162 1348 3207 sed
1375 3163 1522 3221 magis
1549 3177 1629 3222 per
1646 3162 1835 3206 modum
1865 3176 2028 3206 causae
2048 3161 2136 3207 for-

50 3229 77 3268 3*
115 3268 118 3271 ,
176 3227 324 3281 malis,
349 3225 423 3270 vel
447 3224 620 3280 finalis;
646 3234 691 3270 et
714 3224 818 3270 ideo
843 3239 938 3270 non
965 3237 1159 3286 oportet,
1196 3229 1319 3288 quod
1345 3239 1683 3273 sacramentum
1709 3242 1889 3287 semper
1920 3229 2136 3288 importet

178 3293 504 3340 causalitatem.

266 3360 344 3405 An
370 3371 631 3404 SECUNDUM
653 3357 912 3412 dicendum,
939 3359 1062 3418 quod
1086 3360 1201 3405 ratio
1227 3361 1306 3405 illa
1332 3362 1550 3421 procedit,
1577 3354 1830 3405 secundum
1853 3362 1974 3420 quod
1992 3376 2139 3407 sacra-

180 3437 388 3473 mentum
411 3425 535 3470 idem
561 3435 642 3479 est,
669 3424 791 3502 quo-d
817 3439 998 3470 sacrum
1019 3438 1259 3472 secretum.
1281 3429 1460 3473 Dicitur
1486 3440 1638 3472 autem
1664 3443 1758 3472 non
1785 3428 1935 3473 solum
1962 3430 2051 3474 Dei
2072 3444 2136 3476 se-

180 3505 372 3547 cretum,
397 3492 477 3537 sed
508 3492 647 3537 etiam
672 3491 792 3550 regis
819 3506 918 3537 esse
942 3507 1140 3549 sacrum,
1166 3505 1211 3539 et
1236 3506 1587 3550 sacramentum,
1620 3497 1725 3554 quia
1751 3496 2002 3541 secundum
2029 3499 2138 3543 anti·

179 3574 294 3620 quos
311 3570 482 3613 sancta,
497 3558 572 3603 vel
586 3569 877 3603 sacrosancta
887 3559 1157 3605 dicebantur
1173 3576 1489 3621 quaecumque
1511 3561 1672 3605 violari
1686 3576 1779 3606 non
1796 3562 1984 3618 licebat3
2015 3565 2131 3609 sicut

182 3627 321 3672 etiam
346 3626 465 3672 muri
491 3625 697 3681 civitatis,
723 3635 768 3670 et
792 3639 1015 3686 personae
1040 3626 1087 3671 in
1114 3627 1406 3687 dignitatibus
1438 3629 1734 3673 constitutae.
1768 3638 1812 3675 et
1842 3630 1947 3675 ideo
1973 3599 2052 3676 illa
2073 3646 2141 3677 se-
