2352 3926
284 235 392 303 526
790 242 1069 293 QUAESTIO
1111 246 1262 285 Lxm.
1303 240 1615 286 »timeum-rs
1653 241 1729 286 11'1.

988 456 1422 515 ARTICULUS
1465 456 1565 513 ΠΙ.
2123 475 2247 537 ³34⁶

371 591 563 632 UTRUM
597 593 927 632 CHARACTER
961 594 1407 634 SACRAMENTALIS
1442 595 1527 633 sn·
1563 595 1895 635 CHARACTER
1922 568 2161 646 cnmszri.

780 703 845 761 (4.
872 703 983 749 Dist.
1010 718 1052 762 4.
1076 719 1114 764 q.
1145 716 1182 748 1.
1210 711 1292 750 art.
1319 719 1359 750 2.
1387 711 1425 750 et
1449 711 1532 751 art.
1552 721 1589 765 3.
1617 721 1655 764 q.
1676 705 1752 765 5.).

372 812 449 857 An
483 825 699 858 TER-rum
733 814 798 858 sic
824 815 1098 874 proceditur.
1125 815 1331 871 Videtur,
1357 816 1484 876 quod
1513 816 1748 861 character
1780 815 2130 862 sacramentalis
2154 826 2250 862 non

284 880 340 924 sit
367 880 601 924 character
628 882 828 926 Christi:
870 883 1032 927 dicitur
1054 883 1176 927 enim
1203 883 1367 943 Ephes.
1394 896 1461 939 4.:
1495 885 1640 929 Nolite·
1661 885 1905 929 contristare
1928 878 2135 944 Spiritwn
2160 880 2251 930 san-

285 954 396 992 ctum
431 948 528 1002 Dei,
562 950 607 992 in
639 962 718 1007 quo
744 952 900 1008 signati
925 952 1044 995 estis:
1086 951 1164 995 sed
1193 952 1486 1010 consignatio⁴
1505 951 1779 1010 importatur
1802 952 1850 995 in
1871 951 2061 996 nomine
2094 951 2251 996 chara·

285 1015 446 1070 cteris;
490 1030 600 1074 ergo
642 1016 878 1061 character
913 1018 1256 1063 sacramentalis
1287 1019 1434 1078 magi-s
1461 1018 1594 1063 debet
1630 1018 1811 1063 attribui
1848 1013 2040 1078 Spiriwi
2062 1018 2249 1073 Sancto,

287 1095 424 1141 quam
448 1082 652 1128 Christo.

377 1162 417 1194 a.
440 1149 738 1196 Pas-Erizam.
758 1150 1010 1197 character
1026 1152 1164 1197 habet
1189 1153 1414 1197 rationem
1433 1152 1572 1211 signi:
1591 1162 1659 1197 est
1684 1162 1839 1198 aurem
1854 1152 2036 1212 signum
2064 1152 2251 1212 gratiae,

287 1229 404 1277 quae
429 1230 509 1276 per
534 1227 876 1263 sacramentum
904 1219 1158 1264 confertur:
1187 1220 1332 1279 gratia
1359 1230 1512 1264 autern
1528 1220 1778 1265 infunditur
1795 1220 1976 1265 animae
1994 1231 2020 1264 a
2035 1228 2132 1266 tota
2149 1214 2251 1264 Tit-

286 1285 427 1330 nitate
440 1300 458 1329 ι-
475 1286 595 1329 unde
623 1286 784 1330 dicitur
809 1289 858 1330 in>
881 1287 1001 1331 Psal.
1030 1287 1115 1346 83-.:
1147 1287 1364 1340 Gratiam,
1381 1286 1424 1331 et*
1435 1287 1615 1346 gloriam
1641 1281 1760 1332 dabir
1784 1282 2167 1346 Dominasferzgo·
2186 1284 2249 1331 vi-

289 1354 432 1408 detur,
459 1353 581 1412 quod
609 1354 846 1398 character
871 1355 1214 1399 sacramentalia
1243 1365 1339 1398 non
1372 1350 1534 1399 debeat
1558 1354 1815 1414 specialiter
1841 1350 2251 1399 affitibuicliristo.

383 1435 419 1480 3.
447 1421 746 1466 PRAETEREA.
774 1422 847 1465 Ad
874 1422 964 1466 hoc
994 1422 1158 1481 aliquis
1183 1422 1496 1466 characterem
1525 1415 1701 1482 accipit,
1734 1429 1784 1466 ut
1815 1430 1871 1466 eo
1905 1430 1935 1466 a
1962 1418 2164 1467 caeteri&
2189 1421 2256 1466 di-

287 1488 568 1546 stinguatur:
598 1489 679 1532 sed·
702 1488 930 1533 distinctio
958 1499 1224 1533 sanctorum
1252 1489 1305 1533 ab
1331 1489 1430 1533 aliis·
1461 1488 1511 1533 fit
1542 1498 1621 1548 per
1647 1489 1939 1543 charitatem,
1959 1486 2077 1548 quae
2115 1484 2256 1533 «sola

289 1555 523 1614 distinguit
555 1552 672 1599 inter
707 1555 827 1600 filios
863 1557 1006 1615 regni,
1044 1566 1088 1601 et
1120 1555 1239 1601 filios
1276 1553 1548 1615 perditionis
1568 1572 1610 1611 »3
1646 1568 1696 1601 ut
1721 1551 1915 1615 August
1952 1556 2063 1601 aicit
2100 1564 2167 1614 ῖς.
2198 1555 2255 1600 de

292 1621 420 1666 Trin.
451 1623 563 1682 (cap.
595 1624 698 1680 18.),·
732 1623 852 1667 unde
880 1633 925 1668 et
949 1623 1035 1682 ipsi
1057 1624 1322 1682 perditionis
1348 1620 1430 1667 filii
1456 1624 1768 1668 characterem
1793 1623 1965 1668 bestiae
1989 1623 2159 1668 habere
2190 1623 2256 1667 di-

292 1699 467 1743 cuntur,
494 1700 544 1733 ut
569 1699 693 1748 patet
718 1690 866 1748 Apoc.
895 1703 960 1748 13.
989 1691 1208 1736 Charitas
1229 1699 1381 1736 autern
1403 1700 1499 1734 non·
1520 1691 1773 1735 attribuitur
1791 1690 1993 1744 Christo,
2011 1690 2097 1735 s‘ed
2107 1688 2254 1749 magis

293 1757 480 1816 Spiritui
507 1757 695 1810 Sancto,
723 1757 975 1801 secundum
1001 1753 1112 1802 illud
1139 1759 1275 1803 R-o'rn.
1309 1772 1358 1816 5-.:
1389 1757 1585 1803 Charitas
1618 1760 1702 1803 Dei
1732 1758 1883 1817 diffusa
1907 1763 1963 1804 ast
1989 1759 2036 1802 in
2060 1757 2252 1803 cordibus

290 1826 440 1868 nostris
459 1832 539 1883 per
564 1825 772 1883 Spiritum
794 1826 1009 1880 Sanctum,
1035 1828 1108 1884 qui
1127 1826 1250 1870 datus
1275 1832 1328 1871 est
1353 1828 1483 1879 nobis,
1511 1825 1586 1870 vel
1613 1826 1751 1870 etiarn
1778 1822 1916 1879 Patri,
1937 1823 2256 1870 secundu'm‘il·

291 1891 369 1935 lud
396 1904 435 1935 2.
465 1892 520 1935 ad
548 1889 758 1936 Corinth.
782 1892 875 1937 uic:
907 1893 1062 1938 Gratia
1089 1895 1272 1938 Domini
1290 1895 1423 1939 nostri
1433 1895 1528 1950 Iesu
1549 1894 1718 1946 Christ-i,
1737 1899 1774 1937 et
1799 1893 1984 1938 charitas
2005 1894 2125 1946 Deif
2142 1904 2255 1952 ergo

292 1958 484 2013 videtur,
511 1960 634 2018 quod
662 1959 898 2004 character
923 1961 1266 2005 sacramentalis
1294 1975 1390 2005 non
1416 1961 1474 2005 sit
1499 1960 1807 2005 attribuendus
1835 1959 2036 2005 Christo.

383 2026 477 2070 SED
505 2038 701 2071 CONTRA
729 2037 808 2081 est,
836 2028 958 2087 quod
978 2029 1164 2087 quidam
1182 2029 1247 2072 sic
1267 2028 1487 2072 definiunt
1510 2028 1844 2072 characterem:
1873 2043 1897 2069 c<
1917 2022 2172 2073 character
2189 2036 2258 2072 est

292 2094 522 2139 distinctio
551 2109 576 2138 a
603 2090 867 2140 charactere
895 2106 1083 2141 aeterno
1109 2097 1331 2155 impressa
1358 2095 1539 2140 animae
1566 2094 1793 2149 rationali,
1820 2095 2076 2140 secundum
2099 2091 2258 2154 imagi·

292 2173 416 2217 nem,
444 2162 720 2221 consignans
750 2161 1023 2208 Tri-nitatem
1052 2174 1251 2208 creatam
1278 2162 1495 2208 Trinitati
1520 2163 1705 2217 creanti,
1733 2173 1779 2208 et·
1793 2162 2030 2217 recreanti,
2046 2171 2097 2207 eu
2107 2162 2259 2207 distin·

294 2243 438 2288 guens
466 2243 491 2272 a
516 2243 609 2273 non
639 2229 931 2289 configuratis
958 2232 1209 2275 secundum
1224 2241 1396 2275 statum
1418 2230 1526 2275 fidei.
1543 2241 1583 2274 »t
1610 2231 1689 2275 sed
1709 2230 1944 2274 character
1967 2233 2261 2275 aeternusest
2311 2240 2314 2243 ·

294 2296 390 2355 ipse
418 2296 643 2349 Christus,
670 2297 923 2340 secundum
948 2297 1061 2341 illud
1090 2299 1226 2343 Hebr.
1256 2312 1308 2342 1.:
1333 2299 1423 2355 Qui
1449 2307 1544 2343 cum
1565 2299 1616 2342 sit
1638 2297 1829 2357 splendor
1852 2297 2029 2356 gk‘r‘iaew,
2052 2303 2090 2342 et
2112 2292 2260 2357 figura

297 2363 392 2421 (vel
418 2364 655 2420 character)
683 2365 931 2410 substantiae
957 2368 1043 2424 ejus
1054 2381 1070 2418 ;
1099 2374 1212 2425 ergo
1235 2365 1426 2420 videtur,
1450 2364 1575 2424 quod
1599 2364 1835 2409 character
1858 2364 1919 2408 sit
1939 2363 2121 2424 proprie
2137 2363 2261 2408 auri*

296 2430 503 2475 buendus'
531 2429 732 2474 Christo.

387 2497 676 2542 RESPONDEO
703 2498 963 2554 dicendum,
1000 2499 1138 2558 quod,
1176 2500 1293 2543 sicut
1326 2513 1380 2543 ex
1416 2494 1689 2557 supradictis
1721 2507 1844 2557 patet
1872 2497 1972 2555 (art.
2005 2510 2040 2544 ι’.
2068 2494 2162 2558 ΙοιιῘζ-
2182 2497 2259 2558 q),

299 2565 535 2609 character
560 2565 742 2624 proprie
781 2574 848 2609 est
889 2566 1176 2624 signaculum
1203 2566 1452 2625 quoddam,
1479 2575 1573 2624 quo
1605 2564 1775 2624 aliquid
1801 2562 2057 2624 insignitur,
2099 2574 2149 2610 ut
2186 2577 2261 2610 or·

299 2632 504 2676 dinatum
532 2633 582 2675 in‘
611 2631 815 2691 aliquem·
837 2632 1000 2676 finem:
1043 2634 1161 2678 sicut·
1200 2633 1464 2677 charactere
1498 2632 1741 2691 insignitur
1782 2631 1992 2676 denarius
2034 2632 2090 2677 ad
2126 2632 2259 2678 usum

299 2699 746 2753 commutationum;
773 2709 818 2743 et
843 2699 1010 2743 milites
1029 2700 1290 2744 charactere
1316 2699 1633 2759 insigniuntur,
1662 2699 1791 2758 quasi
1817 2699 1872 2744 ad
1889 2699 2104 2746 militiam
2126 2697 2262 2760 depu-

299 2767 404 2812 tatit
431 2767 578 2811 homo
605 2776 758 2811 autem
783 2765 930 2811 fidelis
956 2767 1011 2810 ad
1038 2766 1117 2811 duo
1145 2768 1406 2826 deputatur:
1428 2769 1574 2827 primo
1593 2767 1793 2826 quidem,
1817 2777 1862 2812 et
1877 2763 2260 2828 principaliter'ad

305 2833 566 2878 fruitionem
596 2833 791 2892 gloriae:
820 2843 864 2877 et
891 2833 945 2877 ad
973 2834 1063 2877 hoc
1090 2834 1330 2893 insignitur
1355 2834 1593 2893 signaculo
1633 2836 1818 2892 gratiae,
1860 2834 2112 2879 secundum
2137 2833 2259 2879 <illud

303 2902 468 2947 Ezech.
497 2914 552 2962 9.:
580 2901 709 2960 Signa
742 2900 861 2945 Thau
891 2908 1013 2960 super
1034 2901 1196 2960 frontes
1220 2903 1416 2946 virorum
1441 2903 1706 2960 gementium,
1734 2907 1770 2945 et
1790 2900 2031 2956 dolentium,
2058 2908 2105 2947 et
2141 2902 2263 2961 Aspo-

307 2969 454 3028 calyp.
483 2981 548 3027 7.:
586 2968 726 3013 Nolite
761 2979 904 3012 nocere
931 2974 1079 3022 terrae,
1118 2975 1160 3013 et
1180 2970 1306 3022 mari,
1343 2983 1468 3027 neque
1505 2970 1739 3022 arboribus,
1768 2968 2029 3028 quoadusque
2059 2970 2264 3028 sigm'mus

306 3051 444 3082 servos
472 3037 554 3080 Dei
579 3037 710 3080 nostri
734 3037 778 3079 in
795 3036 1009 3094 frontibus
1036 3050 1205 3080 eorum:
1231 3036 1403 3080 secundo
1438 3045 1590 3080 autem
1630 3036 1868 3095 deputatur
1898 3036 2087 3096 quisque
2115 3034 2263 3081 fidelis

307 3104 361 3148 ad
380 3102 706 3163 recipiendum,
722 3101 795 3146 vel
820 3102 1091 3147 tradendum
1119 3102 1217 3147 aliis
1244 3117 1311 3157 ea,
1330 3117 1446 3162 quae
1472 3103 1697 3162 pertinent
1723 3102 1778 3147 ad
1804 3102 1978 3148 cultum
2001 3099 2113 3149 Deis
2137 3110 2182 3148 et
2205 3101 2264 3148 ad

304 3172 394 3215 hoc
419 3172 600 3229 proprie
627 3170 866 3229 deputatur
878 3169 1115 3213 character
1131 3170 1472 3214 sacramentalis
1493 3185 1502 3214 ε
1528 3180 1650 3215 totus
1678 3179 1831 3215 autem
1856 3164 1967 3215 ritus
1993 3169 2263 3216 christianae

306 3237 540 3297 religionis
567 3237 794 3281 derivatur
821 3250 845 3280 a
872 3235 1127 3281 sacerdotio
1157 3237 1350 3281 Christi:
1385 3247 1429 3280 et
1454 3237 1559 3281 ideo
1586 3236 1878 3282 manifestum
1905 3246 1987 3292 est,
2011 3237 2135 3297 quod
2161 3236 2265 3282 cha-

306 3315 452 3349 racter
478 3303 820 3349 sacramentalis
847 3303 1104 3363 specialiter
1130 3314 1197 3348 est
1224 3304 1460 3348 character
1489 3304 1674 3359 Christi,
1702 3305 1835 3362 cujus·
1853 3304 2112 3349 sacerdotio
2128 3302 2266 3349 confi·

308 3382 526 3431 gurantur
551 3371 707 3416 fideles
733 3371 983 3416 secundum
1010 3371 1365 3415 sacramentales
1398 3372 1705 3425 characteres,
1735 3371 1811 3430 qui
1848 3370 1964 3415 nihil
1999 3369 2120 3416 aliud
2146 3380 2264 3426 sunt,

309 3454 447 3498 quam
475 3439 700 3498 quaedam
727 3438 1096 3498 participationes
1123 3437 1364 3482 sacerdotii
1392 3438 1563 3482 Christi
1593 3438 1644 3481 ab
1677 3438 1778 3497 ipso
1807 3437 1991 3483 Christo
2023 3437 2264 3483 derivatae.

397 3507 473 3551 An
495 3519 682 3551 PthJM
698 3519 808 3565 ergo
826 3506 1086 3559 dicendum,
1109 3505 1230 3563 quod
1248 3505 1499 3564 Apostolus
1517 3505 1577 3548 ibi
1596 3505 1810 3564 loquitur,
1827 3505 1882 3549 de
1900 3504 2264 3564 consignatione,
2342 3495 2344 3499 ¹

307 3573 558 3617 secundum
587 3587 724 3632 quam
753 3572 914 3632 aliquis
941 3573 1180 3631 deputatur
1207 3571 1261 3615 ad
1288 3571 1487 3616 futuram
1515 3571 1726 3630 gloriam,
1754 3585 1869 3630 quae
1891 3570 1941 3616 fit
1960 3585 2040 3632 per
2055 3571 2263 3631 gratiam,
2334 3576 2340 3615 ,ἵ

309 3649 352 3683 et
379 3639 564 3699 Spiritui
593 3639 764 3684 Sancto
792 3638 1060 3694 attribuitur,
1087 3638 1355 3699 inquantum
1384 3653 1438 3683 ex
1465 3653 1622 3683 amore
1646 3638 1864 3698 procedit,
1891 3638 2013 3698 quod
2038 3638 2166 3685 Deus
2185 3651 2265 3683 no·
