2352 3926
613 210 892 259 QUABSTIO
933 211 1045 251 L111.
1085 210 1395 251 ARTICULUS
1434 210 1492 251 11.
1926 212 2029 267 451

74 329 252 363 moram
275 327 376 360 esse
401 313 518 358 inter
543 323 756 368 mortem,
783 323 828 358 et
852 313 1256 368 resurrectionem3
1298 315 1335 358 si
1369 313 1492 358 enirn
1530 313 1682 358 statim
1708 322 1812 374 post
1837 322 2035 358 mortem

72 383 398 434 resurrexisset,
421 382 565 426 videri
590 393 757 442 posset,
784 382 907 441 quod
934 383 1029 441 ejus
1048 395 1172 426 mors
1188 395 1296 426 vera
1316 395 1411 425 non
1428 381 1576 435 fuerit,
1590 392 1634 426 et
1651 394 1731 440 per
1748 394 2036 439 consequens

71 449 450 499 neeresurrectio
472 463 605 494 vera:
630 449 686 494 ad
703 449 941 493 veritatem
968 458 1122 493 autem
1148 448 1309 492 mortis
1337 447 1509 492 Christi
1536 447 1932 502 manifestandam,
1950 446 2038 491 suf-

71 517 251 564 ficiebat
278 517 405 577 quod
432 531 574 577 usque
613 516 669 560 ad
695 515 877 560 tertium
910 515 1032 559 diem
1071 516 1166 572 ejus
1192 515 1462 559 resurrectio
1497 514 1771 559 differretur:
1800 515 1906 574 quia
1940 528 2035 559 non

40 612 48 617 ·
70 583 305 643 contingit,
325 585 433 644 quin
459 583 573 628 infra
598 583 689 627 hoc
715 593 895 641 tempus
918 583 962 625 in
988 581 1192 634 homine,
1216 581 1293 640 qui
1319 592 1526 625 mortuus
1548 583 1738 636 videtur,
1767 596 1874 626 cum
1898 582 2037 635 vivat,

0 648 1 652 ’
70 661 315 712 appareant
331 650 482 711 aliqua
507 650 674 695 indicia
690 649 822 693 vitae.
840 648 929 693 Per
954 648 1044 692 hoc
1073 649 1211 692 etiarn
1235 649 1356 707 quod
1374 649 1506 693 tertia
1532 649 1603 693 die
1631 650 1886 704 resurrexit,
1913 664 2040 694 com·

70 717 309 763 mendatur
334 710 551 777 perfectio
577 715 774 769 ternarii,
802 715 878 774 qui
904 724 972 759 est
996 729 1211 759 numerus
1241 716 1392 759 omnis
1425 716 1503 770 rei,
1536 727 1693 775 utpote
1720 717 1892 761 habens
1919 717 2037 776 prin-

71 785 256 844 cipium,
298 785 515 841 medium,
553 793 598 827 et
644 782 798 836 finem,
826 792 875 826 ut
899 782 1063 825 dicitur
1094 784 1140 825 in
1179 795 1213 826 1.
1243 783 1297 826 de
1325 782 1476 827 Coelo
1518 783 1613 839 (tex.
1648 784 1725 840 2.).
1767 784 2038 828 Ostenditur

70 853 211 898 etiam
230 851 482 897 secundum
502 850 785 910 mysterium,
819 850 941 909 quod
969 849 1180 893 Christus
1212 864 1302 893 una
1335 859 1484 894 morte
1520 864 1601 894 sua
1637 850 1865 910 corporali
1897 852 2038 910 (quae

69 912 155 964 fuit
177 918 254 964 lux
278 927 462 979 propter
486 917 726 976 justitiam)
749 917 860 960 duas
877 926 1057 960 nostras
1084 926 1256 960 mortes
1280 916 1513 970 destruxit,
1541 917 1716 961 scilicet
1742 918 1962 977 corporis,
1995 928 2040 962 et

71 986 267 1042 animae,
296 999 414 1045 quae
435 995 540 1029 sunt
563 984 834 1029 tenebrosae
861 995 1044 1042 propter
1061 994 1330 1042 peccatum;
1358 994 1401 1028 et
1426 984 1530 1028 ideo
1564 999 1655 1028 una
1682 985 1753 1029 die
1778 987 1967 1043 integra,
1995 995 2042 1029 et

71 1052 244 1098 duabus
270 1052 480 1097 noctibus
507 1052 757 1111 permansit
781 1052 827 1094 in
855 1060 1018 1104 morte,
1036 1062 1086 1094 ut
1103 1052 1297 1109 August.
1317 1052 1426 1095 dicit
1443 1052 1489 1095 in
1507 1064 1548 1106 4.
1569 1052 1624 1095 de
1644 1051 1806 1096 Trinit.
1827 1053 1938 1112 (cap.
1958 1053 2040 1110 6.).·

69 1134 151 1180 per
170 1120 260 1164 hoc
286 1119 425 1164 etiam
452 1119 746 1178 significatur,
770 1118 892 1177 quod
919 1132 999 1176 per
1029 1119 1414 1162 resurrectionem
1443 1119 1615 1163 Christi
1647 1120 1832 1163 tertium
1858 1130 2040 1178 tempus

69 1185 326 1247 incipiebat,
363 1201 473 1230 nam
514 1187 711 1245 primum
737 1185 821 1230 fuit
852 1196 955 1229 ante
983 1185 1150 1244 legem,
1185 1187 1437 1230 secundum
1476 1187 1556 1230 sub
1595 1186 1713 1245 lege,
1740 1187 1925 1231 tertium
1957 1187 2039 1230 sub

70 1254 240 1313 gratia:
260 1254 464 1312 incoepit
489 1253 627 1298 etiam
644 1254 690 1297 in
710 1252 884 1298 Christi
910 1253 1242 1298 resurrectione
1269 1254 1429 1298 tertius
1455 1264 1597 1298 status
1624 1263 1903 1308 sanctorum,
1929 1268 2040 1298 nam

69 1321 240 1381 primus
267 1320 351 1365 fuit
375 1321 456 1365 sub
474 1320 629 1379 figuris
661 1320 790 1379 legis,
816 1321 1043 1365 secundus
1077 1321 1157 1364 sub
1181 1322 1370 1365 veritate
1397 1321 1517 1374 fidei,
1543 1321 1700 1366 tertius
1728 1321 1812 1365 erit
1827 1322 1874 1364 in
1902 1331 2043 1366 aeter-

67 1388 209 1433 nitate
235 1387 423 1448 gloriae,
450 1402 589 1448 quam
607 1387 817 1432 Christus
842 1387 1081 1432 inchoavit
1105 1388 1409 1446 resurgendo.

160 1455 236 1500 An
261 1468 450 1501 PmMUM
477 1469 588 1513 ergo
616 1455 874 1508 dicendum,
901 1454 1024 1514 quod
1052 1465 1201 1514 caput,
1230 1465 1275 1500 et
1307 1455 1513 1499 membra
1532 1454 1879 1501 conformantur
1895 1457 1941 1500 in
1965 1471 2042 1500 na-

69 1531 185 1577 tura,
210 1522 289 1567 sed
314 1536 409 1567 non
431 1522 477 1566 in
503 1522 690 1567 virtute:
718 1521 1013 1567 excellentior
1040 1532 1107 1566 est
1132 1523 1256 1566 enim
1282 1523 1422 1567 virtus
1451 1523 1623 1582 capitis,
1651 1537 1790 1582 quam
1815 1525 2044 1568 membro-

69 1604 196 1644 rum;
214 1599 260 1634 et
274 1589 379 1634 ideo
398 1589 453 1633 ad
471 1589 875 1634 demonstrandam
904 1588 1222 1634 excellentiam
1247 1590 1423 1634 virtutis
1443 1589 1628 1644 Christi,
1647 1591 1927 1636 conveniens
1956 1591 2043 1636 fuit

69 1657 219 1717 ipsum
244 1658 375 1701 tertia
391 1656 463 1700 die
486 1670 736 1715 resurgere,
756 1655 951 1700 aliorum
973 1657 1303 1701 resurrectione
1322 1656 1459 1701 dilata
1473 1671 1615 1716 usque
1633 1657 1688 1701 ad
1705 1657 1845 1702 finem
1861 1659 2039 1703 mundi.

163 1724 241 1768 AD
268 1737 528 1769 SECUNDUM
561 1723 821 1777 dicendum,
848 1723 970 1782 quod
1003 1724 1202 1768 detentio
1231 1725 1520 1769 coactionem
1552 1724 1782 1783 quandam
1808 1725 2038 1784 importat.

77 1790 286 1837 Christus
315 1801 466 1836 autem
493 1789 619 1834 nulla
645 1790 916 1835 necessitate
958 1791 1117 1834 mortis
1143 1791 1379 1835 tenebatur
1412 1791 1664 1846 adstrictus,
1691 1792 1770 1835 sed
1802 1802 1898 1837 erat
1929 1794 2041 1838 inter

73 1864 260 1903 mortuos
285 1858 404 1911 liber,
439 1867 483 1902 et
515 1857 619 1901 ideo
649 1856 909 1916 aliquandiu
941 1858 988 1900 in
1020 1867 1168 1901 morte
1203 1859 1381 1911 mansit,
1416 1872 1509 1901 non
1551 1859 1679 1916 quasi
1705 1859 1928 1913 detentus,
1961 1860 2039 1904 sed

73 1919 256 1985 propria
281 1923 532 1979 voluntate,
559 1925 776 1983 quamdiu
798 1925 1015 1983 judicavit
1030 1925 1121 1968 hoc
1145 1939 1242 1968 esse
1265 1925 1575 1969 necessarium
1604 1926 1659 1969 ad
1693 1926 2038 1971 instructionem

73 1992 180 2037 fidei
209 2002 416 2047 nostrae3
442 1991 606 2036 dicitur
632 2002 786 2035 autem
813 1992 967 2036 statim
990 1991 1100 2045 fieri,
1127 1992 1249 2050 quod
1276 1992 1325 2035 fit
1350 1993 1475 2035 brevi
1500 1993 1767 2051 interposito
1793 2003 2015 2052 tempore.

163 2059 242 2104 AD
269 2071 486 2104 TERTIUM
508 2058 768 2111 dicendum,
795 2059 932 2118 quod,
959 2059 1076 2102 sicut
1101 2073 1235 2118 supra
1263 2059 1434 2103 dictum
1462 2070 1528 2103 est
1553 2062 1611 2118 (q.
1640 2076 1698 2119 51.
1723 2066 1802 2104 art.
1829 2075 1870 2117 4.
1896 2061 1948 2105 ad
1974 2061 2039 2118 2),

21 2179 31 2182 -
78 2125 288 2172 Christus
313 2126 554 2171 resurrexit
579 2127 700 2170 circa
733 2125 985 2170 diluculum
1026 2126 1320 2170 illucescente
1347 2128 1440 2183 jam
1468 2126 1553 2180 die,
1597 2127 1652 2170 ad
1685 2127 2036 2185 significandum

76 2193 200 2253 quod
224 2207 307 2253 per
330 2208 461 2238 suam
493 2194 873 2237 resurrectionem
899 2207 983 2238 nos
1018 2194 1072 2238 ad
1099 2193 1250 2237 lucem
1279 2193 1452 2252 gloriae
1486 2194 1753 2239 inducebat:
1783 2194 1898 2237 sicut
1924 2209 2044 2238 mor-

72 2270 178 2306 tuus
202 2271 271 2305 est
293 2260 695 2319 advesperascente
722 2261 815 2318 jam
838 2260 925 2314 die,
953 2271 997 2304 et
1022 2260 1264 2305 recedente
1297 2261 1343 2303 in
1375 2261 1599 2314 tenebras,
1623 2261 1679 2305 ad
1706 2261 2041 2305 ostendendum

74 2327 197 2387 quod
213 2342 294 2386 per
313 2342 444 2371 suam
462 2338 659 2371 mortem
677 2326 926 2372 destrueret
941 2327 1148 2371 tenebras
1169 2326 1346 2386 culpae,
1361 2337 1405 2371 et
1421 2342 1622 2385 poenae3
1641 2338 1685 2372 et
1706 2338 1860 2372 tamen
1881 2329 2043 2372 dicitur

74 2395 207 2440 tertia
234 2395 306 2439 die
323 2395 632 2448 resurrexisse,
660 2394 928 2453 accipiendo
953 2394 1072 2438 diem
1100 2409 1182 2453 pro
1210 2395 1281 2438 die
1303 2395 1601 2454 naturali,qui
1620 2396 1822 2439 continet
1844 2398 2040 2455 spatium

73 2462 433 2522 vigintiquatuor
472 2462 715 2506 horarum:
758 2472 804 2506 et
844 2463 962 2506 sicut
986 2462 1095 2506 dicit
1121 2463 1313 2520 August.
1341 2462 1387 2505 in
1419 2475 1461 2517 4.
1489 2462 1543 2506 de
1569 2461 1694 2506 Trin.
1729 2463 1844 2523 (cap.
1871 2463 1911 2508 6.
1947 2469 2042 2507 ante

75 2529 219 2586 med),
245 2546 268 2570 «
294 2543 387 2573 nox
412 2543 554 2587 usque
592 2529 648 2573 ad
685 2527 951 2583 diluculum,
994 2543 1085 2588 quo
1112 2529 1302 2572 Domini
1328 2530 1598 2573 resurrectio
1626 2530 1853 2574 declarata
1877 2541 1957 2585 est,
1986 2530 2041 2574 ad

73 2596 256 2641 tertium
283 2595 476 2655 pertinet
501 2596 649 2640 diem:
677 2596 783 2655 quia
809 2597 949 2650 DeUS‚
976 2597 1053 2655 qui
1072 2596 1181 2640 dixit
1208 2596 1263 2640 de
1296 2597 1493 2641 tenebris
1521 2597 1671 2641 lucem
1699 2597 1965 2655 clarescere,
1994 2608 2045 2642 ut

20 2693 23 2695 »
74 2677 154 2724 per
180 2663 372 2722 gratiam
413 2663 523 2707 novi
550 2661 849 2717 Testamenti,
891 2672 934 2708 et
966 2663 1364 2722 participationem
1397 2665 1740 2709 resurrectionis
1770 2665 1939 2709 Christi
1967 2679 2042 2708 au-

79 2730 309 2775 diremus:
331 2731 488 2776 Fuistis
519 2730 743 2788 aliquando
777 2732 975 2784 tenebrae,
1010 2746 1119 2775 nunc
1152 2737 1290 2775 autem
1314 2731 1386 2775 lux
1408 2733 1452 2775 in
1465 2732 1671 2786 Domino,
1695 2732 1893 2776 insinuat
1910 2732 2043 2775 nobis

77 2796 439 2857 quodammodo,
465 2797 623 2856 quoda
638 2807 775 2841 nocte
804 2797 899 2841 dies
915 2808 1067 2842 sumat
1084 2798 1286 2841 initium:
1303 2798 1419 2842 sicut
1441 2801 1563 2842 enim
1587 2799 1721 2858 primi
1747 2799 1841 2843 dies
1859 2809 2044 2858 propter

18 2878 29 2923 g
77 2863 282 2908 futurum
308 2863 510 2908 hominis
542 2862 722 2923 lapsum
750 2878 775 2907 a
800 2863 901 2908 luce
934 2864 980 2908 in
1006 2875 1207 2919 noctem,
1241 2865 1302 2908 ita
1328 2865 1401 2909 isti
1427 2876 1610 2925 propter
1635 2866 1837 2910 hominis
1869 2879 2045 2924 repara-

20 2956 24 2964 ‹
76 2931 253 2976 tionem
276 2945 302 2975 a
327 2930 522 2975 tenebris
546 2931 599 2975 ad
622 2930 772 2975 lucem
800 2943 1123 2991 computantur
1154 2950 1194 2975 n.
1229 2932 1284 2976 Et
1310 2933 1370 2976 ita
1398 2943 1520 2992 patet
1546 2934 1668 2992 quod
1695 2933 1873 2977 etiamsi
1891 2933 2043 2977 media

77 3008 215 3042 nocte
242 2997 519 3051 surrexisset,
552 3007 706 3056 posset
746 2998 836 3042 dici
877 3013 983 3043 eum
1010 2999 1082 3044 die
1108 3000 1238 3043 tertia
1272 3000 1530 3053 surrexisse,
1563 2999 1860 3058 intelligendo
1888 3000 1942 3043 de
1970 3000 2042 3043 die

22 3068 31 3115 ,ξ
78 3063 286 3110 naturali.
304 3064 438 3108 Nunc
466 3075 618 3108 autem
646 3078 751 3108 cum
779 3064 980 3109 diluculo
1008 3067 1260 3119 surrexerit,
1280 3077 1430 3124 potest
1446 3067 1534 3110 dici
1557 3067 1678 3126 quod
1702 3067 1832 3110 tertia
1855 3067 1926 3109 die
1953 3081 2044 3110 sur-

80 3132 209 3186 rexit,
236 3132 374 3176 etiam
402 3131 668 3191 accipiendo
695 3132 815 3176 diem
843 3132 1138 3186 artificialem,
1166 3148 1281 3191 quae
1316 3145 1524 3178 causatur
1551 3148 1605 3177 ex
1623 3134 1875 3192 praesentia
1903 3132 2042 3186 solis;

81 3199 187 3258 quia
227 3199 319 3257 jam
351 3197 423 3242 sol
447 3198 693 3257 incipiebat
718 3203 869 3243 aerem
901 3199 1151 3245 illustrare:
1185 3201 1303 3245 unde
1343 3212 1388 3246 et
1424 3202 1570 3245 Marci
1607 3201 1684 3245 ult.
1714 3201 1889 3253 dicitur,
1918 3199 2040 3259 quod

28 3318 30 3320 ,
81 3266 273 3311 mulieres
302 3272 506 3311 venerunt
535 3265 590 3309 ad
620 3272 943 3320 monumentum,
978 3273 1069 3312 orto
1097 3270 1191 3325 jam
1222 3268 1334 3312 sole.-
1368 3269 1490 3326 quod
1528 3282 1620 3311 non
1659 3277 1727 3311 est
1764 3267 2042 3310 contrarium

27 3333 34 3369 ἶ
81 3333 123 3378 ei
140 3332 262 3392 quod
288 3332 418 3391 Joan.
446 3332 576 3376 dicit:
615 3333 724 3377 Cum
756 3332 889 3378 adhuc
921 3335 1106 3379 tenebrae
1136 3341 1274 3389 essent,
1304 3345 1351 3379 ut
1377 3335 1571 3393 August.
1601 3335 1709 3378 dicit
1741 3335 1786 3377 in
1814 3334 1888 3379 lib.
1921 3348 1957 3393 3.
1987 3335 2042 3378 de

0 3446 1 3451 ,
82 3399 326 3444 Consensu
343 3398 619 3457 Evangelist.
652 3400 764 3458 (cap.
791 3413 859 3456 24.
877 3401 987 3445 inter
1002 3403 1136 3459 princ.
1165 3408 1203 3446 et
1234 3402 1376 3459 med),
1415 3418 1438 3442 «
1457 3402 1562 3460 quia
1589 3401 1659 3444 die
1694 3410 1920 3459 surgente,
1946 3400 2046 3445 reli-

82 3466 216 3526 quiae
237 3465 526 3511 tenebrarum
547 3475 675 3509 tanto
703 3466 850 3524 magis
876 3475 1187 3521 extenuantur,
1215 3478 1385 3526 quanto
1413 3469 1558 3526 magis
1586 3470 1726 3511 oritur
1752 3467 1826 3510 lux
1859 3482 1900 3510 »:
1922 3467 2045 3526 quod

30 3523 43 3555 ⁷³
83 3542 238 3577 autem
263 3532 374 3576 dicit
397 3532 599 3577 Marcus:
626 3532 732 3577 Orto
745 3534 839 3591 jam
854 3533 948 3586 sole,
972 3547 1067 3578 non
1093 3534 1156 3578 sic
1185 3535 1503 3593 accipiendum
1521 3544 1601 3587 est,
1628 3544 1848 3592 tanquam
1864 3534 1957 3592 jam
1975 3533 2048 3578 sol

0 3598 1 3624 ³
32 3602 40 3646 ἱ
82 3598 180 3659 ipse
195 3598 422 3644 videretur
438 3611 573 3657 super
593 3607 776 3652 terram,
793 3598 872 3644 sed
889 3609 1107 3659 tanquam
1125 3600 1180 3645 de
1197 3601 1407 3660 proximo
1428 3600 1696 3645 adveniente
1713 3600 1759 3644 in
1778 3600 1861 3645 has
1880 3610 2044 3659 partes.
