2352 3926
689 252 970 300 Quasno
1010 253 1099 294 Lx.
1138 252 1446 293 uncums
1485 251 1559 292 vx.
2008 251 2111 306 505

155 357 267 416 (cap.
292 356 359 404 16.
381 361 420 401 et
440 355 550 414 17.).·
572 355 649 400 sed
668 355 712 401 in
732 357 1030 401 sacramentis
1047 355 1211 400 veteris
1231 354 1344 414 legis
1361 369 1455 400 non
1474 354 1783 413 requirebatur
1799 351 1952 412 aliqua
1967 351 2116 397 forma

154 422 421 475 verborunn
453 435 563 480 ergo
589 436 673 468 nec
700 423 745 466 in
772 423 1070 467 sacramentis
1097 436 1245 467 novae
1272 422 1399 481 legis.

244 489 338 535 SED
365 502 560 534 CONTRA
583 499 664 542 est,
690 490 811 548 quod
839 490 1000 549 Apost.
1029 489 1137 535 dicit
1163 489 1325 547 Ephes.
1359 503 1417 546 5.:
1450 489 1639 534 Christus
1655 488 1800 533 dilexit
1821 487 2064 541 Ecclesiam,
2082 492 2118 531 et

154 555 327 602 tradidit
348 559 607 617 semetipsum
624 565 706 615 pro
732 572 794 610 ea,
810 563 863 600 'ut
889 557 1006 600 illam
1031 558 1322 615 sanctificaret,
1347 557 1551 600 mundans
1583 571 1674 600 eam
1707 557 1879 600 lavacro
1906 569 2040 614 aquae
2071 556 2116 598 in

153 625 279 668 verbo
303 626 438 675 vitam
468 634 512 668 et
538 623 731 682 August.
756 624 865 667 dicit
890 638 1023 682 super
1043 624 1173 681 Joan.
1205 624 1344 679 (tract.
1372 625 1442 669 80.
1462 631 1570 683 post¹
1591 624 1735 682 med.):
1768 639 1791 665 <t
1810 623 2004 668 Accedit
2019 636 2117 666 ver-

153 688 263 736 bum
290 691 346 734 ad
372 690 666 745 elementum,
693 701 737 734 et
762 690 810 734 fit
836 700 1176 735 sacramentum
1199 707 1239 734 >).

242 757 529 803 RESPONDEO
556 757 815 811 dicendum,
842 757 963 816 quod
989 767 1290 811 sacramenta,
1317 757 1434 801 sicut
1459 757 1632 802 dictum
1659 767 1727 802 est
1751 757 1855 815 (art.
1874 773 1910 816 3.
1930 757 2016 815 huj.
2037 755 2100 815 q.)
2132 788 2137 792 .

154 824 424 871 adhibentur
463 824 519 869 ad
559 825 802 869 hominum
843 823 1269 878 sanctificationem,
1302 826 1419 868 sicut
1450 826 1674 883 quaedam
1706 825 1861 883 signa;
1894 824 2120 884 tripliciter

153 905 264 950 ergo
291 891 564 936 considerari
597 901 799 949 possunt,
832 901 876 935 et
908 890 1111 949 quolibet
1142 891 1283 935 modo
1318 891 1528 949 congruit
1561 891 1624 935 eis
1658 891 1780 950 quod
1813 891 1951 935 verba
1984 890 2117 935 rebus

151 958 437 1006 sensibilibus
478 959 806 1017 adjungantur:
834 959 978 1017 primo
1011 958 1135 1003 enim
1167 968 1359 1017 possunt
1391 958 1668 1003 considerari
1704 971 1758 1001 ex
1787 967 1911 1016 parte
1952 971 2118 1002 causae

152 1025 489 1079 sanctificantis,
515 1039 631 1084 quae
659 1034 726 1070 est
749 1024 954 1068 Verbum
979 1024 1289 1079 incarnatum3
1313 1025 1386 1071 cui
1408 1035 1746 1069 sacramentum
1769 1024 2116 1083 quodammodo

153 1090 465 1138 conformatur
489 1092 536 1136 in
561 1092 670 1146 hoc,
694 1091 817 1150 quod
844 1092 910 1136 rei
931 1091 1133 1136 sensibili
1158 1092 1348 1136 verbum
1382 1092 1646 1146 adhibetur3
1678 1092 1798 1136 sicut
1822 1092 1868 1135 in
1896 1091 2116 1151 mysterio

150 1159 479 1207 incarnationis
506 1159 632 1205 carni
657 1158 860 1203 sensibili
887 1169 954 1203 est
979 1157 1183 1203 Verbum
1201 1159 1299 1217 ‚Dei
1326 1159 1532 1203 unitum:
1557 1158 1736 1204 secundo
1758 1168 1949 1216 possunt
1974 1157 2119 1204 consi-

152 1225 299 1271 derari
337 1235 623 1270 sacramenta
656 1240 710 1270 ex
741 1236 867 1284 parte
906 1225 1122 1279 hominis,
1156 1226 1232 1284 qui
1264 1225 1584 1279 sanctificatur,
1617 1226 1695 1284 qui
1728 1225 2021 1284 componitur
2063 1237 2136 1270 ex·

152 1295 319 1347 anima,
345 1302 392 1338 et
416 1306 622 1352 corpore,
650 1293 724 1336 cui
748 1293 1120 1352 proportionatur
1136 1292 1482 1337 sacramentalis
1508 1292 1751 1347 medicina,
1769 1306 1885 1351 quae
1914 1306 1993 1350 per
2019 1306 2118 1336 rem

151 1360 376 1407 visibilem
393 1374 559 1420 corpus
579 1361 738 1419 tangit,
763 1370 807 1404 et
828 1375 908 1419 per
929 1360 1119 1404 verbum
1142 1361 1197 1404 ab
1215 1360 1367 1405 anima
1386 1360 1611 1415 creditur3
1634 1359 1754 1404 unde
1772 1360 1966 1418 August.
1985 1373 2120 1417 super

151 1426 400 1485 illudJoan.
418 1440 499 1483 15.:
513 1428 611 1484 Jam
627 1442 701 1472 vos
721 1427 867 1471 mundi
884 1429 973 1472 estis
986 1434 1159 1486 propter
1174 1442 1418 1482 sermonem,
1438 1437 1539 1482 etc.,
1557 1427 1666 1471 dicit
1681 1427 1826 1485 (tract.
1849 1428 1922 1472 80.
1935 1428 1981 1470 in
1993 1427 2118 1483 Joan.

152 1508 181 1540 a
204 1493 347 1552 med.).·
377 1510 402 1536 ι(
423 1493 558 1539 Unde
584 1503 650 1540 est
675 1494 760 1544 ista
786 1504 912 1538 tanta
937 1495 1077 1538 virtus
1105 1508 1263 1554 aquae,
1290 1504 1339 1538 ut
1365 1494 1732 1553 corpus'tangat,
1765 1485 1810 1538 et
1841 1507 1922 1539 cor
1948 1486 2129 1547 abluat}

151 1561 239 1608 nisi
263 1560 457 1610 faciente
481 1562 639 1615 verbo,
666 1575 759 1606 non
782 1562 888 1620 quia
910 1561 1088 1616 dicitur,
1106 1562 1184 1607 sed
1203 1562 1308 1621 quia
1327 1561 1557 1606 creditur?
1577 1576 1626 1605 »ι
1656 1563 1773 1607 tertio
1800 1570 1991 1621 possunt
2008 1555 2135 1605 con-²

151 1628 340 1674 siderari
363 1642 419 1676 ex
440 1638 565 1687 parte
587 1629 725 1688 ipsius
746 1628 1091 1687 significationis
1109 1627 1472 1673 sacramentalis:
1495 1628 1605 1672 dicit
1621 1638 1775 1673 autem
1793 1628 1987 1686 August.
2011 1627 2057 1672 in
2075 1640 2117 1672 2.

152 1694 208 1740 de
234 1695 392 1742 Doctr.
421 1694 682 1740 Christiana
705 1696 823 1753 (cao.
847 1711 882 1754 3.
905 1697 982 1740 cir.
1005 1695 1146 1753 med),
1174 1697 1297 1754 quod
1327 1712 1351 1738 «
1371 1695 1509 1740 verba
1532 1697 1644 1740 inter
1668 1695 1884 1740 homines
1911 1695 2120 1739 obtinue-

152 1771 256 1805 runt
280 1761 583 1820 principatum
610 1762 893 1821 significandi
917 1779 959 1817 »,
997 1764 1102 1821 quia
1128 1763 1265 1808 verba
1292 1763 1598 1807 diversimode
1625 1761 1816 1807 formari
1841 1771 2033 1821 possunt
2058 1760 2115 1806 ad

151 1827 473 1887 significandos
499 1829 704 1875 diversos
731 1841 980 1888 conceptus
1008 1830 1202 1874 mentis:
1231 1839 1276 1875 et
1299 1840 1485 1888 propter
1506 1830 1596 1874 hoc
1625 1844 1703 1888 per
1728 1829 1866 1874 verba
1887 1829 2033 1887 magis
2058 1828 2118 1872 di-

150 1897 312 1941 stincte
343 1909 585 1955 possumus
611 1896 876 1955 exprimere,
899 1896 1021 1955 quod
1049 1907 1202 1941 mente
1231 1898 1548 1955 concepimus:
1583 1906 1627 1940 et
1658 1896 1762 1940 ideo
1790 1896 1846 1940 ad
1873 1895 2110 1954 perfectio-

150 1975 260 2009 nem
273 1962 618 2021 significationis
633 1963 976 2009 sacramentalis
991 1977 1178 2009 necesse
1195 1962 1292 2018 fuit,
1306 1974 1355 2008 ut
1371 1963 1644 2022 significatio
1663 1977 1815 2007 rerum
1833 1962 2115 2007 sensibilium

150 2044 232 2090 per
254 2029 405 2089 aliqua
429 2031 567 2077 verba
592 2031 992 2085 determinaretur;
1022 2045 1138 2090 aqua
1156 2031 1280 2075 enim
1302 2031 1559 2090 significare
1582 2041 1733 2090 potest
1760 2041 1804 2076 et
1830 2029 2112 2075 ablutionem

150 2107 335 2157 propter
364 2111 496 2141 suam
527 2097 862 2152 humiditatem,
895 2108 939 2142 et
970 2097 1258 2157 refrigerium
1302 2109 1484 2158 propter
1517 2113 1648 2143 suam
1680 2097 2004 2156 frigiditatem:
2038 2097 2116 2142 sed

151 2178 257 2211 omn
283 2165 474 2211 dicitur:
501 2167 590 2224 Ego
617 2172 651 2212 te
678 2167 857 2225 baptizo,
886 2165 1199 2211 manifestatur
1225 2167 1349 2225 quod
1376 2180 1522 2227 acqua
1547 2166 1715 2211 utimur
1738 2166 1785 2209 in
1808 2165 2034 2224 baptismo
2060 2164 2116 2209 ad

150 2230 502 2291 significandam-
527 2232 902 2278 emundationem
929 2233 1228 2292 spiritualem.

239 2299 317 2345 AD
342 2310 531 2345 numm
564 2313 674 2358 ergo
708 2300 968 2355 dicendum,
994 2300 1118 2360 quod
1151 2315 1223 2346 res
1253 2299 1454 2347 visibiles
1486 2311 1880 2345 sacramentorum
1906 2300 2118 2344 dicuntur

149 2365 288 2413 verba
310 2379 390 2425 per
415 2367 644 2426 quandam
676 2366 1040 2422 similitudinem,
1071 2367 1344 2427 inquantum
1375 2367 1551 2412 scilicet
1583 2368 1856 2426 participant
1887 2366 2115 2426 quandam

149 2432 249 2480 vim
265 2433 568 2493 significandi,
593 2448 709 2493 quae
735 2433 1043 2493 principaliter
1069 2445 1136 2479 est
1159 2435 1207 2479 in
1233 2435 1342 2494 ipsis
1368 2435 1532 2489 verbis,
1559 2446 1609 2479 ut
1634 2435 1807 2479 dictum
1825 2444 1893 2478 est
1911 2434 1976 2491 (in
2002 2441 2115 2492 corp.

150 2500 275 2558 ared:
298 2510 347 2547 et
374 2500 479 2561 ideo
505 2515 599 2551 non
626 2511 693 2548 est
717 2501 946 2560 superflua
970 2501 1306 2561 ingeminitatio
1334 2503 1594 2556 verborum,
1612 2516 1716 2547 cum
1744 2502 1791 2545 in
1818 2501 2115 2546 sacramentis

152 2566 295 2612 rebus
315 2567 564 2613 visibilibus
595 2568 734 2613 verba
766 2568 1015 2624 adduntur3
1042 2569 1148 2628 quia
1170 2584 1314 2614 unum
1337 2583 1499 2615 eorum
1525 2569 1853 2614 determinatur
1872 2582 1952 2628 per
1978 2567 2115 2622 aliud,

153 2643 204 2679 ut
227 2633 400 2679 dictum
425 2645 495 2680 est
526 2635 684 2693 (ibid).

241 2701 318 2745 AD
334 2713 593 2747 SECUNDUM
611 2702 870 2758 dicendum,
886 2703 1010 2763 quod
1023 2705 1232 2763 quamvis
1255 2714 1299 2749 et
1313 2705 1466 2759 verba,
1480 2715 1524 2749 et
1550 2704 1666 2748 aliae
1685 2718 1755 2748 res
1773 2702 2007 2748 sensibiles
2025 2702 2115 2747 sint

153 2767 200 2813 in
226 2767 404 2813 diverso
431 2782 611 2828 genere,
638 2780 859 2829 quantum
890 2772 1086 2831 pertinet
1117 2772 1174 2816 ad
1205 2783 1417 2817 naturam
1449 2773 1536 2826 rei;
1570 2772 1850 2816 conveniunt
1880 2781 2034 2815 tamen
2068 2771 2113 2813 in

153 2836 330 2879 ratione
355 2835 655 2894 significandi,
687 2851 803 2895 quae
835 2838 1078 2897 perfectius
1112 2850 1179 2884 est
1210 2840 1256 2884 in
1293 2840 1457 2893 verbis,
1494 2853 1634 2898 quam
1666 2839 1712 2883 in
1747 2838 1844 2882 aliis
1878 2838 2035 2890 rebus;
2070 2846 2114 2880 et

151 2902 256 2947 ideo
283 2916 337 2946 ex
354 2902 516 2956 verbis,
534 2913 580 2948 et
594 2904 728 2948 rebus
747 2903 796 2950 fit
812 2907 1159 2964 quodammodo
1178 2922 1319 2951 unum
1337 2908 1383 2950 in
1402 2906 1714 2959 sacramentis,
1731 2906 1850 2949 sicut
1875 2919 1928 2948 ex
1951 2903 2113 2958 forma,

153 2979 199 3014 et
236 2970 448 3023 materia3
488 2969 758 3028 inquantum
789 2972 963 3021 scilicet
998 2988 1079 3031 per
1114 2974 1250 3018 verba
1293 2973 1521 3033 perficitur
1555 2972 1828 3031 significatio
1865 2985 2032 3024 rerum,
2064 2981 2113 3014 ut

153 3036 324 3080 dictum
351 3046 419 3080 est
445 3037 508 3092 (in
534 3046 648 3096 corp.
685 3045 724 3083 et
747 3046 827 3084 art.
848 3048 989 3099 praec.
1008 3040 1061 3084 ad
1088 3041 1162 3099 3.).
1191 3041 1284 3085 Sub
1323 3041 1455 3085 rebus
1489 3051 1641 3084 autem
1666 3037 2112 3097 comprehenduntur

152 3102 290 3147 etiam
317 3103 399 3162 ipsi
434 3112 559 3147 actus
590 3104 845 3160 sensibiles;
877 3117 985 3165 puta
1017 3107 1203 3161 ablutio,
1236 3107 1457 3161 inunctio,
1491 3117 1536 3152 et
1567 3106 1656 3150 alia
1687 3104 1973 3163 hujusmodi:
2008 3103 2112 3162 quia

151 3169 200 3215 in
224 3170 296 3214 his
323 3180 391 3214 est
416 3170 579 3214 eadem
605 3171 720 3215 ratio
746 3172 1046 3230 significandi,
1074 3184 1119 3218 et
1144 3175 1190 3217 in
1212 3175 1359 3219 rebus.
1974 3166 1976 3168 ¹

242 3237 318 3281 An
345 3249 562 3282 TERTmM
588 3237 846 3292 dicendum,
872 3240 1010 3297 quod,
1032 3241 1148 3286 sicut
1163 3241 1356 3299 August.
1385 3241 1494 3285 dicit
1517 3250 1675 3284 contra
1694 3239 1910 3282 Faustum
1935 3237 2025 3293 (lib.
2039 3252 2104 3295 19.

153 3310 245 3362 cap.
270 3304 336 3349 16.
354 3309 392 3348 et
408 3303 509 3362 17.)‚
539 3303 625 3348 alia
652 3304 815 3349 debent
831 3318 930 3350 esse
950 3318 1235 3352 sacramenta
1262 3308 1328 3352 rei
1354 3307 1616 3367 praesentis,
1644 3316 1687 3350 et
1713 3305 1801 3348 alia
1827 3304 1890 3348 rei
1912 3303 2104 3349 futurae:

152 3380 438 3415 sacramenta
464 3380 617 3414 autem
643 3371 808 3416 veteris
834 3370 948 3430 legis
974 3375 1241 3431 praenuntia
1269 3385 1396 3419 erant
1415 3374 1587 3419 Christi
1604 3372 1796 3425 venturi,
1815 3381 1860 3414 et
1884 3370 1989 3415 ideo
2014 3384 2109 3414 non

151 3436 215 3482 ita
241 3451 450 3496 expresse
477 3437 794 3495 significabant
820 3437 1072 3494 Christum,
1105 3441 1221 3486 sicut
1247 3451 1537 3485 sacramenta
1570 3453 1717 3484 novae
1749 3438 1877 3496 legis,
1910 3452 2027 3497 quae
2053 3438 2108 3482 ab

151 3503 252 3563 ipso
280 3504 465 3549 Christo
484 3503 686 3558 effluunt,
703 3515 748 3549 et
763 3505 993 3563 quandam
1010 3507 1356 3553 similitudinem
1376 3508 1515 3566 ipsius
1537 3508 1581 3549 in
1600 3521 1647 3550 se
1665 3506 1848 3559 habent,
1871 3516 1920 3549 ut
1936 3505 2106 3550 dictum

153 3580 223 3615 est
245 3570 313 3628 (in
332 3580 448 3632 corp.
465 3572 568 3629 art.)
583 3586 596 3613 .·
618 3572 857 3616 utebantur
873 3582 1027 3618 tamen
1044 3574 1092 3619 in
1112 3575 1254 3620 veteri
1276 3574 1378 3633 lege
1402 3573 1625 3632 aliquibus
1651 3572 1797 3616 verbis
1819 3572 1865 3616 in
1888 3571 1974 3625 his,
1991 3586 2108 3631 quae

106 3671 110 3675 -
153 3637 211 3682 ad
236 3637 410 3694 cultum
433 3638 524 3683 Dei
549 3638 788 3698 pertinent,
811 3648 909 3684 tam
934 3641 1211 3696 sacerdotes,
1236 3643 1313 3701 qui
1338 3651 1468 3686 erant
1498 3650 1891 3685 sacramentorum
1922 3638 2107 3684 illorum
