2352 3926
304 226 405 280 140
834 222 1116 269 QUAESTIO
1156 222 1267 262 XIV.
1306 223 1615 267 ARTICULUS
1655 223 1691 263 1.

294 326 638 385 perfectionem,
667 335 710 369 et
737 335 958 383 quantum
987 326 1042 369 ad
1069 326 1277 384 gratiam,
1297 335 1340 370 et
1356 337 1580 385 quantum
1607 326 1662 370 ad
1691 326 1944 380 scientiam,
1969 335 2020 370 ut
2042 339 2176 384 supra
2198 325 2258 370 di-

296 403 419 436 ctum
452 404 518 437 est
545 395 602 451 (q.
629 407 665 451 7.
690 399 769 436 art.
799 408 838 450 9.
867 399 903 436 et
928 407 965 451 q.
990 408 1030 450 9.
1049 400 1130 438 art.
1150 394 1232 450 1.);
1263 407 1372 452 ergo
1392 394 1528 437 etiam
1557 407 1726 452 corpus
1753 394 1848 451 ejus
1875 393 2028 436 debuit
2049 406 2147 437 esse
2163 405 2258 436 om-

293 460 425 503 nibus
453 461 602 503 modis
630 459 897 517 perfectum,
930 459 1106 503 nullum
1132 460 1178 503 in
1205 474 1253 504 se
1279 461 1452 504 habens
1475 460 1718 505 defectum.

386 540 424 570 2.
449 528 746 571 PRAETEREA.
775 527 944 570 Anima
973 527 1145 571 Christi
1170 527 1353 571 videbat
1377 528 1582 571 Verbum
1608 528 1697 571 Dei
1725 541 1776 571 ea
1793 527 1986 581 visione,
2019 525 2256 585 quatita&

294 594 461 647 vident,
490 604 538 637 ut
564 608 698 652 supra
725 594 898 637 dictum
926 604 993 638 est
1021 594 1077 653 (q.
1097 610 1138 654 9.
1162 601 1244 639 art.
1263 595 1342 652 2.),
1362 605 1407 639 et
1433 595 1496 638 sic
1525 595 1679 638 anima
1701 594 1875 638 Christi
1893 605 1991 638 erat
2005 594 2257 641 beatatsed

294 674 348 703 ex
375 661 651 704 beatitudine
680 661 859 705 animae
886 661 1166 719 glorificatur
1193 676 1377 721 corpus:
1407 662 1514 705 dicit
1541 661 1664 705 enim
1691 662 1811 720 Aug.
1834 661 1880 704 in
1904 660 2046 720 Epist.
2074 660 2130 704 ad
2150 659 2260 704 Dio-

293 741 479 769 scorum
507 727 532 784 (
526 729 593 786 56.
611 743 720 772 nunc
737 729 868 782 118.).·
905 727 1068 772 «Tam
1095 729 1271 788 potenti
1296 739 1455 773 natura
1481 729 1608 772 Deus
1635 727 1742 772 fecit
1769 728 1991 782 animam,
2013 737 2062 772 ut
2082 741 2137 771 ex
2161 727 2258 786 ejus

293 793 556 852 plenissima
581 795 858 840 beatitudine
882 797 1104 840 redundet
1131 797 1269 841 etiam
1296 797 1340 839 in
1374 795 1639 839 inferiorem
1664 805 1890 849 naturam,
1913 809 2030 854 quae
2058 803 2127 839 est
2159 807 2256 838 cor-

294 875 392 919 pus,
418 876 512 905 non
539 863 773 906 beatitudo
815 877 931 922 quae
956 863 1159 918 fruentis,
1187 873 1232 907 et
1256 862 1550 921 intelligentis
1577 872 1643 906 est
1674 863 1871 921 propria,
1903 862 1983 906 sed
2014 860 2250 921 plenitudo

293 929 511 983 sanitatis,
544 930 660 974 idest
689 931 1044 990 incorruptionis
1070 932 1203 990 vigor
1224 945 1273 974 »ε
1303 945 1468 990 corpus
1499 931 1635 989 igitur
1663 930 1835 974 Christi
1873 929 1958 974 fuit
1990 929 2258 988 incorrupti-

292 994 381 1039 bile
409 1007 453 1040 et
480 997 648 1055 absque
676 997 803 1041 omni
829 997 1021 1042 defectu.

386 1077 422 1121 3.
450 1063 748 1108 PRAETEREA.
781 1064 937 1108 Poena
957 1065 1246 1124 consequitur
1280 1064 1483 1123 culpam:
1518 1064 1596 1108 sed
1615 1066 1660 1108 in
1680 1063 1867 1108 Christo
1893 1063 2087 1108 nonfuit
2100 1063 2255 1123 aliqua

293 1129 440 1190 culpa,
473 1131 726 1175 secundum
753 1131 864 1175 illud
892 1146 927 1175 1.
955 1132 1051 1175 Pet.
1081 1145 1144 1176 2.:
1170 1133 1259 1189 Qui
1284 1138 1500 1197 pet-clatum
1531 1147 1614 1175 non
1636 1133 1764 1190 fecit,·
1793 1145 1903 1191 ergo
1935 1145 2020 1175 nec
2053 1129 2255 1175 defectus

293 1198 570 1257 corporales,
598 1199 674 1257 qui
700 1209 804 1243 sunt
828 1199 1059 1258 poenales,
1085 1200 1132 1243 in
1159 1213 1214 1243 eo
1243 1213 1340 1243 esse
1368 1200 1632 1244 debuerunt.

380 1278 423 1320 4.
450 1266 748 1311 PRAETEREA.
776 1266 939 1310 Nullus
967 1267 1147 1326 sapiens
1176 1267 1365 1311 assumit
1390 1267 1449 1320 id,
1471 1267 1595 1326 quod
1621 1266 1812 1325 impedit
1835 1266 1986 1325 ipsum
2019 1279 2046 1309 a
2068 1265 2254 1325 proprio

291 1332 401 1377 fine:
429 1334 507 1377 sed
535 1347 616 1392 per
640 1334 906 1391 huiusmodi
933 1333 1134 1378 defectus
1152 1333 1413 1393 corporales
1431 1334 1714 1392 multipliciter
1730 1333 1909 1377 videtur
1924 1332 2137 1391 impediri
2151 1331 2254 1377 finis

290 1399 644 1444 Incarnationis:
670 1401 812 1460 primo
839 1401 1038 1460 quidem,
1066 1401 1171 1459 quia
1203 1410 1384 1460 propter
1415 1400 1682 1458 hujusmodi
1713 1399 1998 1444 infirmitates
2032 1399 2247 1445 homines

292 1467 344 1510 ab
374 1469 468 1525 ejus
495 1468 759 1525 cognitione
778 1468 1156 1526 impediebantur,
1182 1469 1432 1512 secundum
1459 1467 1571 1510 illud
1594 1467 1680 1511 Isa.
1705 1480 1785 1526 53.:
1804 1466 2253 1512 Desideravimusacm

291 1534 531 1594 despectum,
566 1541 602 1579 et
631 1537 904 1580 novissimum
936 1538 1145 1588 virorum,
1173 1537 1318 1579 virum
1350 1534 1557 1589 dolorum,
1589 1540 1626 1578 et
1656 1536 1845 1579 scientem
1874 1535 2188 1594 infirmitatem:
2218 1540 2256 1579 et

291 1604 412 1659 quasi
437 1602 695 1646 absconditus
725 1603 865 1647 vultus
897 1605 998 1661 ejus,
1031 1609 1067 1646 et
1098 1602 1322 1661 despectus:
1355 1601 1462 1645 unde
1491 1616 1563 1646 nec
1595 1603 1883 1660 reputavimus
1913 1617 2033 1647 eum:
2063 1601 2251 1656 secundo,

295 1669 400 1727 quia
426 1679 691 1713 sanctorum
713 1669 901 1713 Patrum
929 1669 1201 1713 desiderium
1220 1683 1313 1712 non
1331 1669 1507 1712 videtur
1533 1667 1727 1726 impleri,
1754 1682 1808 1712 ex
1835 1682 2032 1727 quorum
2058 1682 2254 1728 persona

292 1735 456 1779 dicitur
474 1736 558 1779 Isa.
577 1749 658 1791 51.:
682 1737 903 1795 Consurge,
924 1752 1134 1795 consurge,
1153 1737 1321 1781 induere
1342 1735 1630 1792 fortitudinem
1649 1736 1868 1780 brachium
1890 1737 2097 1780 Domini:
2116 1738 2250 1791 tertio,

295 1802 400 1860 quia
427 1803 751 1861 congruentius
778 1818 858 1863 per
883 1803 1211 1858 fortitudinem,
1239 1817 1377 1862 quam
1404 1817 1484 1862 per
1509 1802 1820 1847 infirmitatem
1846 1802 2084 1847 videbatur
2108 1812 2154 1848 et
2176 1817 2254 1862 po-
2295 1821 2298 1824 ·

291 1879 429 1913 testas
458 1869 627 1914 diaboli
652 1884 787 1929 posse
815 1871 1032 1930 superari,
1050 1881 1095 1915 et
1115 1871 1318 1914 humana
1334 1869 1573 1914 infirmitas
1594 1884 1730 1928 posse
1751 1869 1926 1914 sanari:
1952 1884 2047 1914 non
2065 1884 2175 1930 ergo
2191 1870 2254 1914 vi-

293 1936 422 1980 detur
449 1937 726 1981 conveniens
747 1937 899 1991 fuisse,
918 1938 1038 1997 quod
1058 1937 1196 1981 Filius
1214 1937 1303 1981 Dei
1320 1937 1573 1980 humanam
1594 1948 1805 1981 naturam
1828 1937 2125 1996 assumpserit
2145 1951 2252 1982 cum

293 2003 604 2062 corporalibus
630 2004 980 2058 infirmitatibus,
1003 2005 1098 2048 sive
1125 2004 1386 2048 defectibus.

380 2071 474 2115 SED
509 2085 704 2116 CONTRA
732 2082 812 2126 est,
839 2073 963 2131 quod
990 2072 1152 2116 dicitur
1179 2072 1292 2116 Heb.
1321 2084 1376 2115 2.:
1403 2072 1454 2116 In
1480 2087 1541 2126 eo,
1569 2073 1613 2115 in
1638 2086 1717 2131 quo
1737 2079 1886 2130 passus
1911 2077 1966 2116 est
1990 2073 2087 2132 ipse,
2113 2077 2151 2116 et
2171 2077 2254 2117 ten·

290 2143 411 2190 tatu5,
440 2144 584 2197 potens
605 2145 662 2183 est
687 2145 725 2183 et
756 2140 810 2183 eis
836 2141 907 2197 qui
934 2145 1159 2193 tentantur,
1187 2138 1422 2183 auxiliari:
1457 2138 1537 2183 sed
1572 2138 1627 2181 ad
1652 2138 1744 2182 hoc
1771 2138 1908 2192 venit,
1940 2148 1990 2182 ut
2013 2153 2099 2183 nos
2132 2139 2254 2198 adju·

287 2215 438 2258 varet3
466 2205 585 2249 unde
613 2216 657 2250 et
683 2206 832 2249 David
860 2206 1038 2249 dicebat
1063 2207 1134 2250 Ps.
1168 2219 1281 2250 12o.:
1310 2207 1474 2250 Levavi
1507 2206 1642 2250 oculos
1667 2221 1776 2250 meos
1797 2208 1842 2249 in
1867 2211 2036 2260 montes,
2058 2205 2163 2251 unde
2185 2220 2253 2251 ve-

287 2273 372 2317 niet
397 2272 606 2315 auxilium
633 2273 767 2329 mihi;
795 2287 905 2330 ergo
935 2273 1213 2317 conveniens
1249 2273 1346 2327 fuit,
1378 2283 1428 2317 ut
1458 2272 1598 2316 Filius
1623 2273 1712 2316 Dei
1739 2287 1926 2318 carnem
1959 2273 2253 2333 assumpserit

287 2338 621 2383 infirmitatibus
647 2339 860 2383 humanis
893 2340 1221 2400 subjacentem,
1247 2350 1296 2384 ut
1327 2341 1375 2384 in
1408 2354 1462 2384 ea
1493 2340 1637 2399 possit
1672 2340 1780 2399 pati,
1823 2350 1868 2385 et
1905 2340 2087 2395 tentari,
2109 2350 2157 2386 et
2185 2340 2250 2385 sic

288 2405 507 2450 auxilium
533 2407 664 2450 nobis
691 2406 820 2451 ferre.

377 2473 667 2518 RESPONDEO
694 2474 952 2528 dicendum,
982 2474 1257 2519 conveniens
1284 2474 1439 2528 fuisse,
1468 2488 1632 2533 corpus
1661 2484 1946 2534 assumptum
1972 2489 1999 2519 a
2023 2474 2140 2520 Filio
2159 2474 2252 2521 Dei

287 2540 502 2584 humanis
528 2540 877 2595 infirmitatibus,
906 2552 949 2585 et
981 2541 1228 2586 defectibus
1265 2543 1512 2600 subjacere.
1553 2542 1608 2586 Et
1644 2541 1887 2600 praecipue
1922 2546 2106 2602 propter
2136 2543 2248 2587 tria:

279 2609 424 2667 primo
452 2608 650 2667 quidem,
678 2609 782 2667 quia
810 2609 864 2652 ad
891 2609 980 2652 hoc
1010 2609 1146 2652 Filius
1173 2610 1278 2663 Dei,
1308 2624 1443 2653 carne
1472 2620 1718 2667 assumpta,
1739 2609 1863 2653 venit
1883 2609 1930 2653 in
1947 2608 2185 2663 mundum,
2201 2618 2252 2654 ut

288 2689 371 2734 pro
399 2685 588 2732 peccato
615 2675 806 2719 humani
832 2676 1010 2733 generis
1037 2676 1340 2721 satisfaceret:
1379 2691 1494 2720 unus
1529 2686 1679 2720 autem
1722 2690 1805 2735 pro
1842 2685 2034 2735 peccato
2066 2674 2250 2720 alterius

291 2742 521 2796 satisfacit,
546 2743 654 2786 dum
673 2757 870 2801 poenam
891 2758 977 2802 pro
991 2754 1181 2802 peccato
1202 2744 1384 2788 alterius
1403 2744 1602 2788 debitam
1621 2745 1665 2787 in
1683 2757 1730 2787 se
1749 2742 1962 2802 suscipit:
1985 2742 2251 2802 hujusmodi

289 2819 444 2854 autem
473 2807 673 2853 defectus
702 2810 977 2867 corporales,
996 2810 1170 2855 scilicet
1195 2825 1334 2864 mors,
1347 2810 1508 2864 fames,
1521 2811 1629 2863 sitis,
1643 2820 1688 2853 et
1699 2809 1963 2868 hujusmodi
1983 2818 2249 2869 suntpoena

287 2877 478 2935 peccati,
494 2877 616 2935 quod
637 2887 702 2920 est
723 2877 767 2920 in
787 2878 1009 2920 mundum
1028 2892 1104 2936 per
1123 2878 1274 2921 Adam
1291 2878 1615 2930 introductum,
1634 2876 1887 2920 secundum
1902 2875 2014 2925 illud
2038 2875 2173 2920 Rom.
2197 2889 2247 2934 5.:

288 2943 370 2989 Per
395 2960 525 2988 unum
553 2945 760 2988 hominem
785 2951 1002 3003 peccatum
1035 2947 1216 2990 intravit
1247 2948 1292 2989 in
1317 2945 1533 2998 mundum,
1562 2950 1600 2988 et
1617 2951 1695 3002 per
1716 2949 1932 3002 peccatum
1957 2958 2101 2995 mors,·
2130 2943 2249 2988 unde

289 3012 567 3055 conveniens
594 3010 677 3055 fuit
703 3022 922 3070 quantum
951 3013 1004 3055 ad
1032 3011 1170 3055 finem
1197 3013 1541 3065 Incarnationis,
1569 3011 1689 3070 quod
1717 3010 1980 3067 hujusmodi
2005 3009 2251 3070 poenalita-

287 3088 354 3122 tes
380 3079 428 3122 in
454 3089 609 3123 nostra
635 3089 794 3122 natura
821 3079 1070 3138 susciperet
1094 3080 1192 3123 vice
1217 3091 1385 3134 nostra,
1413 3079 1664 3123 secundum
1691 3077 1801 3121 illud
1824 3077 1909 3122 Isa.
1932 3091 2014 3137 53.:
2048 3078 2148 3124 Vere
2163 3078 2252 3123 lan·

285 3161 429 3204 guores
445 3153 603 3191 nostros
625 3148 704 3206 ipse
722 3147 841 3191 tulit:
868 3147 1038 3190 secundo
1066 3157 1250 3206 propter
1275 3147 1411 3190 fidem
1436 3145 1767 3189 Incarnationis
1782 3145 2122 3189 adstruendam:
2141 3158 2248 3189 cum

287 3214 410 3257 enim
436 3224 596 3258 natura
621 3214 826 3257 humana
852 3228 945 3257 non
975 3213 1103 3257 aliter
1130 3223 1247 3257 esset
1268 3222 1378 3257 nota
1402 3212 1677 3265 hominibus,
1700 3211 1786 3256 nisi
1819 3222 1954 3271 prout
1984 3211 2250 3271 hujusmodi

288 3281 600 3340 corporalibus
632 3279 878 3325 defectibus
906 3281 1121 3339 subJacet‚
1150 3281 1186 3323 si
1213 3281 1307 3324 sine
1335 3280 1404 3324 his
1433 3279 1679 3324 defectibus
1708 3279 1844 3324 Filius
1876 3279 1963 3323 Dei
1995 3279 2247 3324 humanam

287 3359 496 3392 naturam
526 3347 856 3406 assumpsisset,
882 3347 1108 3391 videretur
1134 3361 1227 3390 non
1263 3346 1399 3391 fuisse
1426 3361 1558 3391 verus
1585 3346 1743 3399 homo,
1768 3360 1852 3390 nec
1878 3359 2035 3391 veram
2062 3358 2247 3391 carnem

286 3416 512 3471 habuisse,
526 3416 604 3460 sed
615 3416 961 3475 phantasticam,
974 3426 1019 3458 ut
1036 3415 1294 3459 Manichaei
1309 3425 1579 3474 posuerunt;
1594 3426 1636 3458 et
1650 3415 1767 3468 ideo,
1781 3424 1828 3458 ut
1841 3414 2004 3458 dicitur
2014 3413 2176 3474 Philip.
2191 3425 2246 3458 2.:

289 3485 545 3529 Exinanivit
569 3484 839 3542 semetipsum,
857 3482 1050 3541 sormam
1077 3484 1187 3526 servi
1209 3483 1429 3541 accipiens,
1443 3483 1485 3525 in
1498 3481 1812 3526 similitudinem
1824 3482 2038 3527 hominum
2040 3482 2197 3542 sactus,
2210 3487 2249 3527 et

288 3551 431 3595 habitu
453 3553 647 3596 inventus
678 3557 722 3595 ut
754 3550 902 3594 homo:
938 3550 1055 3594 unde
1093 3559 1137 3593 et
1164 3549 1212 3592 Β.
1234 3548 1442 3592 Thomas
1461 3563 1540 3607 per
1573 3559 1806 3608 aspectum
1831 3547 2073 3593 vulnerum
2101 3558 2169 3593 est
2189 3547 2246 3592 ad

289 3617 424 3661 fidem
453 3628 705 3670 revocatus,
726 3627 773 3661 ut
799 3616 962 3661 dicitur
975 3617 1105 3675 Joan.
1129 3629 1196 3661 20.
1213 3633 1222 3661 ε
1242 3618 1365 3661 tertio
1383 3626 1564 3675 propter
1582 3615 1841 3675 exemplum
1859 3615 2102 3675 patientiae
2123 3615 2245 3674 quod
