2352 3926
294 214 403 284 346
839 227 1117 272 QUAESTIO
1159 226 1246 265 XL.
1287 214 1596 266 ARTICULUS
1637 226 1710 265 tv.

290 342 688 389 quorumcumque
715 328 969 372 secundum
1005 342 1135 373 suam
1169 338 1397 382 naturam,
1423 327 1500 373 sed
1529 327 1681 372 solum
1713 328 1967 373 secundum
2007 327 2254 389 quamdam

291 396 705 455 significationem:
729 396 852 454 quod
876 405 1029 440 autem
1051 396 1099 439 in
1124 395 1226 454 lege
1245 395 1430 455 quidem
1458 395 1546 439 cibi
1572 396 1784 440 dicuntur
1807 395 2048 452 immundi,
2072 397 2166 442 hoc
2188 403 2257 442 est

290 477 370 522 per
395 464 644 522 quamdam
666 462 1074 521 significationem3
1093 463 1212 507 unde
1230 462 1349 521 AugL
1374 463 1481 507 dicit
1508 472 1668 506 contra
1683 461 1900 507 Faustum
1928 464 2024 522 (lib.
2044 463 2087 510 6.
2105 470 2195 526 cap.
2214 475 2253 522 7.

289 546 316 575 a
333 532 525 589 prima).-
558 546 580 570 ‹<
610 530 658 574 Si
681 530 735 573 de
754 544 913 588 porco,
941 539 986 574 et
1012 543 1132 589 agno
1159 530 1426 589 requiratur,
1454 539 1603 573 utrum
1637 538 1799 573 natura
1819 530 2018 574 mundus
2043 540 2125 584 est,
2147 528 2258 574 'dici'-

289 611 406 651 mus,
432 598 555 655 quod
583 597 733 641 Omnis
761 607 969 641 creatura
994 597 1084 641 Dei
1108 597 1230 642 bona
1257 607 1351 641 est:
1380 597 1579 656 quadam
1605 610 1711 641 vere
1743 595 2076 655 significatione
2107 610 2252 656 agnus

289 664 500 718 mundus,
528 678 693 723 porcus
710 664 974 708 immundus
1002 674 1126 708 est».

377 731 454 775 AD
482 744 699 775 TERTmM
732 731 991 786 dicendum,
1019 732 1142 791 quod
1169 733 1306 776 etiam
1339 730 1561 790 discipuli,
1594 730 1778 790 quando
1820 730 2068 776 esurientes
2108 729 2256 791 spicas

288 798 474 842 sabbato
502 797 745 852 vellebant,
774 813 799 841 a
824 800 1184 857 transgressione
1210 798 1323 858 legis
1351 808 1622 843 excusantur
1647 809 1832 858 propter
1852 797 2173 843 necessitatem
2197 797 2259 842 fa-

288 865 395 909 mis:
422 866 538 909 sicut
565 875 609 909 et
629 866 779 909 David
805 880 900 910 non
931 865 1015 910 fuit
1039 875 1349 925 transgressor
1371 866 1499 924 legis,
1528 865 1710 924 quando
1734 876 1919 926 propter
1942 864 2084 910 famis·
2103 876 2258 910 neces-

287 933 468 977 sitatem
491 933 693 978 comedit
718 942 902 978 sanctos
927 947 1083 993 panes,
1106 934 1229 993 quod
1262 934 1305 978 ei
1331 933 1463 978 edere
1491 947 1586 978 non
1608 932 1788 977 licebat.

939 1263 1388 1341 QUAESTIO
1439 1261 1604 1322 XLI.

346 1420 428 1461 DE
459 1419 846 1460 TENTATIONE
879 1419 1132 1469 CHRISTI,
1170 1419 1236 1458 IN
1269 1417 1558 1470 QUATUOR
1590 1416 1920 1458 ARTICULOS
1966 1414 2192 1458 DIVISA.

376 1595 555 1639 Deinde
582 1594 967 1639 considerandum
994 1604 1063 1639 est
1094 1594 1149 1639 de
1175 1596 1427 1639 tentatione
1452 1593 1637 1638 Christi.

876 1707 931 1751 Et
953 1708 1066 1750 circa
1092 1707 1166 1750 hoc
1191 1711 1450 1764 quaeruntur
1471 1711 1666 1763 quatuor.

377 1797 549 1840 Primo.
577 1796 746 1840 Utrum
770 1795 905 1840 fuerit
931 1797 1224 1850 conveniens,
1250 1796 1487 1840 Christum
1505 1794 1684 1839 tentari.

378 1865 606 1908 Secundo.
640 1866 712 1908 De
739 1864 845 1908 loco
877 1865 1155 1910 tentationis.

378 1931 552 1976 Tertio.
580 1933 652 1975 De
677 1941 900 1990 tempore.

379 1999 573 2052 Quarto.
599 2000 672 2044 De
698 1999 855 2057 modo,
883 2008 928 2044 et
950 1999 1109 2044 ordine
1135 1997 1413 2043 tentationis.

1007 2175 1442 2234 ARTICULUS
1486 2175 1528 2230 Ι.
2073 2226 2075 2228 ,
2117 2207 2119 2209 ·
2168 2184 2257 2231 226

556 2315 747 2354 UTRUM
782 2314 1123 2354 CONVENIENS
1153 2313 1369 2363 FUERIT,
1406 2310 1689 2350 CHRISTUM
1721 2307 1980 2350 TENTARI.
2047 2281 2049 2283 ι

901 2425 1077 2485 (Opusc.
1100 2425 1172 2470 60.
1196 2431 1286 2483 cap.
1313 2439 1372 2469 Η.
1399 2424 1445 2466 in
1465 2420 1646 2482 princ).

375 2539 452 2584 AD
478 2551 666 2583 PRtMUM
693 2538 756 2581 sic
784 2537 1056 2596 proceditur.
1084 2537 1288 2590 Videtur,
1307 2534 1430 2594 quod
1454 2533 1694 2578 Christum
1714 2530 1878 2576 tentari
1899 2543 1994 2575 non
2016 2529 2260 2576 convenie-

285 2608 385 2653 bat:
407 2616 581 2651 tentare
608 2605 731 2649 enim
758 2615 826 2649 est
851 2605 1213 2663 experimentum
1236 2615 1439 2647 sumere:
1468 2600 1590 2659 quod
1618 2600 1802 2658 quidem
1824 2612 1918 2642 non
1943 2597 1994 2642 fit
2017 2597 2106 2643 nisi
2131 2597 2188 2642 de
2207 2611 2258 2643 re

285 2676 464 2735 ignota:
494 2674 572 2718 sed
597 2673 740 2717 virtus
768 2672 941 2717 Christi
968 2682 1064 2715 erat
1089 2681 1199 2715 nota
1227 2670 1365 2714 etiam
1389 2667 1716 2712 daemonibus:
1738 2665 2050 2710 diciturenim
2071 2664 2183 2709 Luc.
2198 2675 2257 2720 4.,

287 2743 409 2803 quod
431 2743 515 2786 non
534 2743 693 2786 sinebat
713 2740 926 2784 daemones
952 2739 1081 2797 loqui,
1107 2740 1206 2797 quia
1223 2738 1404 2782 sciebant
1429 2750 1521 2780 eum
1553 2748 1630 2779 esse
1655 2734 1870 2778 Christum
1881 2746 1899 2786 ,·
1926 2745 2040 2791 ergo
2065 2731 2258 2788 videtur,

287 2810 410 2871 quod
438 2823 531 2853 non
558 2808 760 2852 decuerit
788 2807 1024 2852 Christum
1052 2806 1229 2850 tentari.

377 2890 417 2922 2.
441 2877 738 2921 PRAETEREA.
759 2874 970 2919 Christus
999 2874 1053 2917 ad
1079 2873 1169 2917 hoc
1196 2881 1397 2924 venerat,
1436 2880 1485 2914 ut
1525 2883 1662 2929 opera
1689 2866 1859 2912 diaboli
1884 2865 2168 2921 dissolveret,
2194 2878 2261 2911 se-

289 2944 491 2989 cundum
517 2942 628 2987 illud
661 2956 695 2986 1.
718 2942 848 3000 Joan.
881 2956 931 3000 3.:
960 2941 1011 2985 In
1038 2941 1111 2985 hoc
1139 2941 1338 3000 apparuit
1365 2938 1497 2982 Filius
1523 2938 1623 2991 Dei,
1637 2942 1682 2980 ut
1707 2935 1902 2980 dissolvat
1926 2942 2053 2994 opera
2072 2933 2257 2979 diaboli.-

287 3012 365 3056 sed
383 3025 478 3055 non
512 3021 580 3055 est
606 3010 812 3070 ejusdem
836 3008 1084 3053 dissolvere
1117 3021 1256 3066 opera
1286 3005 1490 3063 alicujus,
1519 3013 1563 3048 et
1589 3017 1642 3047 ea
1674 3003 1790 3062 pati:
1825 3012 1871 3047 et
1909 3002 1972 3046 ita
1997 3000 2177 3046 videtur
2194 3000 2260 3045 in-

287 3080 564 3124 conveniens
590 3077 743 3132 fuisse,
771 3077 893 3136 quod
917 3076 1127 3121 Christus
1144 3084 1373 3134 pateretur
1398 3087 1445 3117 se
1472 3071 1634 3116 tentari
1662 3084 1687 3114 a
1714 3069 1913 3115 diabolo.

381 3162 418 3207 3.
452 3147 750 3191 PRAETEREA.
787 3144 962 3203 Triplex
989 3152 1055 3187 est
1081 3142 1287 3195 tentatio,
1306 3140 1479 3185 scilicet
1501 3154 1527 3183 a
1545 3154 1685 3192 carne,
1714 3153 1740 3182 a
1756 3137 1929 3190 mundo,
1946 3144 1991 3181 et
2011 3149 2038 3180 a
2062 3133 2259 3181 diabolo.-

286 3215 364 3259 sed
393 3214 601 3259 Christus
628 3227 722 3256 non
748 3211 830 3255 fuit
854 3221 1051 3255 tentatus
1089 3224 1172 3253 nec
1208 3223 1232 3253 a
1261 3222 1410 3261 carne,
1438 3221 1521 3251 nec
1565 3220 1590 3250 a
1632 3205 1831 3260 mund03
1864 3216 1975 3263 ergo
2006 3216 2092 3248 nec
2119 3201 2258 3248 etiam

287 3282 440 3326 debuit
471 3281 635 3326 tentari
663 3294 688 3324 a
715 3278 913 3323 diabolo.
1992 3298 1995 3301 ⁴

377 3349 471 3393 SED
499 3360 695 3393 CONTRA
723 3356 803 3401 est,
831 3345 953 3406 quod
981 3344 1143 3389 dicitur
1160 3343 1321 3387 Matth.
1345 3355 1401 3397 4.:
1428 3342 1593 3386 Ductus
1619 3347 1671 3386 est
1686 3341 1803 3397 sesus
1833 3353 1861 3384 a
1882 3338 2036 3398 spiritu
2060 3338 2108 3382 in
2127 3336 2257 3383 deser-

287 3423 385 3469 tum,
423 3423 470 3461 ut
503 3422 732 3460 tentaretur
759 3429 784 3459 a
810 3413 990 3459 diabolo.

374 3484 663 3528 RESPONDEO
691 3482 949 3535 dicendum,
988 3478 1108 3539 quod
1137 3477 1346 3523 Christus
1387 3476 1550 3521 tentari
1592 3474 1769 3519 voluit:
1805 3474 1950 3533 primo
1981 3470 2181 3531 quidem,
2205 3479 2259 3516 ut

285 3551 417 3595 nobis
445 3561 604 3595 contra
626 3549 900 3594 tentationes
928 3546 1145 3591 auxilium
1171 3545 1330 3598 ferret3
1358 3544 1476 3587 unde
1502 3543 1695 3600 Gregor.
1724 3541 1834 3605 dicit
1858 3539 1905 3584 in
1939 3537 2076 3583 Hom.
2093 3538 2179 3598 (16.
2205 3538 2254 3583 in

286 3619 450 3677 Evang.
478 3632 504 3662 a
523 3618 712 3677 princ.).·
744 3632 766 3658 ‹<
791 3615 900 3661 Non
927 3623 1023 3660 erat
1053 3613 1294 3672 indignum
1320 3610 1617 3669 Redemptori
1649 3619 1823 3664 nostro,
1841 3605 1964 3667 quod
1989 3604 2154 3651 tentari
2179 3618 2261 3651 voe·
