2352 3926
575 223 856 272 Quasss‘no
896 223 1043 264 Lm.
1084 222 1393 264 armemus
1430 222 1545 262 vm.
1936 209 2040 279 605

754 435 1187 494 ARTICULUs
1216 435 1372 491 vm.
1957 460 2042 508 403

131 574 327 614 UTRUM
365 572 667 612 BAPTISMUS
708 571 927 611 HABEAT
967 572 1024 612 IN
1065 571 1306 612 OMNIBUS
1346 570 1649 618 AEQUALEM
1686 570 1996 609 EFFECTUM.

214 683 279 742 (4.
304 683 419 728 Dist.
445 696 488 739 4.
515 696 553 740 q.
582 696 623 727 2.
649 688 731 726 art.
753 696 790 740 3.
818 696 855 740 q.
883 697 921 727 1.
947 687 985 726 et
1009 696 1048 726 2.
1075 687 1112 726 et
1135 682 1246 726 Dist.
1273 682 1336 727 18.
1364 696 1402 740 q.
1425 697 1459 726 I.
1486 687 1566 725 art.
1589 695 1624 740 3.
1651 695 1690 740 q.
1714 696 1747 726 1.
1776 681 1927 740 corp).

17 866 20 878 ³
82 859 214 904 nibus
234 856 506 917 baequalem
538 856 775 902 effectum:
810 855 996 901 effectus
1029 857 1151 900 enim
1183 857 1397 915 baptismi
1423 867 1491 901 est
1521 857 1718 901 remotio
1752 856 1936 915 culpae:
1969 855 2048 901 sed

0 943 11 990 ,ss
82 925 132 978 in
157 925 431 985 quibusdam
457 924 585 983 plura
606 934 795 984 peccata
820 922 954 978 tollit,
977 938 1116 982 quam
1137 923 1184 967 in
1211 923 1334 967 aliis:
1367 938 1474 967 nam
1502 923 1549 967 in
1575 924 1725 982 pueris
1751 923 1872 968 tollit
1896 922 2048 967 solum

0 988 15 1046 f
84 1002 327 1053 peccatum
358 990 596 1050 originale,
622 991 670 1035 in
702 989 865 1034 adultis
898 1000 1051 1034 autem
1078 990 1217 1034 etiam
1243 1000 1434 1048 peccata
1460 989 1671 1044 actualia,
1698 990 1743 1033 in
1778 990 2049 1049 quibusdam

0 1099 10 1124 ἒ
85 1058 228 1119 plura,
248 1060 294 1103 in
321 1057 590 1118 quibusdam
614 1071 724 1102 vero
747 1057 988 1116 pauciora;
1013 1071 1108 1101 non
1127 1071 1237 1116 ergo
1256 1056 1496 1116 aequalem
1523 1056 1738 1101 effectum
1754 1057 1893 1101 habet
1914 1057 2052 1117 bapti-

6 1145 13 1186 g
85 1140 212 1173 smus
235 1125 284 1170 in
305 1125 531 1170 omnibus.

11 1191 15 1195 '
176 1205 219 1238 2.
249 1193 548 1238 PRAETEREA.
582 1192 671 1236 Per
701 1191 978 1251 baptismum
1011 1190 1308 1236 conferuntur
1347 1190 1527 1235 homini
1559 1190 1718 1249 gratia,
1750 1200 1796 1234 et
1835 1191 2049 1236 virtutes:

11 1267 26 1293 5
88 1259 170 1305 sed
201 1259 387 1319 quidam
420 1269 525 1318 post
555 1259 834 1318 baptismum
874 1258 1084 1302 videntur
1117 1257 1286 1302 habere
1321 1259 1546 1316 majorem
1585 1259 1794 1315 gratiam,
1831 1266 1875 1301 et
1911 1256 2054 1316 perfe-

11 1321 19 1360 ἶ
87 1327 290 1373 ctionem
314 1326 550 1380 virtutum,
577 1340 714 1384 quam
743 1325 818 1370 alii
843 1325 1081 1384 baptizati3
1106 1339 1202 1369 non
1229 1338 1340 1383 ergo
1373 1325 1624 1383 baptismus
1650 1324 1788 1368 habet
1813 1323 2052 1383 aequalem

2 1388 23 1451 ᾗῇ
88 1391 303 1438 effectum
328 1393 376 1437 in
398 1394 624 1437 omnibus.

13 1499 22 1508 2
180 1475 218 1520 3.
236 1460 534 1505 PRAETEREA.
557 1459 730 1504 Natura
764 1459 994 1519 perficitur
1020 1473 1099 1518 per
1125 1459 1333 1518 gratiam,
1368 1459 1487 1503 sicut
1511 1458 1703 1503 materia
1728 1472 1808 1518 per
1828 1457 2052 1504 formam:

10 1537 29 1572 '1
85 1527 166 1572 sed
190 1526 342 1571 forma
366 1526 579 1586 recipitur
597 1526 643 1570 in
670 1527 861 1570 materia
883 1526 1137 1571 secundum
1154 1527 1250 1584 ejus
1273 1526 1598 1584 capacitatem3
1627 1540 1733 1570 cum
1760 1539 1871 1584 ergo
1893 1526 1940 1569 in
1962 1527 2055 1584 qui-

3 1624 22 1647 ,ς
85 1593 278 1639 busdam
302 1593 553 1652 baptizatis,
571 1593 710 1637 etiam
729 1593 893 1651 pueris,
913 1593 971 1637 sit
993 1594 1140 1651 major
1158 1593 1384 1651 capacitas
1403 1592 1694 1646 naturalium,
1709 1607 1848 1651 quam
1869 1592 1916 1636 in
1939 1592 2053 1647 aliis,

85 1660 262 1706 videtur
288 1660 411 1720 quod
433 1660 619 1719 quidam
646 1661 872 1718 majorem
899 1660 1093 1719 gratiam
1117 1669 1467 1719 consequantur,
1494 1674 1633 1718 quam
1662 1659 1752 1703 alii.

176 1738 221 1783 4.
246 1720 545 1772 PliAETEREA.
566 1726 770 1779 Quidam
787 1727 834 1770 in
862 1727 1090 1786 baptismo
1114 1737 1454 1786 consequuntur
1478 1741 1573 1771 non
1595 1726 1747 1771 solum
1773 1725 2054 1786 spiritualem

90 1794 300 1848 salutem,
326 1794 406 1839 sed
433 1794 568 1838 etiam
599 1793 907 1853 corporalem3
935 1795 1052 1838 sicut
1077 1804 1200 1853 patet
1221 1795 1276 1839 de
1304 1793 1624 1848 Constantino,
1652 1794 1729 1852 qui
1754 1794 1800 1837 in
1825 1794 2054 1853 baptismo

2 1863 22 1911 ᾗ
91 1862 335 1906 mundatus
362 1870 430 1905 est
454 1876 481 1905 a
506 1860 655 1919 lepra:
681 1875 776 1905 non
803 1871 957 1905 autem
985 1875 1146 1906 omnes
1170 1861 1340 1905 infirmi
1366 1861 1655 1920 corporalem
1677 1860 1872 1905 salutem
1900 1874 2057 1905 conse-

10 1930 37 1981 js·
89 1938 287 1989 quuntur
299 1927 345 1971 in
356 1927 600 1987 baptism03
617 1927 867 1987 baptismus
886 1942 996 1987 ergo
1014 1942 1108 1972 non
1125 1928 1263 1972 habet
1278 1928 1516 1987 aequalem
1530 1927 1745 1972 effectum
1762 1928 1809 1971 in
1827 1928 2054 1972 omnibus.

181 1994 278 2040 SED
305 2007 502 2040 CONTRA
528 2004 611 2049 est,
637 1994 761 2054 quod
788 1995 949 2039 dicitur
973 1995 1139 2053 Ephes.
1166 2007 1229 2050 4.:
1266 1996 1363 2040 Una
1382 1994 1500 2054 fides,
1527 2010 1659 2039 unum
1686 1996 1890 2054 baptisma
1906 2011 1922 2038 .·
1961 1995 2057 2039 uni·

35 2105 36 2108 ,
89 2060 251 2109 formis
277 2070 431 2106 autem
457 2075 623 2106 causae
650 2072 718 2106 est
733 2060 973 2106 uniformis
1006 2061 1216 2116 effectus;
1244 2059 1361 2121 ergo
1380 2062 1632 2120 baptismus
1653 2062 1789 2106 habet
1816 2061 2056 2122 aequalem

93 2128 309 2175 effectum
339 2128 388 2172 in
413 2128 639 2172 omnibus.

34 2190 37 2192 ’
178 2194 466 2240 ΚΕεΡοΝΒΕο
493 2194 754 2249 dicendum,
780 2194 903 2254 quod
935 2194 1088 2254 duplex
1109 2205 1176 2240 est
1216 2194 1403 2240 effectus
1427 2195 1666 2255 baptismi;
1692 2211 1798 2241 unus
1822 2210 1902 2254 per
1922 2210 1986 2251 se,
2013 2206 2059 2241 ct

90 2262 201 2309 alius
221 2275 303 2322 per
328 2261 554 2306 accidens.
581 2262 669 2306 Per
694 2275 743 2306 se
770 2261 956 2321 quidem
983 2261 1170 2307 effectus
1187 2263 1402 2322 baptismi
1418 2272 1484 2307 est
1505 2263 1564 2317 id,
1585 2263 1640 2307 ad
1658 2263 1782 2322 quod
1805 2263 2058 2322 baptismus

23 2338 30 2387 s
90 2339 160 2375 est
183 2329 430 2383 institutus,
452 2329 627 2373 scilicet
644 2329 699 2373 ad
715 2329 1080 2387 regenerandum
1102 2329 1315 2374 homines
1332 2330 1379 2374 in
1392 2329 1675 2390 spiritualem
1691 2331 1856 2384 vitam3
1875 2341 1919 2375 et
1933 2331 2058 2375 hunc

8 2394 30 2443 Ῐιτ
90 2395 305 2443 effectum
331 2395 582 2456 aequaliter
605 2395 715 2441 facit
739 2397 787 2440 in
814 2396 1043 2450 omnibu8‚
1061 2398 1139 2456 qui
1157 2397 1406 2456 aequaliter
1422 2412 1470 2442 se
1487 2398 1658 2442 habent
1680 2399 1737 2442 ad
1763 2398 2056 2457 baptismum.

4 2457 30 2518 γ’ἶ·
93 2463 228 2509 Unde
253 2464 360 2523 quia
386 2478 548 2509 omnes
574 2464 703 2523 pueri
729 2463 978 2522 aequaliter
1004 2478 1052 2508 se
1078 2464 1248 2508 habent
1266 2464 1322 2508 ad
1348 2465 1627 2523 baptismum
1644 2465 1772 2523 (quia
1790 2479 1884 2509 non
1901 2465 1948 2509 in
1971 2464 2060 2509 fide

17 2530 19 2534 ⁴
91 2530 288 2591 propria,
311 2530 392 2575 sed
414 2531 461 2575 in
487 2530 576 2575 fide
603 2529 835 2575 Ecclesiae
862 2530 1181 2590 baptizantur),
1209 2546 1372 2576 omnes
1405 2530 1645 2590 aequalem
1673 2531 1890 2576 effectum
1916 2531 2058 2590 perci-

94 2596 224 2656 piunt
242 2595 290 2640 in
313 2597 555 2656 baptismo.
582 2596 742 2642 Adulti
766 2611 891 2651 vero,
919 2598 996 2657 qui
1020 2612 1100 2657 per
1126 2599 1358 2658 propriam
1385 2598 1523 2642 fidem
1550 2599 1606 2643 ad
1628 2599 1906 2658 baptismum
1933 2612 2061 2643 acce-

6 2702 14 2718 ,
96 2663 222 2717 dunt,
243 2677 338 2708 non
380 2663 627 2723 aequaliter
658 2679 706 2708 se
737 2664 906 2709 habent
942 2665 998 2708 ad
1033 2665 1332 2724 baptismum;
1367 2665 1554 2724 quidam
1590 2666 1713 2709 enim
1747 2680 1852 2710 cum
1879 2666 2060 2724 majori,

97 2729 285 2790 quidam
311 2744 417 2775 cum
443 2730 611 2775 minori
635 2730 879 2775 devotione
906 2731 962 2775 ad
988 2732 1266 2791 baptismum
1292 2732 1529 2786 accedunt,
1548 2743 1592 2776 et
1616 2733 1720 2777 ideo
1740 2732 1926 2791 quidam
1943 2732 2059 2792 plus,

14 2833 37 2854 „
97 2797 283 2858 quidam
306 2798 456 2841 minus
478 2797 533 2841 de
555 2798 700 2855 gratia
723 2798 937 2855 novitatis
956 2799 1205 2858 accipiunt:
1223 2800 1339 2844 sicut
1356 2799 1495 2844 etiam
1518 2800 1572 2844 ab
1591 2800 1757 2844 eodem
1772 2800 1878 2858 igne
1896 2799 2061 2859 accipit

96 2864 199 2923 plus
224 2862 406 2917 caloris,
431 2864 506 2922 qui
533 2862 634 2923 plus
659 2864 702 2908 ei
727 2865 1073 2924 appropinquat,
1103 2866 1211 2910 licet
1234 2867 1367 2925 ignis,
1391 2876 1612 2925 quantum
1639 2877 1706 2910 est
1729 2866 1785 2911 de
1811 2880 1873 2920 se,
1900 2880 2061 2925 aequa-

26 2931 42 2991 'j
97 2930 201 2976 liter
222 2930 279 2975 ad
305 2943 468 2975 omnes
497 2944 630 2975 suum
651 2930 853 2976 calorem
872 2930 1085 2976 effundat.
1123 2932 1322 2978 Effectus
1349 2944 1503 2977 autem
1526 2933 1735 2992 baptismi
1754 2946 1833 2991 per
1850 2933 2061 2978 accidens

26 3017 50 3060 ξ’
98 3007 182 3052 est,
208 2997 264 3042 ad
292 3011 430 3057 quem
454 2996 705 3055 baptismus
730 3011 825 3042 non
851 3008 919 3043 est
943 2999 1191 3053 ordinatus,
1213 3000 1293 3045 sed
1311 3000 1463 3044 divina
1487 3001 1628 3044 virtus
1655 3000 1745 3043 hoc
1767 3000 1814 3042 in
1830 2999 2060 3058 baptismo

98 3063 375 3109 miraculose
402 3073 640 3123 operatur3
666 3063 783 3109 sicut
807 3078 941 3123 super
966 3064 1077 3110 illud
1102 3066 1242 3111 Rom.
1263 3064 1327 3111 6.:
1363 3068 1417 3112 Ut
1447 3068 1562 3112 ultra
1592 3081 1676 3110 non
1706 3067 1936 3110 serviamus
1962 3075 2059 3126 pec-

28 3163 43 3180 2.
97 3137 209 3186 cato,
236 3130 347 3175 dicit
374 3129 527 3175 Gloss.
554 3131 749 3189 (August.
776 3130 848 3176 lib.
878 3143 916 3175 1.
943 3131 989 3177 de
1006 3133 1218 3179 Peccator.
1235 3135 1372 3179 merit.
1390 3140 1428 3179 et
1443 3135 1598 3178 remiss.
1617 3140 1706 3191 cap.
1721 3147 1788 3191 39.
1805 3138 1898 3177 ante
1913 3133 2061 3191 med.).·

26 3217 49 3234 2-
100 3214 126 3242 κ
150 3196 260 3244 Non
285 3197 377 3242 hoc
404 3206 655 3256 praestatur
675 3197 720 3241 in
745 3196 989 3256 baptismo,
1014 3199 1101 3244 nisi
1119 3198 1237 3245 forte
1259 3199 1482 3244 miraculo
1500 3197 1717 3243 ineffabili
1739 3199 1987 3254 Creatoris,
2013 3209 2063 3244 ut

29 3270 33 3305 'l
98 3264 172 3311 lex
194 3265 385 3325 peccati,
413 3277 528 3322 quae
555 3273 624 3308 est
644 3264 691 3308 in
716 3264 945 3320 membris,
971 3279 1154 3324 prorsus
1172 3267 1459 3326 extinguatur
1475 3282 1527 3321 »3
1555 3276 1599 3310 et
1623 3265 1736 3310 tales
1763 3264 1951 3311 effectus
1966 3280 2062 3312 non

31 3331 47 3389 ³:ss
102 3329 352 3390 aequaliter
382 3330 688 3392 suscipiuntur
712 3330 767 3374 ab
794 3331 1005 3376 omnibus
1030 3331 1279 3392 baptizatis,
1305 3333 1485 3378 etiamsi
1499 3346 1604 3376 cum
1622 3331 1801 3391 aequali
1817 3332 2064 3380 devotione

101 3397 342 3453 accedant;
389 3397 468 3441 sed
512 3397 828 3456 dispensantur
863 3396 1129 3456 hujusmodi
1162 3398 1352 3444 effectus
1388 3398 1641 3443 secundum
1675 3398 1884 3443 ordinem
1915 3400 2064 3459 provi·

101 3463 282 3522 dentiae
307 3463 503 3508 divinae.

191 3530 269 3576 An
299 3543 491 3577 ramum
523 3543 633 3589 ergo
665 3529 924 3585 dicendum,
954 3531 1079 3591 quod
1115 3532 1308 3577 minima
1343 3532 1487 3591 gratia
1517 3530 1799 3590 baptismalis
1833 3531 2063 3579 sufficiens

103 3606 175 3650 est
197 3596 255 3643 ad
280 3596 528 3644 delendum
554 3606 718 3643 cuncta
743 3606 960 3657 peccata3
985 3598 1106 3644 unde
1136 3599 1228 3645 hoc
1262 3613 1358 3645 non
1397 3609 1466 3644 est
1496 3608 1680 3658 propter
1715 3599 1940 3658 majorem
1972 3599 2063 3645 effi-

0 756 33 928 }
172 791 250 838 AD
276 803 514 837 OCTAVUM
536 791 600 835 sic
627 790 900 850 proceditur.
926 789 1130 844 Videtur,
1157 790 1279 849 quod
1305 790 1555 849 baptismus
1580 804 1675 834 non
1701 789 1867 835 habeat
1888 789 1934 833 in
1953 803 2051 834 om-

0 929 10 971 k
