2352 3926
2181 128 2206 163 δεῖ

274 176 378 230 622
811 187 1091 232 QUAESTIO
1131 183 1646 225 LXX11.ARTICULUS
1675 185 1721 231 1'.

272 300 559 336 sacramenta
592 298 697 333 sunt
729 287 983 346 aliqualiter
1013 287 1272 332 necessaria
1298 287 1355 331 ad
1387 266 1606 332 salutem:
1633 287 1711 332 sed
1731 286 1973 352 quaedam
1987 271 2106 341 suns,
2137 285 2235 333 siue

273 359 435 417 quibus
460 371 555 400 non
581 365 649 399 est
670 353 811 398 salus·
802 354 1057 419 ,quaedam
1081 368 1192 398 vero
1219 365 1336 408 sunt,
1363 367 1480 413 quae
1503 345 1880 414 cooperantussad
1904 352 2234 414 perfectionem

273 424 457 469 salutis:
485 434 529 466 et
553 423 644 465 hoc
672 421 814 464 modo
842 412 1130 466 confirmatio
1158 431 1226 466 est
1251 420 1307 465 de
1332 420 1602 466 necessitate
1627 420 1799 475 salutis»,
1824 420 2032 479 quamvis
2057 434 2175 493 sine,
2181 433 2237 466 ea

273 492 416 550 possit
439 505 536 534 esse
563 489 699 542 salus,
722 488 831 531 dum
858 499 1012 532 tamen
1035 502 1129 532 non
1155 488 1540 547 praetermittatur
1570 493 1624 533 e'x
1651 497 1917 546 contemptu
1946 481 2235 533 sacramenti.

362 559 437 602 AD
462 569 699 606 QUARTUM
721 555 981 609 dicendum,
1010 556 1133 615 quod
1158 555 1225 599 illi
1251 556 1328 614 qui
1347 555 1746 599 confirmationem
1770 555 2014 614 accipiunt,
2036 568 2151 615 quae
2163 565 2237 601 est

273 634 612 670 sacramentum
640 621 931 682 plenitudinis
960 623 1145 681 gratiae,
1174 622 1358 670 Christo
1392 621 1750 676 conformantur,
1782 622 2051 682 inquantum
2082 622 2179 682 ipse
2210 637 2237 666 a

273 693 423 751 primo
441 690 625 736 instanti
637 703 745 733 suae
765 690 1078 748 conceptionis
1089 689 1172 733 fuit
1181 689 1327 749 plenus
1340 692 1518 748 gratiae,
1538 696 1572 734 et
1584 691 1789 743 veritatis,
1807 699 1857 733 ut
1873 689 2035 734 dicitur
2045 688 2176 747 Joan.
2198 703 2236 733 1.

276 759 410 812 Quae
438 757 620 816 quidem
648 756 882 816 plenitudo
916 755 1142 801 declarata
1170 767 1238 800 est
1261 756 1308 800 in
1333 757 1576 816 baptismo,
1610 756 1792 816 quando
1827 754 2019 816 Spiritus
2042 756 2237 802 Sanctus

274 825 508 871 descendit
544 822 770 883 corporali
805 824 956 882 specie
994 838 1129 883 super
1151 837 1282 878 eum;
1324 824 1445 869 unde
1478 834 1522 868 et
1548 824 1658 868 Luc.
1694 838 1736 880 4.
1764 823 1939 879 dicitur,
1970 823 2093 883 quod
2123 824 2258 881 Jesus-

269 890 412 949 plenus
444 890 604 948 Spiritu
639 889 791 935 Sancto
831 905 1032 949 regressus
1063 897 1118 935 est
1148 905 1174 935 a
1199 890 1397 947 Iordane.
1430 890 1538 935 Non
1581 900 1734 935 autem
1767 889 2068 938 conveniebat
2098 889 2240 949 digni-

273 959 354 1001 tati
392 957 579 1011 Christi,
612 958 690 1017 qui
721 968 789 1003 est
819 968 1212 1004 sacramentorum
1244 966 1418 1012 auctor,
1450 967 1499 1002 ut
1531 971 1556 1001 a
1583 966 1875 1015 sacramento
1906 955 2237 1017 plenitudinem

275 1025 447 1084 gratiae
475 1025 716 1084 acciperet.

2344 1206 2346 1210 -
2337 1167 2346 1174 ss
2340 971 2352 1145 'amna-msa..
2344 887 2352 957 .1-.m.

997 1173 1433 1232 ARTICULUS
1477 1174 1549 1229 II.
2149 1200 2233 1245 415

312 1295 506 1334 UTRUM
547 1294 787 1333 CHRISMA
820 1295 905 1333 SIT
948 1295 1293 1335 CONVENIENS
1335 1294 1578 1333 MATERIA
1617 1293 1783 1349 HUJUS
1824 1292 2189 1339 SACRAMENTI·

517 1398 645 1456 (Infr.
673 1413 710 1456 q.
737 1398 808 1454 84.
836 1404 918 1442 art.
946 1413 981 1442 ι.
1009 1397 1119 1443 adr.
1146 1404 1248 1455 et4.
1275 1399 1388 1442 Dist
1412 1411 1450 1456 7.
1473 1411 1510 1456 q.
1533 1413 1568 1442 1.
1596 1391 1678 1442 ar't.
1701 1411 1739 1442 2.
1768 1411 1816 1455 q.
1834 1412 1868 1442 ι.
1901 1402 2003 1442 eta.

915 1471 951 1509 et
977 1465 1047 1509 lib.
1073 1479 1115 1522 4.
1147 1464 1294 1510 Contr.
1317 1479 1356 1523 g.
1383 1472 1476 1524 cap.
1503 1461 1618 1526 60..)

369 1568 445 1611 AD
473 1580 735 1612 SECUNDUM
767 1567 830 1611 sic
857 1567 1131 1626 proceditur.
1158 1566 1363 1622 Videtur,
1391 1567 1514 1626 quod
1537 1567 1737 1621 chrisma
1760 1581 1856 1612 non
1880 1566 1938 1612 sit
1963 1565 2241 1612 conveniens

277 1635 468 1678 materia
494 1628 628 1692 hujus
654 1635 951 1679 sacramenti.
978 1635 1069 1678 hoc
1098 1634 1219 1679 enim
1238 1645 1591 1689 sacramentum,
1618 1641 1667 1679 ut
1689 1634 1860 1679 dictum
1885 1643 1954 1679 est
1979 1635 2081 1691 (art.
2094 1641 2240 1696 praec.

277 1702 331 1746 ad
351 1718 372 1747 1
378 1702 426 1760 .)‚
455 1702 709 1746 institutum
738 1712 806 1746 est
832 1716 857 1745 a
885 1701 1071 1746 Christo
1090 1703 1381 1761 promittente
1405 1701 1636 1761 discipulis
1664 1701 1883 1760 Spiritum
1901 1701 2147 1761 Sanctum3
2162 1699 2242 1745 sed

277 1770 374 1828 ipse
415 1769 538 1813 misit
571 1769 634 1813 eis
668 1769 888 1828 Spiritum
925 1769 1147 1813 Sanctum
1185 1770 1354 1828 absque
1388 1769 1517 1812 omni
1548 1769 1805 1813 chrismatis
1835 1768 2126 1822 inunctione:
2155 1765 2244 1827 ipsi
2324 1810 2328 1816 ,

277 1837 416 1880 etiam
444 1836 641 1894 apostoli
658 1837 749 1880 hoc
768 1848 1106 1881 sacramentum
1135 1836 1431 1881 conferebant
1448 1851 1527 1896 per
1543 1836 1692 1881 solam
1710 1851 1871 1881 manus
1897 1819 2242 1895 impositionem

278 1904 447 1962 absque
491 1904 761 1959 chrismate;
806 1904 968 1948 dicitur
1009 1905 1130 1948 enim
1158 1904 1316 1948 Actor.
1365 1905 1404 1948 8.
1439 1903 1562 1963 quod
1594 1904 1769 1963 apostoli
1800 1904 2067 1964 imponebant
2095 1915 2244 1965 mantas
2315 1905 2326 1956 'J

274 1978 397 2030 super
430 1972 672 2030 baptizatos,
699 1977 736 2015 et
761 1973 1021 2030 accipiebant
1051 1972 1259 2031 Spiritum
1289 1971 1517 2023 Sanctum;
1553 1985 1663 2029 ergo
1698 1970 1897 2015 chrisma
1926 1984 2023 2015 non
2049 1978 2119 2014 est
2148 1981 2244 2012 ma-

276 2037 390 2082 teria
415 2038 550 2096 hujus
576 2039 865 2093 sacramenti,
902 2040 1006 2098 quia
1033 2038 1224 2082 materia
1251 2047 1316 2082 est
1342 2038 1398 2082 de
1424 2038 1694 2082 necessitate
1721 2036 2007 2083 sacramenti.
2080 2076 2082 2079 ,
2126 2080 2128 2084 ,
2308 2091 2310 2093 Ι

367 2118 407 2148 2.
434 2105 732 2150 PRAETEREA.
757 2105 1062 2150 Confirmatio
1091 2104 1437 2164 quodammodo
1463 2104 1638 2163 perficit
1658 2115 1996 2150 sacramentum
2015 2098 2245 2164 baptismi,

277 2172 395 2216 sicut
420 2186 555 2231 supra
582 2172 753 2216 dictum
782 2183 849 2217 est
869 2173 934 2250 ⁰(q.
963 2173 1024 2232 65.
1054 2179 1136 2218 art.
1165 2188 1186 2231 3
1191 2172 1252 2230 .:)
1287 2181 1331 2216 et
1355 2172 1418 2216 ita
1451 2172 1584 2217 debet
1610 2172 1653 2216 ei
1678 2170 1972 2227 conformari,
2002 2170 2125 2234 sicut
2150 2184 2248 2232 per·
2302 2168 2321 2218 ἶ,

276 2238 414 2283 fectio
441 2238 735 2299 perfectibili:
762 2240 840 2284 sed
867 2241 913 2283 in
938 2240 1167 2316 baptismo
1201 2248 1270 2284 est
1295 2240 1486 2283 materia
1517 2238 1711 2298 simplex
1743 2237 2041 2298 elementum,
2070 2224 2247 2289 scilicet
2304 2244 2313 2290 j

278 2320 419 2364 aqua;
448 2320 558 2365 ergo
585 2306 720 2365 huius
743 2307 1018 2351 sacramenti
1034 2321 1129 2351 non
1156 2316 1224 2351 est
1250 2305 1528 2351 conveniens
1546 2306 1736 2351 materia
1759 2305 1974 2361 chrisma,
1995 2300 2158 2367 quod
2139 2317 2247 2351 cone
2299 2322 2307 2342 1

277 2371 426 2417 ficitur
452 2386 507 2416 ex
530 2371 650 2427 oleo,
679 2384 722 2418 et
743 2372 968 2419 balsamo.

372 2453 408 2498 3.
435 2439 734 2485 PRAETEREA.
774 2440 947 2486 Oleum
984 2441 1229 2486 assumitur
1253 2439 1300 2483 in
1336 2439 1528 2483 materia
1553 2439 1689 2499 hujus
1726 2418 2004 2486 sacramenti
2029 2437 2086 2485 ad
2118 2437 2248 2483 inun-
2292 2436 2316 2500 ’ᾗῇ

279 2506 505 2565 gendum:
533 2507 612 2551 sed
638 2507 842 2566 quolibet
864 2506 969 2551 oleo
997 2518 1148 2567 potest
1172 2506 1271 2551 fieri
1296 2505 1526 2560 inunctio;
1559 2516 1667 2563 puta
1700 2506 1820 2562 oleo,
1853 2506 1977 2566 quod
2008 2504 2059 2551 fit
2083 2519 2139 2550 ex
2168 2518 2248 2551 nu·

280 2573 421 2628 cibus,
456 2572 531 2618 vel
564 2588 618 2617 ex
655 2574 1015 2634 quibuscumque
1053 2574 1151 2619 aliis
1187 2574 1344 2626 rebus;
1380 2586 1475 2617 non
1503 2587 1613 2632 ergo
1645 2571 1798 2619 solum
1831 2572 1991 2619 oleum
2017 2570 2245 2618 olivarum
2307 2617 2310 2620 ,

280 2640 414 2685 debet
440 2639 610 2685 assumi
637 2640 692 2684 ad
718 2640 984 2698 hujusmodi
1009 2650 1364 2685 sacramentum.
1958 2669 1960 2673 ψ
2290 2634 2306 2690 [Ϊ

369 2719 412 2762 4.
434 2706 734 2752 PRAETEREA.
755 2706 900 2765 Supra
929 2707 1100 2751 dictum
1127 2718 1194 2752 est
1219 2707 1282 2766 (q.
1315 2705 1387 2751 66.
1416 2713 1496 2751 art.
1521 2722 1539 2766 3
1545 2707 1593 2765 .)‚
1623 2707 1746 2767 quod
1774 2722 1890 2767 aqua
1924 2705 2168 2754 assumitur
2197 2713 2247 2752 ut

281 2774 473 2819 materia
496 2775 552 2818 ad
569 2774 906 2833 baptizandum,
942 2774 1048 2834 quia
1066 2775 1231 2850 ubique
1250 2774 1305 2818 de
1323 2771 1474 2817 facili
1463 2775 1713 2819 invenitur:
1741 2775 1822 2820 sed
1844 2773 2002 2822 oleum
2019 2767 2245 2821 olivarum
2287 2777 2305 2830 ζ

280 2856 375 2886 ιιοιι
402 2842 567 2900 ubique
594 2841 835 2895 invenitur,
863 2851 907 2885 et
933 2841 1079 2886 multo
1107 2841 1257 2886 minus
1284 2843 1563 2896 balsamum;
1599 2857 1692 2887 non
1726 2855 1838 2901 ergo
1877 2841 2091 2897 chrisma,
2123 2836 2244 2900 quod
2282 2847 2317 2882 ε’

284 2925 340 2953 ex
365 2909 437 2953 his
466 2907 718 2962 conficitur,
746 2918 812 2952 est
841 2909 1118 2953 conveniens
1145 2911 1336 2954 materia
1363 2911 1497 2969 huius
1523 2909 2309 2959 sacramenti.

373 2976 467 3021 SED
491 2988 686 3021 CONTRA
713 2985 794 3030 est,
817 2975 939 3035 quod
968 2975 1218 3034 Gregorius
1246 2978 1389 3022 dicit'
1379 2994 1425 3022 m
1451 2977 1663 3036 Registro
1681 2977 1772 3034 (zib.
1786 2992 1823 3036 3.
1849 2976 1963 3036 epist.
1991 2990 2032 3035 9.
2050 2988 2076 3019 a
2093 2969 2283 3033 med)

285 3060 307 3084 «
331 3044 588 3103 Presbyteri
613 3043 863 3103 baptizatos
890 3041 1083 3086 infantes
1100 3043 1280 3101 signare
1299 3046 1344 3088 in
1362 3044 1584 3088 frontibus
1601 3058 1733 3088 sacro
1752 3042 1997 3089 chrismate
2013 3056 2108 3088 non
2123 3053 2287 3102 prae-
2288 3093 2306 3100 ,v

284 3121 467 3155 sumant
490 3126 541 3153 »-
532 3125 681 3169 ,ergo
710 3110 908 3154 chrisma
936 3120 1004 3154 est
1029 3110 1221 3155 materia
1255 3111 1390 3170 hujus
1425 3111 1713 3156 sacramenti
2184 3134 2188 3139 -
2202 3148 2242 3179 τὰ,

371 3179 661 3225 RESPONDEO
688 3178 948 3232 dicendum,
966 3177 1088 3236 quod
1107 3178 1305 3223 chrisma
1333 3190 1400 3223 est
1427 3179 1705 3224 conveniens
1732 3176 1922 3224 materia
1942 3170 2082 3237 hujus
2103 3189 2181 3223 sac

283 3246 439 3290 menti.
468 3246 596 3290 Sicut
623 3246 746 3290 enim
773 3245 944 3289 dictum
973 3254 1039 3289 est
1065 3245 1171 3303 (art.
1183 3254 1312 3305 ριαεε
1318 3248 1365 3301 .),
1392 3249 1435 3291 in
1453 3246 1543 3290 hoc
1563 3255 1850 3290 sacramento
1868 3243 1999 3290 datur
2012 3186 2299 3306 plemma
2320 3240 2338 3283 ’ᾗ

284 3313 476 3372 Spiritus
517 3313 673 3357 Sancti
711 3314 765 3357 ad
801 3312 938 3356 robur
975 3311 1221 3370 spirituale,
1250 3314 1371 3371 quod
1401 3313 1627 3391 wcompetit
1649 3311 1874 3372 perfectae
1907 3298 2056 3356 aetati.
2090 3306 2299 3358 Homo

285 3391 437 3425 autem
466 3395 572 3425 cum
601 3381 655 3424 ad
682 3379 930 3439 perfectam
959 3389 1155 3424 aetatem
1178 3380 1446 3438 pervenerit,
1465 3380 1728 3439 incipitjam
1747 3376 2088 3424 communicare
2109 3367 2269 3421 actmss.

284 3462 364 3491 nes
401 3461 505 3492 suas
543 3447 597 3491 ad
634 3446 772 3503 31ἰο5;
807 3456 938 3491 antea
974 3459 1083 3490 vero
1111 3446 1240 3505 quasi
1266 3446 1552 3506 singulariter
1578 3446 1698 3491 sibi·
1687 3446 1773 3505 ipsi
1798 3444 1931 3490 vivit:
1934 3442 2105 3505 gratia
2137 3444 2307 3521 veffi

286 3513 478 3572 Spiritus
505 3513 698 3558 Sancti
687 3529 733 3558 m
761 3513 866 3558 oleo
894 3512 1180 3572 designatur;
1209 3513 1326 3558 unde
1346 3512 1556 3558 Christus
1573 3513 1735 3557 dicitur
1761 3526 1859 3558 esse
1875 3517 2023 3559 anchis
2049 3509 2140 3562 oleo
2169 3495 2276 3579 ho·
2269 3503 2299 3549 ἕ

286 3581 400 3626 titiae
426 3581 514 3640 (Ps.
541 3595 598 3639 44
603 3581 648 3639 .)‚
675 3591 861 3641 propter
885 3578 1214 3642 plenitudinem
1248 3579 1441 3641 Spiritus
1475 3580 1647 3636 Sancti,
1679 3593 1817 3640 quam
1848 3576 2050 3626 habuit.
2067 3586 2126 3624 et
2137 3557 2289 3626 ideo
2327 3587 2330 3589 ’
