2352 3926
637 218 926 272 QUAESTIO-
956 218 1123 261 van.
1161 218 1473 260 ARTICULUS
1511 219 1547 258 1.
1960 221 2066 276 401

723 500 1170 581 QUAESTIO
1219 500 1474 564 XLVII.

367 624 486 700 sDF.
532 657 725 700 CAUSA
771 657 1124 699 EFFICIENTE
1172 656 1474 698 PASSIONIS
1521 657 1774 708 CHRISTI,

663 747 730 786 IN
769 721 1254 811 sEx2ARTICULos
1300 746 1521 787 DIVISA.

204 922 385 968 Deinde
415 921 796 967 considerandum
823 931 891 967 est
917 921 972 966 de
1000 936 1137 966 causa
1163 921 1390 967 efficiente
1415 922 1641 982 passionis
1669 923 1854 969 Christi.

744 1034 802 1078 Et
825 1034 941 1078 circa
977 1033 1051 1078 hoc
1077 1039 1335 1092 quaeruntur
1357 1047 1441 1079 sex.

205 1125 378 1178 Primo.
405 1125 572 1171 Utrum
605 1124 815 1169 Christus
839 1122 974 1169 fuerit
999 1123 1053 1167 ab
1081 1122 1180 1168 aliis
1207 1123 1400 1181 occisus,
1426 1123 1501 1168 vel
1527 1138 1554 1167 a
1579 1123 1747 1183 seipso.

205 1191 436 1237 Secundo.
463 1191 528 1237 Ex
554 1206 647 1251 quo
672 1193 847 1235 motivo
870 1191 1072 1250 seipsum
1098 1191 1300 1249 passioni
1325 1190 1570 1236 tradiderit.

205 1257 380 1304 Tertio.
409 1259 576 1304 Utrum
602 1260 736 1303 Pater
760 1258 994 1303 tradiderit
1019 1272 1124 1302 eum
1152 1258 1208 1302 ad
1234 1258 1514 1317 patiendum.

207 1324 401 1379 Quarto.
429 1326 595 1370 Utrum
619 1325 754 1370 fuerit
784 1325 1077 1380 conveniens,
1113 1335 1163 1369 ut
1192 1339 1272 1384 per
1304 1339 1475 1369 manus.
1495 1325 1702 1384 gentium
1733 1335 1975 1385 pateretur,
2005 1325 2081 1371 vel

115 1392 267 1452 potius
292 1407 319 1438 a
333 1393 529 1451 Judaeis.

207 1458 398 1513 Quinto.
426 1461 591 1506 Utrum
617 1460 849 1505 occisores
875 1461 971 1518 ejus
998 1474 1105 1503 eum
1127 1460 1442 1519 cognoverint.

205 1525 361 1572 Sexto.
385 1527 457 1572 De
482 1537 674 1587 peccato
699 1541 876 1581 eorum,
902 1528 980 1586 qui
1002 1525 1240 1571 Christum
1263 1526 1543 1571 occiderunt.

831 1704 1267 1763 ARTICULUS
1312 1706 1355 1761 1.
1994 1722 2080 1780 258

221 1835 420 1880 UTR'UM
454 1839 721 1880 CHRISTUS
762 1840 960 1879 FUERIT
999 1841 1066 1878 AB
1107 1841 1237 1880 ALIO
1282 1841 1534 1892 OCCISUS,
1573 1842 1646 1879 AN
1687 1841 1723 1879 A
1763 1842 1966 1881 SEIPSO.

530 1951 663 2010 (Infr.
690 1965 728 2010 q.
750 1966 818 2010 50.
845 1957 926 1996 art.
954 1966 989 1996 1.
1016 1951 1071 1995 ad
1094 1966 1134 1996 2.
1161 1958 1200 1996 et
1224 1967 1262 2011 q.
1290 1966 1353 2011 51.
1379 1958 1460 1996 art.
1484 1968 1520 2011 3.
1547 1959 1660 2011 corp.

753 2025 791 2063 et
814 2026 950 2078 opusc.
977 2034 1016 2064 2.
1041 2026 1130 2078 cap.
1149 2032 1234 2078 337.
1257 2026 1295 2064 et
1315 2020 1400 2078 338.
1400 2019 1439 2076 ).

37 2174 43 2183 ζ
205 2129 282 2174 AD
306 2142 495 2175 PRIMUM
520 2130 584 2174 sic
611 2130 884 2190 proceditur.
911 2130 1115 2184 Videtur,
1143 2130 1265 2190 quod
1294 2130 1504 2175 Christus
1531 2145 1625 2174 non
1647 2129 1781 2175 fuerit
1808 2130 1860 2174 ab
1890 2130 1980 2174 alio
2009 2145 2083 2175 oc-

27 2192 50 2248 ’ἢ
118 2196 253 2251 cisus,
278 2198 357 2242 sed
385 2212 410 2241 a
435 2197 606 2256 seipso:
638 2198 747 2242 dicit
772 2198 895 2242 enim
921 2198 1016 2257 ipse
1037 2198 1168 2256 Joan.
1201 2211 1290 2242 1o.:
1318 2199 1450 2243 Nemo
1475 2198 1582 2242 tollit
1599 2200 1789 2242 animam
1807 2213 1942 2242 meam
1960 2213 1985 2242 a
2002 2214 2080 2252 me,

27 2260 49 2317 „l
115 2262 184 2314 scd
206 2278 277 2322 ego
292 2272 405 2323 pono
431 2279 551 2309 eam.-
584 2264 660 2309 ille
689 2275 843 2308 autem
862 2265 1023 2309 dicitur
1041 2264 1239 2324 aliquem
1260 2265 1487 2318 occidere,
1505 2267 1581 2324 qui
1599 2265 1802 2309 animam
1825 2266 1920 2323 ejus
1938 2265 2082 2310 tollit:

45 2380 47 2382 ,
116 2344 211 2375 non
237 2341 305 2375 est
330 2345 440 2390 ergo
467 2331 677 2376 Christus
705 2333 758 2375 ab
787 2332 887 2376 aliis
914 2332 1109 2386 occisus,
1137 2333 1214 2376 sed
1244 2346 1270 2375 a
1295 2333 1457 2390 seipso.

20 2389 54 2448 „s
206 2410 247 2442 2.
273 2397 570 2444 PRAETEREA.
602 2398 672 2443 Illi
699 2399 776 2458 qui
803 2399 856 2442 ab
885 2398 983 2442 aliis
1011 2399 1294 2455 occiduntur,
1323 2397 1543 2457 paulatim
1570 2398 1802 2442 debilitata
1827 2409 1989 2443 natura
2012 2398 2084 2443 de-

27 2459 65 2515 {J
118 2464 298 2510 ficiunt:
325 2475 370 2510 et
399 2466 599 2510 maxime
625 2466 715 2510 hoc
743 2475 930 2525 apparet
953 2466 1000 2509 in
1028 2465 1276 2510 crucifixis:
1303 2476 1352 2509 ut
1379 2466 1502 2509 enim
1528 2466 1637 2510 dicit
1663 2467 1857 2524 August.
1884 2466 1931 2509 in
1957 2478 1999 2521 4.
2028 2466 2083 2509 de

121 2530 249 2577 Trin.
291 2534 401 2593 (cap.
438 2546 496 2592 13.
536 2548 563 2578 a
587 2533 768 2593 princ),
819 2532 998 2591 «longa
1030 2543 1178 2577 morte
1217 2533 1535 2577 cruciabantur
1568 2532 1694 2592 ligno
1732 2533 1937 2592 suspensi
1954 2548 2006 2587 »3
2038 2534 2084 2576 in

50 2599 64 2658 ῗα
122 2598 310 2649 Christo
337 2610 488 2644 autem
514 2614 608 2644 non
633 2600 724 2644 hoc
752 2600 930 2654 accidit,
961 2614 1069 2643 nam
1103 2600 1288 2644 clamans
1313 2614 1412 2645 voce
1443 2613 1598 2658 magna
1631 2601 1765 2644 emisit
1795 2601 2003 2659 spiritum,
2036 2609 2086 2644 ut

47 2668 73 2712 ’ἶ
121 2665 285 2712 dicitur
306 2666 467 2711 Matth.
496 2680 593 2726 27.;
619 2681 714 2711 non
739 2681 850 2726 ergo
879 2666 1088 2712 Christus
1115 2677 1183 2711 est
1208 2667 1262 2710 ab
1291 2666 1390 2711 aliis
1418 2668 1612 2723 occisus,
1640 2667 1718 2712 sed
1747 2682 1772 2710 a
1798 2667 1963 2727 seipso.

51 2775 76 2795 ‚t
212 2747 251 2792 3.
278 2733 575 2779 PRAETEREA.
601 2733 674 2778 Illi
699 2734 776 2793 qui
803 2734 856 2778 ab
885 2733 984 2778 aliis
1011 2735 1294 2787 occiduntur,
1321 2748 1400 2793 per
1425 2733 1692 2778 violentiam
1721 2735 2007 2788 moriuntur;
2041 2743 2086 2778 et

0 2807 2 2859 ζ
57 2804 73 2859 ᾗ,
119 2798 184 2844 ita
213 2813 308 2844 non
338 2800 620 2855 voluntarie3
656 2801 763 2860 quia
802 2800 1058 2845 violentum
1095 2803 1340 2860 opponitur
1369 2800 1654 2845 voluntario:
1693 2801 1771 2845 sed
1799 2801 2083 2860 Augustinus

0 2867 2 2870 ’
59 2881 64 2884 ·
121 2865 230 2911 dicit
253 2866 298 2910 in
323 2879 366 2922 4.
394 2867 449 2912 de
477 2866 700 2912 Trinitate
728 2868 828 2924 (loc.
852 2869 961 2926 cit),
990 2868 1113 2927 quod
1135 2868 1354 2926 «spiritus
1374 2867 1546 2912 Christi
1566 2882 1660 2911 non
1678 2868 1875 2912 deseruit
1897 2881 2083 2910 carnem

0 2936 2 2938 ’
49 2961 69 2990 <2
120 2931 301 2989 invitus,
325 2934 404 2979 sed
431 2935 536 2994 quia
561 2934 720 2989 voluit,
747 2935 929 2995 quando
955 2935 1115 2988 voluit,
1143 2945 1188 2979 et
1213 2935 1451 2994 quomodo
1480 2934 1625 2979 voluit
1640 2952 1663 2977 »
1681 2951 1694 2990 ;
1710 2949 1804 2979 non
1825 2948 1934 2993 ergo
1958 2933 2088 2978 Chri·

0 3031 2 3052 2
30 3000 59 3019 ⁵
121 3008 216 3045 stus
241 3010 310 3045 est
335 3001 389 3047 ab
418 3001 517 3046 aliis
544 3002 738 3057 occisus,
757 2995 845 3047 'sed
872 3017 897 3046 a
924 3003 1089 3060 seipso.

54 3070 76 3131 ’
211 3066 307 3113 SED
340 3082 548 3118 CONTRA,
576 3079 656 3123 est,
697 3070 818 3128 quod
862 3070 1025 3114 dicitur
1066 3070 1176 3113 Luc.
1225 3069 1316 3113 18.:
1364 3069 1587 3128 Postquam
1613 3069 1938 3128 flagellaverint,
1982 3068 2087 3111 occi-

0 3124 3 3139 ’
45 3145 69 3183 .’
121 3131 218 3179 dont
246 3150 354 3182 eum.

67 3209 70 3212 ’
210 3200 498 3248 RESPONDEO
516 3203 774 3258 dicendum,
791 3204 913 3262 quod
933 3203 1101 3262 aliquid
1115 3213 1263 3262 potest
1280 3218 1378 3248 esse
1394 3217 1531 3247 causa
1550 3202 1740 3261 alicujus
1752 3201 1940 3246 effectus
1956 3201 2088 3260 dupli-

110 3268 241 3333 ·citar:
259 3283 341 3313 uno
354 3269 473 3314 modo
490 3270 658 3315 directe
677 3271 732 3314 ad
751 3269 861 3314 illud
885 3271 1006 3329 quod
1024 3270 1072 3314 fit
1091 3271 1284 3329 agendox
1306 3280 1350 3315 et
1366 3270 1455 3314 hoc
1477 3270 1616 3313 modo
1631 3279 1944 3327 persecutores
1958 3268 2089 3312 Chri·

46 3338 75 3392 f
123 3335 179 3377 sti
195 3347 302 3377 eum
317 3335 605 3391 occiderunt3
632 3337 747 3395 quia>
763 3336 1063 3382 sufficientem
1082 3352 1267 3382 causam
1295 3337 1456 3381 mortis
1470 3338 1511 3379 ei
1534 3335 1794 3387 intulerunt,
1823 3349 1925 3378 cum
1944 3334 2089 3380 inten-

122 3398 249 3443 tione
273 3401 548 3446 occidendi
537 3417 702 3461 ipsum,
731 3412 774 3447 et
800 3402 964 3448 effectu
991 3404 1319 3462 subsequente;
1342 3404 1448 3462 quia
1472 3403 1646 3446 scilicet
1670 3416 1723 3445 ex
1758 3400 1834 3444 illa
1862 3415 1998 3445 causa
2020 3412 2088 3446 est

32 3488 57 3547 ξς
125 3478 251 3508 mors
265 3466 530 3512 subsecuta:
553 3469 635 3512 alio
647 3469 768 3513 modo
791 3470 953 3514 dicitur
971 3470 1140 3529 aliquid
1159 3485 1295 3514 causa
1320 3470 1511 3527 alicujus
1538 3468 1769 3520 indirecte,
1791 3467 1965 3513 scilicet
1981 3469 2088 3527 quia

35 3531 63 3598 ξ
125 3545 219 3576 non
239 3531 442 3590 impedit,
468 3543 574 3578 cum
595 3535 816 3594 impedire
842 3537 1006 3595 possit:
1031 3537 1150 3581 sicut
1170 3538 1208 3581 si
1235 3537 1410 3580 dicatur
1433 3535 1594 3593 aliquis
1628 3534 1768 3578 alium
1802 3533 2085 3592 perfundere,

36 3594 61 3665 ᾗ
127 3597 234 3656 quia
244 3611 345 3644 non
351 3597 513 3644 clausit
535 3598 795 3656 fenestram,
811 3616 891 3660 per
912 3616 1049 3661 quam
1066 3603 1212 3647 imber
1222 3601 1495 3660 ingreditur
1516 3610 1560 3644 et
1577 3600 1668 3644 hoc
1689 3600 1855 3645 modo
1844 3614 1941 3659 ipse
1959 3600 2090 3646 Chri-

307 3698 344 3734 S.
368 3699 522 3734 Τιουι
546 3700 678 3735 sama
708 3700 909 3747 Theologn'ca.
936 3703 1019 3738 Vol.
1043 3703 1106 3738 IV.
1866 3705 1909 3737 26
