2352 3926
600 219 874 266 Quans’rm
914 220 1083 260 xxxu.
1120 220 1432 261 manemus
1472 219 1549 260 111.
1951 219 2056 275 279

96 322 297 369 nascitur
322 335 377 367 ex
402 322 592 377 semine,
617 321 755 367 habet
778 321 1125 367 similitudinem
1150 323 1352 377 seminis,
1379 323 1458 368 sed
1483 322 1686 368 hominis
1710 322 1991 381 generantis:
2015 332 2060 366 et

95 389 137 435 si
158 389 343 448 quidem
370 388 568 447 perfecta
599 390 656 433 sit
680 388 947 442 similitudo,
975 390 1058 434 erit
1084 389 1285 449 perfecta
1310 389 1470 434 filiatio
1497 400 1592 434 tam
1629 391 1675 433 in
1710 388 1887 441 divinis,
1920 403 2059 447 quam

96 456 142 501 in
167 455 404 503 humanis:
422 456 461 500 si
479 465 632 500 autem
654 455 711 499 sit
735 454 985 499 similitudo
1011 455 1292 514 imperfecta,
1320 457 1404 501 erit
1421 457 1559 501 etiam
1586 456 1744 502 filiatio
1770 454 2058 514 imperfecta:

94 522 211 568 sicut
234 523 280 566 in
306 522 495 567 homine
518 533 587 567 est
601 522 826 580 quaedam
850 522 1100 566 similitudo
1128 523 1217 567 Dei
1231 523 1512 581 imperfecta,
1532 534 1576 567 et
1592 524 1864 582 inquantum
1881 532 2057 567 creatus

13 631 22 636 .
95 598 165 634 est
189 589 280 633 ad
269 590 520 648 imaginem
547 589 649 641 Dei,
676 598 721 634 et
745 589 1016 646 inquantum
1041 599 1269 634 recreatus
1312 600 1380 634 est
1419 590 1671 635 secundum
1713 589 2059 635 similitudinem

94 656 289 715 gratiae:
317 666 362 701 et
384 657 490 701 ideo
518 666 708 730 utroque
734 657 877 699 modo
902 666 1055 714 potest
1085 656 1230 701 homo
1257 656 1347 699 dici
1373 656 1491 701 filius
1516 657 1628 711 Dei;
1671 667 1714 701 et
1755 657 1859 716 quia
1886 655 2061 701 scilicet

95 733 165 768 est
195 733 371 768 creatus
398 723 453 767 ad
479 724 731 781 imaginem
758 724 879 776 eius3
913 733 958 768 et
998 723 1103 780 quia
1135 733 1204 767 est
1235 723 1277 767 ei
1309 723 1581 767 assimilatus
1622 738 1701 783 per
1742 723 1959 782 gratiam;
1992 732 2060 767 est

95 800 250 834 autem
276 790 671 842 considerandum,
698 790 819 848 quod
846 789 956 834 illud
990 791 1111 848 quod
1154 790 1209 834 de
1254 789 1408 848 aliquo
1442 790 1603 834 dicitur
1638 791 1887 835 secundum
1921 789 2062 850 perfe-

94 867 217 901 ctam
247 858 488 904 rationem.
514 871 608 900 non
636 867 703 900 est
728 857 974 900 dicendum
1000 858 1055 901 de
1083 871 1139 901 eo
1167 858 1419 901 secundum
1456 858 1679 901 rationem
1714 857 2058 916 imperfectam:

94 925 212 968 sicut
242 924 346 983 quia
380 925 592 967 Socrates
619 924 781 967 dicitur
806 924 1070 967 naturaliter
1101 924 1246 968 homo
1280 924 1533 968 secundum
1566 925 1797 983 propriam
1835 925 2060 969 rationem

93 990 312 1046 hominis,
337 1005 592 1049 numquam
609 991 771 1035 dicitur
787 991 932 1036 homo
951 991 1206 1036 secundum
1223 990 1350 1035 illam
1367 991 1750 1050 significationem
1774 1006 1863 1050 qua
1886 994 2060 1050 pictura

92 1057 295 1103 hominis
320 1058 484 1103 dicitur
508 1058 668 1112 homo,
704 1057 812 1102 licet
843 1057 958 1103 forte
1000 1058 1096 1116 ipse
1140 1057 1413 1103 assimiletur
1455 1057 1584 1102 alteri
1622 1058 1816 1103 homini.
1850 1058 2059 1103 Christus

93 1135 248 1170 autem
273 1135 343 1170 est
366 1124 484 1169 filius
509 1125 598 1169 Dei
623 1125 877 1170 secundum
903 1124 1153 1184 perfectam
1179 1126 1404 1170 rationem
1430 1124 1682 1179 filiationis;
1705 1126 1825 1169 unde
1851 1126 2059 1184 quamvis

92 1192 346 1237 secundum
367 1192 620 1236 humanam
645 1203 857 1236 naturam
883 1192 941 1236 sit
981 1201 1174 1246 creatus,
1201 1202 1246 1236 et
1268 1192 1563 1250 justificatus;
1604 1206 1699 1236 non
1740 1202 1896 1236 tamen
1928 1192 2060 1236 debet

93 1258 184 1304 dici
198 1257 317 1304 filius
334 1259 425 1303 Dei
440 1273 589 1318 neque
614 1260 790 1304 ratione
810 1259 1068 1313 creationis,
1085 1273 1234 1318 neque
1251 1260 1428 1304 ratione
1449 1259 1795 1317 justificationis,
1812 1259 1891 1304 sed
1907 1259 2060 1303 solum

91 1325 268 1372 ratione
301 1326 606 1385 generationis
640 1336 866 1380 aeternae,
898 1327 1151 1371 secundum
1182 1341 1322 1385 quam
1363 1336 1432 1372 est
1471 1326 1590 1372 filius
1632 1327 1779 1371 Patris
1819 1325 1984 1380 solius;
2016 1335 2060 1370 et

91 1393 198 1439 ideo
222 1392 351 1439 nullo
383 1394 526 1439 modo
553 1393 685 1439 debet
717 1394 808 1438 dici
835 1394 1044 1440 Christus
1069 1392 1188 1438 filius
1220 1394 1412 1453 Spiritus
1439 1393 1611 1449 Sancti,
1637 1408 1722 1438 nec
1756 1393 1895 1438 etiam
1920 1393 2060 1438 totius

94 1458 344 1505 Trinitatis.

183 1527 260 1573 AD
291 1541 480 1573 PRIMUM
507 1542 618 1587 ergo
645 1527 904 1582 dicendum,
932 1528 1055 1588 quod
1090 1529 1297 1574 Christus
1332 1538 1580 1605 conceptus
1609 1539 1677 1573 est
1707 1529 1763 1573 de
1794 1528 1940 1573 Maria
1964 1527 2062 1572 Vir·

93 1595 199 1671 gine
232 1595 473 1640 materiam
505 1595 789 1639 ministrante
825 1596 872 1639 in
909 1595 1254 1655 similitudinem
1289 1595 1474 1655 speciei,
1507 1606 1552 1641 et
1592 1596 1697 1640 ideo
1737 1595 1901 1640 dicitur
1940 1595 2060 1640 filius

94 1663 216 1720 ejus;
234 1662 443 1707 Christus
461 1672 631 1711 autem,
657 1662 910 1707 secundum
937 1663 1060 1721 quod
1078 1663 1238 1720 hom0‚
1257 1673 1506 1722 conceptus
1525 1673 1594 1707 est
1610 1663 1665 1707 de
1684 1663 1853 1721 Spiritu
1872 1663 2060 1716 Sancto,

93 1730 212 1774 sicut
241 1729 298 1774 de
331 1730 479 1774 activo
506 1729 752 1787 principio:
780 1744 874 1773 non
900 1740 1056 1774 tamen
1083 1730 1334 1775 secundum
1357 1730 1704 1775 similitudinem
1731 1732 1911 1789 speciei,
1943 1730 2061 1774 sicut

92 1796 239 1841 homo
278 1796 478 1841 nascitur
509 1796 566 1840 de
597 1806 723 1855 patre
756 1811 869 1850 suo;
902 1797 958 1841 ed
990 1798 1093 1842 ideo
1129 1797 1338 1842 Christus
1379 1811 1474 1842 non
1516 1797 1679 1841 dicitur
1716 1797 1834 1841 filius
1867 1797 2060 1856 Spiritus

95 1863 267 1908 Sancti.

182 1930 259 1974 AD
281 1943 542 1975 SECUNDUM
564 1929 823 1983 dicendum,
842 1930 962 1988 quod
979 1931 1208 1985 homines,
1235 1930 1313 1991 qui
1334 1931 1626 1991 spiritualiter
1647 1931 1899 1976 formantur
1918 1945 1943 1975 a
1967 1931 2061 1990 Spi-

0 1991 23 2050 4Ῑ7
93 1997 182 2042 ritu
209 1996 396 2050 Sancto,
421 2011 516 2041 non
541 2007 732 2056 possunt
757 1997 846 2040 dici
878 1997 959 2041 filii
989 1998 1079 2042 Dei
1110 1999 1362 2043 secundum
1395 1998 1644 2057 perfectam
1685 1999 1910 2042 rationem
1952 1997 2061 2042 filia-

91 2063 255 2118 tionis;
281 2073 326 2108 et
349 2063 454 2108 ideo
479 2064 690 2108 dicuntur
715 2063 795 2107 filii
820 2065 910 2108 Dei
931 2065 1185 2109 secundum
1206 2065 1477 2111 filiationem
1498 2065 1830 2125 imperfectam,
1853 2079 1969 2124 quae
1992 2074 2060 2109 est

0 2170 3 2172 ,
93 2131 346 2179 secundum
372 2131 717 2175 similitudinem
744 2132 931 2184 gratiae,
957 2147 1073 2191 quae
1101 2142 1170 2197 est
1195 2148 1219 2176 a
1246 2142 1343 2177 tota
1381 2131 1630 2187 Trinitate3
1666 2133 1746 2177 sed
1781 2133 1837 2176 de
1873 2132 2058 2177 Christo

0 2211 22 2259 3
93 2205 164 2243 est·
182 2197 276 2245 alia
301 2198 432 2252 ratio,
464 2208 514 2242 ut
540 2198 711 2242 dictum
740 2209 809 2242 est
834 2199 901 2254 (in
927 2207 1043 2258 corp.
1070 2201 1187 2258 art).

0 2255 6 2267 ³
180 2264 238 2311 Et
261 2264 469 2311 similiter
494 2265 739 2310 dicendum
767 2275 835 2311 est
857 2279 922 2311 AD
949 2279 1181 2312 TERTIUM.

774 2450 1210 2509 ARTICULUS
1256 2453 1354 2508 IV.
1974 2479 2056 2526 179

188 2602 383 2641 UTRUM
414 2603 461 2641 B.
503 2581 683 2641 VIRGO*
715 2603 945 2648 ALIQUID
987 2603 1191 2642 ACTIVE
1231 2602 1431 2642 EGERIT
1472 2602 1529 2641 IN
1564 2601 1960 2641 CONCEPTIONE

799 2684 1067 2723 CORPORIS
1109 2684 1347 2722 CHRISTI.

433 2810 568 2870 (Infr.
593 2825 633 2869 q.
655 2825 711 2870 33.
739 2817 820 2855 art.
846 2824 888 2867 4.
911 2810 966 2855 ad
990 2826 1031 2855 2.
1062 2816 1100 2855 et
1115 2825 1150 2869 3.
1178 2811 1292 2855 Dist.
1321 2825 1358 2869 3.
1385 2824 1424 2868 q.
1450 2824 1490 2854 2.
1524 2815 1606 2854 art.
1633 2809 1707 2866 L).

123 2971 126 2974 -
183 2937 259 2986 AD
275 2950 514 2988 QUARTUM
539 2939 605 2984 sic
631 2939 903 2996 proceditur.
936 2938 1142 2992 Videtur,
1164 2938 1287 2997 quod
1306 2938 1356 2982 B.
1374 2937 1521 2995 Virgo
1550 2935 1718 2996 aliquid
1748 2936 1894 2980 active
1912 2937 2055 2993 egerit

23 3007 29 3012 '⁴
93 3002 480 3064 iunconceptione
517 3006 722 3063 corporis
761 3005 951 3050 Christi:
985 3006 1094 3049 dicit
1129 3006 1253 3050 enim
1288 3005 1504 3050 Damasc.
1532 3004 1579 3048 in
1610 3019 1644 3062 3.
1675 3003 1749 3048 lib.
1779 3004 1925 3061 (Orth.
1958 3002 2054 3047 Fid.

94 3078 188 3132 cap.
214 3086 254 3117 2.
277 3078 372 3116 ante
387 3071 513 3127 med.)
543 3088 567 3113 <t
589 3072 712 3130 quod
736 3073 928 3116 Soiritus
956 3072 1150 3116 Sanctus
1177 3072 1438 3131 supervenit
1454 3071 1646 3130 Virgini,
1674 3084 1870 3128 purgans
1893 3070 2054 3127 ipsam,

95 3146 142 3183 et
163 3137 377 3183 virtutem
402 3149 706 3198 susceptivam
734 3138 874 3183 Ver-hi
905 3139 994 3183 Dei
1019 3140 1236 3195 tribuens,
1262 3138 1399 3184 simul
1426 3148 1579 3182 autem
1606 3147 1650 3182 et
1676 3136 1985 3195 generativam
2003 3151 2053 3180 »z

15 3212 32 3236 ί
95 3204 175 3249 sed
199 3204 414 3251 virtutem
440 3206 751 3281 generativam
778 3207 1002 3257 passivam
1032 3207 1229 3250 habebat
1255 3220 1281 3250 a
1306 3216 1482 3259 natura,
1509 3206 1625 3249 sicut
1651 3215 1695 3248 et
1714 3202 1941 3262 quaelibet
1964 3201 2056 3246 foe·

22 3274 48 3328 ‘j
95 3270 244 3324 mina·
270 3286 382 3349 ergo
408 3272 530 3317 dedit
555 3273 598 3316 ei
622 3273 800 3317 virtute
796 3287 836 3316 η
864 3274 1173 3350 generativam
1201 3273 1422 3317 activam.
1452 3282 1495 3317 et
1521 3274 1584 3315 sic
1605 3270 1773 3328 aliquid
1801 3270 1945 3313 active
1964 3270 2056 3329 egit

41 3340 54 3388 ἶ,
93 3335 143 3384 in
167 3339 469 3397 conceptione
502 3339 688 3384 Christ.

185 3417 225 3449 2.
250 3405 548 3451 PRAETEREA.
579 3406 757 3450 Omnes
793 3406 980 3451 virtutes
1018 3407 1198 3451 animae
1225 3405 1491 3465 vegetabilis
1518 3414 1622 3449 sunt
1646 3403 1831 3447 virtutes
1865 3405 2054 3458 activae,

28 3482 50 3516 ·;
94 3469 213 3515 ἐἰειιῐ
240 3471 502 3517 Commeat.
530 3472 673 3517 dicit
664 3487 710 3516 m
739 3487 777 3516 2.
806 3472 861 3517 de
879 3474 1051 3517 Anima
1078 3473 1329 3526 (Comment.
1353 3488 1409 3531 33.
1427 3479 1465 3516 et
1489 3471 1619 3529 seq.).·
1647 3470 1726 3513 sed
1755 3470 1956 3528 potentia
1982 3484 2055 3529 ge-

94 3538 299 3596 nerativa
323 3538 490 3583 tamin
513 3552 657 3591 mare,
690 3553 826 3596 quam
860 3541 903 3583 in
941 3539 1144 3583 foemina
1177 3539 1370 3598 pertinet
1402 3539 1458 3582 ad
1491 3537 1693 3581 animam
1725 3536 2053 3595 vegetabilem;

97 3615 208 3662 ergo
231 3613 328 3650 tam
353 3604 400 3648 in
426 3619 567 3660 mare,
593 3619 731 3664 quam
758 3605 803 3649 in
820 3605 1023 3650 foemina
1044 3607 1189 3651 active
1208 3615 1420 3665 operatur
1448 3604 1503 3647 ad
1523 3603 1876 3662 conceptionem
1898 3604 2052 3663 prolis.
