2352 3926
241 194 347 265 548
772 208 1050 255 QUAESTIO
1091 208 1216 248 LXV.
1256 202 1563 248 ARTICULUS
1603 209 1659 251 11.

238 321 539 365 sacramenta,
556 325 672 370 quae
691 309 957 355 ordinantur
975 309 1029 354 ad
1048 309 1375 368 perfectionem
1395 310 1528 355 unius
1546 314 2059 370 personae‚naturaliter
2074 330 2200 377 prae-

238 379 405 423 cedunt
427 393 494 432 ea,
519 393 633 437 quae
657 378 920 421 ordinantur
947 377 1002 420 ad
1020 376 1348 436 perfectionem
1366 377 1680 422 multitudinis.
1699 378 1756 423 Et
1779 381 1884 425 ideo
1903 380 2066 428 ultimo
2083 383 2200 429 inter

236 456 520 490 sacramenta
547 454 775 504 ponuntur
803 444 931 498 ordo,
950 454 993 488 et
1016 444 1377 498 matrimonium,
1401 459 1516 503 quae
1541 445 1807 490 ordinantur
1824 448 1880 491 ad
1897 448 2198 496 multitudinis

236 512 590 572 perfectionem3
618 511 965 555 matrimonium
986 521 1142 556 tamen
1164 521 1268 570 post
1290 512 1514 566 ordinem,
1542 526 1597 556 eo
1625 514 1747 572 quod
1771 514 1922 560 minus
1958 517 2200 577 participat

234 580 289 623 de
315 580 490 623 ratione
517 578 758 637 spiritualis
789 579 922 633 vitae,
956 578 1012 622 ad
1039 593 1177 638 quam
1205 579 1470 623 ordinantur
1502 589 1801 624 sacramenta.
1834 581 1957 626 Inter
1983 597 2037 628 ea
2066 597 2196 638 vero,

235 661 351 705 quae
378 646 642 690 ordinantur
668 647 723 689 ad
741 645 1069 704 perfectionem
1086 646 1220 690 unius
1245 660 1484 705 personae,
1510 647 1777 691 naturaliter
1802 658 1907 692 sunt
1930 649 2083 709 priora
2102 649 2195 705 illa,

234 727 349 772 quae
371 728 452 771 per
483 727 531 756 se
559 713 821 756 ordinantur
849 713 905 757 ad
931 712 1258 772 perfectionem
1285 713 1528 772 spiritualis
1545 714 1680 768 vitae,
1703 729 1840 774 quam
1863 714 1956 770 illa,
1983 730 2101 776 quae
2129 731 2199 762 01·-

236 780 448 823 dinantur
473 794 553 838 per
594 780 820 834 accidens,
853 780 1030 824 scilicet
1067 780 1122 824 ad
1149 780 1481 824 removendum
1509 781 1720 825 accidens
1747 781 1966 826 nocivum
1991 797 2199 844 superve-

233 847 385 892 niens:
420 847 678 905 cujusmodi
709 858 814 892 sunt
838 848 1132 906 poenitentia,
1157 857 1200 892 et
1242 858 1442 892 extrema
1469 849 1650 892 unctio:
1681 849 1908 908 posterior
1937 859 2094 895 tamen
2126 861 2195 896 est

231 913 497 958 naturaliter
530 925 732 960 extrema
763 915 935 969 unctio,
958 929 1074 974 quae
1102 924 1394 959 consummat
1419 915 1722 970 sanationem,
1757 916 2049 975 poenitentia,
2080 932 2196 978 quae

231 981 434 1026 inchoat.
467 981 590 1026 Inter
615 981 703 1026 alia
728 996 839 1026 vero
871 983 956 1026 tria
984 981 1276 1026 manifestum
1305 992 1386 1036 est,
1420 982 1542 1041 quod
1567 982 1833 1042 baptismus,
1866 985 1942 1043 qui
1975 994 2044 1029 est
2073 985 2197 1045 spiri-

231 1048 365 1092 tualis
383 1049 633 1107 generatio,
653 1059 721 1093 est
737 1050 884 1109 prius:
917 1059 962 1093 et
979 1049 1141 1092 deinde
1160 1048 1467 1102 confirmatio,
1485 1063 1601 1108 quae
1621 1050 1854 1094 ordinatur
1879 1051 1935 1095 ad
1951 1050 2196 1098 formalem

232 1114 561 1173 perfectionem
584 1117 784 1162 virtutis:
804 1127 848 1161 et
869 1115 1165 1176 postmodum
1182 1115 1479 1170 Eucharistia,
1498 1131 1614 1175 quae
1633 1117 1866 1161 ordinatur
1888 1119 1943 1163 ad
1959 1118 2197 1178 perfectio·

231 1196 340 1226 nem
370 1183 446 1240 [al.
469 1184 809 1241 consecutionem]
832 1183 947 1228 finis.
1227 1189 1232 1192 '

323 1250 400 1294 AD
417 1263 606 1296 PRIMUM
624 1265 734 1309 ergo
758 1251 1018 1304 dicendum,
1037 1250 1159 1309 quod
1176 1250 1538 1304 matrimonium,
1557 1250 1809 1295 secundum
1822 1251 1945 1310 quod
1962 1251 2196 1298 ordinatur

233 1316 289 1360 ad
317 1317 563 1361 animalem
585 1319 742 1372 vitam,
766 1328 833 1362 est
857 1329 1045 1361 naturae
1073 1316 1298 1361 officium:
1327 1317 1406 1361 sed
1432 1317 1685 1361 secundum
1708 1318 1830 1377 quod
1856 1318 1995 1363 habet
2025 1318 2195 1380 aliquid

232 1384 573 1442 spiritualitatiS,
610 1396 677 1430 est
708 1394 1071 1429 sacramentum:
1110 1394 1155 1428 et
1186 1384 1292 1443 quia
1328 1384 1574 1428 minimum
1609 1384 1748 1429 habet
1773 1384 1828 1442 dve
1865 1385 2195 1445 spiritualitate,

231 1450 395 1495 ultimo
423 1453 606 1511 ponitur
626 1454 741 1496 inter
762 1461 1061 1496 sacramenta.

321 1519 398 1563 AD
431 1533 692 1564 SECUNDUM
720 1519 979 1573 dicendum,
997 1518 1119 1578 quod
1143 1518 1199 1562 ad
1215 1517 1306 1561 hoc
1326 1517 1449 1576 quod
1466 1517 1635 1577 aliquid
1659 1518 1716 1563 sit
1738 1532 1895 1578 agens,
1920 1533 2195 1581 praesuppo-

229 1585 351 1629 nitur
377 1587 498 1645 quod
517 1588 574 1631 sit
598 1588 644 1630 in
671 1602 721 1631 se
748 1586 1021 1646 perfectum3
1049 1595 1094 1630 et
1114 1586 1217 1629 ideo
1240 1585 1391 1644 priora
1409 1595 1513 1629 sunt
1534 1596 1835 1640 sacramenta,
1853 1586 2012 1646 quibus
2031 1587 2193 1648 aliquis

227 1652 275 1695 in
298 1653 446 1712 seipso
474 1654 716 1712 perficitur,
740 1669 878 1713 quam
901 1663 1239 1698 sacramentum
1257 1653 1444 1706 ordinis,
1475 1667 1566 1712 quo
1595 1652 1757 1712 aliquis
1786 1654 2076 1699 constituitur
2095 1669 2193 1715 per-

227 1718 373 1764 fector
396 1721 606 1766 aliorum.

317 1788 392 1832 An
412 1801 628 1833 TERTmM
655 1788 912 1842 dicendum,
936 1787 1058 1847 quod
1084 1788 1412 1831 nutrimentum
1431 1796 1475 1831 et
1495 1788 1724 1847 praecedit
1741 1799 2055 1848 augmentum,
2075 1789 2193 1836 sicut

227 1869 365 1899 causa
392 1857 502 1913 ejuS,
529 1866 572 1900 et
588 1856 875 1915 subsequitur
902 1866 1215 1914 augmentum,
1238 1855 1355 1899 sicut
1372 1870 1647 1900 conservans
1665 1857 1905 1905 hominem
1921 1857 1968 1902 in
1989 1858 2191 1918 perfecta

226 1923 490 1980 quantitate,
515 1934 559 1968 et
588 1924 752 1967 virtute
762 1940 773 1978 ;
800 1934 844 1967 et
874 1923 979 1967 ideo
1011 1934 1161 1982 potest
1187 1923 1472 1967 Eucharistia
1498 1923 1727 1982 praemitti
1754 1923 2108 1980 confirmationi,
2141 1936 2191 1971 ut

224 1990 475 2049 Dionysius
501 1990 609 2035 facit
636 1993 680 2035 in
703 1991 779 2034 lib.
808 1991 862 2034 de
889 1991 1151 2034 Ecclesiast.
1176 1990 1413 2034 Hierarch.
1448 1990 1560 2050 (cap.
1583 2006 1619 2050 3.
1642 1998 1680 2036 et
1704 1991 1787 2048 4.),
1814 2002 1858 2036 et
1884 2002 2035 2051 potest
2064 2004 2188 2053 post·

222 2059 347 2117 poni,
374 2058 493 2102 sicut
517 2058 735 2116 Magister
759 2057 869 2102 facit
888 2058 935 2101 in
958 2070 998 2112 4.
1028 2057 1231 2102 Sentent.
1260 2059 1395 2115 (Dist.
1425 2071 1461 2117 7.
1496 2064 1533 2102 et
1557 2059 1636 2116 8.).

313 2125 389 2169 AD
423 2138 661 2175 QUARTUM
689 2125 946 2179 dicendum,
974 2123 1101 2184 quod¹
1123 2125 1238 2168 ratio
1265 2124 1344 2168 illa
1370 2135 1491 2168 recte
1524 2125 1806 2183 procederet,
1839 2126 1879 2170 si
1909 2127 2189 2186 poenitentia

224 2207 279 2236 ex
310 2193 579 2236 necessitate
606 2193 909 2251 requireretur
935 2203 982 2236 ut
1014 2192 1351 2251 praeparatoria
1386 2192 1442 2236 ad
1468 2192 1827 2238 Eucharistiam:
1859 2194 1938 2238 sed
1969 2194 2061 2239 hoc
2092 2209 2188 2240 non

223 2269 291 2304 est
310 2274 493 2304 verum:
521 2274 630 2303 nam
657 2261 693 2303 si
728 2259 888 2318 aliquis
922 2269 1040 2303 esset
1071 2260 1169 2303 sine
1200 2270 1390 2319 peccato
1424 2259 1623 2314 mortali,
1649 2274 1744 2303 non
1776 2260 1999 2320 indigeret
2029 2263 2188 2321 poeni-

220 2327 361 2371 tentia
379 2327 433 2370 ad
451 2328 761 2385 sumptionem
775 2327 1110 2382 Eucharistiae3
1130 2337 1174 2371 et
1190 2327 1253 2371 sic
1271 2337 1408 2386 patet,
1432 2327 1554 2386 quod
1577 2341 1656 2386 per
1673 2327 1882 2372 accidens
1903 2328 2183 2388 poenitentia

220 2405 456 2454 praeparat
479 2394 535 2437 ad
562 2393 1096 2450 Eucharistiam,scilicet
1113 2396 1350 2454 supposito
1373 2405 1589 2453 peccato:
1608 2395 1727 2439 unde
1746 2395 1908 2439 dicitur
1923 2408 1964 2440 2.
1982 2396 2180 2458 Paralip.

220 2460 321 2505 ult.:
357 2461 436 2516 Tu,
470 2462 654 2505 Domine
686 2463 815 2516 Deus,
838 2465 1048 2519 justorum
1080 2477 1163 2505 non
1188 2463 1368 2521 posuisti
1390 2463 1692 2520 poenitentiam
1718 2465 1857 2521 justis.

308 2529 384 2573 AD
412 2541 640 2579 QmNTUM
666 2529 924 2583 dicendum,
942 2530 1063 2588 quod
1082 2539 1284 2574 extrema
1300 2529 1456 2574 unctio
1485 2540 1670 2589 propter
1696 2531 1919 2575 rationem
1948 2531 2184 2586 inductam

219 2606 287 2640 est
312 2595 525 2641 ultimum
550 2596 668 2641 inter
693 2607 994 2651 sacramenta,
1029 2612 1145 2656 quae
1178 2597 1444 2641 ordinantur
1471 2597 1525 2640 ad
1558 2597 1888 2657 perfectionem
1914 2600 2047 2645 unius
2079 2615 2181 2661 per-

217 2678 374 2709 sonae.

897 2796 1335 2854 ARTICULUS
1376 2797 1476 2878 ΠΙ,
2097 2815 2180 2876 362

401 2919 595 2959 UTRUM
635 2918 1046 2958 SACRAMENTUM
1077 2919 1482 2958 EUCHARISTIAE
1523 2921 1608 2959 SIT
1650 2921 1990 2961 POTISSIMUM

907 2994 1071 3033 INTER
1106 2994 1486 3032 SACRAMENTA.

483 3090 547 3148 (4.
571 3091 683 3135 Dist.
708 3104 745 3149 7.
770 3104 808 3147 q.
827 3106 859 3134 I.
881 3096 962 3134 art.
990 3106 1023 3133 I.
1044 3105 1130 3148 q.3.
1151 3097 1262 3147 corp.
1287 3096 1322 3134 et
1339 3091 1448 3134 Dist.
1477 3091 1517 3135 8.
1536 3106 1573 3149 q.
1592 3107 1626 3136 Ι.
1641 3098 1724 3136 art.
1747 3103 1783 3135 Ι.
1817 3107 1854 3150 q.
1877 3108 1912 3139 Ι.

532 3164 570 3203 et
586 3158 655 3202 lib.
673 3174 714 3215 4.
737 3157 882 3202 Contr.
899 3172 937 3215 g.
957 3165 1046 3216 cap.
1066 3170 1133 3216 74.
1153 3163 1188 3201 el
1213 3157 1321 3201 Vcr1'.
1341 3172 1378 3216 q.
1399 3172 1436 3216 7.
1461 3164 1539 3202 art.
1559 3172 1603 3216 4.
1622 3159 1862 3218 corp.fin.).

304 3264 378 3307 An
402 3276 619 3308 TERTIUM
646 3263 709 3307 sic
729 3261 1001 3321 proceditur.
1029 3260 1234 3314 Videtur,
1253 3261 1374 3321 quod
1395 3273 1736 3307 sacramentum
1754 3262 2066 3308 Eucharistiae
2082 3277 2178 3309 non

213 3331 270 3375 sit
295 3331 585 3389 potissimum
619 3330 735 3374 inter
760 3339 1067 3373 sacramenta:
1098 3329 1270 3371 bonum
1310 3329 1432 3372 enim
1466 3344 1715 3375 commune
1742 3330 1892 3390 potius
1925 3341 2006 3386 est,
2038 3345 2176 3392 quam

212 3399 387 3442 bonum
405 3398 551 3452 unius,
570 3407 619 3442 ut
641 3397 801 3441 dicitur
832 3410 867 3440 1.
894 3395 1162 3440 Ethicorum
1186 3396 1298 3454 (cap.
1326 3411 1365 3441 2.
1400 3398 1588 3455 infin.).·
1617 3398 1695 3442 sed
1728 3397 2072 3443 matrimonium
2104 3411 2178 3443 or-

214 3466 392 3509 dinatur
430 3465 483 3509 ad
520 3466 693 3509 bonum
736 3477 982 3509 commune
1015 3462 1182 3521 speciei
1214 3463 1444 3507 humanae
1478 3479 1557 3523 per
1591 3465 1714 3508 viam
1748 3465 2071 3523 generationis,
2111 3476 2179 3510 sa*

212 3542 495 3576 eramentum
521 3541 672 3576 autem
692 3530 1001 3575 Eucharistiae
1019 3530 1254 3574 ordinatur
1276 3530 1329 3574 ad
1349 3531 1522 3574 bonum
1547 3533 1780 3591 proprium
1799 3532 2045 3588 sumentis;
2063 3546 2175 3593 ergo

211 3613 304 3643 non
333 3609 398 3644 est
426 3599 716 3659 potissimum
744 3607 1152 3643 sacramentorum.
