2352 3926
663 227 938 274 QUAESTIO
978 227 1090 267 Lm.
1130 226 1440 269 nucum-0.
1477 228 1513 268 1.
1961 227 2068 282 449

822 442 1258 501 ARTICULUS
1300 444 1343 500 1.
1524 443 1526 445 ’
1984 469 2071 518 294

336 577 530 618 U-TRUM
562 577 760 617 FUERIT
791 578 1168 618 NECESSARIUM
1200 579 1482 619 CHRISTUM
1514 578 1847 619 RESURGERE.
1904 584 1908 590 ’

428 690 482 748 (3.
509 688 621 733 Dist.
647 702 710 734 21.
738 702 776 747 q.
802 702 842 734 2.
870 694 952 734 art.
983 701 1020 732 ι.
1047 694 1086 734 et
1111 697 1245 748 opusc.
1269 689 1340 735 60.
1369 697 1461 750 cap.
1488 704 1551 734 12.
1574 688 1753 748 princ).

202 810 279 856 An
315 823 504 856 PmMUM
529 811 593 855 sic
620 810 893 870 proceditur.
919 809 1122 865 Videtur,
1150 810 1271 870 quod
1306 824 1401 854 non
1436 809 1569 853 fuerit
1602 808 1911 853 necessarium
1945 806 2073 853 Chri·

112 886 233 922 stum
258 891 517 937 resurgere:
544 878 651 922 dicit
678 877 800 921 enim
823 878 1037 922 Damasc.
1065 878 1111 921 in
1138 878 1213 921 lib.
1240 889 1281 932 4.
1313 876 1457 934 (Orth.
1484 877 1577 921 Fid.
1606 884 1695 935 cap.
1718 877 1791 921 ult.
1791 876 1834 933 ):
1866 891 1889 917 «
1911 875 2088 919 Resur-.

112 944 254 989 rectio
281 953 347 989 est
372 944 571 988 secunda
598 946 694 1003 ejus
722 945 843 1003 quod
872 944 1143 989 dissolutum
1172 955 1252 999 est,
1280 954 1325 990 et
1351 944 1528 997 cecidit,
1556 943 1767 987 animalis
1789 943 2007 987 surrectio
2031 956 2070 985 »t

111 1011 191 1055 sed
218 1010 428 1056 Christus
460 1025 553 1055 non
581 1011 745 1055 cecidit
770 1025 849 1071 per
875 1021 1130 1071 peccatum,
1164 1026 1248 1055 nec
1282 1025 1447 1071 corpus
1480 1012 1575 1069 ejus
1608 1020 1675 1055 est
1707 1010 1993 1063 dissolutum,
2025 1019 2074 1054 ut

112 1091 167 1123 ex
191 1078 460 1138 supradictis
486 1087 609 1137 patet
634 1081 691 1137 (q.
714 1093 775 1138 51.
803 1085 884 1123 art.
904 1080 960 1138 3.)
974 1094 990 1131 ,·
1019 1093 1112 1122 non
1140 1093 1249 1138 ergo
1277 1079 1458 1138 proprie
1492 1078 1708 1123 convenit
1745 1078 1787 1121 ei
1822 1091 2071 1136 resurgere.

202 1157 243 1190 2.
268 1145 565 1190 PRAETEREA.
601 1145 895 1205 Quicumque
926 1146 1132 1205 resurgit,
1161 1147 1215 1190 ad
1244 1146 1413 1205 aliquid
1441 1145 1572 1190 altius
1605 1154 1903 1204 promovetur
1920 1160 1944 1198 ;·
1967 1144 2074 1203 quia

110 1225 295 1272 surgere
321 1222 389 1257 est
413 1226 593 1256 sursum
620 1213 818 1257 moveri:
846 1213 925 1257 sed
953 1227 1117 1272 corpus
1145 1213 1315 1258 Christi
1347 1212 1566 1257 remansit
1599 1221 1702 1271 post
1732 1221 1934 1256 mortem
1966 1212 2075 1255 divi-

110 1279 241 1324 nitati
264 1281 466 1334 unitum3
493 1288 538 1323 et
562 1280 623 1323 ita
648 1294 743 1323 non
768 1280 916 1339 potuit
940 1281 987 1324 in
1014 1279 1183 1340 aliquid
1210 1279 1342 1325 altius
1369 1280 1662 1340 promoveri;
1690 1293 1800 1338 ergo
1826 1292 1921 1323 non
1950 1291 2074 1322 com-

111 1346 292 1406 petebat
317 1346 402 1390 sibi
426 1359 676 1405 resurgere.

204 1427 242 1473 3.
275 1414 573 1459 PRAETEREA.
599 1412 664 1458 Ea
690 1428 807 1473 quae
834 1413 955 1458 circa
980 1414 1314 1459 humanitatem
1338 1414 1510 1460 Christi
1527 1424 1631 1459 sunt
1653 1424 1768 1469 acta,
1786 1413 1842 1459 ad
1867 1422 2073 1458 nostram

112 1480 307 1525 salutem
340 1480 628 1526 ordinantur:
656 1481 735 1525 sed
761 1479 1014 1525 sufficiebat
1046 1482 1102 1526 ad
1133 1481 1328 1526 salutern
1359 1492 1565 1526 nostram
1597 1482 1749 1541 passio
1777 1481 1963 1535 Christi,
1994 1494 2075 1540 per

113 1561 252 1607 quarn
277 1561 434 1592 sumus
460 1547 636 1592 liberati
659 1546 684 1591 a
710 1562 873 1607 poena,
900 1558 944 1592 et
971 1548 1118 1607 culpa,
1145 1559 1194 1593 ut
1219 1563 1272 1593 ex
1299 1549 1567 1608 supradictis
1593 1559 1716 1608 patet
1741 1550 1803 1607 (q.
1829 1562 1902 1608 49.
1930 1554 2011 1593 art.
2038 1563 2073 1593 1.

113 1620 150 1661 et
169 1615 256 1675 3.);
283 1628 379 1659 non
405 1628 516 1674 ergo
542 1613 627 1659 fuit
650 1615 976 1669 necessarium,
999 1616 1121 1675 quod
1149 1615 1359 1661 Christus
1387 1631 1413 1661 a
1439 1617 1631 1661 mortuis
1658 1625 1926 1676 resurgeret.

205 1681 300 1727 SED
319 1694 515 1727 CONTRA
543 1691 622 1736 est,
650 1683 771 1741 quod
794 1682 957 1726 dicitur
984 1683 1093 1727 Luc.
1121 1682 1223 1727 ult.:
1251 1684 1482 1744 Oportebat
1509 1684 1721 1730 Christ-um
1741 1685 1854 1744 pati,
1881 1689 1920 1728 et
1942 1697 2077 1728 resur-

111 1764 205 1810 gere
230 1764 256 1794 a
282 1750 472 1795 mortuis.

202 1817 492 1862 Responm-:o
514 1816 773 1870 dicendum,
792 1816 914 1875 quod
937 1817 1246 1861 necessarium
1268 1817 1351 1862 fuit
1369 1818 1604 1863 Christum
1624 1832 1874 1876 resurgere,
1892 1825 2077 1876 propter

114 1885 319 1943 quinque:
340 1885 487 1944 primo
513 1882 698 1942 quidem
726 1883 781 1926 ad
815 1885 1267 1928 commendationem
1294 1885 1472 1929 divinae
1499 1886 1709 1944 justitiae,
1738 1885 1794 1929 ad
1821 1899 1959 1944 quam
1982 1897 2077 1943 per-

114 1951 229 1996 tinet
253 1949 450 1995 exaltare
476 1950 595 2004 illos,
621 1950 698 2009 qui
724 1964 773 1994 se
799 1960 983 2010 propter
1007 1951 1162 1996 Deum
1187 1951 1445 2006 humiliant,
1473 1952 1725 1996 secundum
1742 1951 1868 1996 illud.
1887 1951 1998 1995 Luc.
2024 1965 2073 1996 1.:

18 2011 47 2080 ’ξ
115 2019 317 2078 Deposuit
334 2023 516 2077 potentes
537 2017 584 2061 de
603 2017 704 2072 sede,
732 2024 772 2062 et
797 2018 1000 2062 exaltavit
1020 2019 1218 2063 humiles:
1246 2019 1352 2077 quia
1377 2019 1514 2078 igitur
1532 2019 1742 2064 Christus
1769 2028 1952 2078 propter
1974 2018 2077 2062 cha-

37 2092 40 2102 ‘
114 2085 309 2139 ritatem,
334 2094 378 2129 et
403 2084 711 2128 obedientiam
736 2085 821 2128 Dei
850 2099 898 2129 se
924 2084 1182 2129 humiliavit
1206 2100 1349 2145 usque
1369 2087 1423 2130 ad
1441 2097 1639 2131 mortem
1658 2087 1818 2140 crucis,
1838 2085 2078 2144 oportebat

115 2152 238 2212 quod
263 2150 534 2196 exaltaretur
560 2165 585 2194 a
615 2152 717 2196 Deo
751 2166 892 2210 usque
931 2152 986 2196 ad
1023 2152 1276 2211 gloriosam
1309 2154 1713 2208 resurrectionem3
1751 2153 1871 2197 unde
1898 2167 1951 2197 ex
1978 2154 2073 2210 ejus

113 2232 309 2279 persona
322 2216 485 2262 dicitur
506 2218 552 2261 in
570 2219 639 2262 Ps.
663 2218 779 2277 138.:
815 2219 878 2262 Tu
896 2221 1133 2277 cognovisti,
1153 2220 1268 2264 idest
1281 2222 1553 2280 approbasti,
1566 2223 1779 2266 sessionem
1791 2235 1945 2275 meam,
1959 2220 2076 2264 idest

114 2285 437 2339 humilitatem,
469 2294 512 2329 et
547 2286 823 2344 passionem,
856 2292 892 2330 et
916 2289 1255 2332 resurrectionem
1286 2303 1436 2341 meam,
1472 2289 1587 2332 idest
1620 2288 2002 2347 glorificationem
2029 2287 2075 2330 in

31 2355 53 2392 :5v
114 2353 459 2407 resurrectione,
476 2354 592 2397 sicut
610 2352 761 2397 Gloss.
792 2354 970 2411 (interl.)
997 2355 1203 2414 exponit:
1227 2355 1399 2399 secundo
1419 2356 1473 2399 ad
1491 2355 1598 2400 fidei
1618 2365 1802 2399 nostrae
1824 2354 2078 2399 instructio-

39 2438 52 2468 i
114 2435 246 2466 nem:
274 2420 378 2479 quia
403 2433 483 2478 per
509 2421 604 2478 ejus
629 2421 1008 2464 resurrectionem
1036 2421 1305 2466 confirmata
1339 2433 1406 2466 est
1445 2421 1557 2467 fides
1590 2433 1746 2466 nostra
1774 2422 1894 2466 circa
1921 2421 2079 2465 divini-

41 2487 57 2519 2
114 2498 256 2533 tatem
284 2486 478 2532 Christi:
505 2489 624 2546 quia,
651 2497 701 2531 ut
726 2488 889 2532 dicitur
913 2501 949 2532 2,
974 2488 1029 2532 ad
1048 2488 1158 2532 Cor.
1186 2489 1290 2534 ult.:
1318 2490 1409 2534 Etsi
1426 2490 1649 2548 crucifixus
1671 2497 1728 2534 est
1748 2504 1798 2534 ex
1814 2490 2074 2547 infirmitate,

114 2555 182 2600 sed
204 2556 318 2599 vivit
337 2569 387 2599 ex
410 2555 564 2598 virtute
592 2555 675 2598 Dei
684 2570 701 2606 ,·
732 2564 777 2598 et
802 2555 906 2599 ideo
934 2569 969 2599 1.
1000 2555 1055 2599 ad
1083 2555 1292 2600 Corinth.
1326 2570 1390 2613 15.
1414 2556 1600 2601 dicitur:
1624 2558 1669 2602 Si
1699 2557 1888 2602 Christus
1913 2571 1996 2600 non
2019 2571 2079 2599 re-

114 2623 312 2675 surrexit,
344 2622 483 2665 inanis
507 2627 561 2666 est
578 2621 836 2681 praedicatio
861 2628 1016 2676 nostra,
1043 2624 1182 2667 inanis
1203 2630 1256 2667 est
1281 2630 1317 2667 et
1327 2624 1432 2682 fides
1457 2630 1619 2668 vestra:
1648 2634 1692 2668 et
1717 2624 1763 2667 in
1782 2623 1901 2667 Psal.
1926 2635 1995 2683 29.
2017 2622 2078 2665 di-

0 2707 1 2748 3
46 2709 59 2726 ¹s:
117 2689 255 2733 citur:
283 2688 404 2745 Quae
429 2687 587 2732 utilitas
609 2690 653 2732 in
677 2690 875 2747 sanguine
901 2705 1005 2742 meo,
1033 2689 1148 2733 idest
1174 2690 1219 2733 in
1248 2689 1470 2734 effusione
1498 2691 1732 2750 sanguinis
1758 2690 1864 2746 mei,
1889 2690 1990 2734 dum
2016 2689 2080 2734 de-

115 2755 276 2809 scendo,
313 2754 442 2813 quasi
475 2768 555 2813 per
587 2755 810 2814 quosdam
839 2756 1005 2814 gradus
1042 2756 1286 2811 malorum,
1317 2759 1361 2801 in
1386 2759 1702 2816 corruptionem
1721 2760 1742 2803 ?
1778 2758 1907 2817 quasi
1933 2757 2076 2801 dicat:

58 2858 60 2861 v
118 2822 274 2868 Nulla.-
303 2838 327 2863 «
352 2820 402 2865 Si
427 2822 550 2864 enim
576 2822 730 2878 statim
750 2836 844 2866 non
870 2837 1074 2882 resurgo,
1103 2834 1458 2883 corruptumque
1480 2824 1613 2868 fuerit
1631 2839 1795 2884 corpus
1818 2833 1988 2877 meum,
2006 2837 2080 2867 ne-

119 2889 231 2933 mini
243 2887 536 2942 annuntiabo,
553 2887 730 2932 nullum
747 2888 958 2933 lucrabor
975 2907 1016 2943 »,
1034 2902 1083 2934 ut
1103 2890 1254 2935 Gloss.
1276 2891 1432 2947 (interl.
1452 2897 1488 2936 et
1506 2892 1643 2936 ordin.
1658 2892 1857 2950 August.)
1870 2890 2076 2950 exponit:

51 2974 54 2977 ·
119 2957 238 3001 terlio
264 2954 320 2998 ad
347 2954 708 3000 sublevationem
733 2966 915 3000 nostrae
941 2957 1061 3015 spei:
1089 2958 1194 3016 quia
1212 2958 1322 3002 dum
1339 2959 1548 3003 videmus
1568 2959 1805 3003 Christum
1831 2970 2078 3015 resurgere,

118 3022 195 3082 qui
221 3031 287 3066 est
313 3031 447 3080 caput
472 3030 694 3075 nostrum,
719 3036 953 3081 speramus
972 3034 1015 3068 et
1032 3038 1116 3068 nos
1143 3034 1502 3079 resurrecturos3
1529 3026 1649 3069 unde
1673 3026 1835 3069 dicitur
1858 3039 1891 3068 1.
1913 3025 1966 3067 ad
1992 3023 2081 3068 Co-

54 3085 58 3088 ’
117 3089 310 3134 rinthios
342 3101 430 3144 15.:
461 3088 506 3133 Si
534 3087 723 3133 Christus
744 3089 1016 3148 praedicatur
1042 3091 1149 3149 quod
1174 3093 1403 3136 resurrexit
1424 3106 1450 3135 a
1476 3095 1667 3147 mortu-is,
1692 3091 1892 3150 quomodo
1910 3091 2079 3149 quidam

120 3156 265 3202 dicunt
295 3158 339 3200 in
365 3156 499 3209 vobis,
524 3157 727 3213 quoniam
748 3159 991 3202 resurrectio
1012 3164 1276 3203 mortuorum
1291 3173 1374 3203 non
1391 3161 1480 3204 est?
1505 3169 1549 3202 et
1568 3159 1653 3216 Job
1677 3173 1741 3217 19.
1760 3158 1939 3202 dicitur:
1971 3158 2079 3211 Scio,

0 3258 2 3261 -
49 3240 51 3242 ·
119 3222 294 3268 scilicet
328 3237 409 3282 per
442 3221 757 3266 certitudinem
791 3219 911 3276 fidei,
937 3224 1044 3281 quod
1076 3225 1311 3284 redemptor
1336 3241 1462 3279 meus,
1502 3226 1616 3269 idest
1650 3225 1872 3278 Christus,
1898 3226 2026 3278 vivit,
2055 3239 2080 3268 a

0 3284 3 3336 ἶ
40 3344 54 3348 V
119 3291 310 3334 mortuis
336 3303 599 3347 resurgens:
628 3298 672 3332 et
700 3289 804 3333 ideo
842 3291 887 3333 in
921 3292 1145 3335 novissimo
1173 3292 1236 3336 die
1258 3292 1303 3336 de
1327 3299 1441 3336 terra
1473 3298 1731 3336 surrecturus
1755 3306 1872 3342 sum;
1901 3293 2081 3350 reposita

0 3352 1 3361 ³
44 3354 49 3368 ³
119 3363 174 3402 est
198 3357 296 3401 haec
319 3364 402 3416 spes
427 3370 518 3399 mea
544 3357 588 3399 in
614 3357 706 3399 sinu
732 3369 847 3399 meo:
871 3363 1019 3414 quarto
1048 3358 1100 3401 ad
1130 3358 1506 3403 informationem
1533 3359 1651 3402 vitae
1677 3357 1896 3411 fidelium,
1924 3371 2080 3402 secun-

0 3437 3 3467 μ
121 3423 231 3467 dum
257 3422 366 3467 illud
398 3422 533 3466 Rom.
562 3420 626 3466 6.:
658 3422 876 3478 Quomodo
903 3422 1091 3468 Christus
1116 3428 1345 3469 resurrexit
1370 3439 1397 3469 a
1423 3426 1597 3468 mortuis
1616 3432 1692 3483 per
1717 3425 1900 3482 gloriam
1924 3425 2077 3479 Patris,

0 3521 2 3535 i
46 3514 55 3533 ;
120 3492 182 3535 ita
202 3496 239 3535 et
262 3504 334 3534 nos
354 3492 398 3534 in
424 3491 604 3534 novitate
625 3491 738 3534 vitae
755 3489 1035 3543 ambulemus;
1065 3500 1108 3535 et
1134 3491 1273 3536 infra:
1300 3492 1489 3536 Christus
1511 3505 1719 3548 resurgens
1737 3505 1786 3534 ex
1801 3492 1976 3535 mortuis
1986 3493 2080 3550 jam

121 3571 206 3601 non
230 3558 436 3601 moritur.-
457 3558 518 3600 ita
543 3547 581 3600 et
605 3570 679 3600 vos
699 3557 931 3601 existimate
952 3571 1026 3602 vos
1050 3564 1235 3603 mortuos
1252 3558 1415 3616 quidem
1439 3572 1514 3601 esse
1530 3563 1713 3615 peccato,
1739 3558 1925 3602 viventes
1941 3564 2079 3603 autem

50 3647 56 3686 4
125 3624 240 3668 Deo:
266 3625 410 3683 quinto
428 3622 491 3667 ad·
506 3622 898 3681 complementum
924 3633 1107 3668 nostrae
1134 3623 1310 3668 salutis:
1340 3623 1459 3682 quia,
1483 3623 1599 3668 sicut
1615 3637 1694 3681 per
1710 3622 1801 3667 hoc
1819 3624 1940 3682 quod
1959 3625 2079 3669 mala

305 3724 341 3758 S.
368 3724 520 3759 ‘raom
548 3725 677 3758 Summa
711 3725 911 3768 Theologua.
940 3725 1019 3759 Vol.
1049 3725 1109 3759 lv.
1861 3737 1900 3764 20
