2352 3926
676 209 956 259 QUAESTIO
996 210 1218 251 Lxxxw.
1258 209 1568 251 ARTICULUS
1607 210 1662 248 X.
2046 211 2149 267 791

194 312 427 373 respondit
457 312 612 372 Jesus:
648 313 749 360 Non
778 313 870 360 dico
898 314 976 360 tibi
999 328 1124 374 usque
1147 314 1302 374 septies,
1333 312 1400 359 sed
1431 327 1557 373 usque
1585 313 1814 373 septuagies
1841 311 2012 372 septies,·
2043 325 2154 372 ergo

194 379 334 425 etiam
347 380 474 425 Deus
492 380 672 440 saepius
688 394 768 442 per
783 381 1114 440 poenitentiam
1129 381 1314 426 veniam
1339 380 1633 440 peccantibus
1660 378 1860 440 praebet,
1885 380 2152 439 praesertim

198 458 300 491 cum
322 447 488 493 doceat
510 462 596 493 nos
622 458 774 507 petere
799 449 974 507 (Matth.
996 449 1091 508 6)
1115 449 1294 494 Dimitte
1325 449 1442 493 nobis
1466 447 1603 494 debita
1628 453 1784 502 nostra,
1806 448 1913 493 sicut
1938 452 1975 492 et
1999 460 2071 492 nos
2096 447 2156 491 di-

197 516 398 560 mittimus
428 514 679 561 debitoribus
709 518 875 562 nostris.

287 581 573 628 Respoum-:o
605 582 864 638 dicendum,
906 582 1028 643 quod
1055 583 1176 628 circa
1201 571 1530 642 poenitentiam
1562 582 1747 643 quidam
1780 590 2056 636 erraverunt,
2089 580 2152 625 di-

198 658 350 694 centes
374 663 468 694 non
493 664 628 709 posse
655 650 896 695 hominem
921 665 1000 710 per
1026 651 1355 710 poenitentiam
1372 650 1575 696 secundo
1604 651 1825 710 consequi
1844 649 2029 694 veniam
2054 661 2155 709 pec-

195 724 416 761 catorum.
451 716 664 769 Quorum
691 717 890 777 quidem,
916 717 1091 763 scilicet
1115 718 1377 774 Novafiani,
1402 718 1493 763 hoc
1520 720 1746 763 intantum
1778 714 2095 771 extenderunt,
2106 725 2156 761 ut

196 781 411 838 dicerent,
435 794 540 844 post
564 784 760 844 primam
786 785 1130 844 poenitentiam,
1151 799 1267 845 quae
1287 786 1434 845 agitur
1451 786 1495 829 in
1512 785 1756 844 baptismo,
1773 793 2044 844 peccantem
2059 796 2154 828 non

195 863 331 909 posse
356 866 437 911 per
461 853 789 911 poenitentiam
807 852 969 897 iterato
987 852 1173 897 restitui.
1196 852 1291 897 Alii
1306 867 1416 897 vero
1434 851 1616 897 fuerunt
1630 851 1863 907 haeretici,
1890 861 1939 896 ut
1959 851 2154 910 August.

198 917 309 963 dicit
333 918 381 964 in
406 918 481 963 lib.
500 919 555 964 de
573 919 749 964 Poenit.
777 919 865 979 (seu
887 920 954 965 De
976 933 1094 974 vera,
1121 926 1158 965 et
1174 921 1290 979 falsa
1319 922 1474 980 poenit.
1508 929 1598 981 cap.
1621 935 1658 980 5.
1681 922 1726 964 in
1745 918 1926 980 prino),
1955 919 2032 979 qui
2052 927 2157 978 post

193 984 469 1045 baptismum
492 986 702 1036 dicebant
727 986 911 1046 quidem
929 1000 1027 1032 esse
1043 986 1202 1031 utilem
1219 987 1563 1047 poenitentiam,
1590 1001 1685 1032 non
1701 997 1857 1032 tamen
1873 985 2056 1046 pluries,
2073 984 2154 1031 sed

195 1051 341 1097 semel
354 1062 545 1098 tantum.
562 1052 787 1099 Videntur
803 1063 956 1099 autem
972 1054 1238 1114 hujusmodi
1255 1068 1431 1099 errores
1449 1068 1502 1099 ex
1518 1054 1676 1100 duobus
1692 1054 1982 1114 processisse.
2005 1053 2154 1098 Primo

194 1119 380 1179 quidem
405 1134 459 1165 ex
485 1134 541 1166 eo
569 1121 691 1180 quod
723 1122 932 1166 errabant
954 1122 1075 1167 circa
1100 1122 1327 1167 rationem
1358 1136 1493 1167 verae
1525 1122 1857 1181 poenitentiae;
1891 1135 1997 1166 cum
2029 1115 2155 1165 eniin

196 1186 252 1232 ad
275 1199 434 1232 veram
474 1189 803 1248 poenitentiam
829 1189 1026 1234 charitas
1065 1189 1334 1249 requiratur,
1359 1189 1457 1234 sine
1483 1203 1573 1249 qua
1598 1203 1693 1233 non
1721 1188 1927 1234 delentur
1950 1196 2155 1248 peccata,

195 1254 438 1300 credebant
462 1256 583 1315 quod
606 1256 803 1301 charitas
828 1256 973 1301 semel
997 1257 1152 1301 habita
1177 1271 1271 1302 non
1303 1257 1447 1318 possit
1478 1257 1654 1312 amitti;
1681 1265 1726 1301 et
1756 1270 1837 1316 per
1868 1267 2155 1314 consequens

193 1322 487 1380 poenitentia,
513 1323 552 1368 si
576 1323 634 1368 sit
657 1337 779 1379 vera,
796 1338 1031 1383 nunquam
1048 1338 1128 1384 per
1143 1334 1383 1385 peccatum
1399 1323 1600 1379 tollatur,
1618 1333 1667 1368 ut
1682 1323 1747 1368 sic
1769 1323 1827 1367 sit
1846 1335 2033 1367 necesse
2051 1335 2155 1366 eam

191 1389 358 1434 iterari.
384 1389 476 1435 Sed
502 1390 593 1435 hoc
615 1391 925 1451 improbatum
952 1402 1019 1437 est
1043 1392 1090 1436 in
1114 1405 1153 1437 2.
1173 1393 1284 1451 (2-2.
1307 1407 1346 1452 q.
1373 1406 1446 1451 24·
1475 1398 1558 1438 art.
1585 1392 1680 1449 η),
1709 1391 1784 1436 ubi
1811 1401 2045 1435 ostensum
2074 1398 2155 1436 est,

194 1456 318 1516 quod
349 1457 546 1502 charitas
571 1458 716 1503 semel
751 1459 905 1503 habita
945 1469 1129 1519 propter
1154 1459 1408 1504 libertatern
1438 1459 1608 1504 arbitrii
1633 1466 1784 1519 potest
1809 1457 1980 1511 amitti3
2007 1467 2052 1501 et
2077 1469 2158 1516 per

197 1537 482 1584 consequens
507 1536 611 1585 post
634 1539 793 1570 veram
834 1527 1162 1586 poenitentiam
1195 1537 1346 1586 potest
1378 1526 1539 1586 aliquis
1566 1540 1758 1585 peccare
1794 1524 2061 1570 mortaliter.
2094 1524 2160 1569 Se-

193 1591 324 1636 cundo
350 1605 406 1636 ex
431 1605 488 1637 eo
514 1593 637 1652 quod
664 1594 873 1654 errabant
899 1593 1021 1638 circa
1061 1595 1427 1639 aestimationem
1455 1593 1687 1653 gravitatis
1709 1592 1906 1653 peccati3
1938 1591 2158 1652 putabant

198 1659 322 1703 enim
348 1658 464 1704 adeo
493 1673 631 1718 grave
658 1674 757 1704 esse
783 1671 1038 1720 peccatum,
1066 1662 1189 1721 quod
1216 1661 1378 1721 aliquis
1402 1661 1647 1706 committit
1674 1670 1779 1720 post
1803 1660 1986 1705 veniam
2018 1660 2160 1719 impe-

191 1735 372 1781 tratam,
398 1727 520 1786 quod
546 1741 640 1771 non
666 1728 723 1772 sit
748 1727 961 1787 possibile
988 1729 1137 1788 ipsum
1164 1730 1345 1773 remitti.
1372 1729 1423 1772 In
1450 1742 1542 1788 quo
1569 1728 1752 1788 quidem
1789 1728 1999 1772 errabant
2025 1735 2068 1771 et
2102 1740 2156 1770 ex

195 1803 322 1853 parte
347 1794 537 1852 peccati,
564 1794 686 1854 quod
713 1795 851 1839 etiam
877 1805 980 1855 post
1006 1797 1326 1841 remissionem
1354 1806 1651 1840 consecutam
1678 1805 1829 1855 potest
1855 1808 1953 1839 esse
1986 1803 2031 1838 et
2062 1807 2159 1853 gra-

197 1861 313 1915 vius,
340 1870 385 1905 et
423 1859 581 1916 levius,
623 1876 760 1921 quam
796 1861 931 1908 fuerit
955 1865 1154 1922 primum
1195 1874 1438 1923 peccatum
1464 1865 1731 1918 remissum3
1759 1873 1803 1907 et
1829 1861 1975 1906 multo
2010 1861 2158 1921 magis

196 1938 354 1973 contra
378 1928 649 1973 infinitatem
667 1929 847 1975 divinae
873 1930 1227 1989 misericordiae,
1255 1946 1371 1991 quae
1398 1941 1581 1991 superat
1607 1945 1796 1975 omnem
1822 1943 2081 1983 numerum,
2115 1937 2159 1972 et

193 1995 556 2055 magnitudinem
582 2007 894 2055 peccatorum,
920 1998 1173 2043 secundum
1199 1997 1311 2043 illud
1333 1998 1453 2044 Psal.
1491 2011 1578 2056 5o.:
1606 1998 1807 2043 Miserere
1838 1998 1933 2050 mei,
1957 1997 2087 2051 Deus,
2103 2011 2160 2040 se-

192 2062 372 2109 cundum
388 2078 584 2123 magnam
601 2065 932 2110 misericordiam
948 2072 1063 2111 tuam
1073 2082 1090 2119 ,⁰
1112 2073 1148 2111 et
1163 2066 1383 2112 secundum
1409 2065 1715 2111 multitudinem
1732 2066 2050 2110 miserationum
2068 2070 2159 2109 tua-

193 2145 291 2175 rum
314 2130 398 2176 dele
414 2132 675 2190 iniquitatem
691 2147 840 2178 meam.
870 2133 1004 2178 Unde
1022 2134 1288 2193 reprobatur
1304 2133 1496 2178 verbum
1531 2132 1648 2177 Cain
1675 2132 1866 2176 dicentis
1894 2131 2062 2176 Genes.
2087 2142 2156 2186 4.:

193 2198 342 2256 MaJ'or
360 2204 418 2244 est
440 2199 642 2257 iniquitas
666 2214 772 2254 mea,
800 2215 927 2259 quam
952 2207 996 2245 ut
1011 2203 1181 2245 veniam
1198 2215 1374 2246 merear.
1402 2200 1459 2245 Et
1474 2200 1578 2244 ideo
1597 2199 1911 2244 misericordia
1936 2198 2027 2243 Dei
2051 2212 2158 2258 pec-

192 2264 396 2309 cantibus
422 2280 502 2325 per
527 2266 856 2325 poenitentiam
882 2269 1065 2312 veniam
1096 2267 1283 2328 praebet
1314 2268 1481 2327 absque
1515 2266 1610 2311 ullo
1643 2268 1867 2322 termin03
1900 2265 2020 2310 unde
2053 2264 2161 2310 dici-

190 2341 264 2378 tur
297 2344 338 2377 2.
376 2331 571 2392 Paralip.
605 2333 686 2378 ult.
724 2334 789 2391 (in
826 2341 932 2379 orat.
966 2335 1205 2394 Manass.):
1231 2336 1451 2388 Immensa,
1483 2341 1522 2380 et
1546 2334 1844 2394 investigabilis
1869 2332 2161 2378 misericordia

187 2401 477 2460 promissionis
498 2406 591 2445 tuae
616 2409 738 2460 super
762 2402 971 2446 malitiam
997 2403 1227 2448 hominum.
1255 2403 1390 2447 Unde
1416 2400 1710 2447 manifestum
1737 2411 1819 2456 est,
1851 2401 1974 2462 quod
2006 2400 2164 2460 poeni-

192 2467 334 2512 tentia
359 2466 526 2526 pluries
554 2478 622 2513 est
647 2468 929 2513 reiterabilis.

282 2534 359 2580 AD
383 2548 572 2580 PRIMUM
598 2550 708 2595 ergo
735 2536 995 2592 dicendum,
1019 2536 1141 2596 quod
1159 2538 1265 2596 quia
1298 2537 1417 2597 apud
1447 2537 1646 2595 Judaeos
1669 2546 1798 2582 erant
1822 2535 2074 2581 secundum
2099 2534 2160 2579 le-

195 2614 302 2660 gem
332 2602 559 2661 quaedam
583 2602 764 2648 lavacra
791 2605 1008 2659 instituta,
1025 2605 1082 2668 ‚in
1114 2605 1276 2664 quibus
1302 2604 1471 2665 pluries
1504 2619 1552 2649 se
1588 2605 1642 2648 ab
1673 2603 1974 2648 immunditiis
2001 2616 2161 2662 purga-

193 2669 316 2723 bant,
334 2669 578 2715 credebant
604 2670 743 2730 aliqui
761 2671 1055 2730 Judaeorum,
1078 2673 1201 2732 quod
1229 2673 1373 2724 etiam
1391 2687 1470 2732 per
1491 2671 1727 2716 lavacrum
1753 2670 1967 2731 baptismi
1993 2669 2156 2729 aliquis

193 2735 360 2794 pluries
384 2736 611 2795 purificari
642 2749 816 2797 posset3
843 2739 900 2783 ad
926 2739 1048 2799 quod
1082 2739 1417 2784 excludendum
1442 2738 1695 2799 Apostolus
1732 2738 1886 2783 scribit
1918 2736 2153 2791 Hebraeis,

194 2802 318 2863 quod
345 2804 590 2863 impossibile
610 2811 680 2859 est,
707 2819 787 2861 eos,
811 2807 883 2864 qui
907 2807 1026 2851 semel
1046 2813 1139 2851 sunt
1163 2807 1408 2861 illuminati,
1437 2806 1611 2851 scilicet
1635 2819 1714 2864 per
1739 2805 2032 2864 baptismum,
2057 2818 2156 2848 rur-

163 2914 169 2919 .
192 2885 284 2916 sum
308 2874 507 2916 renovari
538 2871 592 2916 ad
614 2874 931 2932 poenitentiam,
964 2873 1137 2918 scilicet
1162 2889 1242 2934 per
1268 2874 1559 2934 baptismum,
1592 2873 1667 2931 qui
1695 2881 1762 2916 est
1793 2872 2013 2916 lavacrum
2045 2885 2158 2930 rege-

194 2939 433 2992 nerationis,
460 2945 499 2983 et
522 2941 804 2984 renovationis
826 2941 1005 2999 Spiritus
1025 2941 1186 2996 Sancti,
1222 2951 1272 2985 ut
1297 2941 1460 2985 dicitur
1483 2941 1538 2983 ad
1559 2938 1650 2983 Tit.
1687 2953 1748 2997 3.;
1777 2949 1821 2983 et
1845 2938 2071 2982 rationem
2096 2952 2161 2982 as-

195 3005 345 3064 signat
360 3020 414 3049 ex
429 3005 536 3060 hoc,
553 3006 675 3065 quod
692 3020 771 3066 per
786 3006 1063 3066 baptismum
1081 3008 1226 3052 homo
1250 3008 1436 3052 Christo
1456 3005 1778 3060 commoritur3
1796 3005 1915 3050 unde
1932 3004 2157 3050 subditur:

196 3074 352 3119 Rursus
376 3073 653 3131 crucifigentes
677 3075 936 3134 sibimetipsis
961 3075 1121 3119 Filium
1147 3075 1232 3120 Dei
1266 3075 1417 3132 (Hebr.
1438 3074 1517 3131 6.).

283 3141 360 3185 AD
386 3153 646 3185 SECUNDUM
672 3140 931 3195 dicendum,
950 3142 1071 3201 quod
1094 3142 1307 3186 Ambros.
1332 3141 1532 3200 loquitur
1557 3140 1612 3184 de
1639 3139 1918 3200 poenitentia
1944 3139 2157 3194 solemni,

197 3221 313 3267 quae
339 3208 386 3251 in
408 3207 614 3251 Ecclesia
638 3221 733 3251 non
759 3207 957 3262 iteratur,
983 3217 1031 3253 ut
1056 3209 1171 3253 intra
1199 3208 1371 3253 dicetur
1396 3208 1542 3268 (Supp.
1566 3222 1604 3267 q.
1626 3208 1695 3253 28.
1718 3213 1798 3251 art.
1822 3209 1897 3265 2.).

285 3275 362 3319 An
389 3287 604 3320 TERT1UM
631 3274 889 3330 dicendum,
916 3275 1053 3335 quod,
1080 3276 1196 3320 sicut
1221 3276 1341 3334 Aug.
1370 3275 1477 3319 dicit
1502 3275 1550 3318 in
1574 3274 1650 3319 lib.
1674 3274 1728 3318 de
1751 3274 1927 3318 Poenit.
1956 3273 2157 3334 (loasup.

196 3342 302 3399 cit),
333 3358 357 3383 ι(
383 3341 553 3387 multos
581 3356 762 3396 coecos,
789 3351 834 3386 et
854 3341 901 3386 in
919 3342 1098 3387 diverso
1120 3353 1327 3401 tempore
1353 3341 1583 3386 Dominus
1607 3340 1896 3395 illuminavit,
1920 3351 1964 3385 et
1989 3339 2159 3385 multos

197 3408 369 3463 debiles
395 3408 695 3462 confirmavit,
722 3408 965 3454 ostendens
996 3409 1043 3453 in
1069 3409 1256 3453 diversis
1282 3408 1371 3453 illis
1405 3408 1566 3453 eadem
1593 3421 1728 3467 saepe
1756 3418 1944 3466 peccata
1977 3407 2159 3463 dimitti,

198 3484 249 3520 ut
279 3489 417 3536 quem
448 3476 571 3536 prius
602 3475 779 3520 sanavit
809 3474 1056 3535 leprosum,
1089 3475 1181 3520 alio
1213 3486 1422 3535 tempore
1453 3474 1778 3519 illuminaverit
1809 3488 2018 3530 coecum,
2050 3474 2155 3519 ideo

198 3543 322 3588 enim
344 3552 415 3588 tot
439 3542 631 3588 salvavit
654 3542 973 3597 febricitantes,
998 3553 1067 3588 tot
1092 3543 1349 3602 languidos,
1375 3552 1444 3587 tot
1474 3541 1677 3595 claudos,
1712 3555 1893 3595 coecos,
1921 3552 1966 3586 et
1992 3541 2157 3596 aridos,

197 3622 255 3655 ne
281 3608 478 3669 disperet
503 3609 557 3655 de
584 3623 633 3655 se
659 3618 893 3669 peccator:
920 3609 1025 3655 ideo
1050 3623 1146 3655 non
1171 3609 1394 3664 scribitur,
1432 3608 1630 3669 aliquem
1666 3609 1754 3654 nisi
1786 3608 1931 3654 semel
1962 3622 2160 3662 sanasse,
