2352 3926
623 236 902 283 QUAESTIO
944 235 1444 275 XLVI.ART1cULUS
1484 235 1562 273 111.
1969 218 2071 290 385

203 338 1112 400 3.PRAE·1‘1-:R13A.Convenientissimum
1148 337 1339 392 videtur,
1375 336 1496 397 quod
1531 335 1608 380 ille
1644 335 1722 395 qui
1755 334 1995 389 violenter,
2030 345 2075 380 et

110 408 277 467 injuste
298 408 469 451 detinet
505 405 688 464 aliquid,
715 420 795 465 per
821 405 1066 464 superioris
1093 405 1344 464 potentiam
1372 403 1620 463 spolietur:
1648 403 1768 447 unde
1804 403 1888 447 Isa.
1921 415 1986 460 52.
2015 403 2077 446 di-

0 477 14 542 ξ
116 476 252 520 citur:
290 475 436 520 Gratis
460 473 703 518 venumdati
733 474 838 526 estis,
866 479 902 517 et
931 475 1018 517 sine
1044 478 1210 530 argento
1244 472 1529 516 redimemini.
1557 471 1634 515 sed
1662 470 1870 515 diabolus
1896 469 2076 514 nullum

117 541 224 601 jus
212 555 259 585 m
285 541 474 585 homine
500 541 709 593 habebat,
743 554 878 598 quem
906 553 986 598 per
1011 538 1215 582 fraudem
1243 538 1497 596 deceperat,
1525 549 1568 582 et
1594 552 1673 597 per
1705 537 1949 596 quamdam
1983 538 2077 581 vio·
2113 583 2118 589 ,

113 608 301 653 lentiam
328 607 531 652 servituti
557 607 811 664 subjectum
829 606 1079 658 detinebat;
1099 619 1208 663 ergo
1227 605 1402 648 videtur
1422 605 1905 649 convenientissimum
1923 604 2076 658 fuisse,

113 675 235 735 quod
259 674 470 719 Christus
498 673 730 717 diabolum
759 686 839 731 per
863 672 1012 716 solam
1040 672 1289 729 potentiam
1320 671 1535 729 spoliaret
1562 672 1729 730 absque
1751 686 1832 716 sua
1849 673 2074 731 passione.

205 741 299 786 SED
325 753 643 785 CONTRARIUM
662 749 727 783 est
745 739 865 797 quod
879 738 1073 796 August.
1102 738 1210 782 dicit
1238 752 1300 794 13.
1320 738 1375 780 de
1395 736 1522 780 Trin.
1542 739 1655 797 (cap.
1679 751 1744 783 10.
1764 740 2077 798 circaprinc.).·

116 824 140 850 α
159 808 399 853 Sanandae
426 818 610 852 nostrae
639 806 850 851 miseriae
877 806 1221 850 convenientior
1247 805 1411 849 modus
1439 804 1552 848 alius
1578 820 1672 848 non
1705 805 1800 861 fuit,
1834 821 1972 865 quam
1999 820 2079 866 per

110 875 282 921 Christi
309 875 627 934 passionem».

204 943 495 1001 RESPoNDEo
520 940 778 994 dicendum,
805 940 926 998 quod
951 948 1080 983 tanto
1099 937 1260 997 aliquis
1289 939 1454 982 modus
1482 939 1830 982 convenientior
1847 950 1914 984 est
1932 939 1987 984 ad
2015 954 2080 983 as-

116 1009 397 1069 sequendum
425 1008 579 1061 finem,
603 1017 772 1066 quanto
792 1021 870 1067 per
887 1007 1036 1065 ipsum
1063 1005 1191 1064 plura
1209 1015 1500 1059 concurrunt,
1528 1020 1643 1064 quae
1669 1016 1773 1050 sunt
1795 1008 2080 1065 expedientia

111 1075 208 1121 fini.
236 1076 323 1121 Per
346 1077 439 1120 hoc
467 1085 617 1119 autem
650 1075 772 1134 quod
806 1075 950 1118 homo
982 1088 1062 1133 per
1097 1074 1267 1118 Christi
1300 1074 1561 1133 passionem
1595 1083 1661 1117 est
1686 1074 1915 1127 liberatus,
1947 1075 2080 1119 multa

114 1153 446 1188 concurrerunt
472 1143 527 1186 ad
555 1141 748 1186 salutem
775 1141 976 1186 hominis
996 1141 1267 1201 pertinentia
1284 1151 1461 1200 praeter
1485 1140 1803 1184 liberationem
1824 1156 1847 1184 a
1864 1151 2078 1199 peccato:

15 1217 24 1267 'J
106 1211 252 1280 primo
281 1211 406 1254 enim
433 1224 512 1268 per
536 1210 626 1253 hoc
649 1209 793 1253 homo
817 1207 1056 1267 cognoscit
1075 1218 1296 1267 quantum
1319 1209 1445 1252 Deus
1467 1207 1707 1251 hominem
1735 1207 1914 1266 diligat3
1939 1218 1982 1252 et
2001 1223 2081 1267 per

28 1270 32 1272 ¹
110 1261 245 1322 hoc
229 1287 505 1336 provocatur
531 1276 586 1319 ad
614 1290 719 1319 eum
747 1275 1042 1335 diligendum,
1069 1275 1115 1318 in
1148 1289 1238 1334 quo
1271 1274 1490 1334 perfectio
1522 1275 1753 1320 humanae
1786 1274 1943 1319 salutis
1973 1289 2080 1320 con-

19 1385 21 1387 .
111 1344 251 1389 sistit:
285 1345 405 1388 unde
444 1343 694 1402 Apostolus
736 1343 845 1386 dicit
884 1342 1018 1385 Rom.
1058 1354 1121 1399 5.:
1155 1342 1429 1386 Commendat
1459 1357 1577 1386 suam
1612 1343 1859 1386 charitatem
1891 1344 2005 1387 Deus
2036 1344 2080 1387 in

111 1412 251 1464 nobis;
298 1413 511 1470 quoniam,
551 1426 644 1454 cum
677 1411 840 1454 inimici
865 1424 1047 1462 essemus,
1088 1409 1274 1453 Christus
1298 1417 1379 1468 pro
1412 1411 1530 1454 nobis
1561 1416 1750 1453 mortuus
1781 1415 1859 1454 est:
1890 1410 2081 1471 secundo,

16 1482 20 1490 ’
113 1478 219 1538 quia
244 1492 325 1537 per
345 1478 436 1522 hoc
464 1477 586 1520 dedit
611 1477 742 1520 nobis
770 1475 1031 1535 exemplum
1050 1476 1350 1530 obedientiae,
1372 1476 1655 1530 humilitatis,
1683 1476 1980 1531 constantiae,
1998 1479 2085 1535 jus-

112 1544 252 1600 titiae,
279 1554 324 1589 et
350 1556 631 1588 caeterarum
647 1544 864 1587 virtutum
892 1544 937 1586 in
965 1543 1176 1601 passione
1206 1543 1380 1587 Christi
1408 1554 1712 1597 ostensarum,
1740 1557 1855 1602 quae
1882 1554 1986 1588 sunt
2010 1558 2085 1588 ne-

115 1612 336 1656 cessariae
369 1612 424 1655 ad
445 1611 705 1654 humanam
731 1609 951 1654 salutem:
980 1610 1098 1653 unde
1126 1610 1288 1653 dicitur
1320 1624 1355 1654 1.
1384 1611 1506 1655 Petri
1540 1623 1605 1654 2.:
1643 1611 1830 1655 Christus
1853 1618 1999 1669 passus
2029 1618 2085 1656 est

108 1688 191 1740 pro
206 1680 338 1731 nobis,
356 1680 476 1722 vobis
493 1679 728 1736 relinquens
754 1676 1001 1735 exemplum,
1025 1683 1072 1721 ut
1097 1679 1327 1734 sequamini
1347 1679 1522 1736 vestigia
1538 1680 1624 1735 ejus
1641 1679 1805 1743 5Q,
1830 1679 1936 1736 quia
1955 1677 2085 1722 Chri-

27 1794 30 1798 ,
115 1756 209 1791 stus
234 1759 315 1804 per
338 1746 597 1804 passionem
625 1758 755 1788 suam
785 1757 879 1786 non
897 1743 1048 1787 solum
1071 1744 1310 1787 hominem
1335 1758 1360 1787 a
1387 1755 1577 1803 peccato
1600 1744 1821 1797 liberavit,
1844 1745 1922 1788 sed
1945 1746 2084 1789 etiam

116 1813 311 1871 gratiam
344 1811 679 1870 justificantem,
709 1820 753 1854 et
785 1810 981 1868 gloriam
1007 1811 1298 1854 beatitudinis
1331 1813 1372 1854 ei
1398 1812 1665 1870 promeruit,
1698 1821 1746 1855 ut
1776 1810 1892 1855 infra
1924 1812 2086 1857 dicitur

32 1875 38 1930 J
116 1879 179 1939 (q
196 1880 316 1936 48..·)
333 1885 498 1947 quarto,
522 1878 628 1936 quia
645 1891 725 1935 per
746 1878 835 1920 hoc
855 1887 923 1920 est
940 1877 1115 1920 homini
1135 1878 1319 1921 inducta
1346 1880 1494 1936 maj0r
1511 1879 1758 1923 necessitas
1772 1880 2086 1923 seimmunem

120 1961 146 1991 a
164 1957 356 2006 peccato
353 1936 692 1998 conservandi,
719 1945 795 2003 qui
823 1959 870 1988 se
893 1945 1113 2022 sanguine
1135 1945 1307 1989 Christi
1333 1947 1620 2004 redemptum
1641 1947 1813 2005 cogitat
1840 1961 1863 1990 a
1882 1957 2088 2006 peccato,

31 2023 57 2063 ὲ,
117 2014 370 2059 secundum
390 2013 554 2057 illud1.
569 2013 779 2057 Corinth.
799 2011 860 2056 6.:
881 2013 1027 2071 Emptz
1043 2028 1154 2056 emm
1171 2015 1259 2056 estis
1272 2015 1404 2072 pretio
1422 2029 1590 2072 magno:
1607 2015 1849 2072 clorificate,
1869 2021 1906 2058 et
1915 2021 2083 2073 portate

47 2086 56 2122 ’,ἓ
119 2082 263 2127 Deum
295 2083 342 2125 in
373 2089 548 2140 corpore
578 2087 744 2124 vestro:
779 2081 939 2142 qajrito,
973 2080 1079 2138 quia
1111 2079 1201 2123 hoc
1237 2081 1292 2123 ad
1326 2083 1550 2139 majorem
1583 2082 1853 2138 dignitatem
1888 2081 2089 2125 hominis

125 2148 276 2202 cessit,
293 2158 342 2192 ut
357 2148 474 2192 sicut
490 2147 635 2191 homo
656 2147 803 2190 victus
822 2145 981 2200 fuerat,
1001 2156 1045 2190 et
1062 2148 1278 2206 deceptus
1297 2162 1322 2191 a
1341 2148 1540 2203 diabolo,
1558 2148 1617 2191 ita
1637 2149 1774 2192 etiam
1793 2149 1938 2193 homo
1957 2159 2089 2202 esset,

35 2208 55 2270 *
127 2215 203 2275 qui
229 2214 480 2258 diabolum
491 2214 704 2257 vinceret:
733 2223 777 2257 et
803 2214 919 2257 sicut
953 2214 1099 2257 homo
1136 2224 1336 2258 mortem
1375 2216 1553 2269 meruit,
1580 2215 1641 2258 ita
1667 2215 1813 2259 homo
1846 2215 2087 2259 moriendo

49 2274 59 2311 ³³
120 2292 318 2327 mortem
338 2291 592 2340 superaret:
617 2281 736 2324 unde
758 2281 920 2324 dicitur
951 2294 986 2326 1.
1026 2281 1080 2324 ad
1099 2281 1312 2327 Corinth.
1334 2295 1424 2339 15.:
1443 2283 1535 2326 Deo
1550 2284 1726 2340 gratias,
1745 2284 1817 2340 qui
1838 2282 1947 2327 dedit
1971 2283 2088 2327 nobis

118 2349 344 2394 victoriam
355 2357 436 2409 per
451 2349 687 2393 Dominum
702 2354 888 2392 nostrum
894 2349 1034 2404 Jesum
1054 2347 1288 2392 Christum:
1308 2359 1353 2392 et
1369 2349 1472 2392 ideo
1492 2350 1838 2394 convenientius
1851 2349 1948 2403 fuit,
1964 2349 2086 2409 quod

34 2448 58 2453 -
121 2429 203 2476 per
227 2415 486 2475 passionem
515 2415 684 2460 Christi
718 2414 1028 2468 liberaremur,
1056 2429 1193 2473 quam
1226 2430 1305 2474 per
1331 2415 1480 2459 solam
1508 2417 1595 2460 Dei
1622 2416 1922 2462 voluntatem.

63 2479 66 2537 j
209 2482 285 2527 AD
310 2494 499 2527 PRIMUM
526 2495 636 2540 ergo
664 2481 924 2535 dicendum,
951 2482 1073 2541 quod
1100 2493 1258 2526 natura
1286 2483 1439 2537 etiam,
1466 2493 1515 2527 ut
1542 2483 1709 2543 aliquid
1738 2484 2088 2528 convenientius

41 2550 69 2582 ’-
122 2547 272 2604 faciat,
297 2548 427 2608 plura
454 2550 509 2592 ad
536 2563 678 2592 unum
697 2549 909 2603 assumit3
937 2549 1053 2593 sicut
1069 2549 1183 2592 duos
1202 2549 1363 2594 oculos
1383 2550 1438 2594 ad
1455 2551 1725 2595 videndum:
1752 2562 1796 2595 et
1816 2552 1939 2595 idem
1966 2561 2090 2610 patet

129 2614 175 2661 in
201 2615 315 2661 aliis.

56 2725 61 2731 ,,
214 2683 290 2729 An
316 2696 577 2728 SECUNDUM
603 2682 862 2737 dicendum,
885 2683 1023 2741 quod,
1040 2683 1156 2727 sicut
1176 2682 1412 2743 Chrysost.
1434 2684 1542 2728 dicit
1563 2685 1677 2742 (hab.
1705 2692 1856 2744 expres.
1884 2700 1933 2729 ex
1959 2685 2091 2729 Atha-

44 2765 81 2804 :l
125 2751 242 2795 nasio
265 2751 311 2794 in
333 2750 403 2795 lib.
431 2749 477 2794 de
503 2750 721 2794 Incarnat.
758 2750 896 2803 Verbi,
922 2756 962 2793 et
985 2752 1070 2808 ejus
1096 2750 1277 2795 adventu
1304 2752 1528 2810 corporali,
1558 2754 1635 2796 cir.
1661 2752 1763 2796 med.
1765 2753 1801 2807 ),
1838 2768 1861 2793 «
1881 2751 2089 2796 Christus

125 2830 221 2860 non
241 2816 310 2861 sui
336 2826 548 2870 mortem,
574 2831 713 2876 quam
737 2830 832 2859 non
854 2816 1063 2874 habebat,
1091 2831 1195 2860 cum
1222 2817 1279 2861 sit
1302 2820 1409 2871 vita,
1428 2819 1503 2862 sed
1527 2819 1771 2862 hominum
1797 2829 1993 2862 mortem
2019 2832 2091 2862 ve-

0 2900 7 2959 ,
26 2882 30 2884 ’
46 2881 65 2929 Ῐ
126 2891 255 2927 nerat
279 2893 642 2942 consumpturus.
665 2883 799 2928 Unde
818 2897 911 2927 non
928 2884 1110 2942 propria
1130 2894 1276 2928 morte
1295 2898 1460 2944 corpus
1479 2886 1701 2943 deposuit,
1720 2886 1798 2930 sed
1822 2886 1875 2929 ab
1896 2885 2091 2929 homini-

0 2967 5 3011 5
62 2970 66 3006 j
126 2949 210 2994 bus
226 2948 398 2993 illatam
415 2949 636 2994 sustinuit.
648 2950 738 2994 Sed
757 2950 838 2994 etsi
852 2951 1178 3008 aegrotavisset
1195 2965 1358 3010 corpus
1376 2953 1486 3010 ejus,
1500 2962 1542 2996 et
1555 2953 1600 2996 in
1615 2962 1862 3011 conspectu
1880 2952 2089 2994 omnium

40 3030 84 3078 ‚31
128 3015 396 3068 solveretur,
414 3015 738 3060 inconveniens
756 3026 865 3070 erat,
883 3031 986 3060 eum
1006 3018 1083 3076 qui
1101 3028 1281 3061 sanaret
1308 3018 1502 3062 aliorum
1522 3019 1781 3079 languores,
1808 3019 1974 3062 habere
1992 3031 2091 3076 pro-

129 3082 278 3143 prium
311 3095 475 3140 corpus
509 3081 722 3127 affectum
748 3082 1069 3142 languoribus:
1112 3085 1190 3128 sed
1218 3085 1301 3129 etsi
1335 3086 1503 3144 absque
1536 3087 1699 3130 morbo
1733 3085 1884 3144 aliquo
1924 3098 2090 3143 corpus

10 3204 12 3208 J
131 3149 297 3193 alicubi
322 3161 529 3207 seorsum
555 3149 849 3207 deposuisset,
877 3164 928 3193 ac
956 3151 1118 3195 deinde
1151 3166 1199 3196 se
1233 3151 1431 3206 offerret,
1463 3167 1556 3196 non
1590 3154 1846 3197 crederetur
1878 3151 1918 3194 ei
1945 3151 1999 3195 de
2028 3164 2092 3194 re-

10 3247 13 3279 3
130 3215 410 3261 surrectione
437 3214 696 3260 disserenti:
723 3215 959 3274 quomo'do
987 3218 1109 3261 enim
1136 3228 1308 3277 pateret
1333 3218 1504 3263 Christi
1530 3220 1574 3262 in
1603 3230 1750 3262 morte
1772 3219 1976 3271 victoria,
2004 3218 2092 3262 nisi

133 3295 290 3327 coram
317 3281 529 3325 omnibus
562 3294 664 3325 eam
695 3282 885 3340 patiens,
917 3297 997 3342 per
1027 3285 1418 3344 incorruptionem
1454 3286 1657 3345 corporis
1689 3286 1925 3344 probasset
1955 3285 2093 3328 extin-

134 3356 256 3394 ctam
271 3347 293 3392 ἶ
312 3365 336 3391 »

49 3406 87 3480 J,
222 3416 299 3460 An
332 3426 548 3460 Tannum
581 3414 840 3469 dicendum,
867 3418 988 3475 quod
1014 3417 1122 3463 licet
1154 3418 1361 3463 diabolus
1393 3419 1556 3477 injuste
1583 3418 1797 3462 invaserit
1828 3418 2091 3472 hominem;

132 3484 288 3527 famen
319 3482 465 3538 homo
492 3490 676 3541 propter
700 3493 940 3542 peccatum
965 3484 1081 3542 juste
1108 3496 1204 3530 erat
1229 3487 1310 3530 sub
1344 3487 1556 3530 servitute
1590 3484 1757 3529 diaboli
1792 3484 2033 3529 derelictus
2065 3499 2092 3528 a

133 3548 262 3595 Deo:
288 3559 334 3595 et
356 3549 461 3594 ideo
489 3548 766 3593 conveniens
790 3548 887 3603 fuit,
914 3559 963 3594 ut
986 3565 1067 3609 per
1091 3552 1310 3609 justitiam
1336 3554 1480 3597 homo
1505 3566 1530 3595 a
1552 3552 1765 3596 servitute
1791 3551 1962 3596 diaboli
1986 3551 2092 3596 libe-

51 3618 91 3647 ·7'?
135 3625 322 3670 uretur,
348 3615 534 3661 Christo
560 3614 862 3660 satisfaciente
886 3629 969 3675 pro
994 3617 1095 3677 ipso
1127 3633 1207 3678 per
1238 3633 1369 3664 suam
1401 3619 1686 3678 passionem:
1718 3618 1802 3662 fuit
1833 3618 1972 3662 etiam
1997 3618 2089 3663 hoc

315 3717 352 3755 S.
375 3718 531 3753 Τιοιωι
555 3717 687 3752 samm
717 3717 920 3762 Thabraca.
943 3719 1028 3758 Vol.
1052 3719 1112 3754 1v.
1869 3731 1908 3764 25

5 1119 22 1129 μἸ
10 1082 12 1085 ,
0 689 14 1056 ·W⁷·=v··-w·*=-r-r⁷vw··v
0 608 26 659 (ς’-ἵ·
0 531 18 592 ζξςιψ,
0 416 11 479 *ww*
0 363 4 376 ⁷
