2352 3926
659 240 938 287 QUAESTIO
981 241 1072 281 XV.
1113 241 1422 282 ARTICULUS
1461 242 1515 281 X.
1965 246 2066 301 157

86 379 94 388 ‚,
193 346 289 392 SED
321 358 517 391 CONTRA
543 353 625 400 est,
651 344 775 405 quod
797 344 959 389 dicitur
986 345 1190 390 Hierem.
1222 357 1313 401 14.:
1342 346 1488 403 Quare
1513 347 1633 405 quasi
1658 345 1825 392 colonus
1840 347 2015 406 futurus
2030 362 2068 393 es

63 410 150 462 ‘fl-{n
172 418 300 469 terra,
325 419 363 458 et
387 414 506 472 quasi
529 413 671 457 viator
695 410 904 456 declinans
930 410 985 455 ad
1009 411 1294 458 manendum?

192 479 482 525 ΒΕεΡοΝῡΕο
509 478 769 533 dicendum,
795 479 917 538 quod
955 477 1116 537 aliquis
1143 478 1306 523 dicitur
1331 479 1479 523 viator
1511 494 1564 524 ex
1592 493 1663 534 eo,
1690 479 1813 540 quod
1846 480 1991 525 tendit
2020 480 2067 525 in

69 537 451 598 ‘²ssbeatitudinem:
479 545 840 605 comprehensor
866 556 1019 590 autem
1052 545 1215 588 dicitur
1242 559 1296 589 ex
1321 545 1426 599 hoc,
1460 547 1582 605 quod
1615 548 1707 605 jam
1739 547 2066 592 beatitudinem

67 613 290 670 3J·obtinet,
315 614 566 659 secundum
592 612 703 657 illud
736 626 773 658 1.
800 612 909 657 Cor.
927 627 969 673 9.
987 627 997 656 ε
1015 613 1082 657 Sic
1106 614 1278 668 currite,
1296 619 1340 657 ut
1357 614 1737 672 comprehendati53
1757 624 1801 659 et
1817 614 1981 674 Philip.
2004 629 2066 674 3.:

60 672 259 740 ‘Sequor
282 687 436 736 autem,
460 682 495 725 si
520 695 598 739 quo
635 679 755 724 modo
783 679 1151 739 comprehendam:
1179 679 1380 723 hominis
1414 690 1566 724 autem
1602 681 1833 726 beatitudo
1866 681 2065 742 perfecta

66 743 309 797 &consistit
334 749 380 792 in
408 747 574 802 anima,
598 757 643 792 et
660 761 868 806 corpore,
886 757 935 791 ut
950 747 996 791 in
1020 760 1060 791 2.
1078 747 1285 791 habitum
1305 757 1370 791 est
1394 746 1504 803 (1-2.
1524 763 1562 806 q.
1580 761 1621 805 4.
1640 755 1720 793 art.
1741 749 1781 794 6.
1780 749 1830 807 ):
1849 750 1896 793 in
1913 750 2068 795 anima

101 811 302 877 quidem,
327 824 549 874 quantum
577 814 632 858 ad
658 814 703 859 id
730 814 852 874 quod
880 823 947 859 est
974 813 1016 859 ei
1043 814 1294 873 proprium,
1326 814 1579 858 secundum
1611 816 1733 874 quod
1765 831 1895 862 mens
1926 817 2063 873 videt,

61 890 69 931 1⁴
101 890 147 928 et
168 880 330 927 fruitur
355 882 483 926 Deo:
510 882 556 925 in
584 894 775 940 corpore
802 894 927 935 vero,
954 881 1206 925 secundum
1233 881 1355 940 quod
1389 895 1553 940 corpus
1586 892 1789 941 resurget
1819 884 2066 942 spirituale,

54 964 76 1006 ’ἢ
101 957 148 994 et
170 948 217 992 in
242 948 421 1003 virtute,
449 957 491 993 et
517 948 563 992 in
590 948 752 1007 gloria,
779 958 823 992 et
847 948 893 991 in
916 947 1273 1007 incorruptione,
1301 958 1349 992 ut
1371 948 1534 992 dicitur
1556 962 1591 992 1.
1612 948 1721 993 Cor.
1745 963 1832 1008 15.:
1854 951 2065 997 Christus

101 1025 254 1062 nutem
280 1025 383 1060 ante
410 1015 672 1075 passionem
691 1015 942 1059 secundum
967 1025 1171 1059 mentem
1188 1015 1320 1074 plene
1337 1015 1519 1060 videbat
1534 1015 1709 1060 Deum:
1728 1027 1772 1060 et
1788 1017 1852 1061 sic
1870 1018 2065 1063 habebat

49 1091 67 1133 ’ξ
98 1081 440 1136 beatitudinem,
467 1093 688 1142 quantum
720 1082 776 1126 ad
808 1082 854 1126 id
886 1083 1008 1142 quod
1036 1093 1103 1127 est
1128 1083 1363 1142 proprium
1393 1083 1596 1127 animae:
1640 1083 1717 1128 sed
1755 1095 1976 1143 quantum
2008 1086 2064 1130 ad

52 1173 63 1190 z
100 1146 190 1195 alin
214 1149 368 1195 deerat
389 1150 431 1194 ei
453 1149 709 1204 beatitud03
737 1150 842 1208 quia
868 1162 912 1194 et
945 1150 1098 1194 anima
1131 1151 1227 1208 ejus
1261 1160 1357 1194 erat
1387 1149 1628 1209 passibilis,
1661 1160 1706 1195 et
1738 1165 1902 1211 corpus
1929 1153 2065 1212 passi-

50 1243 71 1279 .5
97 1217 203 1279 bile,
230 1228 275 1263 et
299 1218 509 1273 mortale,
536 1228 585 1263 ut
610 1233 664 1262 ex
690 1219 958 1277 supradictis
985 1227 1108 1278 patet
1133 1220 1237 1277 (art.
1264 1233 1307 1276 4.
1334 1219 1422 1277 huj.
1449 1235 1487 1278 q.
1515 1226 1554 1264 et
1578 1234 1614 1278 q.
1643 1232 1710 1277 14.
1737 1227 1818 1265 art.
1845 1237 1880 1267 1.
1907 1228 1946 1267 et
1970 1222 2062 1279 2.),·

60 1323 72 1345 ἑ.
98 1293 145 1330 et
171 1284 280 1330 ideo
303 1285 430 1331 simul
459 1292 551 1331 erat
581 1286 910 1346 comprehensor,
943 1286 1214 1345 inquantum
1246 1286 1443 1330 habebat
1472 1286 1799 1332 beatitudinem
1830 1289 2063 1348 propriam

51 1367 54 1400 ζ
99 1352 294 1407 animae,
319 1359 357 1399 et
381 1353 507 1398 simul
530 1354 685 1407 viator,
720 1353 991 1413 inquantum
1021 1353 1234 1398 tendebat
1273 1355 1319 1398 in
1358 1354 1686 1398 beatitudinem
1718 1355 1972 1400 secundum
1991 1356 2063 1416 ¹id,

59 1444 65 1448 ·<
97 1418 221 1480 quod
247 1419 371 1465 eide
396 1419 672 1467 beatitudine
700 1420 866 1465 deerat.

50 1531 52 1533 ,
187 1486 264 1532 AD
294 1500 484 1532 PRIMUM
516 1501 627 1546 ergo
660 1486 919 1542 dicendum,
946 1487 1069 1547 quod
1104 1487 1385 1546 impossibile
1422 1498 1490 1533 est
1523 1488 1701 1533 moveri
1740 1489 1987 1545 ad'finem,
2021 1501 2065 1536 et

47 1573 50 1576 ⁴
97 1552 331 1612 quiescere
356 1553 403 1597 in
429 1553 518 1598 fine
544 1553 795 1598 secundum
820 1554 959 1609 idem,
985 1554 1063 1599 sed
1091 1555 1342 1599 secundum
1369 1555 1546 1600 diversa
1571 1556 1685 1600 nihil
1706 1556 1798 1600 hoc
1825 1557 2060 1616 prohibet:

42 1663 44 1668 .
99 1620 217 1665 sicut
241 1620 402 1680 aliquis
427 1621 573 1665 homo
601 1621 736 1666 simul
769 1631 836 1666 est
867 1622 1014 1667 sciens
1042 1632 1262 1682 quantum
1294 1622 1350 1668 ad
1384 1637 1438 1668 ea
1470 1637 1586 1683 quae
1616 1626 1712 1683 jam
1743 1625 1886 1679 novit,
1919 1636 1964 1670 et
1989 1626 2063 1671 ad-

33 1684 47 1738 2³
101 1686 279 1732 discens
304 1698 528 1747 quantum
555 1688 610 1732 ad
638 1702 691 1732 ea
718 1702 833 1747 quae
859 1689 1067 1733 nondum
1092 1690 1234 1734 novit.

34 1808 36 1810 V
187 1754 264 1799 An
290 1768 552 1800 SECUNDUM
578 1755 837 1810 dicendum,
861 1757 982 1815 quod
1004 1757 1237 1802 beatitudo
1260 1757 1566 1818 principaliter
1588 1769 1631 1804 et
1654 1759 1836 1818 proprie
1855 1759 2063 1805 consistit

31 1841 47 1875 ς
98 1824 144 1868 in
171 1821 323 1867 anima
349 1821 600 1866 secundum
626 1830 850 1867 mentem:
878 1824 1147 1867 secundario
1173 1834 1343 1879 tamen,
1368 1835 1411 1869 et
1433 1825 1561 1884 quasi
1578 1825 1981 1871 instrumentaliter
1997 1841 2062 1872 re-

95 1889 333 1950 quiruntur
359 1889 414 1933 ad
439 1889 767 1934 beatitudinem
791 1890 996 1949 corporis
1013 1890 1156 1936 bona:
1181 1891 1298 1935 sicut
1315 1891 1453 1935 etiam
1471 1891 1643 1936 Philos.
1664 1893 1771 1938 dicit
1786 1894 1832 1938 in
1856 1907 1891 1938 1.
1910 1893 2058 1940 Ethic.

23 1951 40 1998 s*
98 1957 211 2018 (cap.
237 1958 318 2016 8.),
346 1956 468 2016 quod
495 1957 718 2001 exteriora
743 1958 866 2001 bona
892 1958 1109 2016 organice
1133 1958 1392 2003 deserviunt
1416 1959 1699 2004 beatitudini.

185 2024 262 2069 AD
289 2036 506 2070 TERTIUM
537 2023 798 2079 dicendum,
825 2025 947 2084 quod
972 2039 1067 2069 non
1094 2035 1162 2070 est
1187 2026 1350 2071 eadem
1376 2027 1491 2071 ratio
1519 2027 1574 2071 de
1603 2027 1839 2072 animabus
1869 2028 2057 2074 Sancto-

28 2091 40 2150 ξ·
94 2105 213 2146 tum,
239 2101 285 2136 et
308 2091 365 2136 de
389 2091 592 2146 Christo,
614 2102 797 2150 propter
819 2092 926 2137 duo.-
947 2094 1093 2152 primo
1116 2092 1316 2152 quidem,
1334 2094 1439 2153 quia
1462 2094 1641 2139 animae
1666 2095 1941 2140 Sanctorum
1963 2111 2055 2141 non

28 2156 39 2219 J.
94 2169 200 2204 sunt
223 2158 471 2219 passibiles,
497 2159 615 2203 sicut
635 2158 719 2204 fuit
745 2159 898 2204 anima
926 2160 1121 2205 Christi:
1147 2162 1337 2216 secundo,
1361 2162 1467 2221 quia
1490 2177 1683 2222 corpora
1704 2177 1798 2207 non
1822 2174 1963 2223 agunt
1984 2164 2059 2208 ali-

30 2255 50 2274 -7
94 2225 217 2287 quid,
248 2238 330 2285 per
353 2226 476 2285 quod
508 2226 556 2270 in
586 2226 914 2271 beatitudinem
945 2227 1147 2283 tendant,
1179 2229 1297 2273 sicut
1323 2228 1534 2274 Christus
1566 2231 1820 2275 secundum
1853 2231 2058 2291 corporis

22 2347 43 2354 „
92 2291 327 2352 passiones
351 2292 399 2337 in
423 2293 751 2339 beatitudinem
776 2294 1004 2349 tendebat,
1029 2305 1249 2354 quantum
1276 2296 1331 2341 ad
1359 2296 1554 2354 gloriam
1581 2298 1800 2357 corporis.

955 2504 1198 2511 *—

735 2706 1182 2784 QUAESTIO
1240 2708 1410 2769 XVI.

34 2908 42 2924 ζ’
73 2916 75 2918 ,
301 2870 382 2910 DE
416 2870 948 2922 CONSEQUENTIBUS
979 2873 1278 2923 UNIONEM‚
1316 2875 1615 2926 QUANTUM
1647 2879 1730 2918 AD
1763 2880 1843 2919 EA

118 2989 122 2995 a
201 2956 365 3010 QUAE
398 2959 791 3002 CONVENIUNT
822 2961 1078 3004 CHRISTO
1110 2963 1438 3005 SECUNDUM
1470 2966 1626 3017 ESSE,
1661 2967 1737 3008 ET
1768 2968 1944 3018 FIERI,

30 3018 38 3027 Α
560 3049 625 3089 ΙΝ
657 3050 974 3091 DUODECIM
1007 3052 1336 3094 ARTICULOS
1368 3055 1588 3095 DIVISA.

7 3261 52 3286 5³
174 3222 353 3269 Deinde
378 3225 762 3272 considerandum
788 3238 855 3273 est
878 3229 932 3274 de
958 3229 1029 3274 his
1056 3245 1171 3289 quae
1200 3242 1540 3291 consequuntur
1565 3233 1807 3288 unionem3
1840 3243 1882 3278 et
1908 3235 2052 3293 primo

88 3300 312 3348 ‘quantum
339 3292 394 3336 ad
421 3306 475 3336 ea
501 3307 616 3352 quae
643 3296 921 3341 conveniunt
947 3296 1135 3342 Christo
1164 3299 1417 3343 secundum
1444 3314 1518 3354 se3
1544 3301 1715 3345 secundo
1748 3301 1803 3344 de
1835 3301 1905 3345 his
1937 3315 2052 3360 quae

90 3357 370 3402 conveniunt
395 3358 582 3404 Christo
607 3375 688 3419 per
715 3364 1106 3421 comparationem
1136 3366 1189 3408 ad
1212 3365 1364 3410 Deum
1388 3366 1597 3421 Patrem;
1624 3369 1742 3411 tertio
1765 3368 1820 3411 de
1843 3367 1913 3411 his
1936 3382 2052 3427 quae

92 3424 372 3468 conveniunt
398 3425 583 3471 Christo
610 3442 691 3486 per
714 3431 1105 3488 comparationem
1134 3432 1189 3476 ad
1215 3447 1325 3477 nos:
1355 3433 1475 3477 circa
1503 3435 1700 3492 primum
1727 3434 1876 3493 duplex
1908 3436 2053 3481 consi·

1 3487 39 3538 ἑζ-
92 3486 267 3534 dei-atio
293 3491 516 3536 occurrit:
542 3494 690 3551 prima
714 3495 899 3554 quidem
930 3497 986 3541 de
1018 3497 1088 3541 his
1119 3513 1236 3557 quae
1269 3500 1547 3544 conveniunt
1580 3499 1766 3544 Christo
1799 3502 2049 3547 secundum

0 3539 49 3616 ξ
78 3566 208 3608 ¹eme,
242 3564 289 3600 et
316 3555 439 3602 fieri:
473 3558 651 3625 secunda
684 3560 740 3605 de
775 3561 847 3607 his
872 3577 987 3621 quae
1015 3566 1293 3610 conveniunt
1319 3565 1506 3610 Christo
1539 3567 1790 3611 secundum
1822 3569 2047 3615 rationem

0 3615 49 3680 ἐξ
77 3620 292 3667 Quintis.
