2352 3926
598 248 876 296 QUABSTIO
918 249 1179 290 LXXXVIII.
1220 248 1527 291 ARTICULUS
1567 251 1644 291 111.
1992 238 2096 309 819

149 361 219 398 est
241 353 570 408 necessarium3
597 354 717 412 quia,
743 354 858 399 sicut
883 368 1017 414 supra
1043 354 1215 400 dictum
1241 365 1308 400 est
1333 355 1436 414 (art.
1470 372 1504 401 ι.
1531 355 1619 414 huj.
1642 356 1719 415 φ),
1747 363 1895 400 reatus
1922 370 2102 414 pracce-

148 418 350 464 dentium
378 430 670 480 peccatorum
687 435 780 465 non
799 421 913 466 redit
933 435 1013 481 per
1037 431 1277 481 peccatum
1304 436 1511 482 sequens,
1532 423 1800 481 inquantum
1826 423 2100 482 sequebatur

149 499 202 531 ex
228 488 399 532 actibus
425 488 769 547 praeteritorum
796 498 1104 548 peccatorum,
1131 489 1210 533 sed
1235 489 1504 548 inquantum
1532 489 1825 548 consequitur
1852 499 2004 534 actum
2031 504 2100 534 se-

147 555 324 614 quentis
349 558 546 615 peccati3
567 565 610 600 et
627 556 731 600 ideo
758 566 951 614 oportet,
969 556 1090 615 quod
1113 556 1338 615 quantitas
1361 566 1509 601 reatus
1531 556 1759 600 redeuntis
1775 556 1832 601 sit
1848 556 2101 601 secundum

149 623 418 681 gravitatem
444 624 620 682 peccati
646 623 970 683 subsequentis.
989 624 1147 668 Potest
1169 634 1320 668 autem
1340 625 1618 683 contingere,
1632 624 1753 683 quod
1780 624 1975 683 gravitas
1999 639 2101 684 pec·

149 689 239 734 cati
262 690 573 749 subsequentis
600 690 876 749 adaequetur
906 691 1114 748 gravitati
1146 691 1354 734 omniurn
1376 700 1668 750 peccatorum
1702 690 2100 750 praecedentium:

149 756 229 800 sed
260 756 351 801 hoc
396 771 490 801 non
523 771 703 816 semper
735 767 802 801 est
833 771 1039 812 necesse3
1066 758 1160 802 sive
1197 758 1438 817 loquamur
1471 758 1526 802 de
1565 758 1784 817 gravitate
1820 760 1930 818 ejus,
1964 773 2101 818 quam

149 823 288 868 habet
311 838 366 869 ex
391 838 473 868 sua
506 825 655 882 specie
687 825 815 882 (cum
847 825 1119 883 quandoque
1151 835 1390 883 peccatum
1417 839 1610 884 sequens
1645 827 1702 870 sit
1732 825 1973 870 fornicatio
1999 825 2106 870 sim·

147 889 264 949 plex,
299 900 486 950 peccata
503 905 613 936 vero
640 891 878 950 praeterita
899 890 1080 935 fuerunt
1097 890 1330 945 adulteria,
1347 891 1422 936 vel
1438 892 1702 946 homicidia,
1719 907 1801 936 seu
1817 891 2100 952 sacrilegia);

147 957 241 1002 sive
268 958 405 1003 etiam
430 958 674 1017 loquamur
699 959 752 1002 de
779 958 1012 1016 gravitate,
1036 972 1174 1016 quarn
1195 958 1333 1003 habet
1359 972 1412 1002 ex
1438 958 1758 1016 ingratitudine
1786 973 1986 1013 annexa3
2008 973 2103 1004 non

148 1024 270 1069 enim
302 1034 496 1083 oportet,
530 1026 651 1084 quod
683 1025 906 1084 quantitas
938 1024 1272 1083 ingratitudinis
1305 1025 1362 1069 sit
1394 1025 1599 1070 absolute
1633 1026 1832 1085 aequalis
1864 1026 2104 1086 quantitati

147 1091 351 1136 beneficii
377 1092 587 1151 suscepti,
615 1093 740 1150 cujus
767 1091 991 1150 quantitas
1019 1091 1261 1135 attenditur
1286 1091 1538 1135 secundum
1564 1093 1862 1151 quantitatem
1889 1103 2100 1151 peccato—

147 1170 248 1202 rum
274 1158 396 1218 prius
421 1158 737 1213 dimissorum3
766 1158 988 1216 contingit
1019 1159 1157 1212 enim,
1189 1158 1311 1217 quod
1345 1169 1503 1202 contra
1536 1158 1657 1203 idem
1691 1159 1960 1203 beneficium
1987 1174 2103 1204 unus

147 1235 215 1270 est
243 1224 439 1270 multum
470 1225 686 1284 ingratus,
712 1225 786 1269 vel
822 1225 1074 1269 secundum
1108 1226 1414 1270 intensionem
1451 1235 1738 1285 contemptus
1771 1226 1995 1282 beneficii,
2029 1227 2103 1272 vel

149 1292 400 1337 secundum
432 1293 702 1352 gravitatem
735 1292 894 1352 culpae
929 1302 1087 1336 contra
1118 1291 1455 1337 benefactorem
1483 1293 1783 1346 commissae3
1811 1293 1924 1338 alius
1951 1304 2102 1339 autem

147 1370 321 1420 parum,
346 1359 421 1404 vel
446 1360 551 1419 quia
578 1361 728 1404 minus
755 1360 1020 1413 contemnit,
1036 1359 1111 1404 vel
1133 1361 1238 1418 quia
1264 1360 1416 1404 minus
1439 1369 1596 1404 contra
1617 1359 1957 1404 benefactorem
1985 1362 2101 1420 agit:

146 1423 224 1471 sed
250 1427 650 1486 proportionaliter
674 1427 900 1486 quantitas
925 1427 1257 1486 ingratitudinis
1296 1426 1572 1486 adaequatur
1607 1427 1846 1486 quantitati
1870 1427 2105 1482 beneficii3

147 1493 380 1553 supposito
408 1493 531 1538 enim
565 1493 743 1553 aequali
775 1493 1392 1551 contemptu-beneficii,bvel
1424 1493 1597 1538 offensa
1628 1493 1947 1548 benefactoris,
1973 1504 2100 1539 tanto

149 1560 233 1605 erit
257 1561 439 1619 gravior
464 1561 753 1620 ingratitudo,
771 1570 941 1620 quanto
964 1560 1235 1605 beneficium
1256 1560 1339 1605 fuit
1364 1562 1523 1619 majus.
1552 1561 1685 1605 Unde
1707 1561 1999 1606 manifestum
2021 1572 2103 1616 est,

151 1628 273 1686 quod
298 1641 392 1672 non
414 1638 481 1672 est
501 1642 703 1682 necesse,
720 1624 841 1687 quod
859 1637 1042 1687 propter
1066 1628 1437 1686 ingratitudinem
1463 1641 1643 1687 semper
1668 1642 1748 1687 per
1773 1638 2013 1686 peccatum
2039 1642 2105 1673 se-

149 1708 290 1754 quens
316 1695 471 1740 redeat
494 1704 644 1739 tantus
670 1704 832 1748 reatus,
856 1707 1048 1753 quantus
1074 1693 1158 1739 fuit
1178 1695 1548 1754 praecedentium
1573 1704 1893 1754 peccatorum:
1920 1696 1999 1740 sed
2025 1709 2101 1740 ne·

153 1775 279 1807 cesse
305 1771 384 1816 est,
400 1763 523 1821 quod
550 1762 960 1822 proportionaliter,
979 1764 1162 1821 quando
1188 1772 1376 1821 peccata
1397 1762 1518 1821 prius
1545 1763 1730 1806 dimissa
1755 1761 1936 1807 fuerunt
1960 1761 2103 1822 plura,

153 1838 198 1872 et
223 1825 413 1888 majora,
437 1839 565 1874 tanto
591 1830 745 1875 redeat
770 1831 917 1888 major
939 1838 1087 1873 reatus
1108 1844 1189 1888 per
1214 1828 1546 1889 qualecumque
1572 1843 1764 1888 sequens
1790 1829 1983 1874 mortale
2004 1843 2105 1890 pec-

151 1905 318 1940 catum.

236 1962 313 2007 AD
348 1976 537 2008 PRIMUM
563 1977 674 2023 ergo
701 1962 958 2017 dicendum,
992 1963 1114 2023 quod
1139 1963 1413 2008 beneficium
1450 1963 1731 2008 remissionis
1759 1963 1918 2023 culpae
1944 1963 2106 2023 recipit

147 2029 445 2089 quantitatem
463 2030 736 2085 absolutam,
753 2030 1003 2075 secundum
1021 2031 1318 2090 quantitatem
1335 2040 1630 2091 peccatorum
1647 2031 1769 2090 prius
1787 2031 2102 2076 dimissorum:

146 2095 226 2141 sed
260 2106 502 2156 peccatum
531 2097 866 2156 ingratitudinis
905 2112 999 2142 non
1040 2098 1200 2157 recipit
1232 2099 1531 2157 quantitatem
1564 2097 1819 2142 absolutam
1852 2098 2103 2142 secundum

146 2163 442 2222 quantitatem
468 2164 690 2218 beneficii,
709 2164 787 2209 sed
814 2165 1063 2209 secundum
1087 2164 1385 2224 quantitatem
1412 2175 1715 2224 contemptus,
1731 2165 1805 2209 vel
1822 2164 2038 2220 offensae,
2055 2174 2105 2210 ut

146 2229 318 2275 dictum
346 2241 412 2275 est
439 2230 502 2288 (in
529 2239 640 2291 corp.
668 2231 773 2289 art.)
787 2247 803 2284 ,·
833 2241 876 2276 et
900 2231 1004 2275 ideo
1031 2233 1146 2275 ratio
1172 2246 1267 2275 non
1293 2232 1507 2291 sequitur.

234 2297 311 2342 AD
338 2311 597 2343 SECUNDUM
631 2298 888 2352 dicendum,
926 2298 1048 2357 quod
1077 2299 1213 2343 etiam
1241 2313 1394 2343 servus
1421 2299 1726 2343 manumissus
1753 2313 1846 2343 non
1871 2299 2099 2344 reducitur

143 2363 191 2408 in
216 2364 453 2424 pristinam
481 2367 743 2410 servitutem
770 2379 852 2424 pro
880 2364 1200 2424 qualicumque
1226 2365 1563 2424 ingratitudine,
1581 2366 1660 2410 sed
1677 2380 1758 2425 pro
1786 2366 1936 2426 aliqua
1963 2366 2101 2425 gravi.

233 2431 310 2477 AD
333 2444 549 2477 TERTIUM
575 2432 835 2486 dicendum,
863 2432 983 2491 quod
1003 2432 1081 2486 illi,
1105 2433 1178 2475 cui
1199 2443 1386 2492 peccata
1410 2433 1596 2478 dimissa
1622 2433 1896 2491 replicantur
1915 2444 2103 2494 propter

145 2498 494 2559 subsequentem
519 2499 903 2559 ingratitudinem,
922 2499 1037 2544 redit
1053 2500 1315 2544 universum
1341 2500 1558 2555 debitum,
1581 2502 1850 2560 inquantum
1877 2502 2101 2560 quantitas

146 2577 439 2624 peccatorum
463 2567 833 2626 praecedentium
859 2565 1259 2626 proportionaliter
1280 2566 1507 2613 invenitur
1531 2568 1579 2612 in
1605 2568 1925 2627 ingratitudine
1952 2569 2102 2613 subse-

146 2634 312 2692 quenti,
337 2646 432 2678 non
458 2637 610 2678 autem
637 2633 855 2688 absolute,
883 2643 932 2678 ut
957 2633 1130 2678 dictum
1156 2643 1223 2678 est
1251 2633 1314 2691 (in
1340 2643 1457 2695 corp.
1480 2634 1599 2694 art).

845 2816 1275 2874 ARTICULUS
1319 2818 1415 2873 Ν.
2019 2836 2100 2893 559

258 2965 453 3004 UTRUM
492 2963 897 3016 INGRATITUDO,
938 2965 1176 3016 RATIONE
1216 2966 1376 3020 CUJUS
1419 2965 1660 3012 SEQUENS
1702 2965 1999 3005 PECCATUM

543 3039 706 3077 FACIT
746 3039 942 3078 REDIRE
982 3041 1234 3079 PECCATA
1272 3042 1424 3080 PRIUS
1466 3041 1703 3091 DIMISSA,

755 3113 840 3152 SIT
880 3114 1138 3154 SPECIALE
1177 3115 1491 3154 PECCATUM.

431 3242 540 3295 (2-2.
567 3252 604 3297 q.
632 3251 724 3298 107.
751 3244 833 3284 art.
860 3253 899 3284 2.
926 3239 980 3284 ad
1003 3256 1038 3286 ι.
1065 3247 1102 3286 et
1122 3255 1163 3299 4.
1187 3242 1298 3286 Dist.
1322 3255 1362 3287 2.
1388 3256 1425 3300 q.
1452 3257 1486 3287 1.
1514 3247 1594 3286 art.
1617 3256 1653 3302 3.
1681 3256 1719 3301 q.
1743 3242 1815 3301 3.).

235 3364 312 3410 AD
338 3377 575 3414 QUARTUM
600 3365 664 3409 sic
691 3364 962 3424 proceditur.
985 3365 1190 3422 Videtur,
1217 3368 1338 3427 quod
1366 3368 1657 3426 ingratitudo,
1683 3369 1859 3414 ratione
1887 3371 2015 3429 cujus
2038 3384 2104 3415 se-

148 3445 290 3492 quens
314 3442 553 3490 peccatum
580 3431 687 3476 facit
712 3433 856 3476 redire
878 3443 1065 3492 peccata
1090 3435 1212 3493 prius
1239 3435 1437 3488 dimissa,
1461 3435 1517 3479 sit
1533 3435 1728 3494 speciale
1751 3446 2013 3495 peccatum:
2037 3452 2102 3483 re-

147 3498 330 3544 tributio
348 3498 469 3543 enim
493 3499 738 3557 gratiarum
766 3499 958 3558 pertinet
984 3500 1039 3544 ad
1067 3511 1426 3560 contrapassum,
1445 3502 1565 3560 quod
1582 3503 1821 3562 requiritur
1846 3504 1891 3548 in
1918 3505 2100 3563 justitia,

148 3574 198 3610 ut
222 3574 346 3624 patet
368 3579 449 3625 per
473 3565 808 3625 Philosophum
839 3579 875 3621 5.
902 3566 1048 3613 Ethic.
1072 3568 1181 3627 (cap.
1200 3583 1235 3628 5.
1235 3568 1286 3626 ).·
1309 3569 1388 3614 sed
1414 3569 1584 3628 justitia
1610 3580 1678 3615 est
1702 3571 1911 3630 specialis
1935 3572 2101 3628 virtus;

150 3648 260 3695 ergo
286 3633 559 3695 ingratitudo
586 3644 654 3680 est
679 3634 876 3696 speciale
902 3645 1155 3694 peccatum.
