2352 3926
571 258 850 306 Quans‘no
891 258 1078 298 vam.
1121 252 1428 299 tumemus
1467 257 1504 296 1.
1918 241 2018 311 581

162 374 199 422 3.
225 361 522 407 PRAETEREA.
550 361 808 421 Baptismus
835 362 964 406 datur
990 361 1045 406 ad
1070 361 1177 415 hoc,
1208 359 1330 421 quod
1359 358 1519 420 aliquis
1551 373 1631 419 per
1656 358 1849 418 gratiam
1875 371 1902 403 a
1927 372 2028 418 pec-

0 427 15 483 J
69 438 174 474 cato
199 428 464 473 mundetur:
491 428 571 473 sed
596 429 686 474 hoc
711 439 1051 488 consequuntur
1077 428 1157 483 illi,
1183 428 1259 488 qui
1285 436 1389 472 sunt
1414 425 1682 472 sanctificati
1702 426 1748 470 in
1773 435 1903 471 utero
1929 425 2025 470 sine

66 496 315 557 baptism03
343 510 453 556 ergo
479 510 574 540 non
599 506 809 541 tenentur
835 496 891 540 ad
917 495 1257 555 suscipiendum
1283 495 1574 571 baptismum.

156 562 250 608 SED
283 576 478 609 CONTRA
506 573 585 617 est,
613 563 734 622 quod
768 563 929 607 dicitur
949 563 1079 620 Joan,
1102 577 1163 620 3.;
1192 563 1286 606 Nisi
1302 576 1392 620 qms
1420 568 1586 605 renatus
1599 561 1736 619 fuerit
1761 574 1810 604 ex
1835 573 1960 619 aqua,
1988 565 2026 604 et

0 633 16 679 i·
41 629 227 690 ‘Spiritu
259 631 428 686 Sancto,
451 645 535 674 non
555 635 687 690 potest
704 631 888 674 introire
909 631 953 673 iu
986 644 1156 687 ragnum
1180 630 1294 681 Dci;
1325 637 1369 672 et
1393 628 1439 671 in
1465 628 1540 671 lib.
1569 628 1623 671 de
1656 626 1778 671 Eccl.
1805 627 2024 686 Dogmat.

66 696 178 757 (cap.
205 710 274 756 74.
305 699 412 742 inter
438 704 501 757 op.
534 698 734 756 August.)
774 696 959 740 dicitur:
998 711 1021 736 «
1048 695 1291 755 Baptizatis
1313 705 1490 739 tantum
1517 695 1601 738 iter
1632 693 1787 738 salutis
1814 707 1912 739 esse
1935 708 2026 739 cre-

65 762 215 808 dimus
237 780 278 808 ›>.

151 829 439 875 RESPONm-:o
466 829 725 884 dicendum,
744 829 866 889 quod
893 830 948 873 ad
975 828 1086 873 illud
1112 828 1325 873 homines
1351 839 1573 883 tenentur,
1593 828 1688 873 sine
1712 843 1801 888 quo
1829 828 2023 873 salutem

65 897 283 957 consequi
308 911 403 942 non
429 907 645 957 possunt:
679 895 972 940 manifestum
999 906 1066 940 est
1105 906 1273 950 autem,
1311 896 1433 954 quod
1460 896 1610 940 nullus
1652 906 1801 955 potest
1826 895 2021 940 salutem

0 987 3 991 >
63 964 298 1023 consequi,
324 963 412 1008 nisi
443 979 523 1024 per
549 963 810 1018 Christum;
836 964 955 1007 unde
988 972 1030 1007 et
1063 963 1224 1022 Apost.
1253 962 1361 1006 dicit
1387 962 1522 1006 Rom.
1560 976 1626 1018 5.:
1653 964 1770 1007 Sicut
1792 970 1871 1022 per
1902 965 2024 1008 unius

0 1028 2 1033 '
61 1029 256 1077 delictum
287 1033 332 1076 in
357 1046 493 1076 omnes
517 1031 698 1076 homines
722 1032 766 1075 in
788 1030 1184 1085 condemnationem,
1210 1031 1268 1075 sic
1294 1036 1331 1075 et
1352 1037 1430 1090 per
1454 1032 1577 1074 unius
1586 1031 1796 1088 justitiam
1814 1031 1859 1074 in
1886 1045 2024 1075 omnes

61 1097 244 1144 homines
259 1099 305 1143 in
323 1099 662 1158 sustzficationem
688 1100 833 1143 vitae:
860 1098 915 1142 ad
945 1098 1037 1142 hoc
1066 1106 1219 1141 autem
1246 1097 1376 1141 datur
1400 1096 1666 1156 baptismus,
1692 1106 1741 1141 ut
1767 1096 1927 1156 aliquis
1943 1112 2024 1157 per

59 1164 211 1243 ipsum
241 1175 535 1226 regeneratus
567 1165 882 1225 incorporetur
910 1165 1110 1219 Christo,
1147 1163 1292 1208 factus
1324 1165 1582 1208 membrum
1615 1163 1776 1222 ipsius;
1810 1164 1928 1208 unde
1962 1165 2024 1209 di-

0 1249 16 1330 }
59 1231 174 1276 citur
206 1231 310 1277 Gal.
341 1246 407 1292 3.:
452 1233 713 1291 Quicumque
745 1234 790 1277 in
826 1233 989 1278 Christo
1033 1233 1235 1291 baptizati
1266 1233 1372 1285 estis,
1404 1231 1616 1285 Christum
1647 1230 1838 1275 induistis
1848 1246 1865 1284 ,·
1900 1232 2019 1276 unde

0 1330 9 1357 3
59 1297 352 1344 manifestum
376 1310 457 1352 est,
490 1299 612 1359 quod
640 1314 800 1344 omnes
827 1300 882 1344 ad
915 1299 1192 1358 baptismum
1223 1308 1448 1353 tenentur,
1471 1308 1517 1343 et
1546 1300 1643 1343 sine
1669 1312 1725 1342 eo
1751 1312 1846 1342 non
1872 1308 2022 1358 potest

0 1358 15 1430 ξ
57 1379 159 1411 esse
185 1365 308 1411 salus
333 1366 609 1411 hominibus.

17 1474 21 1476 a
147 1432 224 1477 AD
249 1446 439 1479 PRIMUM
471 1447 581 1493 ergo
608 1433 868 1488 dicendum,
903 1434 1024 1493 quod
1066 1448 1301 1493 nunquam
1334 1433 1547 1477 homines
1579 1443 1822 1492 potuerunt
1854 1433 2020 1478 salvari

0 1445 26 1627 ξ
56 1499 195 1544 etiam
213 1510 316 1544 ante
329 1500 501 1546 Christi
513 1500 774 1555 adventum,
787 1515 872 1545 nisi
883 1501 1043 1545 fierent
1054 1501 1260 1545 membra
1275 1500 1466 1545 Christi.
1479 1500 1599 1559 quia,
1614 1510 1663 1545 ut
1675 1501 1950 1545 diciturAct.
1960 1512 2002 1556 4.
1993 1535 2018 1557 .,

52 1580 139 1611 non
162 1573 217 1612 est
247 1567 363 1611 aliud
378 1582 526 1612 nomen
552 1562 696 1612 datum
719 1568 967 1622 hominibus,
1002 1570 1046 1612 in
1073 1583 1153 1627 quo
1187 1574 1376 1628 oporteat
1407 1582 1480 1612 nos
1503 1568 1641 1612 salvos
1655 1569 1782 1627 fieri:
1812 1568 1889 1612 sed
1913 1578 2017 1613 ante

55 1633 302 1678 adventum
337 1634 507 1679 Christi
531 1634 744 1679 homines
771 1635 957 1680 Christo
982 1635 1393 1694 incorporabantur
1424 1649 1504 1693 per
1529 1635 1667 1678 fidem
1692 1634 1830 1679 futuri
1857 1635 2019 1679 adven·

0 1631 19 1773 ὲ
54 1710 151 1755 tus;
183 1701 310 1759 cujus
342 1700 449 1746 fidei
479 1701 768 1761 signaculum
800 1712 896 1746 erat
929 1703 1231 1756 circumcisio,
1263 1712 1314 1746 ut
1338 1702 1500 1761 Apost.
1535 1702 1642 1745 dicit
1668 1701 1803 1746 Rom.
1827 1714 1885 1757 4.;
1913 1712 2016 1747 ante

54 1780 165 1811 vero
193 1781 332 1827 quam
358 1767 646 1813 circumcisio
673 1769 991 1823 institueretur,
1024 1769 1122 1814 sola
1149 1769 1251 1823 fide,
1278 1779 1327 1813 ut
1354 1769 1493 1828 Greg.
1522 1769 1630 1812 dicit
1663 1769 1756 1824 (lib.
1783 1782 1825 1826 4.
1857 1769 2014 1814 Moral-

16 1831 23 1881 ss
53 1841 144 1894 cap.
174 1849 208 1893 3.
234 1847 262 1879 a
284 1836 464 1894 princ),
507 1850 613 1880 cum
649 1835 978 1880 sacrificiorum
1011 1836 1257 1890 oblatione,
1291 1836 1451 1894 quibus
1494 1850 1625 1879 suam
1661 1835 1799 1879 fidem
1842 1836 2012 1895 antiqui

26 1900 209 1945 Patres
235 1901 575 1960 profitebantur,
592 1903 805 1947 homines
820 1903 1006 1947 Christo
1032 1903 1452 1962 incorporabantur.
1477 1902 1588 1946 Post
1610 1903 1854 1946 adventum
1873 1903 2010 1947 etiam

22 1967 228 2014 Christi
253 1969 466 2014 homines
491 1984 570 2029 per
591 1970 730 2014 fidem
757 1969 943 2014 Christo
961 1971 1323 2029 incorporantur,
1350 1970 1600 2014 secundum
1626 1969 1737 2013 illud
1762 1969 1927 2029 Ephes.
1961 1985 2012 2029 3.:

0 2066 25 2086 f..
52 2033 263 2080 Habitare
295 2034 507 2080 Christum
525 2043 606 2095 per
625 2036 746 2091 fidem
778 2038 823 2079 in
849 2036 1039 2080 cordibus
1077 2037 1256 2081 vestris:
1289 2035 1366 2079 sed
1401 2035 1490 2079 alio
1532 2036 1663 2094 signo
1699 2035 2012 2080 manifestatur

20 2098 165 2145 fides
192 2101 261 2145 rei
298 2103 394 2161 jam
430 2103 692 2161 praesentis,
734 2116 872 2162 quam
909 2103 1309 2155 demonstraretur,
1355 2102 1537 2162 quando
1565 2112 1660 2147 erat
1699 2102 1870 2157 futura;
1897 2103 2014 2148 sicut

52 2167 192 2212 etiam
214 2167 312 2213 aliis
337 2169 485 2212 verbis
512 2169 792 2228 significatur
817 2184 1043 2228 praesens,
1067 2170 1361 2228 praeteritum
1388 2180 1432 2214 et
1455 2169 1680 2214 futurum:
1706 2180 1749 2214 et
1774 2170 1878 2214 ideo
1904 2169 2012 2215 licet

0 2167 34 2301 ξ
50 2232 202 2295 ipsum
241 2245 579 2280 sacramentum
612 2236 823 2296 baptismi
855 2251 948 2281 non
992 2250 1171 2296 semper
1210 2236 1343 2280 fuerit
1382 2237 1692 2281 necessarium
1719 2237 1774 2280 ad
1801 2236 2010 2293 salutem,

49 2299 162 2347 fides
183 2310 354 2356 tamen,
387 2304 513 2361 cujus
545 2303 794 2362 baptismus
826 2313 1164 2348 sacramentum
1191 2313 1271 2358 est,
1304 2318 1483 2363 semper
1507 2305 1762 2348 necessaria
1788 2303 1883 2349 fuit.

140 2368 218 2414 An
240 2381 502 2414 SECUNDUM
528 2369 788 2424 dicendum,
821 2371 958 2429 quod,
990 2372 1106 2415 sicut
1130 2371 1177 2414 in
1200 2383 1239 2414 2.
1274 2371 1446 2415 dictum
1480 2381 1547 2415 est
1578 2372 1678 2430 (1-2.
1712 2387 1750 2431 q.
1777 2373 1840 2418 81.
1868 2378 1949 2417 art.
1971 2388 2008 2432 3.

49 2434 106 2481 ad
133 2435 212 2495 2.),
243 2434 312 2480 illi
337 2435 415 2496 qui
445 2436 742 2496 baptizantur,
768 2448 1045 2482 renovantur
1076 2452 1156 2497 per
1179 2437 1459 2497 baptismum
1485 2439 1737 2483 secundum
1770 2439 2008 2498 spiritum:

13 2506 22 2526 ·”
52 2515 219 2562 corpus
243 2512 399 2548 tamen
424 2514 630 2549 remanet
655 2504 908 2564 subjectum
931 2506 1142 2550 vetustati
1157 2505 1347 2564 peccati,
1369 2505 1619 2550 secundum
1645 2505 1756 2550 illud
1781 2506 1918 2551 Rom.
1939 2508 1978 2552 8.
1998 2523 2009 2552 ι

0 2573 14 2642 ᾗ
54 2568 215 2629 Corpus
243 2570 410 2629 quidem
439 2577 651 2616 mortuum
683 2578 737 2617 est
756 2578 930 2632 propter
954 2579 1200 2633 peccatum;
1227 2574 1528 2634 spiritus—vero
1560 2575 1674 2619 vivit
1689 2581 1867 2635 propter
1890 2577 2011 2633 justi-

0 2643 27 2696 'sp
45 2636 308 2694 ficationem:
329 2636 449 2682 unde
475 2648 520 2684 et
550 2638 831 2699 Augustinus
849 2640 1010 2700 probat
1030 2640 1077 2684 in
1102 2639 1178 2684 lib.
1206 2639 1246 2684 6.
1281 2651 1440 2685 contra
1460 2640 1692 2699 Julianum
1710 2642 1829 2701 (cap.
1848 2655 1910 2701 17.
1931 2644 2006 2687 cir.

22 2717 27 2750 ἒ
49 2701 196 2761 med),
222 2702 346 2762 quod
374 2718 399 2745 ot
423 2717 518 2748 non
547 2704 797 2764 baptizatur
828 2706 874 2749 in
906 2706 1097 2751 homine
1133 2706 1350 2766 quidquid
1376 2707 1422 2750 in
1455 2721 1511 2751 eo
1545 2717 1612 2752 est
1628 2722 1679 2751 »ε
1713 2707 2005 2753 manifestum

6 2771 31 2815 15..
50 2778 120 2814 est
139 2778 307 2825 autem,
333 2770 455 2828 quod
485 2770 631 2816 homo
656 2786 751 2816 non
779 2782 964 2832 generat
989 2774 1283 2833 generatione
1310 2774 1482 2819 carnali
1507 2775 1758 2820 secundum
1785 2776 2006 2835 spiritum,

17 2836 129 2882 98εά
150 2837 402 2882 secundum
428 2851 640 2883 carnem:
668 2849 712 2884 et
742 2840 846 2885 ideo
878 2841 959 2885 filii
989 2842 1320 2902 baptizatorum
1346 2856 1451 2887 cum
1478 2853 1669 2903 peccato
1696 2842 1908 2903 originali
1932 2858 2008 2887 na-

18 2904 260 2958 „;Tscuntur
281 2904 401 2949 unde
425 2904 630 2964 indigent
651 2906 881 2966 baptizari.

135 2971 213 3016 An
239 2983 455 3016 TERTIUM
487 2971 743 3028 dicendum,
784 2975 906 3034 quod
938 2974 1004 3019 illi
1036 2976 1113 3034 qui
1147 2985 1250 3021 sunt
1282 2976 1548 3022 sanctificati
1580 2977 1627 3022 in
1665 2987 1810 3032 utero,
1848 2991 2005 3022 conse-

27 3032 247 3099 :quuntur
271 3038 454 3097 quidem
478 3039 671 3097 gratiam
697 3041 1021 3086 emundantem
1039 3057 1064 3086 a
1082 3054 1271 3102 peccato
1291 3044 1526 3103 originali;
1543 3058 1637 3089 non
1658 3053 1813 3088 tamen
1836 3059 1889 3088 ex
1910 3044 2001 3088 hoc

25 3102 149 3165 {ipso
181 3114 520 3164 consequuntur
555 3105 880 3162 characterem,
907 3122 999 3168 quo
1026 3109 1212 3154 Christo
1241 3110 1602 3170 configuremur:
1632 3121 1675 3155 et
1696 3120 1880 3171 propter
1896 3111 2003 3166 hoc,

22 3171 89 3235 [tsi
120 3170 260 3231 aliqui
289 3185 410 3216 nunc
442 3171 866 3217 sanctificarentur
854 3188 900 3218 in
926 3185 1070 3230 utero,
1102 3182 1288 3222 necesse
1321 3188 1439 3223 esset
1472 3193 1551 3223 eos
1583 3179 1811 3238 baptizari,
1845 3188 1893 3223 ut
1925 3192 2004 3238 per

29 3238 389 3298 {susceptionem
417 3238 691 3283 characteris
717 3237 815 3284 aliis
839 3242 1057 3286 membris
1091 3242 1262 3288 Christi
1294 3243 1700 3290 conformarentur.
