2352 3926
257 229 365 300 814
737 240 1016 287 QUAESTIO
1057 239 1321 278 Lxxxvm.
1359 238 1668 278 ARTICULUS
1708 238 1744 278 1.

790 520 1239 598 QUAESTIO
1290 519 1706 581 LXXXVIII.

322 678 402 717 DE
435 676 661 717 REDITU
692 674 1094 727 PECCATORUM
1124 676 1239 716 PER
1269 674 1725 716 POENITENTIAM
1757 674 2147 725 DIMISSORUM‚

729 765 796 804 IN
830 764 1119 815 QUATUOR
1150 763 1482 817 ARTICULOS
1514 763 1736 805 DIVISA.

340 943 517 987 Deinde
535 942 919 1003 considerandum
945 952 1014 987 est
1039 942 1094 987 de
1121 942 1267 987 reditu
1294 938 1591 1002 peccatorum
1611 955 1691 1001 per
1712 940 2042 1001 poenitentiam
2064 940 2217 988 dimis-

253 1024 424 1055 sorum.

833 1116 890 1160 Et
914 1115 1030 1160 circa
1056 1115 1129 1159 hoc
1155 1120 1414 1173 quaeruntur
1439 1120 1633 1173 quatuor.

338 1209 512 1253 Primo.
540 1209 707 1254 Utrum
732 1218 921 1268 peccata
946 1222 1027 1267 per
1052 1208 1381 1279 poenitentiam
1409 1207 1595 1252 dimissa
1626 1206 1812 1253 redeant
1843 1207 2109 1278 simpliciter
2132 1220 2236 1280 per

249 1291 443 1337 sequens
468 1287 724 1337 peccatum.

341 1344 571 1388 Secundo.
606 1344 774 1389 Utrum
801 1342 954 1403 aliquo
981 1343 1122 1388 modo
1147 1357 1229 1404 per
1252 1341 1627 1402 ingratitudinem
1658 1342 1847 1408 redeant
1875 1340 2120 1402 specialius
2150 1331 2216 1387 se·

251 1411 452 1455 cundum
478 1411 703 1470 quaedam
728 1421 930 1470 peccata.

341 1477 516 1522 Tertio.
545 1478 712 1522 Utrum
738 1488 927 1538 peccata
949 1477 1174 1522 redeant’
1162 1491 1209 1521 m
1237 1476 1413 1537 aequali
1443 1487 1584 1522 reatu.

342 1545 535 1597 Quarto.
563 1545 730 1590 Utrum
756 1544 835 1590 illa
860 1545 1154 1604 ingratitudo,
1171 1559 1252 1604 per
1268 1559 1407 1604 quam
1434 1545 1637 1599 redeunt,
1655 1544 1713 1590 sit
1733 1543 1932 1605 speciale
1956 1553 2212 1605 peccatum.

968 1724 1403 1782 ARTICULUS
1446 1724 1490 1781 1.
1708 1760 1712 1764 -
2131 1724 2213 1800 53⁶

341 1861 535 1900 UTRUM
566 1861 819 1900 PECCATA
851 1861 1073 1899 DIMISSA
1104 1861 1361 1900 REDEANT
1394 1862 1495 1900 PER
1527 1861 1773 1907 SEQUENS
1806 1840 2120 1913 PECCATUMZ

594 1970 723 2028 (Infr.
750 1977 832 2017 art.
859 1986 899 2016 2.
926 1978 966 2017 et
984 1986 1021 2031 3.
1049 1978 1165 2031 corp.
1191 1977 1228 2016 et
1251 1985 1293 2029 4.
1320 1971 1433 2016 Dist.
1460 1985 1528 2016 22.
1556 1985 1594 2029 q.
1621 1986 1656 2016 r.
1683 1976 1764 2015 art.
1791 1969 1867 2029 1.).

336 2085 413 2129 AD
448 2097 638 2129 PRIMUM
670 2084 735 2128 sic
771 2083 1047 2143 proceditur.
1080 2083 1287 2139 Videtur,
1314 2084 1437 2143 quod
1468 2094 1657 2142 peccata
1691 2083 1878 2128 dimissa
1910 2083 2100 2129 redeant
2132 2095 2212 2145 per

247 2165 440 2210 sequens
475 2160 742 2210 peccatum:
780 2151 890 2195 dicit
925 2152 1049 2196 enim
1085 2151 1280 2210 August.
1322 2151 1369 2195 in
1411 2151 1487 2195 lib.
1525 2150 1581 2195 de
1618 2151 1857 2211 Baptismo
1891 2150 2063 2208 (scilicet
2098 2150 2210 2196 co'nt.

245 2220 459 2263 Donatist.
487 2227 576 2278 cap.
609 2233 673 2263 12.
698 2220 745 2262 in
770 2218 924 2274 med.):
965 2218 1177 2263 «Redire
1214 2219 1401 2263 dimissa
1433 2228 1637 2278 peccata,
1674 2218 1751 2262 ubi
1783 2218 1983 2263 fraterna
2013 2217 2211 2266 charitas

246 2300 341 2329 non
368 2295 449 2339 est,
477 2285 760 2344 apertissime
785 2285 1017 2330 Dominus
1038 2286 1085 2329 in
1107 2285 1359 2345 Evangelio
1386 2286 1523 2330 docet
1546 2286 1593 2329 in
1619 2285 1699 2330 illo
1725 2299 1930 2340 servo,.a
1950 2298 2042 2346 quo
2059 2284 2211 2335 dimis-

245 2367 349 2397 sum
387 2352 588 2396 debitum
621 2352 852 2397 Dominus
889 2353 1081 2412 repetiit,
1118 2367 1174 2397 eo
1206 2352 1328 2411 quod
1365 2352 1442 2397 ille
1475 2366 1700 2397 conservo
1726 2366 1811 2396 suo
1838 2351 2039 2398 debitum
2065 2351 2212 2397 nollet

246 2419 472 2464 dimittere
488 2435 540 2464 »ε
567 2419 646 2463 sed
671 2418 871 2463 fraterna
903 2419 1100 2464 charitas
1132 2419 1308 2464 tollitur
1332 2434 1411 2479 per
1437 2419 1673 2479 quodlibet
1709 2429 1950 2479 peccatum
1989 2418 2209 2474 mortale3

249 2501 359 2546 ergo
385 2501 465 2545 per
490 2486 724 2546 quodlibet
747 2501 942 2546 sequens
968 2486 1164 2532 mortale
1188 2498 1432 2547 peccatum
1457 2487 1647 2531 redeunt
1666 2497 1869 2546 peccata
1877 2501 1958 2547 per
1977 2486 2211 2546 poeniten-

243 2556 356 2600 tiam
381 2554 582 2598 dimissa.
2168 2590 2170 2595 ,

334 2634 375 2665 2.
398 2621 696 2666 PRAETEREA.
725 2619 871 2679 Super
895 2619 1008 2664 illud
1035 2620 1146 2665 Luc.
1179 2633 1244 2665 11.
1259 2622 1534 2667 :Revertar
1518 2637 1563 2665 m
1585 2620 1755 2666 domum
1778 2635 1930 2676 meam,
1951 2620 2058 2680 undo
2071 2598 2206 2675 axi-vi,

245 2689 355 2733 dicit
379 2688 505 2732 Beda
530 2688 644 2747 (cap.
670 2688 742 2744 48.
777 2689 823 2731 in
857 2688 963 2733 Luc.
995 2687 1220 2732 secundum
1246 2690 1331 2746 ejus
1357 2688 1487 2746 ord)
1519 2705 1543 2730 «
1566 2686 1821 2733 Timendus
1858 2697 1928 2733 est
1954 2687 2043 2735 iste
2072 2687 2210 2734 versi-
2245 2734 2248 2739 ,

245 2756 389 2810 culus,
413 2769 507 2799 non
534 2753 844 2814 exponendus,
870 2768 928 2798 ne
956 2753 1101 2813 culpa,
1128 2769 1264 2813 quam
1291 2755 1338 2798 in
1364 2755 1497 2801 nobis
1524 2756 1771 2800 extinctam
1793 2754 2107 2810 credebamus,
2127 2767 2208 2816 per

242 2822 466 2866 incuriam
491 2835 577 2866 nos
602 2829 816 2866 vacantes
844 2821 1072 2881 opprimat
1093 2837 1143 2866 »x
1170 2822 1262 2865 hoc
1290 2830 1442 2867 autem
1477 2837 1572 2867 non
1609 2832 1742 2877 esset,
1767 2822 1856 2867 nisi
1878 2821 2068 2878 rediret;
2093 2835 2206 2923 ergo

244 2889 378 2948 culpa
403 2903 483 2948 per
509 2888 839 2948 poenitentiam
874 2888 1062 2933 dimissa
1086 2888 1213 2933 redit.
2183 2920 2186 2927 .

337 2971 372 3016 3.
401 2957 698 3001 PRAETEREA.
726 2955 889 2999 Ezech.
930 2956 1012 3010 18.
1037 2955 1267 3000 Dominus
1303 2956 1435 3001 dicit:
1461 2957 1507 3002 si
1537 2958 1740 3003 averterit
1770 2959 1968 3016 sejustus
1990 2969 2020 3002 a
2038 2956 2206 3015 juncia

241 3038 331 3078 sua,
354 3030 390 3068 et
405 3024 558 3083 fecerit
587 3024 804 3082 iniquitat
796 3037 863 3076 m,
892 3037 1030 3068 omnes
1058 3024 1247 3082 justitiae
1272 3025 1371 3081 ejus,
1405 3038 1507 3083 quas
1537 3025 1706 3082 fecerat,
1733 3039 1820 3069 non
1842 3022 2205 3071 recordabuntur:

242 3091 321 3136 sed
347 3091 463 3135 inter
490 3090 600 3135 alias
626 3090 835 3150 iustitias,
861 3104 973 3149 quas
1004 3088 1126 3144 fecit,
1162 3090 1301 3134 etiam
1327 3091 1605 3149 praecedens
1626 3090 1907 3151 poenitentia
1930 3089 2206 3146 continetur.

243 3172 350 3202 cum
375 3172 510 3217 supra
528 3158 700 3202 dictum
724 3158 783 3202 sit
801 3157 858 3217 (q.
884 3158 945 3216 85.
979 3163 1059 3203 art.
1076 3158 1134 3218 3.)
1172 3156 1501 3216 poenitentiam
1528 3172 1628 3203 esse
1651 3168 1829 3218 partem
1848 3157 2204 3218 justitiae3ergo

241 3235 487 3285 postquam
522 3225 760 3283 poenitens
791 3234 964 3284 peccat,
999 3238 1095 3269 non
1129 3226 1376 3283 imputatur
1411 3225 1453 3269 ei
1484 3226 1761 3284 praecedens
1783 3224 2094 3285 poenitentia,
2120 3237 2205 3285 pet
2276 3212 2290 3240 7

241 3307 379 3351 quam
407 3302 678 3336 consecutus
704 3302 774 3337 est
797 3292 981 3336 veniam
1007 3300 1323 3351 peccatorum3
1350 3291 1539 3336 redeunt
1565 3306 1676 3351 ergo
1702 3291 1781 3338 illa
1806 3300 2009 3352 peccata.
2070 3316 2095 3330 ν
2120 3327 2127 3341 ,η

331 3371 373 3414 4.
400 3359 699 3403 PRAETEREA.
719 3359 913 3403 Peccata
939 3358 1180 3418 praeterita
1196 3372 1276 3417 per
1302 3358 1495 3417 gratiam
1521 3369 1749 3418 teguntur,
1767 3368 1817 3404 ut
1832 3357 2204 3419 patetpetApo-

242 3426 413 3470 stolum
439 3426 576 3470 Rom.
601 3438 644 3480 4.
671 3426 965 3471 inducentem
988 3425 1100 3470 illud
1125 3425 1298 3470 Psalmi
1335 3439 1428 3485 31.:
1454 3427 1588 3481 Beati,
1606 3441 1788 3485 quorum
1802 3428 1995 3474 remissae
2006 3426 2203 3477 sumim-

241 3495 429 3552 quitates,
457 3499 495 3538 et
509 3508 687 3552 quorum
704 3499 812 3539 tecta
834 3501 931 3539 sunt
949 3499 1152 3553 peccata:
1179 3492 1256 3537 sed
1275 3506 1355 3552 per
1371 3502 1612 3552 peccatum
1630 3492 1826 3539 mortale
1850 3489 2201 3554 sequensgratin

240 3559 435 3613 tollitur3
461 3574 573 3618 ergo
606 3570 809 3619 peccata,
842 3573 958 3619 quae
988 3558 1167 3605 fuerant
1197 3559 1320 3619 prius
1353 3561 1618 3616 commissa,
1647 3567 1888 3606 remanent
1922 3558 2124 3615 detectas
2151 3568 2203 3607 aet

239 3627 301 3671 ita
325 3627 516 3680 videtur,
544 3626 666 3686 quod
694 3626 896 3671 redeant.
