2352 3926
313 239 412 294 152
837 236 1112 282 QUAESTIO
1153 237 1243 274 XV.
1286 237 1593 277 ARTICULUS
1627 238 1682 274 V.

397 340 474 384 AD
496 350 756 384 SECUNDUM
783 337 1041 394 dicendum,
1068 338 1190 397 quod
1218 351 1324 382 caro
1348 339 1394 383 in
1418 348 1608 398 peccato
1630 348 1854 398 concepta
1879 339 2080 398 subjacet
2101 337 2264 393 dolori,

305 421 399 451 non
425 405 576 451 solum
603 420 658 449 ex
683 405 954 449 necessitate
975 404 1249 449 naturalium
1274 405 1616 465 principiorum,
1648 405 1727 451 sed
1754 406 1891 450 etiarn
1917 420 1972 450 ex
1996 405 2266 451 necessitate

305 483 453 518 reatus
473 472 674 532 peccati3
692 485 807 530 quae
825 471 1010 530 quidem
1026 472 1271 517 necessitas
1287 473 1334 516 in
1347 472 1533 517 Christo
1544 487 1639 518 non
1654 472 1750 527 fuit,
1767 473 1846 518 sed
1858 472 2010 518 solum
2021 473 2266 518 necessitas

304 539 579 585 naturalium
605 539 947 597 principiorum.

396 608 471 651 An
496 618 711 650 TERTIUM
738 605 997 660 dicendum,
1015 606 1152 665 quod,
1170 606 1286 650 sicut
1311 621 1446 666 supra
1473 607 1646 651 dictum
1668 617 1736 652 est
1760 608 1822 666 (q.
1849 621 1914 665 14.
1942 613 2023 651 art.
2049 623 2086 653 1.
2108 605 2163 652 ad
2185 606 2266 665 2.),

304 673 467 717 virtute
499 672 742 716 divinitatis
778 671 951 717 Christi
976 673 1279 732 dispensative
1311 674 1375 718 sic
1407 674 1640 719 beatitudo
1672 675 1719 718 in
1753 675 1904 718 anima
1938 674 2266 727 continebatur,

304 741 427 800 quod
452 754 547 783 non
573 740 859 784 derivabatur
881 740 937 783 ad
956 753 1134 800 corpus,
1160 755 1218 785 ne
1242 742 1337 800 ejus
1359 741 1645 800 passibilitaS,
1673 751 1716 787 et
1734 740 1986 785 mortalitas
2011 739 2266 794 tolleretur;

306 818 350 852 et
376 807 538 852 eadem
564 807 741 851 ratione
773 806 1013 851 delectatio
1041 807 1443 867 contemplationis
1470 808 1533 853 sic
1565 809 1840 853 retinebatur
1871 808 1918 852 in
1949 817 2118 862 mente,
2145 807 2267 867 quod

307 890 401 920 non
424 875 710 920 derivabatur
743 875 798 919 ad
825 875 944 920 vires
971 874 1220 931 sensibiles,
1242 890 1299 920 ne
1325 891 1404 936 per
1421 876 1511 921 hoc
1539 875 1671 921 dolor
1693 875 1914 920 sensibilis
1941 874 2266 920 excluderetur.

997 1054 1432 1112 ARTICULUS
1471 1056 1571 1111 vr.
2213 1079 2265 1125 95

720 1192 911 1231 UTRUM
951 1193 1007 1231 IN
1049 1193 1286 1231 CHRISTO
1329 1192 1526 1230 FUERIT
1567 1191 1860 1230 TRISTITIA.

504 1303 636 1362 (Infr.
660 1317 698 1361 q.
724 1303 797 1360 46.
825 1308 908 1348 art.
935 1302 977 1348 6.
1004 1308 1043 1348 et
1062 1318 1098 1362 3.
1123 1304 1233 1347 Dist.
1260 1318 1315 1362 15.
1343 1318 1381 1361 q.
1409 1317 1447 1347 2.
1476 1308 1556 1346 art.
1580 1317 1616 1361 3.
1644 1317 1681 1360 q.
1704 1317 1740 1360 3.
1768 1307 1881 1360 corp.
1907 1305 1946 1345 et
1970 1298 2025 1343 ad
2044 1313 2080 1358 5.

1039 1376 1077 1415 et
1093 1377 1226 1429 opusc.
1244 1385 1284 1414 2.
1303 1378 1392 1429 cap.
1411 1370 1510 1414 226.
1507 1371 1548 1427 ).

399 1482 476 1527 AD
503 1495 695 1527 SEXTUM
721 1483 784 1526 sic
817 1482 1088 1539 proceditur.
1116 1481 1320 1536 Videtur,
1343 1481 1466 1540 quod
1497 1482 1543 1524 in
1571 1480 1756 1525 Christo
1789 1493 1883 1523 non
1913 1477 2049 1524 fuerit
2071 1475 2273 1523 tristitia:

300 1549 474 1600 ‚dicitur
500 1550 622 1595 enirn
648 1549 704 1594 de
732 1549 918 1594 Christo
945 1550 1030 1593 Isa.
1056 1562 1152 1605 42.:
1180 1551 1278 1595 Non
1304 1552 1380 1594 erit
1407 1551 1546 1603 tristis,
1572 1564 1644 1593 nec
1673 1548 1942 1594 turbulentus.

401 1630 442 1661 2.
469 1617 766 1662 PRAETEREA.
793 1617 1008 1660 Proverb.
1033 1630 1097 1661 12.
1117 1617 1304 1661 dicitur:
1332 1618 1431 1662 Non
1457 1617 1718 1661 contristabit
1727 1619 1905 1675 justum,
1929 1612 2128 1674 quidquid
2148 1614 2186 1659 ei
2210 1627 2278 1658 ac-

315 1684 476 1739 ciderit,
511 1693 555 1728 et
586 1685 719 1743 hujus
752 1685 980 1730 rationem
1014 1684 1160 1728 Stoici
1196 1684 1500 1743 assignabant,
1533 1684 1639 1742 quia
1670 1682 1822 1727 nullus
1854 1682 2069 1737 tristatur,
2100 1680 2189 1726 nisi
2219 1679 2275 1724 de

313 1752 559 1796 amissione
601 1766 789 1796 suorum
829 1753 1078 1796 bonorum:
1105 1752 1248 1810 justus
1282 1762 1436 1795 autem
1466 1765 1560 1795 non
1593 1760 1771 1809 reputat
1801 1750 1924 1794 bona
1955 1762 2052 1803 sua,
2077 1747 2166 1792 nisi
2188 1748 2275 1806 jus-

310 1819 472 1873 titiam,
501 1829 545 1863 et
569 1820 797 1874 virtutem,
834 1834 951 1896 Πεμιεις
995 1834 1090 1863 non
1122 1828 1273 1878 potest
1313 1819 1547 1873 amittere;
1571 1817 1775 1877 alioquin
1806 1817 2103 1876 subjiceretur
2134 1816 2276 1874 justus

312 1885 537 1941 fortunae,
571 1887 608 1930 si
639 1902 720 1946 pro
755 1887 1002 1931 amissione
1033 1887 1262 1931 bonorum
1294 1885 1502 1931 fortunae
1533 1886 1807 1930 tristaretur:
1841 1884 1920 1930 sed
1947 1884 2158 1930 Christus
2193 1883 2277 1928 fuit

314 1955 513 1998 maxime
530 1955 687 2012 justus,
706 1955 958 1998 secundum
975 1954 1086 1998 illud
1105 1954 1306 1999 Hierem.
1326 1967 1411 2012 23.;
1427 1955 1521 1998 Hoc
1543 1961 1599 1998 est
1623 1969 1788 2007 nomen,
1807 1952 1914 2011 quod
1929 1954 2140 1997 vocabunt
2164 1966 2273 2006 eum,

311 2022 521 2065 Dominus
547 2024 682 2080 justus
702 2028 862 2075 nostem·
892 2024 1001 2080 er'go
1028 2022 1075 2065 in
1097 2036 1152 2066 eo
1179 2035 1274 2066 non
1299 2021 1383 2065 fuit
1407 2021 1590 2079 justitia.

406 2102 442 2146 3.
470 2088 768 2134 PRAETEREA.
796 2088 967 2133 Philos.
995 2088 1135 2133 dicit'
1125 2104 1170 2132 m
1199 2102 1238 2146 7.
1273 2089 1418 2133 Ethic.
1450 2089 1561 2148 (cap.
1590 2104 1644 2147 13.
1673 2095 1711 2133 et
1735 2090 1839 2146 14),
1868 2087 1992 2148 quod
2024 2086 2175 2132 omnis
2205 2086 2279 2131 tri-

314 2154 433 2199 stitia
459 2165 527 2199 est
552 2156 741 2209 malum,
770 2167 813 2200 et
844 2155 1132 2215 fugiendum:
1161 2156 1239 2200 sed
1266 2155 1444 2200 nullum
1471 2155 1644 2199 malurn
1670 2155 1939 2214 fugiendum
1968 2154 2053 2199 fuit
2075 2154 2124 2199 in
2150 2153 2281 2200 Chri-

315 2232 411 2277 sto;
439 2236 548 2280 ergo
574 2223 621 2266 in
650 2223 836 2267 Christo
863 2237 957 2267 non
983 2222 1066 2267 fuit
1090 2223 1283 2267 tristitia.

402 2301 445 2344 4.
472 2289 768 2335 PRAETEREA.
788 2290 915 2334 Sicut
931 2291 1124 2349 August.
1142 2291 1251 2335 dicit
1272 2302 1336 2345 14.
1356 2291 1411 2335 de
1430 2291 1531 2335 Civ.
1549 2291 1638 2336 Dei
1662 2290 1771 2351 (cap.
1800 2291 1879 2347 6),
1901 2307 1926 2332 (ι
1941 2289 2120 2336 tristitia
2135 2298 2205 2334 est
2224 2287 2280 2334 de

315 2356 401 2410 his,
434 2371 550 2415 quae
581 2357 713 2401 nobis
739 2357 998 2402 nolentibus
1032 2358 1243 2402 accidunt
1262 2374 1314 2412 »3
1341 2358 1421 2403 sed
1447 2358 1562 2403 nihil
1587 2373 1747 2436 passus
1778 2368 1847 2403 est
1878 2357 2089 2403 Christus
2121 2366 2280 2401 contra

314 2437 446 2468 suam
471 2423 778 2470 voluntatem:
807 2425 968 2469 dicitur
994 2425 1118 2470 enim
1140 2425 1222 2479 Isa
1252 2438 1342 2483 53.:
1370 2426 1544 2471 Oblatas
1570 2432 1640 2481 est,
1665 2427 1765 2486 quia
1785 2427 1876 2485 ipse
1883 2425 2036 2479 voluit:
2051 2438 2147 2470 non
2169 2437 2279 2483 ergo

314 2490 362 2534 in
390 2489 577 2534 Christo
603 2490 686 2535 fuit
707 2492 899 2536 tristitia.

406 2557 501 2602 SED
535 2571 731 2603 CONTRA
765 2568 843 2614 est,
877 2559 999 2618 quod
1033 2559 1141 2604 dicit
1172 2560 1401 2604 Dominus
1433 2560 1594 2605 Matth.
1629 2558 1723 2605 26.:
1766 2560 1916 2605 Tristis
1939 2565 1995 2605 est
2018 2560 2166 2604 mima
2188 2571 2281 2605 mea

314 2640 437 2684 usque
454 2625 508 2669 ad
524 2632 727 2678 mortem,·
748 2635 793 2670 et
809 2626 1023 2671 Ambros.
1041 2627 1175 2671 dicit
1164 2642 1211 2671 m
1229 2640 1268 2671 2.
1290 2627 1344 2672 de
1364 2627 1526 2671 Trinit.
1545 2628 1634 2686 (seu
1649 2627 1696 2672 de
1702 2627 1788 2686 fida
1805 2626 1860 2672 ad
1879 2626 2078 2672 Gratiam
2096 2632 2186 2686 cap.
2198 2641 2222 2686 3
2225 2625 2278 2684 .).·

318 2708 343 2734 ι(
363 2692 427 2737 Ut
451 2692 596 2737 homo
619 2692 847 2737 tristitiam
873 2693 1053 2739 habuit:
1081 2694 1280 2753 suscepit
1306 2695 1430 2738 enim
1454 2694 1684 2739 tristitiam
1700 2707 1878 2739 meam:
1906 2692 2186 2739 confidenter
2209 2693 2282 2737 tri-

317 2759 486 2804 stitiam
514 2760 721 2815 nomin0,
748 2762 853 2818 quia
882 2775 1063 2804 crucem
1089 2761 1303 2819 praedico
1327 2778 1366 2805 >›.

407 2827 696 2872 RESPONDEO
724 2827 984 2881 dicendum,
1001 2827 1139 2886 quod,
1158 2828 1273 2872 sicut
1290 2828 1463 2872 dictum
1490 2837 1558 2872 est
1585 2827 1686 2885 (art.
1708 2836 1851 2887 praec.
1873 2827 1927 2872 ad
1942 2827 2017 2888 3.),
2038 2825 2280 2872 delectatio

316 2894 501 2939 divinae
544 2894 942 2953 contemplationis
979 2895 1042 2939 ita
1078 2910 1158 2954 per
1194 2895 1578 2954 dispensationem
1626 2895 1804 2939 divinae
1844 2894 2019 2939 virtutis
2064 2893 2285 2940 retineba-

319 2972 391 3007 tur
417 2964 463 3006 in
490 2972 643 3007 mente
678 2961 862 3015 Christi,
897 2963 1018 3021 quod
1050 2976 1143 3006 non
1178 2962 1463 3006 derivabatur
1495 2962 1549 3006 ad
1581 2963 1698 3006 vires
1721 2962 1972 3017 sensitivas,
2002 2972 2052 3007 ut
2081 2976 2161 3021 per
2190 2962 2282 3006 hoc

321 3029 455 3073 dolor
480 3029 705 3073 sensibilis
732 3029 1067 3073 excluderetur:
1097 3029 1214 3073 sicut
1233 3039 1382 3084 autem
1411 3028 1543 3073 dolor
1570 3029 1793 3074 sensibilis
1810 3039 1878 3074 est
1901 3031 1946 3074 in
1964 3030 2166 3089 appetitu
2187 3043 2283 3074 sen-

318 3097 471 3150 sitivo,
497 3097 558 3141 ita
587 3107 631 3140 et
655 3097 858 3141 tristitia:
885 3096 964 3140 sed
992 3107 1059 3140 est
1084 3095 1337 3140 differentia
1363 3096 1613 3140 secundum
1638 3096 1879 3151 motivum,
1905 3096 2000 3141 sive
2028 3097 2280 3155 objectum:

320 3179 429 3207 nam
457 3165 703 3222 objectum,
730 3174 773 3208 et
799 3163 1025 3208 motivum
1043 3162 1214 3207 doloris
1233 3174 1299 3207 est
1315 3163 1457 3207 laesio
1475 3177 1609 3207 sensu
1626 3173 1772 3207 tactus
1792 3174 2026 3223 percepta-2
2044 3163 2161 3210 sieut
2176 3177 2282 3208 curn

322 3231 483 3290 aliquis
509 3231 795 3276 vulneratur:
820 3231 1052 3288 objectum
1080 3240 1246 3284 autem,
1280 3241 1323 3275 et
1356 3231 1582 3274 motivum
1614 3231 1819 3275 tristitiae
1852 3240 1921 3276 est
1945 3231 2178 3286 nocivum,
2202 3244 2283 3276 seu

320 3299 495 3343 malum
521 3299 708 3344 interius
735 3299 1084 3357 apprehensum,
1112 3298 1205 3343 sive
1231 3313 1308 3357 per
1335 3301 1574 3353 rationem,
1601 3299 1695 3342 sive
1722 3313 1800 3357 per
1821 3299 2214 3358 imaginationem,
2235 3307 2284 3343 ut

318 3366 366 3410 in
394 3379 433 3410 2.
461 3366 669 3411 habitum
698 3376 764 3410 est
792 3366 887 3422 (1-2.
916 3381 953 3424 q.
977 3381 1033 3425 33.
1060 3371 1139 3409 art.
1169 3367 1258 3423 2.).·
1281 3365 1397 3409 sicut
1420 3380 1523 3409 cum
1549 3365 1709 3424 aliquis
1731 3366 1930 3411 tristatur
1955 3366 2011 3412 de
2038 3366 2282 3412 amissione
2344 3423 2347 3426 Α

320 3434 506 3492 gratiae,
532 3434 606 3478 vel
633 3433 874 3492 pecuniae:
904 3433 1050 3491 potuit
1078 3443 1230 3476 autem
1259 3433 1409 3476 anima
1437 3432 1610 3477 Christi
1636 3433 1822 3478 interius
1845 3433 2182 3494 apprehendere
2209 3431 2285 3478 ali-
2332 3427 2347 3493 J

321 3501 428 3559 quid
446 3512 493 3546 ut
510 3501 752 3546 nocivum:
781 3510 824 3545 et
850 3510 1070 3559 quantum
1098 3501 1152 3543 ad
1180 3514 1251 3554 se;
1279 3500 1394 3544 sicut
1420 3500 1587 3559 passio,
1616 3511 1658 3544 et
1686 3515 1809 3545 mors
1828 3501 1924 3558 ejus
1949 3498 2054 3546 fuit:
2079 3510 2124 3545 et
2147 3513 2284 3560 quam
2331 3501 2346 3534 ff

319 3579 418 3612 tum
437 3569 491 3612 ad
511 3567 648 3622 alios;
676 3568 791 3612 sicut
808 3577 1046 3626 peccatum
1066 3566 1404 3626 discipulorum,
1431 3566 1504 3611 vel
1527 3570 1662 3611 etiam
1682 3567 1960 3626 Judaeorum
1976 3566 2283 3614 occidentium
2332 3579 2333 3583 ’

320 3635 497 3694 ipsum:
524 3646 568 3680 et
594 3635 697 3680 ideo
725 3637 841 3680 sicut
866 3634 911 3679 in
936 3633 1122 3679 Christo
1149 3634 1296 3693 potuit
1322 3648 1419 3679 esse
1446 3648 1578 3678 verus
1602 3634 1755 3688 dolor;
1778 3635 1838 3679 ita
1859 3634 2004 3694 potuit
2030 3636 2075 3680 in
2099 3647 2156 3679 eo
2181 3646 2282 3680 esse
