2352 3926
655 245 934 292 QUAESTIO
974 245 1048 285 XI.
1089 245 1399 286 ARTICULUS
1438 245 1517 285 111.
1956 245 2054 301 125

59 348 68 404 ᾗῇ
81 343 321 403 ‘interdum
346 348 542 393 scientes
566 360 622 392 ex
647 347 796 393 causis
821 346 1103 392 concludunt
1128 348 1331 402 effectus,
1356 362 1451 393 non
1477 358 1527 394 ut
1557 347 1613 394 de
1644 361 1771 394 novo
1809 347 2060 402 addiscant,

62 404 186 473 ’.ΞΜ
196 415 404 460 volentes
429 415 495 460 uti
531 413 734 468 scientia,
768 428 907 474 quam
933 415 1028 474 jam
1068 414 1262 469 habent;
1290 426 1334 460 et
1365 416 1455 460 hoc
1487 416 1631 461 modo
1657 414 1847 460 scientia
1879 415 2061 459 animae

58 481 267 543 &christi
290 491 469 542 poterat
494 495 593 526 esse
619 481 847 536 collativa,
874 491 920 525 et
946 482 1209 535 discursiva,
1235 492 1415 541 poterat
1440 483 1563 527 enim
1597 498 1651 528 ex
1683 496 1775 528 uno
1803 481 1925 526 aliud
1953 495 2059 526 con-

66 538 291 620 {dudm-e,
306 549 424 594 sicut
437 547 522 594 sibi
538 548 770 608 placebat:
789 548 905 593 sicut
926 547 1314 606 Matth.17.,cum
1332 549 1560 594 Dominus
1582 550 1848 609 quaesiisset
1864 563 1890 594 a
1907 549 2061 604 Petro,

61 626 121 662 'a
145 615 307 677 quibus
333 629 464 675 reges
489 625 636 660 terrae
662 615 880 660 tributum
907 615 1178 674 acciperent,
1213 629 1239 658 a
1264 615 1368 659 filiis
1399 616 1505 670 suis,
1540 631 1597 660 an
1624 617 1678 661 ab
1712 616 1887 671 alienis,
1919 617 2056 661 Petro

55 699 65 707 ··
62 682 412 744 respondente,
438 683 560 742 quod
587 682 641 726 ab
670 681 843 736 alienis,
870 681 1118 727 conclusit:
1146 683 1260 740 Ergo
1287 683 1409 727 liberi
1432 690 1528 728 sunt
1542 684 1642 742 filii.

59 744 62 766 ³
103 756 113 783 ἓ
181 750 260 796 AD
291 762 485 795 PRIMUM
518 763 630 808 ergo
657 748 915 803 dicendum,
942 749 1065 808 quod
1093 763 1119 793 a
1146 749 1333 794 Christo
1367 749 1620 794 excluditur
1646 750 1905 806 consilium,
1937 750 2061 811 quod

187 831 294 862 cum
321 817 615 871 dubitatione,
643 825 687 861 et
711 830 789 876 per
817 830 1104 876 consequens
1131 815 1310 869 electio,
1337 830 1453 876 quae
1479 816 1526 860 in
1552 817 1622 861 sui
1643 818 1819 862 ratione
1841 817 1932 863 tale
1955 832 2062 863 con-

52 908 57 912 ’
55 883 246 932 allum
270 882 490 929 includit:
514 898 609 928 non
637 894 789 928 autem
818 898 843 928 a
871 884 1057 929 Christo
1084 883 1336 928 excluditur
1361 898 1469 927 usus
1496 884 1782 929 consiliandi.

182 951 259 997 AD
285 963 547 997 SECUNDUM
578 951 840 1006 dicendum,
879 951 1003 1011 quod
1038 951 1155 996 ratio
1182 950 1261 995 illa
1286 951 1493 1011 procedit
1518 952 1573 996 de
1599 951 1819 1007 discursu,
1846 963 1891 997 et
1923 952 2062 998 colla-

46 1042 62 1059 „-
60 1018 233 1074 tione,
256 1028 393 1080 prout
417 1018 682 1064 ordinantur
708 1018 764 1063 ad
789 1018 1027 1064 scientiam
1055 1018 1392 1078 acquirendam.

56 1088 111 1113 “-“
181 1086 259 1131 AD
291 1098 508 1132 TERTIUM
546 1085 805 1140 dicendum,
838 1085 958 1145 quod
991 1086 1114 1131 beati
1146 1084 1494 1130 conformantur
1529 1084 1702 1146 angelis
1738 1097 1962 1146 quantum
2003 1088 2059 1132 ad

52 1154 53 1157 ’
57 1152 216 1199 'riona
245 1153 514 1230 gratiarum:
541 1162 697 1197 manet
726 1162 884 1197 tamen
916 1152 1182 1207 differentia,
1216 1167 1332 1212 quae
1364 1162 1431 1198 est
1462 1153 1716 1198 secundum
1747 1162 1983 1209 naturam3
2016 1165 2062 1200 et

55 1218 198 1267 ideo
206 1220 273 1265 uti
288 1219 551 1275 collatione,
568 1229 613 1266 et
628 1221 847 1275 discursu,
867 1230 935 1265 est
951 1220 1247 1265 connaturale
1266 1220 1503 1265 animabus
1521 1220 1778 1276 beatorum,
1793 1235 1888 1266 non
1906 1231 2059 1267 autem

56 1272 283 1361 gingelis.

785 1449 1223 1509 ARTICULUS
1260 1452 1356 1509 1v.
2004 1480 2056 1527 75

327 1584 521 1625 UTRUM
560 1585 708 1634 HAEC
748 1586 1004 1628 SCIENTIA
1043 1588 1100 1627 IN
1141 1587 1382 1628 CHRISTO
1421 1589 1450 1626 F
1458 1588 1622 1629 UERIT
1662 1588 1837 1644 MAJOR

743 1669 998 1709 SCIENTIA
1038 1670 1396 1710 ANGELORUM.

47 1808 54 1832 2
244 1776 387 1838 (Supr.
424 1791 463 1837 q.
500 1793 566 1824 ro.
604 1784 688 1823 art.
724 1792 766 1836 4.
804 1785 842 1823 et
873 1780 974 1838 infr.
1007 1787 1089 1825 art.
1124 1780 1165 1825 6.
1199 1780 1253 1825 ad
1282 1797 1318 1826 1.
1352 1789 1388 1825 et
1423 1796 1461 1840 q.
1489 1795 1556 1841 59.
1599 1787 1679 1826 art.
1723 1781 1764 1827 6.
1797 1788 1910 1841 corp.

51 1838 71 1900 31
117 1850 216 1905 ιί3.
248 1845 362 1891 Dist.
393 1857 461 1903 14.
492 1851 575 1891 art.
606 1861 641 1891 1.
675 1861 713 1905 q.
745 1861 786 1891 2.
819 1846 939 1892 adr.
973 1853 1121 1892 etart.
1155 1862 1195 1892 2.
1229 1863 1268 1907 q.
1301 1863 1342 1893 2.
1376 1857 1492 1909 corp.
1525 1855 1676 1894 etart.
1704 1864 1741 1910 3.
1777 1864 1816 1908 q.
1849 1863 1890 1894 2.
1923 1855 2036 1908 corp.

66 1929 71 1942 ·
430 1919 469 1960 et
502 1913 612 1960 Veri.
640 1928 678 1973 q.
704 1928 776 1960 20.
802 1920 885 1960 art.
907 1930 944 1974 3.
970 1923 1083 1975 corp.
1110 1922 1148 1961 et
1173 1921 1255 1960 art.
1283 1930 1326 1973 4.
1354 1925 1469 1976 corp.
1493 1923 1528 1961 et
1550 1916 1591 1962 6.
1615 1925 1730 1978 corp.

808 1988 847 2028 et
868 1990 1005 2043 opusc
1027 1997 1068 2028 2.
1096 1991 1188 2044 cap.
1211 1983 1294 2029 216
1297 1984 1343 2043 )

63 2083 79 2108 ἔ
120 2115 123 2117 “
180 2092 259 2140 AD
285 2105 522 2145 QUARTUM
547 2093 612 2138 sic
637 2095 910 2154 proceditur.
938 2095 1144 2151 Videtur,
1170 2096 1294 2157 quod
1316 2096 1581 2156 huiusmodi
1598 2096 1788 2141 scientia
1803 2096 1850 2140 in
1873 2096 2061 2142 Christo

55 2149 80 2197 3
58 2156 227 2206 fuerit
255 2161 429 2238 minor,
460 2175 601 2221 quam
631 2162 679 2206 in
711 2162 915 2222 angelis:
949 2162 1169 2223 perfectio
1203 2163 1326 2208 enim
1358 2164 1732 2223 proportionatur
1762 2163 2060 2223 perfectibili:

152 2227 349 2273 anima
373 2228 577 2273 humana
603 2229 854 2275 secundum
882 2230 1092 2275 ordinem
1117 2240 1307 2275 naturae
1333 2241 1401 2275 est
1416 2230 1532 2275 infra
1547 2241 1759 2275 naturam
1778 2230 2059 2291 angelicam,

57 2293 201 2342 &m
218 2294 362 2355 igitur
385 2296 590 2351 scientia,
616 2296 672 2341 de
699 2311 787 2356 qua
813 2311 935 2341 nunc
962 2296 1209 2357 loquimur,
1236 2298 1294 2343 sit
1318 2299 1460 2343 indita
1487 2299 1668 2343 animae
1697 2298 1871 2343 Christi
1892 2299 1947 2343 ad
1968 2313 2064 2359 per-

22 2398 28 2405 .
52 2361 68 2423 j
174 2362 340 2408 n‘onem
363 2362 521 2422 ipsius,
546 2363 726 2408 videtur
751 2364 874 2424 quod
900 2364 1165 2424 hujusmodi
1190 2366 1381 2411 scientia
1405 2365 1541 2411 fuerit
1563 2365 1680 2410 infra
1698 2365 1955 2421 scientiam,
1973 2380 2064 2426 qua

60 2447 125 2495 g
133 2450 153 2467 a
183 2429 321 2476 mitur
344 2440 504 2475 natura
531 2430 754 2489 angelica.

146 2509 224 2543 2.
250 2496 549 2543 PRAETEREA.
576 2498 779 2543 Scientia
805 2499 985 2544 animae
1012 2499 1186 2544 Christi
1210 2499 1295 2545 fuit
1320 2499 1474 2560 aliquo
1498 2500 1640 2544 modo
1665 2499 1894 2555 collativa,
1918 2509 1962 2545 et
1978 2500 2064 2546 dis-

63 2564 295 2612 cursura
322 2565 446 2625 quod
487 2579 583 2610 non
613 2575 765 2643 potest
795 2565 887 2611 dici
917 2567 973 2611 de
1010 2567 1199 2612 scientia
1232 2567 1463 2627 angelica;
1500 2581 1611 2627 ergo
1648 2568 1839 2612 scientia
1871 2568 2052 2613 animae

117 2631 266 2678 bristi
289 2631 375 2678 fuit
397 2631 586 2677 inferior
610 2633 802 2678 scientia
828 2633 1113 2693 angelorum.

138 2712 224 2760 3
255 2700 553 2745 Pmmnm.
589 2701 780 2754 Quanto
807 2701 958 2761 aliqua
984 2702 1173 2746 scientia
1206 2712 1274 2746 est
1298 2703 1446 2761 magis
1472 2701 1802 2757 immaterialis,
1833 2711 1960 2748 tanto
1994 2714 2062 2748 est

62 2779 272 2829 5³:01·
294 2767 373 2812 sed
395 2767 585 2812 scientia
608 2768 878 2827 angelorum
897 2779 964 2813 est
980 2769 1342 2823 immaterialior,
1361 2784 1498 2828 quam
1516 2770 1705 2814 scientia
1729 2770 1911 2815 animae
1929 2770 2062 2815 Chri-

158 2835 304 2894 quia
330 2835 483 2878 anima
507 2835 679 2879 Christi
705 2847 771 2880 est
799 2847 923 2881 actus
952 2837 1171 2895 corporis,
1205 2847 1250 2880 et
1280 2837 1420 2880 habet
1446 2837 1795 2882 conversionem
1829 2837 1884 2881 ad
1917 2838 2059 2895 phan-

67 2907 308 2957 asmata
335 2902 458 2961 quod
484 2902 539 2946 de
566 2902 740 2961 angelis
763 2904 851 2947 dici
867 2917 962 2948 non
983 2913 1155 2963 potest3
1175 2918 1286 2963 ergo
1309 2904 1498 2948 scientia
1517 2903 1790 2963 angelorum
1808 2914 1875 2949 est
1891 2905 2058 2964 potior,

94 2975 234 3049 uam
259 2968 448 3014 scientia
475 2969 654 3014 animae
683 2970 870 3015 Christi.

140 3033 279 3081 SED
305 3048 501 3081 CONTRA
527 3046 608 3090 est,
634 3037 758 3096 quod
784 3037 946 3097 Apost.
973 3038 1084 3082 dicit
1109 3038 1246 3082 Hebr.
1275 3051 1340 3082 2.:
1359 3039 1469 3083 Eum
1487 3045 1643 3093 autem,
1661 3040 1733 3097 qui
1754 3038 1914 3083 modico
1933 3052 2058 3096 quam

63 3098 245 3165 Δηώ
275 3105 508 3149 minoratus
535 3110 604 3157 est,
631 3103 819 3149 videmus
838 3106 977 3162 Iesum
1004 3112 1181 3164 propter
1209 3107 1444 3164 passionem
1478 3107 1623 3150 mortis
1652 3106 1805 3164 gloria,
1839 3112 1877 3150 et
1908 3106 2060 3150 honore

176 3174 370 3214 nahem:
399 3184 453 3215 ex
478 3184 569 3230 quo
606 3181 806 3231 apparet,
842 3172 965 3231 quod
1004 3182 1187 3231 propter
1213 3172 1362 3216 solam
1394 3173 1655 3233 passionem
1693 3173 1853 3217 mortis
1885 3172 2061 3217 dicatur

71 3297 73 3300 .
77 3234 304 3283 hrisms
329 3237 384 3282 ab
412 3237 586 3296 angelis
612 3241 890 3293 minoratus;
921 3253 1015 3284 non
1038 3253 1149 3299 ergo
1173 3249 1357 3299 propter
1383 3240 1636 3284 scientiam.

58 3300 109 3324 ³
182 3301 472 3350 Rsssroumzo
490 3306 751 3360 dicendum,
769 3307 890 3365 quod
918 3305 1111 3351 scientia
1136 3307 1278 3350 indita
1305 3307 1486 3351 animae
1516 3306 1686 3351 Christi
1712 3315 1863 3364 potest
1887 3305 2061 3365 duplici-

49 3367 50 3370 ’
64 3369 161 3416 'nr
182 3370 481 3415 considerari.
508 3386 590 3416 uno
615 3373 736 3417 modo
762 3373 1014 3417 secundum
1040 3373 1166 3427 illud,
1193 3374 1315 3432 quod
1341 3374 1502 3417 habuit
1521 3388 1546 3416 a
1564 3386 1701 3416 causa
1719 3372 1957 3417 influente:
1974 3372 2059 3417 alio

13 3474 38 3483 .,
59 3431 232 3485 modo
240 3437 493 3481 secundum
518 3437 579 3491 id,
604 3439 727 3498 quod
758 3439 917 3484 habuit
949 3453 1002 3484 ex
1035 3440 1239 3498 subjecto
1275 3440 1548 3499 recipiente;
1584 3448 1805 3497 quantum
1838 3438 1975 3497 igitur
2005 3439 2060 3484 ad

12 3503 19 3538 ἶ
49 3547 51 3550 Α
61 3499 296 3565 primum,
322 3504 511 3548 scientia
537 3505 678 3550 indita
704 3506 884 3551 animae
912 3506 1083 3552 Christi
1115 3506 1197 3550 fuit
1222 3506 1369 3550 multo
1397 3505 1707 3558 excellentior,
1741 3519 1880 3563 quam
1922 3518 2057 3564 ange·

57 3565 244 3619 lorum
271 3569 475 3624 scientia,
510 3581 554 3615 et
593 3581 815 3631 quantum
850 3573 907 3617 ad
941 3572 1281 3618 multitudinem
1317 3573 1626 3631 cognitorum,
1661 3581 1706 3615 et
1737 3581 1958 3648 quantum
2000 3572 2057 3617 ad

49 3622 77 3646 '
56 3631 311 3707 {sscientiae
323 3636 659 3682 certitudinem.
677 3638 783 3698 quia
799 3637 955 3684 lumen
971 3639 1214 3698 spiritualis
1231 3639 1418 3698 gratiae,
1436 3638 1560 3698 quod
1579 3648 1646 3683 est
1662 3637 1857 3683 inditum
1874 3638 2056 3684 animae
