<?xml version="1.0" encoding="UTF-8"?>
<!DOCTYPE html PUBLIC "-//W3C//DTD XHTML 1.0 Transitional//EN"
    "http://www.w3.org/TR/xhtml1/DTD/xhtml1-transitional.dtd">
<html xmlns="http://www.w3.org/1999/xhtml" xml:lang="en" lang="en">
 <head>
  <title>
</title>
<meta http-equiv="Content-Type" content="text/html;charset=utf-8" />
  <meta name='ocr-system' content='tesseract 3.04.00' />
  <meta name='ocr-capabilities' content='ocr_page ocr_carea ocr_par ocr_line ocrx_word'/>
</head>
<body>
  <div class='ocr_page' id='page_1' title='image "./divithomaeaquina04thom_0466.png"; bbox 0 0 2352 3926; ppageno 0'>
   <div class='ocr_carea' id='block_1_1' title="bbox 265 203 1678 274">
    <p class='ocr_par' dir='ltr' id='par_1_1' title="bbox 265 203 1678 274">
     <span class='ocr_line' id='line_1_1' title="bbox 265 203 1678 274; baseline -0.005 -17"><span class='ocrx_word' id='word_1_1' title='bbox 265 203 371 274; x_wconf 89' lang='lat'>462</span> <span class='ocrx_word' id='word_1_2' title='bbox 839 213 1123 260; x_wconf 80' lang='lat' dir='ltr'>QUAEsTlo</span> <span class='ocrx_word' id='word_1_3' title='bbox 1165 213 1252 252; x_wconf 70' lang='grc' dir='ltr'>ιν.</span> <span class='ocrx_word' id='word_1_4' title='bbox 1292 208 1602 253; x_wconf 75' lang='lat' dir='ltr'>AR’rxcuLus</span> <span class='ocrx_word' id='word_1_5' title='bbox 1639 211 1678 251; x_wconf 89' lang='lat'>1.</span> 
     </span>
    </p>
   </div>
   <div class='ocr_carea' id='block_1_2' title="bbox 265 313 2234 510">
    <p class='ocr_par' dir='ltr' id='par_1_2' title="bbox 265 313 2234 510">
     <span class='ocr_line' id='line_1_2' title="bbox 354 313 2233 374; baseline -0.002 -11"><span class='ocrx_word' id='word_1_6' title='bbox 354 318 644 363; x_wconf 67' lang='lat' dir='ltr'>REspoNnno</span> <span class='ocrx_word' id='word_1_7' title='bbox 673 315 930 369; x_wconf 90' lang='lat' dir='ltr'>dicendum,</span> <span class='ocrx_word' id='word_1_8' title='bbox 957 315 1080 374; x_wconf 91' lang='lat' dir='ltr'>quod</span> <span class='ocrx_word' id='word_1_9' title='bbox 1106 328 1282 368; x_wconf 89' lang='lat' dir='ltr'>eorum,</span> <span class='ocrx_word' id='word_1_10' title='bbox 1309 328 1425 373; x_wconf 91' lang='lat' dir='ltr'>quae</span> <span class='ocrx_word' id='word_1_11' title='bbox 1448 322 1804 373; x_wconf 89' lang='lat' dir='ltr'>cognoscuntur,</span> <span class='ocrx_word' id='word_1_12' title='bbox 1822 313 2046 374; x_wconf 87' lang='lat' dir='ltr'>quaedam</span> <span class='ocrx_word' id='word_1_13' title='bbox 2064 326 2233 374; x_wconf 86' lang='lat' dir='ltr'>cogno·</span> 
     </span>
     <span class='ocr_line' id='line_1_3' title="bbox 265 380 2234 441; baseline -0.002 -11"><span class='ocrx_word' id='word_1_14' title='bbox 265 395 452 430; x_wconf 89' lang='lat' dir='ltr'>scuntur</span> <span class='ocrx_word' id='word_1_15' title='bbox 475 383 710 428; x_wconf 90' lang='lat' dir='ltr'>communi</span> <span class='ocrx_word' id='word_1_16' title='bbox 736 381 837 441; x_wconf 91' lang='lat' dir='ltr'>lege</span> <span class='ocrx_word' id='word_1_17' title='bbox 860 392 1062 435; x_wconf 88' lang='lat' dir='ltr'>naturae,</span> <span class='ocrx_word' id='word_1_18' title='bbox 1081 381 1309 440; x_wconf 87' lang='lat' dir='ltr'>quaedam</span> <span class='ocrx_word' id='word_1_19' title='bbox 1327 390 1480 425; x_wconf 91' lang='lat' dir='ltr'>autern</span> <span class='ocrx_word' id='word_1_20' title='bbox 1499 390 1839 438; x_wconf 88' lang='lat' dir='ltr'>cognoscuntur</span> <span class='ocrx_word' id='word_1_21' title='bbox 1857 395 1912 426; x_wconf 85' lang='lat' dir='ltr'>ex</span> <span class='ocrx_word' id='word_1_22' title='bbox 1929 380 2117 441; x_wconf 87' lang='lat' dir='ltr'>speciali</span> <span class='ocrx_word' id='word_1_23' title='bbox 2136 395 2234 426; x_wconf 89' lang='lat' dir='ltr'>mu-</span> 
     </span>
     <span class='ocr_line' id='line_1_4' title="bbox 265 447 2233 510; baseline -0.002 -14"><span class='ocrx_word' id='word_1_24' title='bbox 265 467 373 496; x_wconf 87' lang='lat' dir='ltr'><strong>nere</strong></span> <span class='ocrx_word' id='word_1_25' title='bbox 399 452 585 510; x_wconf 88' lang='lat' dir='ltr'>gratiae‚</span> <span class='ocrx_word' id='word_1_26' title='bbox 607 450 724 493; x_wconf 91' lang='lat' dir='ltr'>sicut</span> <span class='ocrx_word' id='word_1_27' title='bbox 746 464 800 493; x_wconf 90' lang='lat' dir='ltr'>ea</span> <span class='ocrx_word' id='word_1_28' title='bbox 818 462 933 507; x_wconf 89' lang='lat' dir='ltr'>quae</span> <span class='ocrx_word' id='word_1_29' title='bbox 951 449 1162 493; x_wconf 87' lang='lat' dir='ltr'>divinitus</span> <span class='ocrx_word' id='word_1_30' title='bbox 1179 448 1456 493; x_wconf 87' lang='lat' dir='ltr'>revelantur:</span> <span class='ocrx_word' id='word_1_31' title='bbox 1475 461 1672 507; x_wconf 91' lang='lat' dir='ltr'>quorum</span> <span class='ocrx_word' id='word_1_32' title='bbox 1703 447 1902 506; x_wconf 90' lang='lat' dir='ltr'>quidem,</span> <span class='ocrx_word' id='word_1_33' title='bbox 1918 458 1968 492; x_wconf 91' lang='lat' dir='ltr'>ut</span> <span class='ocrx_word' id='word_1_34' title='bbox 1981 447 2233 508; x_wconf 80' lang='lat' dir='ltr'>Dionysius</span> 
     </span>
    </p>
   </div>
   <div class='ocr_carea' id='block_1_3' title="bbox 267 513 2307 575">
    <p class='ocr_par' dir='ltr' id='par_1_3' title="bbox 267 513 2307 575">
     <span class='ocr_line' id='line_1_5' title="bbox 267 513 2307 575; baseline -0.002 -12"><span class='ocrx_word' id='word_1_35' title='bbox 267 519 376 563; x_wconf 91' lang='lat' dir='ltr'>dicit</span> <span class='ocrx_word' id='word_1_36' title='bbox 400 519 446 561; x_wconf 91' lang='lat' dir='ltr'>in</span> <span class='ocrx_word' id='word_1_37' title='bbox 473 518 547 560; x_wconf 90' lang='lat' dir='ltr'>lib.</span> <span class='ocrx_word' id='word_1_38' title='bbox 577 515 708 560; x_wconf 91' lang='lat' dir='ltr'>Coel.</span> <span class='ocrx_word' id='word_1_39' title='bbox 737 516 861 559; x_wconf 84' lang='lat' dir='ltr'>Hier.</span> <span class='ocrx_word' id='word_1_40' title='bbox 893 515 1001 575; x_wconf 83' lang='lat' dir='ltr'>(cap.</span> <span class='ocrx_word' id='word_1_41' title='bbox 1027 529 1070 573; x_wconf 87' lang='lat'>4.</span> <span class='ocrx_word' id='word_1_42' title='bbox 1097 530 1124 560; x_wconf 85' lang='lat' dir='ltr'>a</span> <span class='ocrx_word' id='word_1_43' title='bbox 1149 515 1293 573; x_wconf 73' lang='lat' dir='ltr'>med),</span> <span class='ocrx_word' id='word_1_44' title='bbox 1325 531 1348 556; x_wconf 89' lang='lat'>«</span> <span class='ocrx_word' id='word_1_45' title='bbox 1373 515 1489 559; x_wconf 89' lang='lat' dir='ltr'>haec</span> <span class='ocrx_word' id='word_1_46' title='bbox 1517 524 1585 559; x_wconf 87' lang='lat' dir='ltr'>est</span> <span class='ocrx_word' id='word_1_47' title='bbox 1607 513 1679 558; x_wconf 84' lang='lat' dir='ltr'>lex</span> <span class='ocrx_word' id='word_1_48' title='bbox 1705 514 1918 559; x_wconf 87' lang='lat' dir='ltr'>divinitus</span> <span class='ocrx_word' id='word_1_49' title='bbox 1942 515 2159 570; x_wconf 86' lang='lat' dir='ltr'>instituta,</span> <span class='ocrx_word' id='word_1_50' title='bbox 2183 523 2235 559; x_wconf 90' lang='lat' dir='ltr'>ut</span> <span class='ocrx_word' id='word_1_51' title='bbox 2305 516 2307 518; x_wconf 75' lang='grc'><strong>’</strong></span> 
     </span>
    </p>
   </div>
   <div class='ocr_carea' id='block_1_4' title="bbox 265 579 2242 3131">
    <p class='ocr_par' dir='ltr' id='par_1_4' title="bbox 265 579 2238 1165">
     <span class='ocr_line' id='line_1_6' title="bbox 266 579 2234 641; baseline -0.002 -12"><span class='ocrx_word' id='word_1_52' title='bbox 266 600 292 629; x_wconf 86' lang='lat' dir='ltr'>a</span> <span class='ocrx_word' id='word_1_53' title='bbox 318 586 421 629; x_wconf 92' lang='lat' dir='ltr'>Deo</span> <span class='ocrx_word' id='word_1_54' title='bbox 448 584 712 627; x_wconf 83' lang='lat' dir='ltr'>immediate</span> <span class='ocrx_word' id='word_1_55' title='bbox 739 582 1046 641; x_wconf 90' lang='lat' dir='ltr'>superioribus</span> <span class='ocrx_word' id='word_1_56' title='bbox 1072 582 1344 636; x_wconf 89' lang='lat' dir='ltr'>revelentur,</span> <span class='ocrx_word' id='word_1_57' title='bbox 1371 582 1532 641; x_wconf 90' lang='lat' dir='ltr'>quibus</span> <span class='ocrx_word' id='word_1_58' title='bbox 1560 581 1863 625; x_wconf 86' lang='lat' dir='ltr'>mediantibus</span> <span class='ocrx_word' id='word_1_59' title='bbox 1895 579 2152 626; x_wconf 86' lang='lat' dir='ltr'>deferantur</span> <span class='ocrx_word' id='word_1_60' title='bbox 2175 581 2234 626; x_wconf 89' lang='lat' dir='ltr'>ad</span> 
     </span>
     <span class='ocr_line' id='line_1_7' title="bbox 266 648 2234 708; baseline -0.003 -11"><span class='ocrx_word' id='word_1_61' title='bbox 266 652 501 697; x_wconf 89' lang='lat' dir='ltr'>inferiores</span> <span class='ocrx_word' id='word_1_62' title='bbox 528 668 570 704; x_wconf 74' lang='lat'>³),</span> <span class='ocrx_word' id='word_1_63' title='bbox 598 651 715 694; x_wconf 87' lang='lat' dir='ltr'>sicut</span> <span class='ocrx_word' id='word_1_64' title='bbox 739 660 863 708; x_wconf 90' lang='lat' dir='ltr'>patet</span> <span class='ocrx_word' id='word_1_65' title='bbox 889 650 935 693; x_wconf 91' lang='lat' dir='ltr'>in</span> <span class='ocrx_word' id='word_1_66' title='bbox 962 650 1250 694; x_wconf 90' lang='lat' dir='ltr'>ordinatione</span> <span class='ocrx_word' id='word_1_67' title='bbox 1287 649 1558 695; x_wconf 82' lang='lat' dir='ltr'>coelestium</span> <span class='ocrx_word' id='word_1_68' title='bbox 1583 648 1843 708; x_wconf 88' lang='lat' dir='ltr'>spirituum:</span> <span class='ocrx_word' id='word_1_69' title='bbox 1872 661 1927 692; x_wconf 89' lang='lat' dir='ltr'>ea</span> <span class='ocrx_word' id='word_1_70' title='bbox 1964 662 2075 693; x_wconf 90' lang='lat' dir='ltr'>vero</span> <span class='ocrx_word' id='word_1_71' title='bbox 2116 662 2234 708; x_wconf 85' lang='lat' dir='ltr'>quae</span> 
     </span>
     <span class='ocr_line' id='line_1_8' title="bbox 266 715 2234 779; baseline -0.002 -17"><span class='ocrx_word' id='word_1_72' title='bbox 266 719 493 779; x_wconf 87' lang='lat' dir='ltr'>pertinent</span> <span class='ocrx_word' id='word_1_73' title='bbox 518 718 573 761; x_wconf 84' lang='lat' dir='ltr'>ad</span> <span class='ocrx_word' id='word_1_74' title='bbox 599 717 798 761; x_wconf 89' lang='lat' dir='ltr'>futuram</span> <span class='ocrx_word' id='word_1_75' title='bbox 826 716 1038 776; x_wconf 82' lang='lat' dir='ltr'>gloriam,</span> <span class='ocrx_word' id='word_1_76' title='bbox 1066 731 1366 760; x_wconf 88' lang='lat' dir='ltr'>communem</span> <span class='ocrx_word' id='word_1_77' title='bbox 1393 715 1638 759; x_wconf 88' lang='lat' dir='ltr'>hominum</span> <span class='ocrx_word' id='word_1_78' title='bbox 1661 715 1975 773; x_wconf 88' lang='lat' dir='ltr'>cognitionem</span> <span class='ocrx_word' id='word_1_79' title='bbox 1996 715 2234 769; x_wconf 83' lang='lat' dir='ltr'>excedunt,</span> 
     </span>
     <span class='ocr_line' id='line_1_9' title="bbox 267 782 2236 842; baseline -0.002 -12"><span class='ocrx_word' id='word_1_80' title='bbox 267 786 519 830; x_wconf 89' lang='lat' dir='ltr'>secundum</span> <span class='ocrx_word' id='word_1_81' title='bbox 545 784 656 828; x_wconf 90' lang='lat' dir='ltr'>illud</span> <span class='ocrx_word' id='word_1_82' title='bbox 684 785 768 828; x_wconf 91' lang='lat' dir='ltr'>Isa.</span> <span class='ocrx_word' id='word_1_83' title='bbox 797 782 891 839; x_wconf 87' lang='lat'><strong>64.:</strong></span> <span class='ocrx_word' id='word_1_84' title='bbox 925 785 1080 829; x_wconf 84' lang='lat' dir='ltr'>Oculus</span> <span class='ocrx_word' id='word_1_85' title='bbox 1117 799 1200 828; x_wconf 86' lang='lat' dir='ltr'>non</span> <span class='ocrx_word' id='word_1_86' title='bbox 1231 784 1354 837; x_wconf 86' lang='lat' dir='ltr'>vidit,</span> <span class='ocrx_word' id='word_1_87' title='bbox 1383 785 1511 837; x_wconf 78' lang='lat' dir='ltr'>Deus,</span> <span class='ocrx_word' id='word_1_88' title='bbox 1555 785 1703 842; x_wconf 79' lang='lat' dir='ltr'>absque</span> <span class='ocrx_word' id='word_1_89' title='bbox 1741 789 1791 835; x_wconf 77' lang='lat' dir='ltr'>te,</span> <span class='ocrx_word' id='word_1_90' title='bbox 1832 797 1937 841; x_wconf 82' lang='lat' dir='ltr'>quae</span> <span class='ocrx_word' id='word_1_91' title='bbox 1969 782 2236 842; x_wconf 49' lang='lat' dir='ltr'>praeparasti</span> 
     </span>
     <span class='ocr_line' id='line_1_10' title="bbox 266 849 2237 913; baseline -0.003 -16"><span class='ocrx_word' id='word_1_92' title='bbox 266 854 574 913; x_wconf 81' lang='lat' dir='ltr'>expectantibus</span> <span class='ocrx_word' id='word_1_93' title='bbox 600 858 648 896; x_wconf 83' lang='lat' dir='ltr'>te.</span> <span class='ocrx_word' id='word_1_94' title='bbox 676 851 732 895; x_wconf 90' lang='lat' dir='ltr'>Et</span> <span class='ocrx_word' id='word_1_95' title='bbox 756 851 860 895; x_wconf 88' lang='lat' dir='ltr'>ideo</span> <span class='ocrx_word' id='word_1_96' title='bbox 887 852 1150 909; x_wconf 89' lang='lat' dir='ltr'>hujusmodi</span> <span class='ocrx_word' id='word_1_97' title='bbox 1177 851 1230 894; x_wconf 89' lang='lat' dir='ltr'>ab</span> <span class='ocrx_word' id='word_1_98' title='bbox 1258 851 1448 894; x_wconf 90' lang='lat' dir='ltr'>homine</span> <span class='ocrx_word' id='word_1_99' title='bbox 1484 865 1578 894; x_wconf 91' lang='lat' dir='ltr'>non</span> <span class='ocrx_word' id='word_1_100' title='bbox 1612 858 1968 908; x_wconf 87' lang='lat' dir='ltr'>cognoscuntur,</span> <span class='ocrx_word' id='word_1_101' title='bbox 1999 849 2088 894; x_wconf 90' lang='lat' dir='ltr'>nisi</span> <span class='ocrx_word' id='word_1_102' title='bbox 2128 849 2237 893; x_wconf 86' lang='lat' dir='ltr'>divi-</span> 
     </span>
     <span class='ocr_line' id='line_1_11' title="bbox 268 916 2236 977; baseline -0.002 -13"><span class='ocrx_word' id='word_1_103' title='bbox 268 921 387 964; x_wconf 87' lang='lat' dir='ltr'>nitus</span> <span class='ocrx_word' id='word_1_104' title='bbox 419 918 644 972; x_wconf 82' lang='lat' dir='ltr'>revelata3</span> <span class='ocrx_word' id='word_1_105' title='bbox 673 920 788 962; x_wconf 86' lang='lat' dir='ltr'>sicut</span> <span class='ocrx_word' id='word_1_106' title='bbox 814 918 1066 977; x_wconf 81' lang='lat' dir='ltr'>Apostolus</span> <span class='ocrx_word' id='word_1_107' title='bbox 1094 918 1203 962; x_wconf 90' lang='lat' dir='ltr'>dicit</span> <span class='ocrx_word' id='word_1_108' title='bbox 1233 931 1268 961; x_wconf 93' lang='lat'>1.</span> <span class='ocrx_word' id='word_1_109' title='bbox 1297 918 1352 961; x_wconf 89' lang='lat' dir='ltr'>ad</span> <span class='ocrx_word' id='word_1_110' title='bbox 1382 918 1489 961; x_wconf 89' lang='lat' dir='ltr'>Cor.</span> <span class='ocrx_word' id='word_1_111' title='bbox 1518 930 1581 961; x_wconf 88' lang='lat'>2.:</span> <span class='ocrx_word' id='word_1_112' title='bbox 1609 918 1742 962; x_wconf 80' lang='lat' dir='ltr'>Nobis</span> <span class='ocrx_word' id='word_1_113' title='bbox 1779 916 1981 961; x_wconf 81' lang='lat' dir='ltr'>revelavit</span> <span class='ocrx_word' id='word_1_114' title='bbox 2013 917 2129 961; x_wconf 78' lang='lat' dir='ltr'>Deus</span> <span class='ocrx_word' id='word_1_115' title='bbox 2155 923 2236 976; x_wconf 79' lang='lat' dir='ltr'>per</span> 
     </span>
     <span class='ocr_line' id='line_1_12' title="bbox 265 983 2234 1046; baseline -0.002 -15"><span class='ocrx_word' id='word_1_116' title='bbox 265 987 472 1046; x_wconf 83' lang='lat' dir='ltr'>Spiritum</span> <span class='ocrx_word' id='word_1_117' title='bbox 490 1001 635 1030; x_wconf 84' lang='lat' dir='ltr'>suum:</span> <span class='ocrx_word' id='word_1_118' title='bbox 663 987 768 1044; x_wconf 88' lang='lat' dir='ltr'>quia</span> <span class='ocrx_word' id='word_1_119' title='bbox 785 985 920 1044; x_wconf 88' lang='lat' dir='ltr'>igitur</span> <span class='ocrx_word' id='word_1_120' title='bbox 940 985 1148 1029; x_wconf 87' lang='lat' dir='ltr'>Christus</span> <span class='ocrx_word' id='word_1_121' title='bbox 1165 986 1406 1029; x_wconf 82' lang='lat' dir='ltr'>resurrexit</span> <span class='ocrx_word' id='word_1_122' title='bbox 1423 984 1625 1041; x_wconf 85' lang='lat' dir='ltr'>gloriosa</span> <span class='ocrx_word' id='word_1_123' title='bbox 1642 983 1990 1037; x_wconf 87' lang='lat' dir='ltr'>resurrectione,</span> <span class='ocrx_word' id='word_1_124' title='bbox 2010 983 2117 1028; x_wconf 87' lang='lat' dir='ltr'>ideo</span> <span class='ocrx_word' id='word_1_125' title='bbox 2137 984 2234 1042; x_wconf 89' lang='lat' dir='ltr'>ejus</span> 
     </span>
     <span class='ocr_line' id='line_1_13' title="bbox 267 1051 2238 1111; baseline -0.002 -13"><span class='ocrx_word' id='word_1_126' title='bbox 267 1053 537 1098; x_wconf 89' lang='lat' dir='ltr'>resurrectio</span> <span class='ocrx_word' id='word_1_127' title='bbox 570 1067 665 1096; x_wconf 91' lang='lat' dir='ltr'>non</span> <span class='ocrx_word' id='word_1_128' title='bbox 698 1053 826 1096; x_wconf 89' lang='lat' dir='ltr'>omni</span> <span class='ocrx_word' id='word_1_129' title='bbox 858 1052 1029 1111; x_wconf 92' lang='lat' dir='ltr'>populo</span> <span class='ocrx_word' id='word_1_130' title='bbox 1063 1052 1351 1096; x_wconf 84' lang='lat' dir='ltr'>manifestata</span> <span class='ocrx_word' id='word_1_131' title='bbox 1384 1062 1465 1104; x_wconf 86' lang='lat' dir='ltr'>est,</span> <span class='ocrx_word' id='word_1_132' title='bbox 1487 1052 1565 1095; x_wconf 89' lang='lat' dir='ltr'>sed</span> <span class='ocrx_word' id='word_1_133' title='bbox 1589 1051 1874 1110; x_wconf 89' lang='lat' dir='ltr'>quibusdam,</span> <span class='ocrx_word' id='word_1_134' title='bbox 1901 1064 2097 1110; x_wconf 88' lang='lat' dir='ltr'>quorum</span> <span class='ocrx_word' id='word_1_135' title='bbox 2117 1051 2238 1095; x_wconf 90' lang='lat' dir='ltr'>testi-</span> 
     </span>
     <span class='ocr_line' id='line_1_14' title="bbox 269 1118 1249 1165; baseline -0.002 -1"><span class='ocrx_word' id='word_1_136' title='bbox 269 1121 428 1165; x_wconf 90' lang='lat' dir='ltr'>monio</span> <span class='ocrx_word' id='word_1_137' title='bbox 456 1119 703 1164; x_wconf 88' lang='lat' dir='ltr'>deferretur</span> <span class='ocrx_word' id='word_1_138' title='bbox 728 1120 774 1162; x_wconf 90' lang='lat' dir='ltr'>in</span> <span class='ocrx_word' id='word_1_139' title='bbox 802 1118 997 1163; x_wconf 88' lang='lat' dir='ltr'>aliorum</span> <span class='ocrx_word' id='word_1_140' title='bbox 1024 1119 1249 1163; x_wconf 85' lang='lat' dir='ltr'>notitiam.</span> 
     </span>
    </p>

    <p class='ocr_par' dir='ltr' id='par_1_5' title="bbox 268 1182 2240 1783">
     <span class='ocr_line' id='line_1_15' title="bbox 358 1182 2236 1245; baseline -0.002 -13"><span class='ocrx_word' id='word_1_141' title='bbox 358 1189 436 1232; x_wconf 87' lang='lat' dir='ltr'>AD</span> <span class='ocrx_word' id='word_1_142' title='bbox 461 1200 650 1232; x_wconf 80' lang='lat' dir='ltr'>PRIMUM</span> <span class='ocrx_word' id='word_1_143' title='bbox 677 1200 787 1245; x_wconf 88' lang='lat' dir='ltr'>ergo</span> <span class='ocrx_word' id='word_1_144' title='bbox 815 1186 1072 1240; x_wconf 90' lang='lat' dir='ltr'>dicendum,</span> <span class='ocrx_word' id='word_1_145' title='bbox 1100 1186 1222 1244; x_wconf 91' lang='lat' dir='ltr'>quod</span> <span class='ocrx_word' id='word_1_146' title='bbox 1251 1182 1401 1244; x_wconf 87' lang='lat' dir='ltr'>passio</span> <span class='ocrx_word' id='word_1_147' title='bbox 1431 1185 1599 1229; x_wconf 83' lang='lat' dir='ltr'>Christi</span> <span class='ocrx_word' id='word_1_148' title='bbox 1626 1194 1812 1243; x_wconf 88' lang='lat' dir='ltr'>peracta</span> <span class='ocrx_word' id='word_1_149' title='bbox 1847 1194 1916 1229; x_wconf 86' lang='lat' dir='ltr'>est</span> <span class='ocrx_word' id='word_1_150' title='bbox 1954 1184 2000 1229; x_wconf 91' lang='lat' dir='ltr'>in</span> <span class='ocrx_word' id='word_1_151' title='bbox 2042 1197 2236 1243; x_wconf 86' lang='lat' dir='ltr'>corpore</span> 
     </span>
     <span class='ocr_line' id='line_1_16' title="bbox 270 1251 2239 1312; baseline -0.002 -13"><span class='ocrx_word' id='word_1_152' title='bbox 270 1255 418 1299; x_wconf 89' lang='lat' dir='ltr'>adhuc</span> <span class='ocrx_word' id='word_1_153' title='bbox 444 1255 640 1298; x_wconf 89' lang='lat' dir='ltr'>habente</span> <span class='ocrx_word' id='word_1_154' title='bbox 667 1264 878 1298; x_wconf 89' lang='lat' dir='ltr'>naturam</span> <span class='ocrx_word' id='word_1_155' title='bbox 905 1254 1181 1312; x_wconf 88' lang='lat' dir='ltr'>passibilem,</span> <span class='ocrx_word' id='word_1_156' title='bbox 1209 1267 1324 1312; x_wconf 89' lang='lat' dir='ltr'>quae</span> <span class='ocrx_word' id='word_1_157' title='bbox 1353 1253 1592 1296; x_wconf 88' lang='lat' dir='ltr'>communi</span> <span class='ocrx_word' id='word_1_158' title='bbox 1607 1251 1708 1310; x_wconf 91' lang='lat' dir='ltr'>lege</span> <span class='ocrx_word' id='word_1_159' title='bbox 1725 1262 1836 1296; x_wconf 89' lang='lat' dir='ltr'>nota</span> <span class='ocrx_word' id='word_1_160' title='bbox 1853 1262 1923 1297; x_wconf 91' lang='lat' dir='ltr'>est</span> <span class='ocrx_word' id='word_1_161' title='bbox 1937 1251 2170 1297; x_wconf 84' lang='lat' dir='ltr'>omnibus:</span> <span class='ocrx_word' id='word_1_162' title='bbox 2193 1261 2239 1296; x_wconf 90' lang='lat' dir='ltr'>et</span> 
     </span>
     <span class='ocr_line' id='line_1_17' title="bbox 268 1318 2237 1381; baseline -0.002 -14"><span class='ocrx_word' id='word_1_163' title='bbox 268 1323 374 1367; x_wconf 90' lang='lat' dir='ltr'>ideo</span> <span class='ocrx_word' id='word_1_164' title='bbox 400 1323 551 1381; x_wconf 88' lang='lat' dir='ltr'>passio</span> <span class='ocrx_word' id='word_1_165' title='bbox 581 1322 752 1366; x_wconf 88' lang='lat' dir='ltr'>Christi</span> <span class='ocrx_word' id='word_1_166' title='bbox 778 1321 906 1364; x_wconf 89' lang='lat' dir='ltr'>omni</span> <span class='ocrx_word' id='word_1_167' title='bbox 932 1320 1103 1379; x_wconf 90' lang='lat' dir='ltr'>populo</span> <span class='ocrx_word' id='word_1_168' title='bbox 1131 1320 1394 1364; x_wconf 87' lang='lat' dir='ltr'>immediate</span> <span class='ocrx_word' id='word_1_169' title='bbox 1437 1318 1716 1363; x_wconf 89' lang='lat' dir='ltr'>manifestari</span> <span class='ocrx_word' id='word_1_170' title='bbox 1756 1319 1916 1378; x_wconf 89' lang='lat' dir='ltr'>potuit.</span> <span class='ocrx_word' id='word_1_171' title='bbox 1947 1318 2237 1364; x_wconf 84' lang='lat' dir='ltr'>Resurrectio</span> 
     </span>
     <span class='ocr_line' id='line_1_18' title="bbox 269 1383 2239 1448; baseline -0.002 -14"><span class='ocrx_word' id='word_1_172' title='bbox 269 1401 423 1435; x_wconf 90' lang='lat' dir='ltr'>autem</span> <span class='ocrx_word' id='word_1_173' title='bbox 458 1390 629 1434; x_wconf 88' lang='lat' dir='ltr'>Christi</span> <span class='ocrx_word' id='word_1_174' title='bbox 658 1388 780 1433; x_wconf 89' lang='lat' dir='ltr'>facta</span> <span class='ocrx_word' id='word_1_175' title='bbox 811 1399 879 1432; x_wconf 88' lang='lat' dir='ltr'>est</span> <span class='ocrx_word' id='word_1_176' title='bbox 903 1397 983 1448; x_wconf 71' lang='lat' dir='ltr'>per</span> <span class='ocrx_word' id='word_1_177' title='bbox 1011 1390 1191 1447; x_wconf 81' lang='lat' dir='ltr'>gloriam</span> <span class='ocrx_word' id='word_1_178' title='bbox 1226 1389 1381 1443; x_wconf 85' lang='lat' dir='ltr'>Patris,</span> <span class='ocrx_word' id='word_1_179' title='bbox 1415 1397 1464 1431; x_wconf 91' lang='lat' dir='ltr'>ut</span> <span class='ocrx_word' id='word_1_180' title='bbox 1505 1385 1757 1444; x_wconf 89' lang='lat' dir='ltr'>Apostolus</span> <span class='ocrx_word' id='word_1_181' title='bbox 1790 1386 1897 1431; x_wconf 91' lang='lat' dir='ltr'>dicit</span> <span class='ocrx_word' id='word_1_182' title='bbox 1928 1385 2066 1431; x_wconf 88' lang='lat' dir='ltr'>Rom.</span> <span class='ocrx_word' id='word_1_183' title='bbox 2098 1383 2156 1440; x_wconf 88' lang='grc'>6.,</span> <span class='ocrx_word' id='word_1_184' title='bbox 2194 1396 2239 1431; x_wconf 91' lang='lat' dir='ltr'>et</span> 
     </span>
     <span class='ocr_line' id='line_1_19' title="bbox 268 1452 2237 1512; baseline -0.002 -11"><span class='ocrx_word' id='word_1_185' title='bbox 268 1457 372 1501; x_wconf 91' lang='lat' dir='ltr'>ideo</span> <span class='ocrx_word' id='word_1_186' title='bbox 399 1457 664 1500; x_wconf 89' lang='lat' dir='ltr'>immediate</span> <span class='ocrx_word' id='word_1_187' title='bbox 691 1455 980 1499; x_wconf 87' lang='lat' dir='ltr'>manifestata</span> <span class='ocrx_word' id='word_1_188' title='bbox 1007 1465 1086 1509; x_wconf 88' lang='lat' dir='ltr'>est,</span> <span class='ocrx_word' id='word_1_189' title='bbox 1119 1469 1213 1499; x_wconf 92' lang='lat' dir='ltr'>non</span> <span class='ocrx_word' id='word_1_190' title='bbox 1247 1455 1474 1508; x_wconf 89' lang='lat' dir='ltr'>omnibus,</span> <span class='ocrx_word' id='word_1_191' title='bbox 1492 1454 1571 1498; x_wconf 88' lang='lat' dir='ltr'>sed</span> <span class='ocrx_word' id='word_1_192' title='bbox 1605 1453 1888 1512; x_wconf 84' lang='lat' dir='ltr'>quibusdam.</span> <span class='ocrx_word' id='word_1_193' title='bbox 1915 1452 2064 1511; x_wconf 44' lang='lat' dir='ltr'>Quod,</span> <span class='ocrx_word' id='word_1_194' title='bbox 2083 1462 2237 1498; x_wconf 85' lang='lat' dir='ltr'>autem</span> 
     </span>
     <span class='ocr_line' id='line_1_20' title="bbox 268 1520 2235 1584; baseline -0.002 -16"><span class='ocrx_word' id='word_1_195' title='bbox 268 1523 448 1584; x_wconf 90' lang='lat' dir='ltr'>publice</span> <span class='ocrx_word' id='word_1_196' title='bbox 480 1523 773 1583; x_wconf 86' lang='lat' dir='ltr'>peccantibus</span> <span class='ocrx_word' id='word_1_197' title='bbox 805 1537 953 1582; x_wconf 82' lang='lat' dir='ltr'>poena</span> <span class='ocrx_word' id='word_1_198' title='bbox 987 1522 1167 1581; x_wconf 88' lang='lat' dir='ltr'>publica</span> <span class='ocrx_word' id='word_1_199' title='bbox 1199 1522 1463 1581; x_wconf 88' lang='lat' dir='ltr'>imponitur,</span> <span class='ocrx_word' id='word_1_200' title='bbox 1495 1520 1843 1580; x_wconf 87' lang='lat' dir='ltr'>intelligendum</span> <span class='ocrx_word' id='word_1_201' title='bbox 1878 1529 1947 1567; x_wconf 90' lang='lat' dir='ltr'>est</span> <span class='ocrx_word' id='word_1_202' title='bbox 1986 1520 2042 1565; x_wconf 91' lang='lat' dir='ltr'>de</span> <span class='ocrx_word' id='word_1_203' title='bbox 2084 1533 2235 1580; x_wconf 84' lang='lat' dir='ltr'>poena</span> 
     </span>
     <span class='ocr_line' id='line_1_21' title="bbox 269 1587 2239 1651; baseline -0.002 -16"><span class='ocrx_word' id='word_1_204' title='bbox 269 1591 517 1651; x_wconf 91' lang='lat' dir='ltr'>praesentis</span> <span class='ocrx_word' id='word_1_205' title='bbox 549 1590 690 1634; x_wconf 88' lang='lat' dir='ltr'>vitae:</span> <span class='ocrx_word' id='word_1_206' title='bbox 725 1601 767 1634; x_wconf 90' lang='lat' dir='ltr'>et</span> <span class='ocrx_word' id='word_1_207' title='bbox 799 1589 1005 1633; x_wconf 89' lang='lat' dir='ltr'>similiter</span> <span class='ocrx_word' id='word_1_208' title='bbox 1050 1589 1231 1647; x_wconf 90' lang='lat' dir='ltr'>publica</span> <span class='ocrx_word' id='word_1_209' title='bbox 1272 1589 1435 1633; x_wconf 89' lang='lat' dir='ltr'>merita</span> <span class='ocrx_word' id='word_1_210' title='bbox 1476 1587 1655 1647; x_wconf 88' lang='lat' dir='ltr'>publice</span> <span class='ocrx_word' id='word_1_211' title='bbox 1688 1587 1931 1647; x_wconf 88' lang='lat' dir='ltr'>praemiari</span> <span class='ocrx_word' id='word_1_212' title='bbox 1963 1596 2158 1646; x_wconf 89' lang='lat' dir='ltr'>oportet,</span> <span class='ocrx_word' id='word_1_213' title='bbox 2189 1597 2239 1632; x_wconf 88' lang='lat' dir='ltr'>ut</span> 
     </span>
     <span class='ocr_line' id='line_1_22' title="bbox 270 1655 2240 1717; baseline -0.002 -15"><span class='ocrx_word' id='word_1_214' title='bbox 270 1658 348 1703; x_wconf 85' lang='lat' dir='ltr'>alii</span> <span class='ocrx_word' id='word_1_215' title='bbox 373 1668 702 1717; x_wconf 87' lang='lat' dir='ltr'>provocentur:</span> <span class='ocrx_word' id='word_1_216' title='bbox 729 1657 808 1701; x_wconf 92' lang='lat' dir='ltr'>sed</span> <span class='ocrx_word' id='word_1_217' title='bbox 836 1668 880 1701; x_wconf 90' lang='lat' dir='ltr'>et</span> <span class='ocrx_word' id='word_1_218' title='bbox 906 1671 1096 1716; x_wconf 90' lang='lat' dir='ltr'>poenae,</span> <span class='ocrx_word' id='word_1_219' title='bbox 1131 1667 1175 1701; x_wconf 87' lang='lat' dir='ltr'>et</span> <span class='ocrx_word' id='word_1_220' title='bbox 1206 1657 1409 1716; x_wconf 85' lang='lat' dir='ltr'>praemia</span> <span class='ocrx_word' id='word_1_221' title='bbox 1440 1655 1618 1700; x_wconf 89' lang='lat' dir='ltr'>futurae</span> <span class='ocrx_word' id='word_1_222' title='bbox 1650 1655 1771 1700; x_wconf 89' lang='lat' dir='ltr'>vitae</span> <span class='ocrx_word' id='word_1_223' title='bbox 1801 1669 1897 1701; x_wconf 88' lang='lat' dir='ltr'>non</span> <span class='ocrx_word' id='word_1_224' title='bbox 1927 1655 2108 1715; x_wconf 87' lang='lat' dir='ltr'>publice</span> <span class='ocrx_word' id='word_1_225' title='bbox 2138 1668 2240 1705; x_wconf 87' lang='lat' dir='ltr'>om-</span> 
     </span>
     <span class='ocr_line' id='line_1_23' title="bbox 268 1722 2238 1783; baseline -0.002 -14"><span class='ocrx_word' id='word_1_226' title='bbox 268 1726 399 1769; x_wconf 90' lang='lat' dir='ltr'>nibus</span> <span class='ocrx_word' id='word_1_227' title='bbox 433 1724 791 1778; x_wconf 88' lang='lat' dir='ltr'>manifestantur,</span> <span class='ocrx_word' id='word_1_228' title='bbox 824 1725 903 1769; x_wconf 90' lang='lat' dir='ltr'>sed</span> <span class='ocrx_word' id='word_1_229' title='bbox 929 1724 1185 1783; x_wconf 89' lang='lat' dir='ltr'>specialiter</span> <span class='ocrx_word' id='word_1_230' title='bbox 1211 1724 1314 1778; x_wconf 89' lang='lat' dir='ltr'>illis,</span> <span class='ocrx_word' id='word_1_231' title='bbox 1337 1724 1414 1783; x_wconf 93' lang='lat' dir='ltr'>qui</span> <span class='ocrx_word' id='word_1_232' title='bbox 1437 1724 1491 1767; x_wconf 89' lang='lat' dir='ltr'>ad</span> <span class='ocrx_word' id='word_1_233' title='bbox 1515 1724 1606 1767; x_wconf 92' lang='lat' dir='ltr'>hoc</span> <span class='ocrx_word' id='word_1_234' title='bbox 1626 1723 1933 1782; x_wconf 84' lang='lat' dir='ltr'>praeordinati</span> <span class='ocrx_word' id='word_1_235' title='bbox 1952 1731 2057 1768; x_wconf 87' lang='lat' dir='ltr'>sunt</span> <span class='ocrx_word' id='word_1_236' title='bbox 2072 1736 2100 1767; x_wconf 90' lang='lat' dir='ltr'>a</span> <span class='ocrx_word' id='word_1_237' title='bbox 2119 1722 2238 1768; x_wconf 84' lang='lat' dir='ltr'>Deo.</span> 
     </span>
    </p>

    <p class='ocr_par' dir='ltr' id='par_1_6' title="bbox 269 1790 2239 2041">
     <span class='ocr_line' id='line_1_24' title="bbox 359 1790 2239 1851; baseline -0.002 -13"><span class='ocrx_word' id='word_1_238' title='bbox 359 1794 435 1839; x_wconf 89' lang='lat' dir='ltr'>AD</span> <span class='ocrx_word' id='word_1_239' title='bbox 459 1806 720 1837; x_wconf 78' lang='lat' dir='ltr'>SECUNDUM</span> <span class='ocrx_word' id='word_1_240' title='bbox 747 1793 1006 1846; x_wconf 90' lang='lat' dir='ltr'>dicendum,</span> <span class='ocrx_word' id='word_1_241' title='bbox 1034 1792 1156 1851; x_wconf 91' lang='lat' dir='ltr'>quod</span> <span class='ocrx_word' id='word_1_242' title='bbox 1174 1793 1443 1836; x_wconf 89' lang='lat' dir='ltr'>resurrectio</span> <span class='ocrx_word' id='word_1_243' title='bbox 1464 1791 1636 1836; x_wconf 90' lang='lat' dir='ltr'>Christi</span> <span class='ocrx_word' id='word_1_244' title='bbox 1653 1791 1767 1835; x_wconf 90' lang='lat' dir='ltr'>sicut</span> <span class='ocrx_word' id='word_1_245' title='bbox 1784 1803 1852 1835; x_wconf 90' lang='lat' dir='ltr'>est</span> <span class='ocrx_word' id='word_1_246' title='bbox 1868 1790 1923 1835; x_wconf 88' lang='lat' dir='ltr'>ad</span> <span class='ocrx_word' id='word_1_247' title='bbox 1941 1804 2239 1835; x_wconf 90' lang='lat' dir='ltr'>communem</span> 
     </span>
     <span class='ocr_line' id='line_1_25' title="bbox 271 1858 2238 1923; baseline -0.001 -18"><span class='ocrx_word' id='word_1_248' title='bbox 271 1864 481 1923; x_wconf 91' lang='lat' dir='ltr'>omnium</span> <span class='ocrx_word' id='word_1_249' title='bbox 513 1861 723 1915; x_wconf 91' lang='lat' dir='ltr'>salutern,</span> <span class='ocrx_word' id='word_1_250' title='bbox 755 1862 817 1905; x_wconf 92' lang='lat' dir='ltr'>ita</span> <span class='ocrx_word' id='word_1_251' title='bbox 849 1861 895 1905; x_wconf 91' lang='lat' dir='ltr'>in</span> <span class='ocrx_word' id='word_1_252' title='bbox 927 1861 1138 1905; x_wconf 87' lang='lat' dir='ltr'>notitiam</span> <span class='ocrx_word' id='word_1_253' title='bbox 1172 1862 1379 1906; x_wconf 90' lang='lat' dir='ltr'>omnium</span> <span class='ocrx_word' id='word_1_254' title='bbox 1407 1861 1636 1920; x_wconf 89' lang='lat' dir='ltr'>pervenit;</span> <span class='ocrx_word' id='word_1_255' title='bbox 1669 1874 1764 1904; x_wconf 92' lang='lat' dir='ltr'>non</span> <span class='ocrx_word' id='word_1_256' title='bbox 1797 1859 1983 1919; x_wconf 91' lang='lat' dir='ltr'>quidem</span> <span class='ocrx_word' id='word_1_257' title='bbox 2017 1859 2081 1904; x_wconf 84' lang='lat' dir='ltr'>sic</span> <span class='ocrx_word' id='word_1_258' title='bbox 2115 1858 2238 1919; x_wconf 92' lang='lat' dir='ltr'>quod</span> 
     </span>
     <span class='ocr_line' id='line_1_26' title="bbox 269 1926 2239 1988; baseline -0.002 -14"><span class='ocrx_word' id='word_1_259' title='bbox 269 1930 534 1974; x_wconf 84' lang='lat' dir='ltr'>immediate</span> <span class='ocrx_word' id='word_1_260' title='bbox 568 1929 780 1973; x_wconf 83' lang='lat' dir='ltr'>omnibus</span> <span class='ocrx_word' id='word_1_261' title='bbox 812 1929 1191 1983; x_wconf 87' lang='lat' dir='ltr'>manifestaretur,</span> <span class='ocrx_word' id='word_1_262' title='bbox 1218 1929 1295 1973; x_wconf 90' lang='lat' dir='ltr'>sed</span> <span class='ocrx_word' id='word_1_263' title='bbox 1314 1928 1598 1988; x_wconf 86' lang='lat' dir='ltr'>quibusdam,</span> <span class='ocrx_word' id='word_1_264' title='bbox 1615 1941 1695 1987; x_wconf 87' lang='lat' dir='ltr'>per</span> <span class='ocrx_word' id='word_1_265' title='bbox 1712 1942 1908 1987; x_wconf 89' lang='lat' dir='ltr'>quorum</span> <span class='ocrx_word' id='word_1_266' title='bbox 1923 1926 2239 1972; x_wconf 88' lang='lat' dir='ltr'>testimonium</span> 
     </span>
     <span class='ocr_line' id='line_1_27' title="bbox 271 1996 808 2041; baseline -0.002 0"><span class='ocrx_word' id='word_1_267' title='bbox 271 1996 516 2041; x_wconf 88' lang='lat' dir='ltr'>deferretur</span> <span class='ocrx_word' id='word_1_268' title='bbox 549 1996 605 2039; x_wconf 88' lang='lat' dir='ltr'>ad</span> <span class='ocrx_word' id='word_1_269' title='bbox 632 2011 808 2040; x_wconf 90' lang='lat' dir='ltr'>omnes.</span> 
     </span>
    </p>

    <p class='ocr_par' dir='ltr' id='par_1_7' title="bbox 269 2060 2242 3131">
     <span class='ocr_line' id='line_1_28' title="bbox 361 2060 2238 2122; baseline -0.002 -14"><span class='ocrx_word' id='word_1_270' title='bbox 361 2065 437 2108; x_wconf 84' lang='lat' dir='ltr'>AD</span> <span class='ocrx_word' id='word_1_271' title='bbox 465 2076 681 2108; x_wconf 79' lang='lat' dir='ltr'>TERTmM</span> <span class='ocrx_word' id='word_1_272' title='bbox 708 2062 966 2117; x_wconf 89' lang='lat' dir='ltr'>dicendum,</span> <span class='ocrx_word' id='word_1_273' title='bbox 991 2063 1113 2122; x_wconf 89' lang='lat' dir='ltr'>quod</span> <span class='ocrx_word' id='word_1_274' title='bbox 1140 2062 1323 2106; x_wconf 86' lang='lat' dir='ltr'>mulieri</span> <span class='ocrx_word' id='word_1_275' title='bbox 1348 2076 1442 2106; x_wconf 90' lang='lat' dir='ltr'>non</span> <span class='ocrx_word' id='word_1_276' title='bbox 1474 2062 1749 2122; x_wconf 89' lang='lat' dir='ltr'>permittitur</span> <span class='ocrx_word' id='word_1_277' title='bbox 1773 2060 1954 2121; x_wconf 88' lang='lat' dir='ltr'>publice</span> <span class='ocrx_word' id='word_1_278' title='bbox 1995 2061 2162 2107; x_wconf 88' lang='lat' dir='ltr'>docere</span> <span class='ocrx_word' id='word_1_279' title='bbox 2191 2061 2238 2105; x_wconf 90' lang='lat' dir='ltr'>in</span> 
     </span>
     <span class='ocr_line' id='line_1_29' title="bbox 270 2128 2242 2189; baseline -0.001 -15"><span class='ocrx_word' id='word_1_280' title='bbox 270 2130 500 2174; x_wconf 88' lang='lat' dir='ltr'>Ecclesia:</span> <span class='ocrx_word' id='word_1_281' title='bbox 529 2132 802 2189; x_wconf 87' lang='lat' dir='ltr'>permittitur</span> <span class='ocrx_word' id='word_1_282' title='bbox 829 2140 982 2174; x_wconf 87' lang='lat' dir='ltr'>autem</span> <span class='ocrx_word' id='word_1_283' title='bbox 1015 2131 1058 2174; x_wconf 91' lang='lat' dir='ltr'>ei</span> <span class='ocrx_word' id='word_1_284' title='bbox 1089 2131 1299 2189; x_wconf 87' lang='lat' dir='ltr'>privatim</span> <span class='ocrx_word' id='word_1_285' title='bbox 1334 2129 1510 2188; x_wconf 87' lang='lat' dir='ltr'>aliquos</span> <span class='ocrx_word' id='word_1_286' title='bbox 1544 2130 1798 2174; x_wconf 89' lang='lat' dir='ltr'>domestica</span> <span class='ocrx_word' id='word_1_287' title='bbox 1831 2129 2146 2174; x_wconf 88' lang='lat' dir='ltr'>admonitione</span> <span class='ocrx_word' id='word_1_288' title='bbox 2177 2128 2242 2172; x_wconf 90' lang='lat' dir='ltr'>in-</span> 
     </span>
     <span class='ocr_line' id='line_1_30' title="bbox 271 2195 2240 2256; baseline -0.001 -14"><span class='ocrx_word' id='word_1_289' title='bbox 271 2208 464 2251; x_wconf 91' lang='lat' dir='ltr'>struere;</span> <span class='ocrx_word' id='word_1_290' title='bbox 493 2207 537 2241; x_wconf 93' lang='lat' dir='ltr'>et</span> <span class='ocrx_word' id='word_1_291' title='bbox 562 2198 682 2251; x_wconf 90' lang='lat' dir='ltr'>ideo,</span> <span class='ocrx_word' id='word_1_292' title='bbox 710 2197 827 2241; x_wconf 88' lang='lat' dir='ltr'>sicut</span> <span class='ocrx_word' id='word_1_293' title='bbox 856 2198 1067 2241; x_wconf 89' lang='lat' dir='ltr'>Ambros.</span> <span class='ocrx_word' id='word_1_294' title='bbox 1096 2198 1206 2241; x_wconf 89' lang='lat' dir='ltr'>dicit</span> <span class='ocrx_word' id='word_1_295' title='bbox 1240 2211 1375 2255; x_wconf 89' lang='lat' dir='ltr'>super</span> <span class='ocrx_word' id='word_1_296' title='bbox 1402 2197 1512 2241; x_wconf 92' lang='lat' dir='ltr'>Luc.</span> <span class='ocrx_word' id='word_1_297' title='bbox 1543 2195 1651 2256; x_wconf 83' lang='lat' dir='ltr'>(sup.</span> <span class='ocrx_word' id='word_1_298' title='bbox 1678 2197 1782 2240; x_wconf 78' lang='lat' dir='ltr'>illud</span> <span class='ocrx_word' id='word_1_299' title='bbox 1807 2204 1898 2256; x_wconf 82' lang='lat' dir='ltr'>cap.</span> <span class='ocrx_word' id='word_1_300' title='bbox 1925 2210 2014 2254; x_wconf 87' lang='lat'><em>24..·</em></span> <span class='ocrx_word' id='word_1_301' title='bbox 2043 2196 2240 2240; x_wconf 77' lang='lat' dir='ltr'>Mulieres</span> 
     </span>
     <span class='ocr_line' id='line_1_31' title="bbox 269 2263 2241 2323; baseline -0.001 -14"><span class='ocrx_word' id='word_1_302' title='bbox 269 2281 318 2309; x_wconf 83' lang='lat' dir='ltr'>ex</span> <span class='ocrx_word' id='word_1_303' title='bbox 342 2266 529 2321; x_wconf 82' lang='lat' dir='ltr'>nostris),</span> <span class='ocrx_word' id='word_1_304' title='bbox 552 2280 575 2305; x_wconf 77' lang='lat' dir='ltr'>&lt;c</span> <span class='ocrx_word' id='word_1_305' title='bbox 593 2265 648 2307; x_wconf 92' lang='lat' dir='ltr'>ad</span> <span class='ocrx_word' id='word_1_306' title='bbox 676 2278 754 2308; x_wconf 87' lang='lat' dir='ltr'>eos</span> <span class='ocrx_word' id='word_1_307' title='bbox 780 2264 984 2308; x_wconf 73' lang='lat' dir='ltr'>foemina</span> <span class='ocrx_word' id='word_1_308' title='bbox 1012 2265 1216 2318; x_wconf 89' lang='lat' dir='ltr'>mittitur,</span> <span class='ocrx_word' id='word_1_309' title='bbox 1251 2265 1328 2323; x_wconf 89' lang='lat' dir='ltr'>qui</span> <span class='ocrx_word' id='word_1_310' title='bbox 1355 2264 1596 2308; x_wconf 88' lang='lat' dir='ltr'>domestici</span> <span class='ocrx_word' id='word_1_311' title='bbox 1621 2274 1726 2308; x_wconf 91' lang='lat' dir='ltr'>sunt</span> <span class='ocrx_word' id='word_1_312' title='bbox 1750 2278 1800 2308; x_wconf 76' lang='lat' dir='ltr'>»z</span> <span class='ocrx_word' id='word_1_313' title='bbox 1841 2278 1937 2308; x_wconf 92' lang='lat' dir='ltr'>non</span> <span class='ocrx_word' id='word_1_314' title='bbox 1963 2273 2117 2309; x_wconf 88' lang='lat' dir='ltr'>autem</span> <span class='ocrx_word' id='word_1_315' title='bbox 2141 2263 2241 2308; x_wconf 86' lang='lat' dir='ltr'>mit-</span> 
     </span>
     <span class='ocr_line' id='line_1_32' title="bbox 269 2330 2239 2391; baseline -0.001 -14"><span class='ocrx_word' id='word_1_316' title='bbox 269 2333 376 2377; x_wconf 87' lang='lat' dir='ltr'>titur</span> <span class='ocrx_word' id='word_1_317' title='bbox 402 2332 457 2375; x_wconf 91' lang='lat' dir='ltr'>ad</span> <span class='ocrx_word' id='word_1_318' title='bbox 484 2332 590 2385; x_wconf 88' lang='lat' dir='ltr'>hoc,</span> <span class='ocrx_word' id='word_1_319' title='bbox 614 2332 735 2390; x_wconf 92' lang='lat' dir='ltr'>quod</span> <span class='ocrx_word' id='word_1_320' title='bbox 758 2333 1099 2376; x_wconf 86' lang='lat' dir='ltr'>resurrectionis</span> <span class='ocrx_word' id='word_1_321' title='bbox 1126 2332 1440 2376; x_wconf 88' lang='lat' dir='ltr'>testimonium</span> <span class='ocrx_word' id='word_1_322' title='bbox 1467 2331 1581 2376; x_wconf 89' lang='lat' dir='ltr'>ferat</span> <span class='ocrx_word' id='word_1_323' title='bbox 1603 2332 1659 2375; x_wconf 90' lang='lat' dir='ltr'>ad</span> <span class='ocrx_word' id='word_1_324' title='bbox 1681 2330 1928 2391; x_wconf 86' lang='lat' dir='ltr'>populum:</span> <span class='ocrx_word' id='word_1_325' title='bbox 1955 2331 2061 2376; x_wconf 89' lang='lat' dir='ltr'>ideo</span> <span class='ocrx_word' id='word_1_326' title='bbox 2087 2341 2239 2376; x_wconf 80' lang='lat' dir='ltr'>autem</span> 
     </span>
     <span class='ocr_line' id='line_1_33' title="bbox 270 2399 2240 2460; baseline 0 -17"><span class='ocrx_word' id='word_1_327' title='bbox 270 2401 419 2460; x_wconf 90' lang='lat' dir='ltr'>primo</span> <span class='ocrx_word' id='word_1_328' title='bbox 447 2399 711 2443; x_wconf 89' lang='lat' dir='ltr'>mulieribus</span> <span class='ocrx_word' id='word_1_329' title='bbox 739 2400 957 2458; x_wconf 88' lang='lat' dir='ltr'>apparuit,</span> <span class='ocrx_word' id='word_1_330' title='bbox 986 2409 1035 2443; x_wconf 91' lang='lat' dir='ltr'>ut</span> <span class='ocrx_word' id='word_1_331' title='bbox 1060 2399 1238 2454; x_wconf 89' lang='lat' dir='ltr'>mulier,</span> <span class='ocrx_word' id='word_1_332' title='bbox 1262 2414 1378 2458; x_wconf 89' lang='lat' dir='ltr'>quae</span> <span class='ocrx_word' id='word_1_333' title='bbox 1405 2399 1554 2458; x_wconf 91' lang='lat' dir='ltr'>primo</span> <span class='ocrx_word' id='word_1_334' title='bbox 1587 2399 1797 2442; x_wconf 89' lang='lat' dir='ltr'>nuntium</span> <span class='ocrx_word' id='word_1_335' title='bbox 1823 2399 1984 2444; x_wconf 89' lang='lat' dir='ltr'>mortis</span> <span class='ocrx_word' id='word_1_336' title='bbox 2011 2399 2067 2443; x_wconf 92' lang='lat' dir='ltr'>ad</span> <span class='ocrx_word' id='word_1_337' title='bbox 2092 2399 2240 2444; x_wconf 88' lang='lat' dir='ltr'>homi·</span> 
     </span>
     <span class='ocr_line' id='line_1_34' title="bbox 270 2465 2239 2525; baseline -0.001 -14"><span class='ocrx_word' id='word_1_338' title='bbox 270 2481 377 2512; x_wconf 89' lang='lat' dir='ltr'>nem</span> <span class='ocrx_word' id='word_1_339' title='bbox 405 2465 578 2519; x_wconf 91' lang='lat' dir='ltr'>detulit,</span> <span class='ocrx_word' id='word_1_340' title='bbox 604 2467 753 2525; x_wconf 91' lang='lat' dir='ltr'>primo</span> <span class='ocrx_word' id='word_1_341' title='bbox 782 2467 919 2510; x_wconf 90' lang='lat' dir='ltr'>etiam</span> <span class='ocrx_word' id='word_1_342' title='bbox 945 2467 1087 2510; x_wconf 89' lang='lat' dir='ltr'>vitam</span> <span class='ocrx_word' id='word_1_343' title='bbox 1114 2467 1387 2525; x_wconf 89' lang='lat' dir='ltr'>resurgentis</span> <span class='ocrx_word' id='word_1_344' title='bbox 1412 2466 1583 2510; x_wconf 90' lang='lat' dir='ltr'>Christi</span> <span class='ocrx_word' id='word_1_345' title='bbox 1608 2466 1655 2509; x_wconf 90' lang='lat' dir='ltr'>in</span> <span class='ocrx_word' id='word_1_346' title='bbox 1677 2465 1824 2524; x_wconf 89' lang='lat' dir='ltr'>gloria</span> <span class='ocrx_word' id='word_1_347' title='bbox 1849 2466 2102 2521; x_wconf 84' lang='lat' dir='ltr'>nuntiaret;</span> <span class='ocrx_word' id='word_1_348' title='bbox 2119 2466 2239 2510; x_wconf 88' lang='lat' dir='ltr'>unde</span> 
     </span>
     <span class='ocr_line' id='line_1_35' title="bbox 274 2533 2240 2594; baseline -0.001 -15"><span class='ocrx_word' id='word_1_349' title='bbox 274 2533 472 2594; x_wconf 91' lang='lat' dir='ltr'>Cyrillus</span> <span class='ocrx_word' id='word_1_350' title='bbox 500 2533 609 2577; x_wconf 85' lang='lat' dir='ltr'>dicit</span> <span class='ocrx_word' id='word_1_351' title='bbox 633 2534 728 2591; x_wconf 85' lang='lat' dir='ltr'>(lib.</span> <span class='ocrx_word' id='word_1_352' title='bbox 757 2548 819 2578; x_wconf 87' lang='lat'>12.</span> <span class='ocrx_word' id='word_1_353' title='bbox 846 2535 891 2576; x_wconf 86' lang='lat' dir='ltr'>in</span> <span class='ocrx_word' id='word_1_354' title='bbox 910 2534 1140 2592; x_wconf 65' lang='lat' dir='ltr'>joamsup.</span> <span class='ocrx_word' id='word_1_355' title='bbox 1164 2533 1267 2577; x_wconf 81' lang='lat' dir='ltr'>illud</span> <span class='ocrx_word' id='word_1_356' title='bbox 1293 2541 1385 2592; x_wconf 80' lang='lat' dir='ltr'>cap.</span> <span class='ocrx_word' id='word_1_357' title='bbox 1405 2547 1501 2578; x_wconf 90' lang='lat'><strong>20..·</strong></span> <span class='ocrx_word' id='word_1_358' title='bbox 1529 2533 1638 2578; x_wconf 81' lang='lat' dir='ltr'>Vade</span> <span class='ocrx_word' id='word_1_359' title='bbox 1656 2533 1709 2577; x_wconf 88' lang='lat' dir='ltr'>ad</span> <span class='ocrx_word' id='word_1_360' title='bbox 1720 2534 1895 2592; x_wconf 80' lang='lat' dir='ltr'>fratres,</span> <span class='ocrx_word' id='word_1_361' title='bbox 1923 2533 2051 2591; x_wconf 82' lang='lat' dir='ltr'>etc.).·</span> <span class='ocrx_word' id='word_1_362' title='bbox 2081 2548 2106 2575; x_wconf 76' lang='grc' dir='ltr'><strong>α</strong></span> <span class='ocrx_word' id='word_1_363' title='bbox 2130 2533 2240 2578; x_wconf 89' lang='lat' dir='ltr'>Foe-</span> 
     </span>
     <span class='ocr_line' id='line_1_36' title="bbox 272 2600 2241 2660; baseline 0 -15"><span class='ocrx_word' id='word_1_364' title='bbox 272 2601 412 2655; x_wconf 87' lang='lat' dir='ltr'>mina,</span> <span class='ocrx_word' id='word_1_365' title='bbox 438 2614 554 2659; x_wconf 90' lang='lat' dir='ltr'>quae</span> <span class='ocrx_word' id='word_1_366' title='bbox 582 2600 815 2659; x_wconf 88' lang='lat' dir='ltr'>quondam</span> <span class='ocrx_word' id='word_1_367' title='bbox 842 2601 1002 2644; x_wconf 89' lang='lat' dir='ltr'>mortis</span> <span class='ocrx_word' id='word_1_368' title='bbox 1024 2600 1107 2644; x_wconf 90' lang='lat' dir='ltr'>fuit</span> <span class='ocrx_word' id='word_1_369' title='bbox 1124 2600 1342 2655; x_wconf 87' lang='lat' dir='ltr'>ministra,</span> <span class='ocrx_word' id='word_1_370' title='bbox 1360 2600 1672 2644; x_wconf 89' lang='lat' dir='ltr'>venerandum</span> <span class='ocrx_word' id='word_1_371' title='bbox 1709 2600 2052 2644; x_wconf 87' lang='lat' dir='ltr'>resurrectionis</span> <span class='ocrx_word' id='word_1_372' title='bbox 2074 2609 2241 2660; x_wconf 85' lang='lat' dir='ltr'>myste-</span> 
     </span>
     <span class='ocr_line' id='line_1_37' title="bbox 272 2667 2241 2727; baseline -0.001 -14"><span class='ocrx_word' id='word_1_373' title='bbox 272 2669 390 2713; x_wconf 89' lang='lat' dir='ltr'>rium</span> <span class='ocrx_word' id='word_1_374' title='bbox 417 2668 564 2727; x_wconf 89' lang='lat' dir='ltr'>prima</span> <span class='ocrx_word' id='word_1_375' title='bbox 590 2667 794 2726; x_wconf 90' lang='lat' dir='ltr'>percipit,</span> <span class='ocrx_word' id='word_1_376' title='bbox 813 2677 857 2711; x_wconf 93' lang='lat' dir='ltr'>et</span> <span class='ocrx_word' id='word_1_377' title='bbox 877 2667 1078 2721; x_wconf 91' lang='lat' dir='ltr'>nuntiat;</span> <span class='ocrx_word' id='word_1_378' title='bbox 1107 2667 1320 2725; x_wconf 90' lang='lat' dir='ltr'>adeptum</span> <span class='ocrx_word' id='word_1_379' title='bbox 1339 2676 1405 2711; x_wconf 89' lang='lat' dir='ltr'>est</span> <span class='ocrx_word' id='word_1_380' title='bbox 1431 2667 1567 2726; x_wconf 86' lang='lat' dir='ltr'>igitur</span> <span class='ocrx_word' id='word_1_381' title='bbox 1592 2667 1875 2711; x_wconf 87' lang='lat' dir='ltr'>foemineum</span> <span class='ocrx_word' id='word_1_382' title='bbox 1893 2681 2036 2727; x_wconf 89' lang='lat' dir='ltr'>genus</span> <span class='ocrx_word' id='word_1_383' title='bbox 2053 2677 2099 2712; x_wconf 90' lang='lat' dir='ltr'>et</span> <span class='ocrx_word' id='word_1_384' title='bbox 2112 2667 2241 2726; x_wconf 88' lang='lat' dir='ltr'>igno·</span> 
     </span>
     <span class='ocr_line' id='line_1_38' title="bbox 273 2733 2239 2794; baseline -0.001 -14"><span class='ocrx_word' id='word_1_385' title='bbox 273 2736 442 2780; x_wconf 88' lang='lat' dir='ltr'>miniae</span> <span class='ocrx_word' id='word_1_386' title='bbox 470 2735 820 2787; x_wconf 89' lang='lat' dir='ltr'>absolutionem,</span> <span class='ocrx_word' id='word_1_387' title='bbox 854 2743 897 2778; x_wconf 93' lang='lat' dir='ltr'>et</span> <span class='ocrx_word' id='word_1_388' title='bbox 928 2733 1263 2778; x_wconf 90' lang='lat' dir='ltr'>maledictionis</span> <span class='ocrx_word' id='word_1_389' title='bbox 1289 2734 1529 2792; x_wconf 88' lang='lat' dir='ltr'>repudium</span> <span class='ocrx_word' id='word_1_390' title='bbox 1555 2749 1604 2777; x_wconf 74' lang='grc' dir='ltr'>»ε</span> <span class='ocrx_word' id='word_1_391' title='bbox 1634 2734 1842 2778; x_wconf 90' lang='lat' dir='ltr'>similiter</span> <span class='ocrx_word' id='word_1_392' title='bbox 1867 2734 2005 2779; x_wconf 88' lang='lat' dir='ltr'>etiam</span> <span class='ocrx_word' id='word_1_393' title='bbox 2037 2748 2119 2794; x_wconf 87' lang='lat' dir='ltr'>per</span> <span class='ocrx_word' id='word_1_394' title='bbox 2147 2734 2239 2779; x_wconf 89' lang='lat' dir='ltr'>hoc</span> 
     </span>
     <span class='ocr_line' id='line_1_39' title="bbox 275 2801 2241 2861; baseline -0.001 -13"><span class='ocrx_word' id='word_1_395' title='bbox 275 2803 540 2856; x_wconf 85' lang='lat' dir='ltr'>ostenditur,</span> <span class='ocrx_word' id='word_1_396' title='bbox 568 2802 690 2861; x_wconf 93' lang='lat' dir='ltr'>quod</span> <span class='ocrx_word' id='word_1_397' title='bbox 717 2811 938 2860; x_wconf 86' lang='lat' dir='ltr'>quantum</span> <span class='ocrx_word' id='word_1_398' title='bbox 972 2801 1027 2844; x_wconf 89' lang='lat' dir='ltr'>ad</span> <span class='ocrx_word' id='word_1_399' title='bbox 1060 2811 1227 2845; x_wconf 89' lang='lat' dir='ltr'>statum</span> <span class='ocrx_word' id='word_1_400' title='bbox 1261 2801 1435 2859; x_wconf 84' lang='lat' dir='ltr'>gloriae</span> <span class='ocrx_word' id='word_1_401' title='bbox 1468 2803 1673 2860; x_wconf 89' lang='lat' dir='ltr'>pertinet,</span> <span class='ocrx_word' id='word_1_402' title='bbox 1705 2801 1884 2846; x_wconf 89' lang='lat' dir='ltr'>nullum</span> <span class='ocrx_word' id='word_1_403' title='bbox 1914 2801 2241 2847; x_wconf 83' lang='lat' dir='ltr'>detrimentum</span> 
     </span>
     <span class='ocr_line' id='line_1_40' title="bbox 275 2867 2240 2930; baseline -0.001 -16"><span class='ocrx_word' id='word_1_404' title='bbox 275 2872 468 2930; x_wconf 87' lang='lat' dir='ltr'>patietur</span> <span class='ocrx_word' id='word_1_405' title='bbox 498 2869 754 2913; x_wconf 88' lang='lat' dir='ltr'>foemineus</span> <span class='ocrx_word' id='word_1_406' title='bbox 787 2883 941 2912; x_wconf 83' lang='lat' dir='ltr'>sexus:</span> <span class='ocrx_word' id='word_1_407' title='bbox 976 2868 1054 2911; x_wconf 88' lang='lat' dir='ltr'>sed</span> <span class='ocrx_word' id='word_1_408' title='bbox 1087 2868 1126 2911; x_wconf 89' lang='lat' dir='ltr'>si</span> <span class='ocrx_word' id='word_1_409' title='bbox 1157 2869 1322 2912; x_wconf 86' lang='lat' dir='ltr'>maiori</span> <span class='ocrx_word' id='word_1_410' title='bbox 1355 2869 1572 2913; x_wconf 82' lang='lat' dir='ltr'>charitate</span> <span class='ocrx_word' id='word_1_411' title='bbox 1608 2867 1860 2922; x_wconf 87' lang='lat' dir='ltr'>fervebunt,</span> <span class='ocrx_word' id='word_1_412' title='bbox 1895 2869 2060 2927; x_wconf 84' lang='lat' dir='ltr'>majori</span> <span class='ocrx_word' id='word_1_413' title='bbox 2100 2868 2240 2913; x_wconf 84' lang='lat' dir='ltr'>etiam</span> 
     </span>
     <span class='ocr_line' id='line_1_41' title="bbox 275 2935 2240 2997; baseline -0.001 -15"><span class='ocrx_word' id='word_1_414' title='bbox 275 2938 421 2997; x_wconf 89' lang='lat' dir='ltr'>gloria</span> <span class='ocrx_word' id='word_1_415' title='bbox 448 2952 503 2982; x_wconf 86' lang='lat' dir='ltr'>ex</span> <span class='ocrx_word' id='word_1_416' title='bbox 528 2937 705 2981; x_wconf 88' lang='lat' dir='ltr'>visione</span> <span class='ocrx_word' id='word_1_417' title='bbox 723 2936 872 2980; x_wconf 90' lang='lat' dir='ltr'>divina</span> <span class='ocrx_word' id='word_1_418' title='bbox 891 2935 1141 2994; x_wconf 89' lang='lat' dir='ltr'>potientur:</span> <span class='ocrx_word' id='word_1_419' title='bbox 1171 2949 1226 2979; x_wconf 93' lang='lat' dir='ltr'>eo</span> <span class='ocrx_word' id='word_1_420' title='bbox 1254 2936 1375 2994; x_wconf 80' lang='lat' dir='ltr'>quod</span> <span class='ocrx_word' id='word_1_421' title='bbox 1403 2936 1631 2990; x_wconf 87' lang='lat' dir='ltr'>mulieres,</span> <span class='ocrx_word' id='word_1_422' title='bbox 1659 2950 1775 2995; x_wconf 90' lang='lat' dir='ltr'>quae</span> <span class='ocrx_word' id='word_1_423' title='bbox 1791 2936 2047 2981; x_wconf 89' lang='lat' dir='ltr'>Dominum</span> <span class='ocrx_word' id='word_1_424' title='bbox 2074 2935 2240 2981; x_wconf 85' lang='lat' dir='ltr'>arctius</span> 
     </span>
     <span class='ocr_line' id='line_1_42' title="bbox 275 3002 2240 3061; baseline -0.001 -11"><span class='ocrx_word' id='word_1_425' title='bbox 275 3015 555 3059; x_wconf 87' lang='lat' dir='ltr'>amaverunt,</span> <span class='ocrx_word' id='word_1_426' title='bbox 581 3004 808 3048; x_wconf 89' lang='lat' dir='ltr'>intantum</span> <span class='ocrx_word' id='word_1_427' title='bbox 835 3014 883 3047; x_wconf 90' lang='lat' dir='ltr'>ut</span> <span class='ocrx_word' id='word_1_428' title='bbox 910 3003 963 3046; x_wconf 91' lang='lat' dir='ltr'>ab</span> <span class='ocrx_word' id='word_1_429' title='bbox 992 3005 1087 3059; x_wconf 85' lang='lat' dir='ltr'>ejus</span> <span class='ocrx_word' id='word_1_430' title='bbox 1115 3002 1356 3061; x_wconf 86' lang='lat' dir='ltr'>sepulchro</span> <span class='ocrx_word' id='word_1_431' title='bbox 1385 3003 1615 3061; x_wconf 89' lang='lat' dir='ltr'>discipulis</span> <span class='ocrx_word' id='word_1_432' title='bbox 1640 3003 1779 3047; x_wconf 89' lang='lat' dir='ltr'>etiam</span> <span class='ocrx_word' id='word_1_433' title='bbox 1806 3002 2119 3049; x_wconf 80' lang='lat' dir='ltr'>recedentibus</span> <span class='ocrx_word' id='word_1_434' title='bbox 2143 3015 2240 3048; x_wconf 83' lang='lat' dir='ltr'>non</span> 
     </span>
     <span class='ocr_line' id='line_1_43' title="bbox 274 3069 1848 3131; baseline -0.001 -14"><span class='ocrx_word' id='word_1_435' title='bbox 274 3072 553 3126; x_wconf 89' lang='lat' dir='ltr'>recederent,</span> <span class='ocrx_word' id='word_1_436' title='bbox 580 3071 729 3131; x_wconf 90' lang='lat' dir='ltr'>primo</span> <span class='ocrx_word' id='word_1_437' title='bbox 756 3070 965 3114; x_wconf 89' lang='lat' dir='ltr'>viderunt</span> <span class='ocrx_word' id='word_1_438' title='bbox 993 3070 1248 3113; x_wconf 88' lang='lat' dir='ltr'>Dominum</span> <span class='ocrx_word' id='word_1_439' title='bbox 1275 3070 1320 3112; x_wconf 92' lang='lat' dir='ltr'>in</span> <span class='ocrx_word' id='word_1_440' title='bbox 1348 3069 1494 3128; x_wconf 86' lang='lat' dir='ltr'>gloria</span> <span class='ocrx_word' id='word_1_441' title='bbox 1519 3081 1848 3130; x_wconf 88' lang='lat' dir='ltr'>resurgentem.</span> 
     </span>
    </p>
   </div>
   <div class='ocr_carea' id='block_1_5' title="bbox 998 3218 2236 3292">
    <p class='ocr_par' dir='ltr' id='par_1_8' title="bbox 998 3218 2236 3292">
     <span class='ocr_line' id='line_1_44' title="bbox 998 3218 2236 3292; baseline 0.003 -19"><span class='ocrx_word' id='word_1_442' title='bbox 998 3218 1432 3276; x_wconf 83' lang='lat' dir='ltr'>ARTICULUS</span> <span class='ocrx_word' id='word_1_443' title='bbox 1477 3219 1547 3273; x_wconf 87' lang='lat'>11.</span> <span class='ocrx_word' id='word_1_444' title='bbox 2157 3244 2236 3292; x_wconf 78' lang='lat'>303</span> 
     </span>
    </p>
   </div>
   <div class='ocr_carea' id='block_1_6' title="bbox 574 3353 1943 3469">
    <p class='ocr_par' dir='ltr' id='par_1_9' title="bbox 574 3353 1943 3469">
     <span class='ocr_line' id='line_1_45' title="bbox 574 3353 1943 3404; baseline -0.003 -9"><span class='ocrx_word' id='word_1_445' title='bbox 574 3356 768 3395; x_wconf 87' lang='lat' dir='ltr'>UTRUM</span> <span class='ocrx_word' id='word_1_446' title='bbox 809 3355 1030 3393; x_wconf 88' lang='lat' dir='ltr'>FUISSET</span> <span class='ocrx_word' id='word_1_447' title='bbox 1074 3354 1437 3404; x_wconf 89' lang='lat' dir='ltr'>CONVENIENS,</span> <span class='ocrx_word' id='word_1_448' title='bbox 1471 3355 1624 3400; x_wconf 88' lang='lat' dir='ltr'>QUOD</span> <span class='ocrx_word' id='word_1_449' title='bbox 1668 3353 1943 3393; x_wconf 88' lang='lat' dir='ltr'>DISCIPULI</span> 
     </span>
     <span class='ocr_line' id='line_1_46' title="bbox 784 3429 1741 3469; baseline -0.002 0"><span class='ocrx_word' id='word_1_450' title='bbox 784 3429 1058 3469; x_wconf 87' lang='lat' dir='ltr'>VIDERENT</span> <span class='ocrx_word' id='word_1_451' title='bbox 1094 3429 1374 3467; x_wconf 79' lang='lat' dir='ltr'>CHRISTUM</span> <span class='ocrx_word' id='word_1_452' title='bbox 1414 3429 1741 3467; x_wconf 86' lang='lat' dir='ltr'><strong>RESURGERE.</strong></span> 
     </span>
    </p>
   </div>
   <div class='ocr_carea' id='block_1_7' title="bbox 277 3536 2254 3667">
    <p class='ocr_par' dir='ltr' id='par_1_10' title="bbox 277 3536 2254 3667">
     <span class='ocr_line' id='line_1_47' title="bbox 366 3536 2254 3599; baseline -0.003 -13"><span class='ocrx_word' id='word_1_453' title='bbox 366 3541 441 3585; x_wconf 79' lang='lat' dir='ltr'>An</span> <span class='ocrx_word' id='word_1_454' title='bbox 465 3554 725 3586; x_wconf 76' lang='lat' dir='ltr'>SECUNDUM</span> <span class='ocrx_word' id='word_1_455' title='bbox 749 3541 812 3584; x_wconf 89' lang='lat' dir='ltr'>sic</span> <span class='ocrx_word' id='word_1_456' title='bbox 841 3538 1111 3599; x_wconf 87' lang='lat' dir='ltr'>proceditur.</span> <span class='ocrx_word' id='word_1_457' title='bbox 1137 3538 1340 3592; x_wconf 89' lang='lat' dir='ltr'>Videtur,</span> <span class='ocrx_word' id='word_1_458' title='bbox 1375 3539 1496 3597; x_wconf 88' lang='lat' dir='ltr'>quod</span> <span class='ocrx_word' id='word_1_459' title='bbox 1527 3539 1805 3583; x_wconf 87' lang='lat' dir='ltr'>conveniens</span> <span class='ocrx_word' id='word_1_460' title='bbox 1829 3537 2000 3592; x_wconf 88' lang='lat' dir='ltr'>fuisset,</span> <span class='ocrx_word' id='word_1_461' title='bbox 2026 3536 2148 3598; x_wconf 85' lang='lat' dir='ltr'>quod</span> <span class='ocrx_word' id='word_1_462' title='bbox 2180 3537 2254 3581; x_wconf 78' lang='lat' dir='ltr'>di-·</span> 
     </span>
     <span class='ocr_line' id='line_1_48' title="bbox 277 3605 2243 3667; baseline -0.002 -15"><span class='ocrx_word' id='word_1_463' title='bbox 277 3607 438 3667; x_wconf 90' lang='lat' dir='ltr'>scipuli</span> <span class='ocrx_word' id='word_1_464' title='bbox 468 3608 674 3652; x_wconf 87' lang='lat' dir='ltr'>viderent</span> <span class='ocrx_word' id='word_1_465' title='bbox 702 3608 937 3653; x_wconf 89' lang='lat' dir='ltr'>Christum</span> <span class='ocrx_word' id='word_1_466' title='bbox 969 3619 1228 3666; x_wconf 87' lang='lat' dir='ltr'>resurgere:</span> <span class='ocrx_word' id='word_1_467' title='bbox 1264 3605 1319 3649; x_wconf 87' lang='lat' dir='ltr'>ad</span> <span class='ocrx_word' id='word_1_468' title='bbox 1346 3605 1592 3664; x_wconf 90' lang='lat' dir='ltr'>discipulos</span> <span class='ocrx_word' id='word_1_469' title='bbox 1620 3606 1742 3650; x_wconf 91' lang='lat' dir='ltr'>enim</span> <span class='ocrx_word' id='word_1_470' title='bbox 1768 3605 2021 3665; x_wconf 85' lang='lat' dir='ltr'>pertinebat</span> <span class='ocrx_word' id='word_1_471' title='bbox 2050 3617 2243 3650; x_wconf 69' lang='lat' dir='ltr'>resurre-</span> 
     </span>
    </p>
   </div>
  </div>
 </body>
</html>
