<?xml version="1.0" encoding="UTF-8"?>
<!DOCTYPE html PUBLIC "-//W3C//DTD XHTML 1.0 Transitional//EN"
    "http://www.w3.org/TR/xhtml1/DTD/xhtml1-transitional.dtd">
<html xmlns="http://www.w3.org/1999/xhtml" xml:lang="en" lang="en">
 <head>
  <title>
</title>
<meta http-equiv="Content-Type" content="text/html;charset=utf-8" />
  <meta name='ocr-system' content='tesseract 3.04.00' />
  <meta name='ocr-capabilities' content='ocr_page ocr_carea ocr_par ocr_line ocrx_word'/>
</head>
<body>
  <div class='ocr_page' id='page_1' title='image "./divithomaeaquina04thom_0688.png"; bbox 0 0 2352 3926; ppageno 0'>
   <div class='ocr_carea' id='block_1_1' title="bbox 264 181 1722 259">
    <p class='ocr_par' dir='ltr' id='par_1_1' title="bbox 264 181 1722 259">
     <span class='ocr_line' id='line_1_1' title="bbox 264 181 1722 259; baseline -0.003 -16"><span class='ocrx_word' id='word_1_1' title='bbox 264 188 373 259; x_wconf 89' lang='lat'><strong>684</strong></span> <span class='ocrx_word' id='word_1_2' title='bbox 751 201 1031 247; x_wconf 85' lang='lat' dir='ltr'><strong>QUAESTIO</strong></span> <span class='ocrx_word' id='word_1_3' title='bbox 1072 200 1278 239; x_wconf 78' lang='lat' dir='ltr'><strong>Lxxvn.</strong></span> <span class='ocrx_word' id='word_1_4' title='bbox 1318 181 1627 240; x_wconf 75' lang='lat' dir='ltr'><strong>ART1cuLus</strong></span> <span class='ocrx_word' id='word_1_5' title='bbox 1665 199 1722 238; x_wconf 89' lang='lat'><strong>11.</strong></span> 
     </span>
    </p>
   </div>
   <div class='ocr_carea' id='block_1_2' title="bbox 260 299 2237 1571">
    <p class='ocr_par' dir='ltr' id='par_1_2' title="bbox 260 299 2230 562">
     <span class='ocr_line' id='line_1_2' title="bbox 262 299 2227 362; baseline -0.003 -11"><span class='ocrx_word' id='word_1_6' title='bbox 262 321 406 351; x_wconf 92' lang='lat' dir='ltr'><strong>unum</strong></span> <span class='ocrx_word' id='word_1_7' title='bbox 446 305 658 350; x_wconf 88' lang='lat' dir='ltr'><strong>accidens</strong></span> <span class='ocrx_word' id='word_1_8' title='bbox 690 304 855 348; x_wconf 87' lang='lat' dir='ltr'><strong>dicitur</strong></span> <span class='ocrx_word' id='word_1_9' title='bbox 887 317 985 348; x_wconf 91' lang='lat' dir='ltr'><strong>esse</strong></span> <span class='ocrx_word' id='word_1_10' title='bbox 1017 302 1272 362; x_wconf 89' lang='lat' dir='ltr'><strong>subjectum</strong></span> <span class='ocrx_word' id='word_1_11' title='bbox 1306 301 1503 358; x_wconf 89' lang='lat' dir='ltr'><strong>alterius,</strong></span> <span class='ocrx_word' id='word_1_12' title='bbox 1534 301 1807 360; x_wconf 88' lang='lat' dir='ltr'><strong>inquantum</strong></span> <span class='ocrx_word' id='word_1_13' title='bbox 1837 314 1980 346; x_wconf 91' lang='lat' dir='ltr'><strong>unum</strong></span> <span class='ocrx_word' id='word_1_14' title='bbox 2015 299 2227 347; x_wconf 88' lang='lat' dir='ltr'><strong>accidens</strong></span> 
     </span>
     <span class='ocr_line' id='line_1_3' title="bbox 260 367 2227 432; baseline -0.003 -15"><span class='ocrx_word' id='word_1_15' title='bbox 260 373 474 432; x_wconf 87' lang='lat' dir='ltr'><strong>recipitur</strong></span> <span class='ocrx_word' id='word_1_16' title='bbox 498 372 543 415; x_wconf 92' lang='lat' dir='ltr'><strong>in</strong></span> <span class='ocrx_word' id='word_1_17' title='bbox 571 371 791 429; x_wconf 90' lang='lat' dir='ltr'><strong>subjecto,</strong></span> <span class='ocrx_word' id='word_1_18' title='bbox 818 369 909 414; x_wconf 89' lang='lat' dir='ltr'><strong>alio</strong></span> <span class='ocrx_word' id='word_1_19' title='bbox 936 369 1190 425; x_wconf 90' lang='lat' dir='ltr'><strong>mediante;</strong></span> <span class='ocrx_word' id='word_1_20' title='bbox 1218 371 1335 414; x_wconf 90' lang='lat' dir='ltr'><strong>sicut</strong></span> <span class='ocrx_word' id='word_1_21' title='bbox 1360 368 1622 429; x_wconf 88' lang='lat' dir='ltr'><strong>superficies</strong></span> <span class='ocrx_word' id='word_1_22' title='bbox 1648 368 1812 412; x_wconf 90' lang='lat' dir='ltr'><strong>dicitur</strong></span> <span class='ocrx_word' id='word_1_23' title='bbox 1843 381 1942 413; x_wconf 88' lang='lat' dir='ltr'><strong>esse</strong></span> <span class='ocrx_word' id='word_1_24' title='bbox 1972 367 2227 427; x_wconf 79' lang='lat' dir='ltr'><strong>subjectum</strong></span> 
     </span>
     <span class='ocr_line' id='line_1_4' title="bbox 262 435 2230 495; baseline -0.003 -11"><span class='ocrx_word' id='word_1_25' title='bbox 262 439 453 484; x_wconf 88' lang='lat' dir='ltr'><strong>coloris:</strong></span> <span class='ocrx_word' id='word_1_26' title='bbox 482 438 600 481; x_wconf 91' lang='lat' dir='ltr'><strong>unde</strong></span> <span class='ocrx_word' id='word_1_27' title='bbox 628 437 810 495; x_wconf 92' lang='lat' dir='ltr'><strong>quando</strong></span> <span class='ocrx_word' id='word_1_28' title='bbox 838 436 1062 481; x_wconf 89' lang='lat' dir='ltr'><strong>accidenti</strong></span> <span class='ocrx_word' id='word_1_29' title='bbox 1089 437 1219 480; x_wconf 91' lang='lat' dir='ltr'><strong>datur</strong></span> <span class='ocrx_word' id='word_1_30' title='bbox 1245 437 1474 492; x_wconf 89' lang='lat' dir='ltr'><strong>divinitus,</strong></span> <span class='ocrx_word' id='word_1_31' title='bbox 1500 446 1550 480; x_wconf 93' lang='lat' dir='ltr'><strong>ut</strong></span> <span class='ocrx_word' id='word_1_32' title='bbox 1574 450 1654 495; x_wconf 89' lang='lat' dir='ltr'><strong>per</strong></span> <span class='ocrx_word' id='word_1_33' title='bbox 1675 449 1723 480; x_wconf 91' lang='lat' dir='ltr'><strong>se</strong></span> <span class='ocrx_word' id='word_1_34' title='bbox 1741 437 1979 494; x_wconf 21' lang='lat' dir='ltr'><strong>sit,&#39;potest</strong></span> <span class='ocrx_word' id='word_1_35' title='bbox 1993 435 2230 495; x_wconf 43' lang='lat' dir='ltr'><strong>&amp;iamper</strong></span> 
     </span>
     <span class='ocr_line' id='line_1_5' title="bbox 261 504 2130 562; baseline -0.003 -11"><span class='ocrx_word' id='word_1_36' title='bbox 261 520 309 550; x_wconf 91' lang='lat' dir='ltr'><strong>se</strong></span> <span class='ocrx_word' id='word_1_37' title='bbox 336 506 519 550; x_wconf 90' lang='lat' dir='ltr'><strong>alterius</strong></span> <span class='ocrx_word' id='word_1_38' title='bbox 548 505 794 548; x_wconf 89' lang='lat' dir='ltr'><strong>accidentis</strong></span> <span class='ocrx_word' id='word_1_39' title='bbox 821 504 1075 562; x_wconf 86' lang='lat' dir='ltr'><strong>subjectum</strong></span> <span class='ocrx_word' id='word_1_40' title='bbox 1103 518 1216 548; x_wconf 89' lang='lat' dir='ltr'><strong>esse.</strong></span> <span class='ocrx_word' id='word_1_41' title='bbox 1944 511 1947 513; x_wconf 86' lang='grc'><strong>’</strong></span> <span class='ocrx_word' id='word_1_42' title='bbox 2128 531 2130 536; x_wconf 62' lang='grc'><strong>»</strong></span> 
     </span>
    </p>

    <p class='ocr_par' dir='ltr' id='par_1_3' title="bbox 260 568 2234 832">
     <span class='ocr_line' id='line_1_6' title="bbox 352 568 2233 630; baseline -0.001 -14"><span class='ocrx_word' id='word_1_43' title='bbox 352 573 428 616; x_wconf 88' lang='lat' dir='ltr'><strong>AD</strong></span> <span class='ocrx_word' id='word_1_44' title='bbox 447 584 708 616; x_wconf 80' lang='lat' dir='ltr'>SECUNDUM</span> <span class='ocrx_word' id='word_1_45' title='bbox 727 571 987 625; x_wconf 90' lang='lat' dir='ltr'><strong>dicendum,</strong></span> <span class='ocrx_word' id='word_1_46' title='bbox 1007 571 1129 630; x_wconf 93' lang='lat' dir='ltr'><strong>quod</strong></span> <span class='ocrx_word' id='word_1_47' title='bbox 1149 571 1238 615; x_wconf 90' lang='lat' dir='ltr'><strong>alia</strong></span> <span class='ocrx_word' id='word_1_48' title='bbox 1257 570 1525 625; x_wconf 89' lang='lat' dir='ltr'><strong>accidentia,</strong></span> <span class='ocrx_word' id='word_1_49' title='bbox 1538 570 1678 614; x_wconf 89' lang='lat' dir='ltr'><strong>etiam</strong></span> <span class='ocrx_word' id='word_1_50' title='bbox 1696 570 1948 615; x_wconf 90' lang='lat' dir='ltr'><strong>secundum</strong></span> <span class='ocrx_word' id='word_1_51' title='bbox 1963 568 2087 629; x_wconf 91' lang='lat' dir='ltr'><strong>quod</strong></span> <span class='ocrx_word' id='word_1_52' title='bbox 2103 578 2233 615; x_wconf 82' lang='lat' dir='ltr'><strong>erant</strong></span> 
     </span>
     <span class='ocr_line' id='line_1_7' title="bbox 260 635 2233 697; baseline -0.002 -14"><span class='ocrx_word' id='word_1_53' title='bbox 260 640 306 683; x_wconf 92' lang='lat' dir='ltr'><strong>in</strong></span> <span class='ocrx_word' id='word_1_54' title='bbox 333 638 583 683; x_wconf 85' lang='lat' dir='ltr'><strong>substantia</strong></span> <span class='ocrx_word' id='word_1_55' title='bbox 608 638 752 696; x_wconf 91' lang='lat' dir='ltr'><strong>panis,</strong></span> <span class='ocrx_word' id='word_1_56' title='bbox 774 638 1172 682; x_wconf 87' lang='lat' dir='ltr'><strong>individuabantur</strong></span> <span class='ocrx_word' id='word_1_57' title='bbox 1197 639 1431 682; x_wconf 85' lang='lat' dir='ltr'><strong>mediante</strong></span> <span class='ocrx_word' id='word_1_58' title='bbox 1459 639 1707 697; x_wconf 89' lang='lat' dir='ltr'><strong>quantitate</strong></span> <span class='ocrx_word' id='word_1_59' title='bbox 1735 638 2003 691; x_wconf 85' lang='lat' dir='ltr'><strong>dimensiva,</strong></span> <span class='ocrx_word' id='word_1_60' title='bbox 2029 636 2147 681; x_wconf 88' lang='lat' dir='ltr'><strong>sicut</strong></span> <span class='ocrx_word' id='word_1_61' title='bbox 2171 635 2233 680; x_wconf 87' lang='lat' dir='ltr'><strong>di-</strong></span> 
     </span>
     <span class='ocr_line' id='line_1_8' title="bbox 262 702 2234 765; baseline -0.002 -16"><span class='ocrx_word' id='word_1_62' title='bbox 262 716 386 749; x_wconf 90' lang='lat' dir='ltr'><strong>ctum</strong></span> <span class='ocrx_word' id='word_1_63' title='bbox 414 715 481 749; x_wconf 88' lang='lat' dir='ltr'><strong>est</strong></span> <span class='ocrx_word' id='word_1_64' title='bbox 508 705 572 761; x_wconf 88' lang='lat' dir='ltr'><strong>(in</strong></span> <span class='ocrx_word' id='word_1_65' title='bbox 595 713 707 764; x_wconf 84' lang='lat' dir='ltr'><strong>corp.</strong></span> <span class='ocrx_word' id='word_1_66' title='bbox 731 711 811 749; x_wconf 84' lang='lat' dir='ltr'><strong>art.</strong></span> <span class='ocrx_word' id='word_1_67' title='bbox 811 706 851 761; x_wconf 91' lang='lat'><strong>);</strong></span> <span class='ocrx_word' id='word_1_68' title='bbox 881 716 925 749; x_wconf 89' lang='lat' dir='ltr'><strong>et</strong></span> <span class='ocrx_word' id='word_1_69' title='bbox 951 705 1055 750; x_wconf 90' lang='lat' dir='ltr'><strong>ideo</strong></span> <span class='ocrx_word' id='word_1_70' title='bbox 1083 706 1234 764; x_wconf 91' lang='lat' dir='ltr'><strong>potius</strong></span> <span class='ocrx_word' id='word_1_71' title='bbox 1252 706 1478 765; x_wconf 85' lang='lat' dir='ltr'>quantitas</span> <span class='ocrx_word' id='word_1_72' title='bbox 1496 705 1749 749; x_wconf 87' lang='lat' dir='ltr'><strong>dimensiva</strong></span> <span class='ocrx_word' id='word_1_73' title='bbox 1771 715 1838 749; x_wconf 91' lang='lat' dir='ltr'><strong>est</strong></span> <span class='ocrx_word' id='word_1_74' title='bbox 1854 704 2109 763; x_wconf 88' lang='lat' dir='ltr'><strong>subjectum</strong></span> <span class='ocrx_word' id='word_1_75' title='bbox 2125 702 2234 747; x_wconf 88' lang='lat' dir='ltr'><strong>alio·</strong></span> 
     </span>
     <span class='ocr_line' id='line_1_9' title="bbox 260 773 2064 832; baseline -0.001 -15"><span class='ocrx_word' id='word_1_76' title='bbox 260 788 363 817; x_wconf 91' lang='lat' dir='ltr'><strong>rum</strong></span> <span class='ocrx_word' id='word_1_77' title='bbox 391 773 695 817; x_wconf 89' lang='lat' dir='ltr'><strong>accidentium</strong></span> <span class='ocrx_word' id='word_1_78' title='bbox 721 775 1059 818; x_wconf 89' lang='lat' dir='ltr'><strong>remanentium</strong></span> <span class='ocrx_word' id='word_1_79' title='bbox 1084 774 1130 817; x_wconf 91' lang='lat' dir='ltr'><strong>in</strong></span> <span class='ocrx_word' id='word_1_80' title='bbox 1157 773 1248 818; x_wconf 91' lang='lat' dir='ltr'><strong>hoc</strong></span> <span class='ocrx_word' id='word_1_81' title='bbox 1276 783 1582 827; x_wconf 84' lang='lat' dir='ltr'><strong>sacramentO,</strong></span> <span class='ocrx_word' id='word_1_82' title='bbox 1609 787 1749 832; x_wconf 90' lang='lat' dir='ltr'><strong>quam</strong></span> <span class='ocrx_word' id='word_1_83' title='bbox 1774 786 1799 817; x_wconf 92' lang='lat' dir='ltr'><strong>e</strong></span> <span class='ocrx_word' id='word_1_84' title='bbox 1826 784 2064 816; x_wconf 87' lang='lat' dir='ltr'><strong>converso.</strong></span> 
     </span>
    </p>

    <p class='ocr_par' dir='ltr' id='par_1_4' title="bbox 261 835 2236 1236">
     <span class='ocr_line' id='line_1_10' title="bbox 351 835 2233 899; baseline -0.001 -15"><span class='ocrx_word' id='word_1_85' title='bbox 351 840 427 884; x_wconf 85' lang='lat' dir='ltr'><strong>AD</strong></span> <span class='ocrx_word' id='word_1_86' title='bbox 460 853 677 884; x_wconf 78' lang='lat' dir='ltr'><strong>TERTmM</strong></span> <span class='ocrx_word' id='word_1_87' title='bbox 706 840 965 895; x_wconf 89' lang='lat' dir='ltr'><strong>dicendum,</strong></span> <span class='ocrx_word' id='word_1_88' title='bbox 994 841 1115 899; x_wconf 91' lang='lat' dir='ltr'><strong>quod</strong></span> <span class='ocrx_word' id='word_1_89' title='bbox 1141 855 1307 895; x_wconf 84' lang='lat' dir='ltr'><strong>rarum,</strong></span> <span class='ocrx_word' id='word_1_90' title='bbox 1336 850 1380 884; x_wconf 90' lang='lat' dir='ltr'><strong>et</strong></span> <span class='ocrx_word' id='word_1_91' title='bbox 1405 840 1573 885; x_wconf 83' lang='lat' dir='ltr'><strong>densum</strong></span> <span class='ocrx_word' id='word_1_92' title='bbox 1599 849 1704 884; x_wconf 89' lang='lat' dir='ltr'><strong>sunt</strong></span> <span class='ocrx_word' id='word_1_93' title='bbox 1736 838 1963 899; x_wconf 86' lang='lat' dir='ltr'>quaedam</span> <span class='ocrx_word' id='word_1_94' title='bbox 1994 835 2233 897; x_wconf 86' lang='lat' dir='ltr'><strong>qualitates</strong></span> 
     </span>
     <span class='ocr_line' id='line_1_11' title="bbox 263 903 2234 966; baseline -0.001 -15"><span class='ocrx_word' id='word_1_95' title='bbox 263 917 594 966; x_wconf 86' lang='lat' dir='ltr'><strong>consequentes</strong></span> <span class='ocrx_word' id='word_1_96' title='bbox 623 921 832 966; x_wconf 88' lang='lat' dir='ltr'><strong>corpora,</strong></span> <span class='ocrx_word' id='word_1_97' title='bbox 859 921 914 951; x_wconf 83' lang='lat' dir='ltr'><strong>ex</strong></span> <span class='ocrx_word' id='word_1_98' title='bbox 939 908 1030 952; x_wconf 92' lang='lat' dir='ltr'><strong>hoc</strong></span> <span class='ocrx_word' id='word_1_99' title='bbox 1059 908 1181 966; x_wconf 87' lang='lat' dir='ltr'><strong>quod</strong></span> <span class='ocrx_word' id='word_1_100' title='bbox 1207 908 1378 951; x_wconf 90' lang='lat' dir='ltr'><strong>habent</strong></span> <span class='ocrx_word' id='word_1_101' title='bbox 1410 906 1622 961; x_wconf 90' lang='lat' dir='ltr'><strong>multum,</strong></span> <span class='ocrx_word' id='word_1_102' title='bbox 1654 905 1730 951; x_wconf 91' lang='lat' dir='ltr'><strong>vel</strong></span> <span class='ocrx_word' id='word_1_103' title='bbox 1760 919 1922 965; x_wconf 90' lang='lat' dir='ltr'><strong>parum</strong></span> <span class='ocrx_word' id='word_1_104' title='bbox 1955 905 2011 950; x_wconf 92' lang='lat' dir='ltr'><strong>de</strong></span> <span class='ocrx_word' id='word_1_105' title='bbox 2042 903 2234 949; x_wconf 84' lang='lat' dir='ltr'><strong>materia</strong></span> 
     </span>
     <span class='ocr_line' id='line_1_12' title="bbox 261 969 2235 1033; baseline -0.002 -14"><span class='ocrx_word' id='word_1_106' title='bbox 261 975 343 1019; x_wconf 89' lang='lat' dir='ltr'><strong>sub</strong></span> <span class='ocrx_word' id='word_1_107' title='bbox 372 974 761 1030; x_wconf 82' lang='lat' dir='ltr'><strong>dimensionibus3</strong></span> <span class='ocrx_word' id='word_1_108' title='bbox 788 975 904 1020; x_wconf 91' lang='lat' dir='ltr'><strong>sicut</strong></span> <span class='ocrx_word' id='word_1_109' title='bbox 930 975 1069 1019; x_wconf 89' lang='lat' dir='ltr'><strong>etiam</strong></span> <span class='ocrx_word' id='word_1_110' title='bbox 1092 975 1250 1019; x_wconf 91' lang='lat' dir='ltr'><strong>omnia</strong></span> <span class='ocrx_word' id='word_1_111' title='bbox 1277 974 1365 1019; x_wconf 87' lang='lat' dir='ltr'><strong>alia</strong></span> <span class='ocrx_word' id='word_1_112' title='bbox 1392 974 1646 1018; x_wconf 88' lang='lat' dir='ltr'><strong>accidentia</strong></span> <span class='ocrx_word' id='word_1_113' title='bbox 1673 981 2014 1033; x_wconf 89' lang='lat' dir='ltr'><strong>consequuntur</strong></span> <span class='ocrx_word' id='word_1_114' title='bbox 2038 985 2093 1016; x_wconf 80' lang='lat' dir='ltr'><strong>ex·</strong></span> <span class='ocrx_word' id='word_1_115' title='bbox 2117 969 2235 1031; x_wconf 79' lang='lat' dir='ltr'><strong>prin-</strong></span> 
     </span>
     <span class='ocr_line' id='line_1_13' title="bbox 262 1039 2236 1101; baseline -0.001 -16"><span class='ocrx_word' id='word_1_116' title='bbox 262 1042 390 1101; x_wconf 90' lang='lat' dir='ltr'><strong>cipiis</strong></span> <span class='ocrx_word' id='word_1_117' title='bbox 417 1042 714 1087; x_wconf 88' lang='lat' dir='ltr'><strong>substantiae:</strong></span> <span class='ocrx_word' id='word_1_118' title='bbox 750 1052 795 1086; x_wconf 91' lang='lat' dir='ltr'><strong>et</strong></span> <span class='ocrx_word' id='word_1_119' title='bbox 827 1042 931 1086; x_wconf 91' lang='lat' dir='ltr'><strong>ideo</strong></span> <span class='ocrx_word' id='word_1_120' title='bbox 970 1043 1086 1087; x_wconf 92' lang='lat' dir='ltr'><strong>sicut</strong></span> <span class='ocrx_word' id='word_1_121' title='bbox 1122 1043 1351 1087; x_wconf 86' lang='lat' dir='ltr'><strong>subtracta</strong></span> <span class='ocrx_word' id='word_1_122' title='bbox 1385 1041 1650 1096; x_wconf 85' lang='lat' dir='ltr'><strong>substantia,</strong></span> <span class='ocrx_word' id='word_1_123' title='bbox 1688 1041 1841 1085; x_wconf 85' lang='lat' dir='ltr'><strong>divina</strong></span> <span class='ocrx_word' id='word_1_124' title='bbox 1864 1039 2030 1084; x_wconf 87' lang='lat' dir='ltr'><strong>virtute</strong></span> <span class='ocrx_word' id='word_1_125' title='bbox 2055 1051 2236 1084; x_wconf 84' lang='lat' dir='ltr'><strong>conser-</strong></span> 
     </span>
     <span class='ocr_line' id='line_1_14' title="bbox 261 1108 2235 1166; baseline -0.001 -14"><span class='ocrx_word' id='word_1_126' title='bbox 261 1118 425 1153; x_wconf 80' lang='lat' dir='ltr'>vantur</span> <span class='ocrx_word' id='word_1_127' title='bbox 447 1108 536 1154; x_wconf 90' lang='lat' dir='ltr'><strong>alia</strong></span> <span class='ocrx_word' id='word_1_128' title='bbox 562 1109 829 1164; x_wconf 90' lang='lat' dir='ltr'><strong>accidentia,</strong></span> <span class='ocrx_word' id='word_1_129' title='bbox 855 1109 919 1153; x_wconf 89' lang='lat' dir='ltr'><strong>ita</strong></span> <span class='ocrx_word' id='word_1_130' title='bbox 945 1110 1173 1154; x_wconf 88' lang='lat' dir='ltr'><strong>subtracta</strong></span> <span class='ocrx_word' id='word_1_131' title='bbox 1195 1109 1401 1164; x_wconf 90' lang='lat' dir='ltr'><strong>materia,</strong></span> <span class='ocrx_word' id='word_1_132' title='bbox 1421 1109 1574 1153; x_wconf 89' lang='lat' dir='ltr'><strong>divina</strong></span> <span class='ocrx_word' id='word_1_133' title='bbox 1589 1109 1755 1153; x_wconf 89' lang='lat' dir='ltr'><strong>virtute</strong></span> <span class='ocrx_word' id='word_1_134' title='bbox 1787 1115 2113 1152; x_wconf 88' lang='lat' dir='ltr'><strong>conservantur</strong></span> <span class='ocrx_word' id='word_1_135' title='bbox 2128 1118 2235 1166; x_wconf 87' lang='lat' dir='ltr'><strong>qua—</strong></span> 
     </span>
     <span class='ocr_line' id='line_1_15' title="bbox 262 1176 1679 1236; baseline 0.001 -16"><span class='ocrx_word' id='word_1_136' title='bbox 262 1176 426 1235; x_wconf 29' lang='lat' dir='ltr'><strong>litates:</strong></span> <span class='ocrx_word' id='word_1_137' title='bbox 438 1177 681 1222; x_wconf 90' lang='lat' dir='ltr'><strong>materiam</strong></span> <span class='ocrx_word' id='word_1_138' title='bbox 708 1188 1055 1236; x_wconf 88' lang='lat' dir='ltr'><strong>consequentes,</strong></span> <span class='ocrx_word' id='word_1_139' title='bbox 1090 1178 1207 1221; x_wconf 92' lang='lat' dir='ltr'><strong>sicut</strong></span> <span class='ocrx_word' id='word_1_140' title='bbox 1231 1191 1399 1231; x_wconf 83' lang='lat' dir='ltr'><strong>rarum,</strong></span> <span class='ocrx_word' id='word_1_141' title='bbox 1428 1187 1472 1221; x_wconf 88' lang='lat' dir='ltr'><strong>et</strong></span> <span class='ocrx_word' id='word_1_142' title='bbox 1497 1176 1679 1221; x_wconf 83' lang='lat' dir='ltr'><strong>densum.</strong></span> 
     </span>
    </p>

    <p class='ocr_par' dir='ltr' id='par_1_5' title="bbox 263 1241 2237 1571">
     <span class='ocr_line' id='line_1_16' title="bbox 353 1241 2236 1303; baseline -0.002 -15"><span class='ocrx_word' id='word_1_143' title='bbox 353 1244 430 1289; x_wconf 90' lang='lat' dir='ltr'><strong>AD</strong></span> <span class='ocrx_word' id='word_1_144' title='bbox 458 1257 696 1294; x_wconf 83' lang='lat' dir='ltr'>QUARTUM</span> <span class='ocrx_word' id='word_1_145' title='bbox 724 1244 983 1298; x_wconf 88' lang='lat' dir='ltr'><strong>dicendum,</strong></span> <span class='ocrx_word' id='word_1_146' title='bbox 1002 1245 1124 1303; x_wconf 93' lang='lat' dir='ltr'><strong>quod</strong></span> <span class='ocrx_word' id='word_1_147' title='bbox 1148 1244 1378 1303; x_wconf 87' lang='lat' dir='ltr'><strong>quantitas</strong></span> <span class='ocrx_word' id='word_1_148' title='bbox 1396 1243 1724 1288; x_wconf 89' lang='lat' dir='ltr'><strong>mathematica</strong></span> <span class='ocrx_word' id='word_1_149' title='bbox 1745 1257 1841 1287; x_wconf 89' lang='lat' dir='ltr'><strong>non</strong></span> <span class='ocrx_word' id='word_1_150' title='bbox 1858 1241 2077 1287; x_wconf 87' lang='lat' dir='ltr'><strong>abstrahit</strong></span> <span class='ocrx_word' id='word_1_151' title='bbox 2097 1254 2124 1285; x_wconf 89' lang='lat' dir='ltr'><strong>a</strong></span> <span class='ocrx_word' id='word_1_152' title='bbox 2143 1253 2236 1285; x_wconf 91' lang='lat' dir='ltr'><strong>ma-</strong></span> 
     </span>
     <span class='ocr_line' id='line_1_17' title="bbox 264 1306 2237 1371; baseline -0.004 -15"><span class='ocrx_word' id='word_1_153' title='bbox 264 1311 378 1356; x_wconf 86' lang='lat' dir='ltr'><strong>teria</strong></span> <span class='ocrx_word' id='word_1_154' title='bbox 403 1311 691 1371; x_wconf 86' lang='lat' dir='ltr'><strong>intelligibili,</strong></span> <span class='ocrx_word' id='word_1_155' title='bbox 719 1312 798 1356; x_wconf 92' lang='lat' dir='ltr'><strong>sed</strong></span> <span class='ocrx_word' id='word_1_156' title='bbox 826 1326 851 1356; x_wconf 91' lang='lat' dir='ltr'><strong>a</strong></span> <span class='ocrx_word' id='word_1_157' title='bbox 877 1312 1070 1355; x_wconf 80' lang='lat' dir='ltr'><strong>materia</strong></span> <span class='ocrx_word' id='word_1_158' title='bbox 1101 1310 1318 1364; x_wconf 90' lang='lat' dir='ltr'><strong>sensibili,</strong></span> <span class='ocrx_word' id='word_1_159' title='bbox 1351 1321 1399 1354; x_wconf 85' lang='lat' dir='ltr'><strong>ut</strong></span> <span class='ocrx_word' id='word_1_160' title='bbox 1433 1311 1595 1354; x_wconf 89' lang='lat' dir='ltr'><strong>dicitur</strong></span> <span class='ocrx_word' id='word_1_161' title='bbox 1621 1323 1661 1368; x_wconf 93' lang='lat'><strong>7.</strong></span> <span class='ocrx_word' id='word_1_162' title='bbox 1688 1310 1891 1368; x_wconf 90' lang='lat' dir='ltr'><strong>Metaph.</strong></span> <span class='ocrx_word' id='word_1_163' title='bbox 1920 1309 2026 1366; x_wconf 56' lang='lat' dir='ltr'><strong>(tem-</strong></span> <span class='ocrx_word' id='word_1_164' title='bbox 2042 1307 2148 1368; x_wconf 82' lang='lat'><em>35.).·</em></span> <span class='ocrx_word' id='word_1_165' title='bbox 2174 1306 2237 1350; x_wconf 89' lang='lat' dir='ltr'><strong>di-</strong></span> 
     </span>
     <span class='ocr_line' id='line_1_18' title="bbox 264 1373 2234 1436; baseline -0.002 -14"><span class='ocrx_word' id='word_1_166' title='bbox 264 1379 380 1423; x_wconf 90' lang='lat' dir='ltr'><strong>citur</strong></span> <span class='ocrx_word' id='word_1_167' title='bbox 403 1389 556 1423; x_wconf 88' lang='lat' dir='ltr'><strong>autem</strong></span> <span class='ocrx_word' id='word_1_168' title='bbox 579 1379 768 1423; x_wconf 89' lang='lat' dir='ltr'><strong>materia</strong></span> <span class='ocrx_word' id='word_1_169' title='bbox 784 1379 1007 1423; x_wconf 89' lang='lat' dir='ltr'><strong>sensibilis</strong></span> <span class='ocrx_word' id='word_1_170' title='bbox 1021 1393 1075 1422; x_wconf 86' lang='lat' dir='ltr'><strong>ex</strong></span> <span class='ocrx_word' id='word_1_171' title='bbox 1088 1378 1193 1435; x_wconf 89' lang='lat' dir='ltr'><strong>hoc,</strong></span> <span class='ocrx_word' id='word_1_172' title='bbox 1212 1378 1335 1436; x_wconf 93' lang='lat' dir='ltr'><strong>quod</strong></span> <span class='ocrx_word' id='word_1_173' title='bbox 1353 1378 1588 1436; x_wconf 84' lang='lat' dir='ltr'><strong>subjicitur</strong></span> <span class='ocrx_word' id='word_1_174' title='bbox 1610 1376 1897 1421; x_wconf 83' lang='lat' dir='ltr'><strong>sensibilibus</strong></span> <span class='ocrx_word' id='word_1_175' title='bbox 1922 1373 2234 1434; x_wconf 85' lang='lat' dir='ltr'><strong>qualitatibus:</strong></span> 
     </span>
     <span class='ocr_line' id='line_1_19' title="bbox 263 1441 2236 1505; baseline -0.003 -15"><span class='ocrx_word' id='word_1_176' title='bbox 263 1456 308 1490; x_wconf 90' lang='lat' dir='ltr'><strong>et</strong></span> <span class='ocrx_word' id='word_1_177' title='bbox 331 1446 437 1490; x_wconf 91' lang='lat' dir='ltr'><strong>ideo</strong></span> <span class='ocrx_word' id='word_1_178' title='bbox 465 1446 759 1490; x_wconf 88' lang='lat' dir='ltr'><strong>manifestum</strong></span> <span class='ocrx_word' id='word_1_179' title='bbox 787 1456 867 1500; x_wconf 88' lang='lat' dir='ltr'><strong>est,</strong></span> <span class='ocrx_word' id='word_1_180' title='bbox 894 1446 1018 1505; x_wconf 92' lang='lat' dir='ltr'><strong>quod</strong></span> <span class='ocrx_word' id='word_1_181' title='bbox 1047 1446 1274 1505; x_wconf 83' lang='lat' dir='ltr'><strong>quantitas</strong></span> <span class='ocrx_word' id='word_1_182' title='bbox 1308 1445 1576 1499; x_wconf 86' lang='lat' dir='ltr'><strong>dimensiva,</strong></span> <span class='ocrx_word' id='word_1_183' title='bbox 1604 1458 1721 1503; x_wconf 90' lang='lat' dir='ltr'><strong>quae</strong></span> <span class='ocrx_word' id='word_1_184' title='bbox 1747 1452 1954 1489; x_wconf 86' lang='lat' dir='ltr'><strong>remanet</strong></span> <span class='ocrx_word' id='word_1_185' title='bbox 1977 1442 2024 1487; x_wconf 91' lang='lat' dir='ltr'><strong>in</strong></span> <span class='ocrx_word' id='word_1_186' title='bbox 2048 1441 2141 1486; x_wconf 87' lang='lat' dir='ltr'><strong>hoc</strong></span> <span class='ocrx_word' id='word_1_187' title='bbox 2166 1451 2236 1486; x_wconf 83' lang='lat' dir='ltr'><strong>sa-</strong></span> 
     </span>
     <span class='ocr_line' id='line_1_20' title="bbox 264 1511 1700 1571; baseline 0 -15"><span class='ocrx_word' id='word_1_188' title='bbox 264 1524 501 1559; x_wconf 88' lang='lat' dir='ltr'><strong>cramento</strong></span> <span class='ocrx_word' id='word_1_189' title='bbox 530 1514 626 1558; x_wconf 90' lang='lat' dir='ltr'><strong>sine</strong></span> <span class='ocrx_word' id='word_1_190' title='bbox 649 1511 870 1571; x_wconf 77' lang='lat' dir='ltr'><strong>subjecto,</strong></span> <span class='ocrx_word' id='word_1_191' title='bbox 891 1527 986 1557; x_wconf 91' lang='lat' dir='ltr'><strong>non</strong></span> <span class='ocrx_word' id='word_1_192' title='bbox 1014 1523 1081 1557; x_wconf 86' lang='lat' dir='ltr'><strong>est</strong></span> <span class='ocrx_word' id='word_1_193' title='bbox 1106 1514 1333 1571; x_wconf 91' lang='lat' dir='ltr'><strong>quantitas</strong></span> <span class='ocrx_word' id='word_1_194' title='bbox 1360 1511 1700 1556; x_wconf 87' lang='lat' dir='ltr'><strong>mathematica.</strong></span> 
     </span>
    </p>
   </div>
   <div class='ocr_carea' id='block_1_3' title="bbox 973 1677 2235 1750">
    <p class='ocr_par' dir='ltr' id='par_1_6' title="bbox 973 1677 2235 1750">
     <span class='ocr_line' id='line_1_21' title="bbox 973 1677 2235 1750; baseline 0.003 -18"><span class='ocrx_word' id='word_1_195' title='bbox 973 1677 1408 1735; x_wconf 89' lang='lat' dir='ltr'><strong>ARTICULUS</strong></span> <span class='ocrx_word' id='word_1_196' title='bbox 1446 1677 1547 1733; x_wconf 90' lang='lat' dir='ltr'><strong>III.</strong></span> <span class='ocrx_word' id='word_1_197' title='bbox 2146 1691 2235 1750; x_wconf 86' lang='lat'><strong>458</strong></span> 
     </span>
    </p>
   </div>
   <div class='ocr_carea' id='block_1_4' title="bbox 415 1811 2085 1942">
    <p class='ocr_par' dir='ltr' id='par_1_7' title="bbox 415 1811 2085 1942">
     <span class='ocr_line' id='line_1_22' title="bbox 415 1811 2085 1864; baseline 0.001 -14"><span class='ocrx_word' id='word_1_198' title='bbox 415 1812 608 1851; x_wconf 87' lang='lat' dir='ltr'><strong>UTRUM</strong></span> <span class='ocrx_word' id='word_1_199' title='bbox 650 1813 884 1864; x_wconf 84' lang='lat' dir='ltr'><strong>SPECIES,</strong></span> <span class='ocrx_word' id='word_1_200' title='bbox 923 1814 1071 1859; x_wconf 82' lang='lat' dir='ltr'><strong>QUAE</strong></span> <span class='ocrx_word' id='word_1_201' title='bbox 1110 1813 1407 1853; x_wconf 81' lang='lat' dir='ltr'>REMANENT</span> <span class='ocrx_word' id='word_1_202' title='bbox 1448 1813 1505 1852; x_wconf 88' lang='lat' dir='ltr'><strong>IN</strong></span> <span class='ocrx_word' id='word_1_203' title='bbox 1546 1812 1665 1851; x_wconf 82' lang='lat' dir='ltr'><strong>Hoc</strong></span> <span class='ocrx_word' id='word_1_204' title='bbox 1699 1811 2085 1862; x_wconf 81' lang='lat' dir='ltr'><strong>SACRAMENTO,</strong></span> 
     </span>
     <span class='ocr_line' id='line_1_23' title="bbox 417 1874 1895 1942; baseline 0.003 -9"><span class='ocrx_word' id='word_1_205' title='bbox 417 1874 420 1877; x_wconf 77' lang='grc'><strong>’</strong></span> <span class='ocrx_word' id='word_1_206' title='bbox 614 1895 845 1935; x_wconf 65' lang='lat' dir='ltr'><strong>Possum*</strong></span> <span class='ocrx_word' id='word_1_207' title='bbox 886 1895 1175 1935; x_wconf 85' lang='lat' dir='ltr'>IMMUTARE</span> <span class='ocrx_word' id='word_1_208' title='bbox 1215 1895 1447 1942; x_wconf 85' lang='lat' dir='ltr'><strong>ALIQUID</strong></span> <span class='ocrx_word' id='word_1_209' title='bbox 1489 1894 1895 1937; x_wconf 73' lang='lat' dir='ltr'><strong>ExTRINSECUM.</strong></span> 
     </span>
    </p>
   </div>
   <div class='ocr_carea' id='block_1_5' title="bbox 810 2007 1699 2068">
    <p class='ocr_par' dir='ltr' id='par_1_8' title="bbox 810 2007 1699 2068">
     <span class='ocr_line' id='line_1_24' title="bbox 810 2007 1699 2068; baseline -0.001 -16"><span class='ocrx_word' id='word_1_210' title='bbox 810 2008 870 2066; x_wconf 87' lang='lat'><strong>(4.</strong></span> <span class='ocrx_word' id='word_1_211' title='bbox 897 2010 1012 2056; x_wconf 83' lang='lat' dir='ltr'><strong>Dist.</strong></span> <span class='ocrx_word' id='word_1_212' title='bbox 1038 2024 1101 2055; x_wconf 81' lang='lat'><strong>12.</strong></span> <span class='ocrx_word' id='word_1_213' title='bbox 1129 2025 1167 2068; x_wconf 85' lang='lat' dir='ltr'><strong>q.</strong></span> <span class='ocrx_word' id='word_1_214' title='bbox 1195 2025 1231 2054; x_wconf 87' lang='lat'><strong>1.</strong></span> <span class='ocrx_word' id='word_1_215' title='bbox 1258 2015 1349 2054; x_wconf 84' lang='lat' dir='ltr'><strong>art.·</strong></span> <span class='ocrx_word' id='word_1_216' title='bbox 1367 2023 1406 2054; x_wconf 91' lang='lat'><strong>2.</strong></span> <span class='ocrx_word' id='word_1_217' title='bbox 1435 2023 1472 2067; x_wconf 88' lang='lat' dir='ltr'><strong>q.</strong></span> <span class='ocrx_word' id='word_1_218' title='bbox 1496 2023 1531 2054; x_wconf 81' lang='lat' dir='ltr'><strong>I.</strong></span> <span class='ocrx_word' id='word_1_219' title='bbox 1559 2013 1598 2052; x_wconf 84' lang='lat' dir='ltr'><strong>et</strong></span> <span class='ocrx_word' id='word_1_220' title='bbox 1622 2007 1699 2066; x_wconf 86' lang='lat'><strong><em>2.).</em></strong></span> 
     </span>
    </p>
   </div>
   <div class='ocr_carea' id='block_1_6' title="bbox 264 2116 2327 3309">
    <p class='ocr_par' dir='ltr' id='par_1_9' title="bbox 264 2116 2241 2581">
     <span class='ocr_line' id='line_1_25' title="bbox 354 2116 2238 2180; baseline -0.001 -17"><span class='ocrx_word' id='word_1_221' title='bbox 354 2120 430 2167; x_wconf 83' lang='lat' dir='ltr'><strong>AD</strong></span> <span class='ocrx_word' id='word_1_222' title='bbox 458 2132 676 2164; x_wconf 76' lang='lat' dir='ltr'><strong>TERTmM</strong></span> <span class='ocrx_word' id='word_1_223' title='bbox 702 2121 766 2164; x_wconf 88' lang='lat' dir='ltr'><strong>sic</strong></span> <span class='ocrx_word' id='word_1_224' title='bbox 793 2121 1068 2179; x_wconf 91' lang='lat' dir='ltr'><strong>proceditur.</strong></span> <span class='ocrx_word' id='word_1_225' title='bbox 1086 2120 1292 2175; x_wconf 90' lang='lat' dir='ltr'><strong>Videtur,</strong></span> <span class='ocrx_word' id='word_1_226' title='bbox 1315 2120 1438 2180; x_wconf 90' lang='lat' dir='ltr'><strong>quod</strong></span> <span class='ocrx_word' id='word_1_227' title='bbox 1465 2120 1653 2180; x_wconf 86' lang='lat' dir='ltr'><strong>species,</strong></span> <span class='ocrx_word' id='word_1_228' title='bbox 1673 2132 1789 2178; x_wconf 87' lang='lat' dir='ltr'><strong>quae</strong></span> <span class='ocrx_word' id='word_1_229' title='bbox 1812 2126 2050 2163; x_wconf 85' lang='lat' dir='ltr'><strong>remanent</strong></span> <span class='ocrx_word' id='word_1_230' title='bbox 2073 2116 2121 2166; x_wconf 87' lang='lat' dir='ltr'><strong>in</strong></span> <span class='ocrx_word' id='word_1_231' title='bbox 2145 2117 2238 2162; x_wconf 88' lang='lat' dir='ltr'><strong>hoc</strong></span> 
     </span>
     <span class='ocr_line' id='line_1_26' title="bbox 266 2184 2239 2247; baseline -0.001 -17"><span class='ocrx_word' id='word_1_232' title='bbox 266 2196 569 2241; x_wconf 89' lang='lat' dir='ltr'><strong>sacramento,</strong></span> <span class='ocrx_word' id='word_1_233' title='bbox 611 2201 706 2230; x_wconf 93' lang='lat' dir='ltr'><strong>non</strong></span> <span class='ocrx_word' id='word_1_234' title='bbox 752 2187 927 2246; x_wconf 90' lang='lat' dir='ltr'><strong>possint</strong></span> <span class='ocrx_word' id='word_1_235' title='bbox 968 2188 1213 2232; x_wconf 87' lang='lat' dir='ltr'><strong>immutare</strong></span> <span class='ocrx_word' id='word_1_236' title='bbox 1258 2187 1429 2247; x_wconf 89' lang='lat' dir='ltr'><strong>aliquid</strong></span> <span class='ocrx_word' id='word_1_237' title='bbox 1471 2187 1802 2232; x_wconf 85' lang='lat' dir='ltr'><strong>extrinsecum:</strong></span> <span class='ocrx_word' id='word_1_238' title='bbox 1852 2185 2069 2244; x_wconf 87' lang='lat' dir='ltr'><strong>probatur</strong></span> <span class='ocrx_word' id='word_1_239' title='bbox 2114 2184 2239 2230; x_wconf 87' lang='lat' dir='ltr'><strong>enim</strong></span> 
     </span>
     <span class='ocr_line' id='line_1_27' title="bbox 267 2252 2238 2313; baseline -0.001 -16"><span class='ocrx_word' id='word_1_240' title='bbox 267 2267 306 2311; x_wconf 89' lang='lat'><strong>7.</strong></span> <span class='ocrx_word' id='word_1_241' title='bbox 333 2254 533 2313; x_wconf 89' lang='lat' dir='ltr'><strong>Physic.‚</strong></span> <span class='ocrx_word' id='word_1_242' title='bbox 561 2254 683 2312; x_wconf 92' lang='lat' dir='ltr'><strong>quod</strong></span> <span class='ocrx_word' id='word_1_243' title='bbox 716 2253 909 2309; x_wconf 91' lang='lat' dir='ltr'><strong>formae,</strong></span> <span class='ocrx_word' id='word_1_244' title='bbox 930 2269 1046 2313; x_wconf 89' lang='lat' dir='ltr'><strong>quae</strong></span> <span class='ocrx_word' id='word_1_245' title='bbox 1073 2265 1178 2300; x_wconf 91' lang='lat' dir='ltr'><strong>sunt</strong></span> <span class='ocrx_word' id='word_1_246' title='bbox 1209 2255 1254 2298; x_wconf 90' lang='lat' dir='ltr'><strong>in</strong></span> <span class='ocrx_word' id='word_1_247' title='bbox 1287 2255 1492 2309; x_wconf 89' lang='lat' dir='ltr'><strong>materia,</strong></span> <span class='ocrx_word' id='word_1_248' title='bbox 1525 2254 1639 2298; x_wconf 90' lang='lat' dir='ltr'><strong>fiunt</strong></span> <span class='ocrx_word' id='word_1_249' title='bbox 1665 2268 1691 2297; x_wconf 90' lang='lat' dir='ltr'><strong>a</strong></span> <span class='ocrx_word' id='word_1_250' title='bbox 1715 2252 1893 2307; x_wconf 82' lang='lat' dir='ltr'><strong>formiS,</strong></span> <span class='ocrx_word' id='word_1_251' title='bbox 1917 2266 2035 2312; x_wconf 91' lang='lat' dir='ltr'><strong>quae</strong></span> <span class='ocrx_word' id='word_1_252' title='bbox 2059 2262 2166 2297; x_wconf 90' lang='lat' dir='ltr'><strong>sunt</strong></span> <span class='ocrx_word' id='word_1_253' title='bbox 2190 2252 2238 2296; x_wconf 83' lang='lat' dir='ltr'><strong>in</strong></span> 
     </span>
     <span class='ocr_line' id='line_1_28' title="bbox 265 2317 2239 2380; baseline -0.001 -16"><span class='ocrx_word' id='word_1_254' title='bbox 265 2321 471 2374; x_wconf 88' lang='lat' dir='ltr'><strong>materia,</strong></span> <span class='ocrx_word' id='word_1_255' title='bbox 497 2334 591 2364; x_wconf 92' lang='lat' dir='ltr'><strong>non</strong></span> <span class='ocrx_word' id='word_1_256' title='bbox 619 2331 771 2366; x_wconf 89' lang='lat' dir='ltr'><strong>autem</strong></span> <span class='ocrx_word' id='word_1_257' title='bbox 800 2336 826 2365; x_wconf 90' lang='lat' dir='ltr'><strong>a</strong></span> <span class='ocrx_word' id='word_1_258' title='bbox 851 2321 1027 2376; x_wconf 90' lang='lat' dir='ltr'><strong>formis,</strong></span> <span class='ocrx_word' id='word_1_259' title='bbox 1051 2337 1167 2380; x_wconf 89' lang='lat' dir='ltr'><strong>quae</strong></span> <span class='ocrx_word' id='word_1_260' title='bbox 1194 2332 1298 2366; x_wconf 91' lang='lat' dir='ltr'><strong>sunt</strong></span> <span class='ocrx_word' id='word_1_261' title='bbox 1324 2323 1421 2366; x_wconf 91' lang='lat' dir='ltr'><strong>sine</strong></span> <span class='ocrx_word' id='word_1_262' title='bbox 1447 2322 1653 2376; x_wconf 91' lang='lat' dir='ltr'><strong>materia,</strong></span> <span class='ocrx_word' id='word_1_263' title='bbox 1682 2335 1738 2365; x_wconf 89' lang='lat' dir='ltr'><strong>eo</strong></span> <span class='ocrx_word' id='word_1_264' title='bbox 1766 2319 1888 2379; x_wconf 89' lang='lat' dir='ltr'><strong>quod</strong></span> <span class='ocrx_word' id='word_1_265' title='bbox 1910 2317 2060 2364; x_wconf 87' lang='lat' dir='ltr'><strong>simile</strong></span> <span class='ocrx_word' id='word_1_266' title='bbox 2077 2318 2172 2378; x_wconf 88' lang='lat' dir='ltr'><strong>agit</strong></span> <span class='ocrx_word' id='word_1_267' title='bbox 2190 2317 2239 2362; x_wconf 89' lang='lat' dir='ltr'><strong>in</strong></span> 
     </span>
     <span class='ocr_line' id='line_1_29' title="bbox 264 2385 2239 2448; baseline 0 -18"><span class='ocrx_word' id='word_1_268' title='bbox 264 2388 349 2431; x_wconf 86' lang='lat' dir='ltr'><strong>sibi</strong></span> <span class='ocrx_word' id='word_1_269' title='bbox 373 2387 543 2432; x_wconf 90' lang='lat' dir='ltr'><strong>simile:</strong></span> <span class='ocrx_word' id='word_1_270' title='bbox 571 2388 648 2431; x_wconf 89' lang='lat' dir='ltr'><strong>sed</strong></span> <span class='ocrx_word' id='word_1_271' title='bbox 676 2389 849 2447; x_wconf 91' lang='lat' dir='ltr'><strong>species</strong></span> <span class='ocrx_word' id='word_1_272' title='bbox 877 2389 1233 2433; x_wconf 86' lang='lat' dir='ltr'><strong>sacramentales</strong></span> <span class='ocrx_word' id='word_1_273' title='bbox 1261 2399 1365 2434; x_wconf 90' lang='lat' dir='ltr'><strong>sunt</strong></span> <span class='ocrx_word' id='word_1_274' title='bbox 1389 2389 1563 2448; x_wconf 88' lang='lat' dir='ltr'><strong>species</strong></span> <span class='ocrx_word' id='word_1_275' title='bbox 1591 2388 1690 2432; x_wconf 89' lang='lat' dir='ltr'><strong>sine</strong></span> <span class='ocrx_word' id='word_1_276' title='bbox 1717 2387 1924 2440; x_wconf 89' lang='lat' dir='ltr'><strong>materia,</strong></span> <span class='ocrx_word' id='word_1_277' title='bbox 1957 2385 2064 2444; x_wconf 90' lang='lat' dir='ltr'><strong>quia</strong></span> <span class='ocrx_word' id='word_1_278' title='bbox 2088 2399 2239 2431; x_wconf 86' lang='lat' dir='ltr'><strong>rema-</strong></span> 
     </span>
     <span class='ocr_line' id='line_1_30' title="bbox 265 2452 2241 2515; baseline -0.001 -17"><span class='ocrx_word' id='word_1_279' title='bbox 265 2465 376 2499; x_wconf 85' lang='lat' dir='ltr'><strong>nent</strong></span> <span class='ocrx_word' id='word_1_280' title='bbox 400 2455 497 2498; x_wconf 90' lang='lat' dir='ltr'><strong>sine</strong></span> <span class='ocrx_word' id='word_1_281' title='bbox 525 2455 744 2512; x_wconf 86' lang='lat' dir='ltr'><strong>subjecto,</strong></span> <span class='ocrx_word' id='word_1_282' title='bbox 778 2465 827 2499; x_wconf 92' lang='lat' dir='ltr'><strong>ut</strong></span> <span class='ocrx_word' id='word_1_283' title='bbox 858 2470 911 2499; x_wconf 84' lang='lat' dir='ltr'><strong>ex</strong></span> <span class='ocrx_word' id='word_1_284' title='bbox 939 2456 1070 2500; x_wconf 85' lang='lat' dir='ltr'><strong>dictis</strong></span> <span class='ocrx_word' id='word_1_285' title='bbox 1098 2466 1221 2515; x_wconf 90' lang='lat' dir='ltr'><strong>patet</strong></span> <span class='ocrx_word' id='word_1_286' title='bbox 1250 2457 1352 2513; x_wconf 81' lang='lat' dir='ltr'><strong>(art.</strong></span> <span class='ocrx_word' id='word_1_287' title='bbox 1380 2473 1414 2502; x_wconf 86' lang='lat'><strong>1.</strong></span> <span class='ocrx_word' id='word_1_288' title='bbox 1442 2456 1529 2514; x_wconf 87' lang='lat' dir='ltr'><strong>huj.</strong></span> <span class='ocrx_word' id='word_1_289' title='bbox 1553 2455 1642 2513; x_wconf 87' lang='lat' dir='ltr'><strong>q.);</strong></span> <span class='ocrx_word' id='word_1_290' title='bbox 1677 2468 1771 2498; x_wconf 90' lang='lat' dir='ltr'><strong>non</strong></span> <span class='ocrx_word' id='word_1_291' title='bbox 1803 2462 1998 2513; x_wconf 87' lang='lat' dir='ltr'><strong>possunt</strong></span> <span class='ocrx_word' id='word_1_292' title='bbox 2021 2466 2132 2512; x_wconf 86' lang='lat' dir='ltr'><strong>ergo</strong></span> <span class='ocrx_word' id='word_1_293' title='bbox 2157 2452 2241 2497; x_wconf 87' lang='lat' dir='ltr'><strong>im·</strong></span> 
     </span>
     <span class='ocr_line' id='line_1_31' title="bbox 266 2521 1780 2581; baseline -0.001 -15"><span class='ocrx_word' id='word_1_294' title='bbox 266 2532 443 2567; x_wconf 88' lang='lat' dir='ltr'><strong>mutare</strong></span> <span class='ocrx_word' id='word_1_295' title='bbox 469 2522 711 2566; x_wconf 88' lang='lat' dir='ltr'><strong>materiam</strong></span> <span class='ocrx_word' id='word_1_296' title='bbox 738 2523 1026 2576; x_wconf 85' lang='lat' dir='ltr'><strong>exteriorem,</strong></span> <span class='ocrx_word' id='word_1_297' title='bbox 1053 2523 1311 2567; x_wconf 91' lang='lat' dir='ltr'><strong>inducendo</strong></span> <span class='ocrx_word' id='word_1_298' title='bbox 1340 2522 1541 2581; x_wconf 89' lang='lat' dir='ltr'><strong>aliquam</strong></span> <span class='ocrx_word' id='word_1_299' title='bbox 1566 2521 1780 2565; x_wconf 89' lang='lat' dir='ltr'><strong>formam.</strong></span> 
     </span>
    </p>

    <p class='ocr_par' dir='ltr' id='par_1_10' title="bbox 267 2587 2241 3039">
     <span class='ocr_line' id='line_1_32' title="bbox 357 2587 2241 2648; baseline -0.002 -14"><span class='ocrx_word' id='word_1_300' title='bbox 357 2602 397 2634; x_wconf 88' lang='lat'><strong>2.</strong></span> <span class='ocrx_word' id='word_1_301' title='bbox 424 2589 722 2634; x_wconf 79' lang='lat' dir='ltr'><strong>PRAETEREA.</strong></span> <span class='ocrx_word' id='word_1_302' title='bbox 738 2589 959 2634; x_wconf 90' lang='lat' dir='ltr'><strong>Cessante</strong></span> <span class='ocrx_word' id='word_1_303' title='bbox 984 2590 1163 2634; x_wconf 87' lang='lat' dir='ltr'><strong>actione</strong></span> <span class='ocrx_word' id='word_1_304' title='bbox 1187 2589 1448 2648; x_wconf 88' lang='lat' dir='ltr'><strong>principalis</strong></span> <span class='ocrx_word' id='word_1_305' title='bbox 1468 2590 1856 2648; x_wconf 88' lang='lat' dir='ltr'><strong>agentis,necesse</strong></span> <span class='ocrx_word' id='word_1_306' title='bbox 1874 2597 1943 2632; x_wconf 90' lang='lat' dir='ltr'><strong>est</strong></span> <span class='ocrx_word' id='word_1_307' title='bbox 1957 2587 2081 2647; x_wconf 89' lang='lat' dir='ltr'><strong>quod</strong></span> <span class='ocrx_word' id='word_1_308' title='bbox 2094 2595 2241 2632; x_wconf 86' lang='lat' dir='ltr'><strong>cesset</strong></span> 
     </span>
     <span class='ocr_line' id='line_1_33' title="bbox 268 2648 2240 2715; baseline -0.002 -14"><span class='ocrx_word' id='word_1_309' title='bbox 268 2657 389 2701; x_wconf 91' lang='lat' dir='ltr'><strong>actio</strong></span> <span class='ocrx_word' id='word_1_310' title='bbox 415 2657 718 2711; x_wconf 89' lang='lat' dir='ltr'><strong>instrumenti,</strong></span> <span class='ocrx_word' id='word_1_311' title='bbox 755 2657 872 2701; x_wconf 90' lang='lat' dir='ltr'><strong>sicut</strong></span> <span class='ocrx_word' id='word_1_312' title='bbox 897 2657 1159 2715; x_wconf 85' lang='lat' dir='ltr'><strong>quiescente</strong></span> <span class='ocrx_word' id='word_1_313' title='bbox 1185 2657 1327 2711; x_wconf 86' lang='lat' dir='ltr'><strong>fabro,</strong></span> <span class='ocrx_word' id='word_1_314' title='bbox 1340 2670 1435 2700; x_wconf 92' lang='lat' dir='ltr'><strong>non</strong></span> <span class='ocrx_word' id='word_1_315' title='bbox 1458 2666 1669 2700; x_wconf 91' lang='lat' dir='ltr'><strong>movetur</strong></span> <span class='ocrx_word' id='word_1_316' title='bbox 1691 2654 1947 2701; x_wconf 90' lang='lat' dir='ltr'><strong>martellus:</strong></span> <span class='ocrx_word' id='word_1_317' title='bbox 1974 2654 2054 2699; x_wconf 75' lang='lat' dir='ltr'><strong>&#39;sed</strong></span> <span class='ocrx_word' id='word_1_318' title='bbox 2076 2648 2240 2699; x_wconf 84' lang='lat' dir='ltr'><strong>omnes</strong></span> 
     </span>
     <span class='ocr_line' id='line_1_34' title="bbox 267 2721 2239 2782; baseline -0.001 -14"><span class='ocrx_word' id='word_1_319' title='bbox 267 2724 445 2769; x_wconf 88' lang='lat' dir='ltr'><strong>formae</strong></span> <span class='ocrx_word' id='word_1_320' title='bbox 479 2723 784 2768; x_wconf 89' lang='lat' dir='ltr'><strong>accidentales</strong></span> <span class='ocrx_word' id='word_1_321' title='bbox 818 2733 958 2782; x_wconf 89' lang='lat' dir='ltr'><strong>agunt</strong></span> <span class='ocrx_word' id='word_1_322' title='bbox 994 2724 1397 2768; x_wconf 89' lang='lat' dir='ltr'><strong>instrumentaliter</strong></span> <span class='ocrx_word' id='word_1_323' title='bbox 1433 2724 1479 2767; x_wconf 91' lang='lat' dir='ltr'><strong>in</strong></span> <span class='ocrx_word' id='word_1_324' title='bbox 1515 2724 1681 2768; x_wconf 89' lang='lat' dir='ltr'><strong>virtute</strong></span> <span class='ocrx_word' id='word_1_325' title='bbox 1713 2723 1888 2768; x_wconf 89' lang='lat' dir='ltr'><strong>formae</strong></span> <span class='ocrx_word' id='word_1_326' title='bbox 1919 2721 2239 2777; x_wconf 46' lang='lat' dir='ltr'><strong>substantiali&amp;</strong></span> 
     </span>
     <span class='ocr_line' id='line_1_35' title="bbox 267 2787 2241 2851; baseline -0.001 -16"><span class='ocrx_word' id='word_1_327' title='bbox 267 2802 489 2851; x_wconf 89' lang='lat' dir='ltr'><strong>tanquam</strong></span> <span class='ocrx_word' id='word_1_328' title='bbox 508 2791 771 2850; x_wconf 89' lang='lat' dir='ltr'><strong>principalis</strong></span> <span class='ocrx_word' id='word_1_329' title='bbox 786 2791 959 2849; x_wconf 88' lang='lat' dir='ltr'><strong>agentis</strong></span> <span class='ocrx_word' id='word_1_330' title='bbox 975 2805 1105 2846; x_wconf 92' lang='lat' dir='ltr'><strong>;cum</strong></span> <span class='ocrx_word' id='word_1_331' title='bbox 1123 2805 1233 2850; x_wconf 89' lang='lat' dir='ltr'><strong>ergo</strong></span> <span class='ocrx_word' id='word_1_332' title='bbox 1250 2792 1296 2835; x_wconf 93' lang='lat' dir='ltr'><strong>in</strong></span> <span class='ocrx_word' id='word_1_333' title='bbox 1314 2791 1403 2835; x_wconf 91' lang='lat' dir='ltr'><strong>hoc</strong></span> <span class='ocrx_word' id='word_1_334' title='bbox 1423 2801 1711 2835; x_wconf 87' lang='lat' dir='ltr'><strong>sacramento</strong></span> <span class='ocrx_word' id='word_1_335' title='bbox 1728 2805 1824 2835; x_wconf 90' lang='lat' dir='ltr'><strong>non</strong></span> <span class='ocrx_word' id='word_1_336' title='bbox 1840 2799 2076 2835; x_wconf 80' lang='lat' dir='ltr'><strong>remaneat</strong></span> <span class='ocrx_word' id='word_1_337' title='bbox 2090 2787 2241 2847; x_wconf 81' lang='lat' dir='ltr'><strong>forma</strong></span> 
     </span>
     <span class='ocr_line' id='line_1_36' title="bbox 269 2856 2240 2918; baseline -0.002 -15"><span class='ocrx_word' id='word_1_338' title='bbox 269 2858 578 2904; x_wconf 86' lang='lat' dir='ltr'><strong>substantialis</strong></span> <span class='ocrx_word' id='word_1_339' title='bbox 603 2859 746 2918; x_wconf 89' lang='lat' dir='ltr'><strong>panis,</strong></span> <span class='ocrx_word' id='word_1_340' title='bbox 765 2868 810 2902; x_wconf 90' lang='lat' dir='ltr'><strong>et</strong></span> <span class='ocrx_word' id='word_1_341' title='bbox 829 2858 938 2912; x_wconf 87' lang='lat' dir='ltr'><strong>vini,</strong></span> <span class='ocrx_word' id='word_1_342' title='bbox 965 2858 1080 2902; x_wconf 89' lang='lat' dir='ltr'><strong>sicut</strong></span> <span class='ocrx_word' id='word_1_343' title='bbox 1107 2872 1241 2917; x_wconf 88' lang='lat' dir='ltr'><strong>supra</strong></span> <span class='ocrx_word' id='word_1_344' title='bbox 1262 2859 1469 2902; x_wconf 90' lang='lat' dir='ltr'><strong>habitum</strong></span> <span class='ocrx_word' id='word_1_345' title='bbox 1494 2869 1561 2903; x_wconf 93' lang='lat' dir='ltr'><strong>est</strong></span> <span class='ocrx_word' id='word_1_346' title='bbox 1583 2859 1643 2917; x_wconf 82' lang='lat' dir='ltr'><strong>(q.</strong></span> <span class='ocrx_word' id='word_1_347' title='bbox 1673 2872 1730 2917; x_wconf 85' lang='lat'><strong>75.</strong></span> <span class='ocrx_word' id='word_1_348' title='bbox 1759 2864 1839 2903; x_wconf 83' lang='lat' dir='ltr'><strong>art.</strong></span> <span class='ocrx_word' id='word_1_349' title='bbox 1856 2863 1949 2904; x_wconf 70' lang='grc' dir='ltr'><strong>2.ιί</strong></span> <span class='ocrx_word' id='word_1_350' title='bbox 1964 2857 2050 2916; x_wconf 83' lang='lat'><strong>6.),-</strong></span> <span class='ocrx_word' id='word_1_351' title='bbox 2063 2856 2240 2902; x_wconf 84' lang='lat' dir='ltr'><strong>videtur</strong></span> 
     </span>
     <span class='ocr_line' id='line_1_37' title="bbox 271 2923 2240 2986; baseline -0.001 -16"><span class='ocrx_word' id='word_1_352' title='bbox 271 2926 395 2986; x_wconf 89' lang='lat' dir='ltr'><strong>quod</strong></span> <span class='ocrx_word' id='word_1_353' title='bbox 420 2925 597 2970; x_wconf 90' lang='lat' dir='ltr'><strong>formae</strong></span> <span class='ocrx_word' id='word_1_354' title='bbox 625 2925 928 2970; x_wconf 88' lang='lat' dir='ltr'><strong>accidentales</strong></span> <span class='ocrx_word' id='word_1_355' title='bbox 955 2936 1243 2970; x_wconf 88' lang='lat' dir='ltr'><strong>remanentes</strong></span> <span class='ocrx_word' id='word_1_356' title='bbox 1276 2940 1410 2985; x_wconf 87' lang='lat' dir='ltr'><strong>agere</strong></span> <span class='ocrx_word' id='word_1_357' title='bbox 1442 2940 1537 2970; x_wconf 90' lang='lat' dir='ltr'><strong>non</strong></span> <span class='ocrx_word' id='word_1_358' title='bbox 1573 2926 1750 2985; x_wconf 90' lang='lat' dir='ltr'><strong>possint</strong></span> <span class='ocrx_word' id='word_1_359' title='bbox 1779 2925 1836 2970; x_wconf 91' lang='lat' dir='ltr'><strong>ad</strong></span> <span class='ocrx_word' id='word_1_360' title='bbox 1867 2923 2240 2970; x_wconf 84' lang='lat' dir='ltr'><strong>immutationem</strong></span> 
     </span>
     <span class='ocr_line' id='line_1_38' title="bbox 270 2994 768 3039; baseline 0 0"><span class='ocrx_word' id='word_1_361' title='bbox 270 2994 508 3039; x_wconf 86' lang='lat' dir='ltr'><strong>exterioris</strong></span> <span class='ocrx_word' id='word_1_362' title='bbox 535 2994 768 3039; x_wconf 89' lang='lat' dir='ltr'><strong>materiae.</strong></span> 
     </span>
    </p>

    <p class='ocr_par' dir='ltr' id='par_1_11' title="bbox 269 3059 2327 3309">
     <span class='ocr_line' id='line_1_39' title="bbox 363 3059 2242 3121; baseline -0.001 -15"><span class='ocrx_word' id='word_1_363' title='bbox 363 3076 399 3121; x_wconf 85' lang='lat'><strong>3.</strong></span> <span class='ocrx_word' id='word_1_364' title='bbox 428 3061 728 3106; x_wconf 78' lang='lat' dir='ltr'>PRAETEREA.</span> <span class='ocrx_word' id='word_1_365' title='bbox 761 3059 890 3106; x_wconf 89' lang='lat' dir='ltr'><strong>Nihil</strong></span> <span class='ocrx_word' id='word_1_366' title='bbox 923 3061 1016 3119; x_wconf 89' lang='lat' dir='ltr'><strong>agit</strong></span> <span class='ocrx_word' id='word_1_367' title='bbox 1047 3060 1165 3106; x_wconf 89' lang='lat' dir='ltr'><strong>ultra</strong></span> <span class='ocrx_word' id='word_1_368' title='bbox 1197 3075 1326 3106; x_wconf 85' lang='lat' dir='ltr'><strong>suam</strong></span> <span class='ocrx_word' id='word_1_369' title='bbox 1360 3063 1576 3121; x_wconf 82' lang='lat' dir='ltr'><strong>speciem,</strong></span> <span class='ocrx_word' id='word_1_370' title='bbox 1614 3062 1721 3121; x_wconf 91' lang='lat' dir='ltr'><strong>quia</strong></span> <span class='ocrx_word' id='word_1_371' title='bbox 1753 3061 1941 3107; x_wconf 85' lang='lat' dir='ltr'><strong>effectus</strong></span> <span class='ocrx_word' id='word_1_372' title='bbox 1970 3074 2065 3105; x_wconf 92' lang='lat' dir='ltr'><strong>non</strong></span> <span class='ocrx_word' id='word_1_373' title='bbox 2090 3064 2242 3120; x_wconf 70' lang='lat' dir='ltr'><strong>pctest</strong></span> 
     </span>
     <span class='ocr_line' id='line_1_40' title="bbox 269 3127 2327 3190; baseline -0 -18"><span class='ocrx_word' id='word_1_374' title='bbox 269 3142 367 3173; x_wconf 88' lang='lat' dir='ltr'><strong>esse</strong></span> <span class='ocrx_word' id='word_1_375' title='bbox 401 3129 553 3188; x_wconf 88' lang='lat' dir='ltr'><strong>potior</strong></span> <span class='ocrx_word' id='word_1_376' title='bbox 584 3143 744 3174; x_wconf 89' lang='lat' dir='ltr'><strong>causa:</strong></span> <span class='ocrx_word' id='word_1_377' title='bbox 779 3129 857 3173; x_wconf 91' lang='lat' dir='ltr'><strong>sed</strong></span> <span class='ocrx_word' id='word_1_378' title='bbox 899 3128 1073 3188; x_wconf 87' lang='lat' dir='ltr'><strong>species</strong></span> <span class='ocrx_word' id='word_1_379' title='bbox 1115 3129 1471 3173; x_wconf 86' lang='lat' dir='ltr'><strong>sacramentales</strong></span> <span class='ocrx_word' id='word_1_380' title='bbox 1505 3143 1667 3174; x_wconf 89' lang='lat' dir='ltr'><strong>omnes</strong></span> <span class='ocrx_word' id='word_1_381' title='bbox 1699 3138 1805 3174; x_wconf 89' lang='lat' dir='ltr'><strong>sunt</strong></span> <span class='ocrx_word' id='word_1_382' title='bbox 1835 3127 2113 3190; x_wconf 79' lang='lat' dir='ltr'><strong>accidentia3</strong></span> <span class='ocrx_word' id='word_1_383' title='bbox 2143 3139 2240 3172; x_wconf 84' lang='lat' dir='ltr'><strong>non</strong></span> <span class='ocrx_word' id='word_1_384' title='bbox 2319 3178 2327 3185; x_wconf 28' lang='lat'><strong>¹,</strong></span> 
     </span>
     <span class='ocr_line' id='line_1_41' title="bbox 269 3194 2318 3258; baseline -0 -18"><span class='ocrx_word' id='word_1_385' title='bbox 269 3210 381 3254; x_wconf 89' lang='lat' dir='ltr'><strong>ergo</strong></span> <span class='ocrx_word' id='word_1_386' title='bbox 408 3205 599 3255; x_wconf 90' lang='lat' dir='ltr'><strong>possunt</strong></span> <span class='ocrx_word' id='word_1_387' title='bbox 626 3197 900 3241; x_wconf 86' lang='lat' dir='ltr'><strong>exteriorem</strong></span> <span class='ocrx_word' id='word_1_388' title='bbox 927 3196 1168 3241; x_wconf 88' lang='lat' dir='ltr'><strong>materiam</strong></span> <span class='ocrx_word' id='word_1_389' title='bbox 1195 3196 1454 3252; x_wconf 89' lang='lat' dir='ltr'><strong>immutare,</strong></span> <span class='ocrx_word' id='word_1_390' title='bbox 1474 3197 1529 3241; x_wconf 90' lang='lat' dir='ltr'><strong>ad</strong></span> <span class='ocrx_word' id='word_1_391' title='bbox 1556 3197 1707 3242; x_wconf 90' lang='lat' dir='ltr'><strong>minus</strong></span> <span class='ocrx_word' id='word_1_392' title='bbox 1734 3196 1790 3241; x_wconf 90' lang='lat' dir='ltr'><strong>ad</strong></span> <span class='ocrx_word' id='word_1_393' title='bbox 1815 3195 2016 3241; x_wconf 86' lang='lat' dir='ltr'><strong>formam</strong></span> <span class='ocrx_word' id='word_1_394' title='bbox 2040 3194 2245 3240; x_wconf 82' lang='lat' dir='ltr'><strong>substan-</strong></span> <span class='ocrx_word' id='word_1_395' title='bbox 2308 3224 2318 3258; x_wconf 72' lang='lat'><strong>²1</strong></span> 
     </span>
     <span class='ocr_line' id='line_1_42' title="bbox 269 3264 2317 3309; baseline -0.001 0"><span class='ocrx_word' id='word_1_396' title='bbox 269 3264 441 3309; x_wconf 88' lang='lat' dir='ltr'><strong>tialem.</strong></span> <span class='ocrx_word' id='word_1_397' title='bbox 2314 3265 2317 3267; x_wconf 69' lang='grc'><strong><em>’</em></strong></span> 
     </span>
    </p>
   </div>
   <div class='ocr_carea' id='block_1_7' title="bbox 2307 1900 2352 3413">
    <p class='ocr_par' dir='ltr' id='par_1_12' title="bbox 2307 1900 2352 3413">
     <span class='ocr_line' id='line_1_43' title="bbox 2307 1900 2352 3413; baseline 0 0"><span class='ocrx_word' id='word_1_398' title='bbox 2307 1900 2352 3413; x_wconf 95' lang='lat' dir='ltr'><strong> </strong></span> 
     </span>
    </p>
   </div>
   <div class='ocr_carea' id='block_1_8' title="bbox 274 3310 2352 3459">
    <p class='ocr_par' dir='ltr' id='par_1_13' title="bbox 274 3310 2352 3459">
     <span class='ocr_line' id='line_1_44' title="bbox 368 3310 2352 3391; baseline -0.001 -15"><span class='ocrx_word' id='word_1_399' title='bbox 368 3333 463 3377; x_wconf 85' lang='lat' dir='ltr'><strong>SED</strong></span> <span class='ocrx_word' id='word_1_400' title='bbox 488 3345 684 3378; x_wconf 81' lang='lat' dir='ltr'>CONTRA</span> <span class='ocrx_word' id='word_1_401' title='bbox 722 3342 803 3386; x_wconf 89' lang='lat' dir='ltr'><strong>est,</strong></span> <span class='ocrx_word' id='word_1_402' title='bbox 844 3332 966 3391; x_wconf 90' lang='lat' dir='ltr'><strong>quod</strong></span> <span class='ocrx_word' id='word_1_403' title='bbox 989 3331 1027 3376; x_wconf 89' lang='lat' dir='ltr'><strong>si</strong></span> <span class='ocrx_word' id='word_1_404' title='bbox 1052 3345 1146 3376; x_wconf 92' lang='lat' dir='ltr'><strong>non</strong></span> <span class='ocrx_word' id='word_1_405' title='bbox 1173 3342 1358 3390; x_wconf 87' lang='lat' dir='ltr'><strong>possent</strong></span> <span class='ocrx_word' id='word_1_406' title='bbox 1383 3332 1626 3376; x_wconf 88' lang='lat' dir='ltr'><strong>immutare</strong></span> <span class='ocrx_word' id='word_1_407' title='bbox 1653 3331 1875 3376; x_wconf 86' lang='lat' dir='ltr'><strong>exteriora</strong></span> <span class='ocrx_word' id='word_1_408' title='bbox 1905 3342 2113 3391; x_wconf 84' lang='lat' dir='ltr'><strong>corpora,</strong></span> <span class='ocrx_word' id='word_1_409' title='bbox 2143 3341 2239 3374; x_wconf 87' lang='lat' dir='ltr'><strong>non</strong></span> <span class='ocrx_word' id='word_1_410' title='bbox 2348 3310 2352 3321; x_wconf 51' lang='lat'>¹</span> 
     </span>
     <span class='ocr_line' id='line_1_45' title="bbox 274 3394 2352 3459; baseline -0.002 -16"><span class='ocrx_word' id='word_1_411' title='bbox 274 3409 461 3459; x_wconf 90' lang='lat' dir='ltr'><strong>possent</strong></span> <span class='ocrx_word' id='word_1_412' title='bbox 486 3400 664 3444; x_wconf 87' lang='lat' dir='ltr'><strong>sentiri:</strong></span> <span class='ocrx_word' id='word_1_413' title='bbox 693 3399 884 3445; x_wconf 85' lang='lat' dir='ltr'><strong>sentitur</strong></span> <span class='ocrx_word' id='word_1_414' title='bbox 909 3399 1032 3444; x_wconf 89' lang='lat' dir='ltr'><strong>enim</strong></span> <span class='ocrx_word' id='word_1_415' title='bbox 1059 3398 1226 3457; x_wconf 88' lang='lat' dir='ltr'><strong>aliquid</strong></span> <span class='ocrx_word' id='word_1_416' title='bbox 1251 3414 1329 3457; x_wconf 87' lang='lat' dir='ltr'><strong>per</strong></span> <span class='ocrx_word' id='word_1_417' title='bbox 1351 3399 1455 3453; x_wconf 89' lang='lat' dir='ltr'><strong>hoc,</strong></span> <span class='ocrx_word' id='word_1_418' title='bbox 1475 3399 1597 3458; x_wconf 93' lang='lat' dir='ltr'><strong>quod</strong></span> <span class='ocrx_word' id='word_1_419' title='bbox 1630 3400 1896 3443; x_wconf 88' lang='lat' dir='ltr'><strong>immutatur</strong></span> <span class='ocrx_word' id='word_1_420' title='bbox 1915 3409 2073 3443; x_wconf 80' lang='lat' dir='ltr'><strong>sensus</strong></span> <span class='ocrx_word' id='word_1_421' title='bbox 2094 3410 2121 3441; x_wconf 81' lang='lat' dir='ltr'><strong>a</strong></span> <span class='ocrx_word' id='word_1_422' title='bbox 2141 3409 2240 3441; x_wconf 86' lang='lat' dir='ltr'><strong>sen-</strong></span> <span class='ocrx_word' id='word_1_423' title='bbox 2301 3394 2352 3438; x_wconf 60' lang='lat'><strong>22&#39;0-12‘</strong></span> 
     </span>
    </p>
   </div>
   <div class='ocr_carea' id='block_1_9' title="bbox 272 3466 2244 3662">
    <p class='ocr_par' dir='ltr' id='par_1_14' title="bbox 272 3466 2244 3662">
     <span class='ocr_line' id='line_1_46' title="bbox 272 3466 2244 3525; baseline -0.001 -15"><span class='ocrx_word' id='word_1_424' title='bbox 272 3466 404 3521; x_wconf 87' lang='lat' dir='ltr'><strong>sibili,</strong></span> <span class='ocrx_word' id='word_1_425' title='bbox 432 3477 480 3511; x_wconf 90' lang='lat' dir='ltr'><strong>ut</strong></span> <span class='ocrx_word' id='word_1_426' title='bbox 505 3466 669 3511; x_wconf 89' lang='lat' dir='ltr'><strong>dicitur</strong></span> <span class='ocrx_word' id='word_1_427' title='bbox 696 3480 735 3511; x_wconf 90' lang='lat'><strong>2.</strong></span> <span class='ocrx_word' id='word_1_428' title='bbox 763 3466 818 3511; x_wconf 93' lang='lat' dir='ltr'><strong>de</strong></span> <span class='ocrx_word' id='word_1_429' title='bbox 845 3466 1017 3511; x_wconf 88' lang='lat' dir='ltr'><strong>Anima</strong></span> <span class='ocrx_word' id='word_1_430' title='bbox 1045 3466 1143 3523; x_wconf 83' lang='lat' dir='ltr'><strong>(tex.</strong></span> <span class='ocrx_word' id='word_1_431' title='bbox 1165 3480 1225 3525; x_wconf 81' lang='lat'><strong>51.</strong></span> <span class='ocrx_word' id='word_1_432' title='bbox 1254 3479 1321 3525; x_wconf 84' lang='lat'><strong>74.</strong></span> <span class='ocrx_word' id='word_1_433' title='bbox 1349 3473 1387 3511; x_wconf 79' lang='lat' dir='ltr'><strong>et</strong></span> <span class='ocrx_word' id='word_1_434' title='bbox 1412 3468 1534 3522; x_wconf 66' lang='lat'><em>121).</em></span> <span class='ocrx_word' id='word_1_435' title='bbox 2028 3494 2031 3497; x_wconf 67' lang='grc'><em>»</em></span> <span class='ocrx_word' id='word_1_436' title='bbox 2240 3499 2244 3502; x_wconf 31' lang='lat'><strong>⁴</strong></span> 
     </span>
     <span class='ocr_line' id='line_1_47' title="bbox 363 3532 2237 3593; baseline -0.001 -16"><span class='ocrx_word' id='word_1_437' title='bbox 363 3533 652 3579; x_wconf 80' lang='lat' dir='ltr'>RESPONDEO</span> <span class='ocrx_word' id='word_1_438' title='bbox 683 3534 942 3589; x_wconf 88' lang='lat' dir='ltr'><strong>dicendum,</strong></span> <span class='ocrx_word' id='word_1_439' title='bbox 975 3532 1098 3593; x_wconf 91' lang='lat' dir='ltr'><strong>quod</strong></span> <span class='ocrx_word' id='word_1_440' title='bbox 1123 3532 1229 3592; x_wconf 89' lang='lat' dir='ltr'><strong>quia</strong></span> <span class='ocrx_word' id='word_1_441' title='bbox 1255 3533 1613 3593; x_wconf 89' lang='lat' dir='ltr'><strong>unumquodque</strong></span> <span class='ocrx_word' id='word_1_442' title='bbox 1640 3535 1746 3592; x_wconf 89' lang='lat' dir='ltr'><strong>agit,</strong></span> <span class='ocrx_word' id='word_1_443' title='bbox 1772 3532 2042 3592; x_wconf 85' lang='lat' dir='ltr'><strong>inquantum</strong></span> <span class='ocrx_word' id='word_1_444' title='bbox 2063 3539 2132 3576; x_wconf 89' lang='lat' dir='ltr'><strong>est</strong></span> <span class='ocrx_word' id='word_1_445' title='bbox 2156 3542 2237 3577; x_wconf 81' lang='lat' dir='ltr'><strong>ens</strong></span> 
     </span>
     <span class='ocr_line' id='line_1_48' title="bbox 275 3597 2242 3662; baseline -0.001 -17"><span class='ocrx_word' id='word_1_446' title='bbox 275 3611 393 3655; x_wconf 81' lang='lat' dir='ltr'><strong>actu,</strong></span> <span class='ocrx_word' id='word_1_447' title='bbox 419 3615 703 3662; x_wconf 87' lang='lat' dir='ltr'><strong>consequens</strong></span> <span class='ocrx_word' id='word_1_448' title='bbox 728 3611 795 3647; x_wconf 89' lang='lat' dir='ltr'><strong>est</strong></span> <span class='ocrx_word' id='word_1_449' title='bbox 817 3600 939 3661; x_wconf 87' lang='lat' dir='ltr'><strong>quod</strong></span> <span class='ocrx_word' id='word_1_450' title='bbox 965 3599 1324 3661; x_wconf 88' lang='lat' dir='ltr'><strong>unumquodque</strong></span> <span class='ocrx_word' id='word_1_451' title='bbox 1352 3600 1467 3646; x_wconf 84' lang='lat' dir='ltr'><strong>sicut</strong></span> <span class='ocrx_word' id='word_1_452' title='bbox 1492 3615 1540 3646; x_wconf 87' lang='lat' dir='ltr'><strong>se</strong></span> <span class='ocrx_word' id='word_1_453' title='bbox 1566 3601 1704 3646; x_wconf 90' lang='lat' dir='ltr'><strong>habet</strong></span> <span class='ocrx_word' id='word_1_454' title='bbox 1721 3599 1776 3645; x_wconf 84' lang='lat' dir='ltr'><strong>ad</strong></span> <span class='ocrx_word' id='word_1_455' title='bbox 1793 3613 1908 3655; x_wconf 86' lang='lat' dir='ltr'><strong>esse,</strong></span> <span class='ocrx_word' id='word_1_456' title='bbox 1920 3599 1982 3645; x_wconf 85' lang='lat' dir='ltr'><strong>ita</strong></span> <span class='ocrx_word' id='word_1_457' title='bbox 2003 3610 2052 3645; x_wconf 87' lang='lat' dir='ltr'><strong>se</strong></span> <span class='ocrx_word' id='word_1_458' title='bbox 2072 3597 2242 3644; x_wconf 77' lang='lat' dir='ltr'><strong>habeat</strong></span> 
     </span>
    </p>
   </div>
  </div>
 </body>
</html>
