2352 3926
262 147 337 217 46
806 156 1087 204 QUAESTIO
1127 156 1183 195 11.
1224 155 1534 196 ARTICULUS
1573 155 1628 194 Xa

265 263 590 307 incarnationis
621 262 740 307 facta
772 271 839 306 est
869 275 948 320 per
979 260 1187 319 gratiam,
1213 261 1329 305 sicut
1360 269 1404 304 et
1434 259 1544 303 unio
1570 267 1838 304 sanctorum:
1866 260 1925 305 ad
1952 261 2108 307 Deum
2139 275 2221 323 per

265 331 592 389 cognitionem,
620 338 663 372 et
689 341 917 371 amorem:
945 327 983 371 si
1007 341 1116 371 vero
1143 327 1287 386 gratia
1302 326 1478 371 dicatur
1493 326 1644 385 ipsum
1661 326 1907 385 gratuitum
1923 328 2220 385 Deidamia,

261 397 325 441 sic
351 397 499 455 ipsum
528 394 648 454 quod
676 404 742 438 est
766 395 1018 438 humanam
1043 404 1253 438 naturam
1279 406 1377 437 esse
1403 393 1579 437 unitam
1604 406 1834 452 personae*
1854 393 2049 450 divinae,
2069 406 2221 456 potest

261 463 351 506 dici
377 462 600 521 quaedam
618 460 784 519 gratia3
802 460 1071 519 inquantum
1087 460 1221 505 nullis
1242 459 1618 519 praecedentibus
1636 459 1810 504 meritis
1826 460 1921 505 hoc
1935 470 2004 507 est
2016 461 2219 524 &wi

259 544 353 573 non
381 540 531 573 autem
557 528 618 570 ita
645 527 767 585 quod
793 528 849 571 sit
876 527 1024 586 aliqua
1053 528 1197 586 gratia
1222 526 1482 580 habitualis,
1514 540 1604 585 qua
1630 527 1861 572 mediante
1879 527 1985 573 tal-is
1999 524 2218 598 unitffiat.

348 596 422 639 AD
449 607 636 640 PRIMUM
664 607 772 652 ergo
797 595 1054 648 dicendum,
1081 593 1203 653 quod
1231 594 1391 652 gratia,
1417 606 1533 652 quae
1559 602 1628 638 est
1648 594 1881 649 accidens,
1900 605 1970 640 est
1993 595 2221 655 quaedam

258 662 504 707 similitudo
524 660 768 705 divinitatis
784 662 1052 720 participata
1069 661 1115 704 in
1132 661 1346 704 homine:
1364 675 1445 719 per
1461 661 1827 705 incarnationem
1844 671 2000 708 autem
2015 663 2220 710 humana

257 740 416 773 natura
442 742 535 771 non
563 727 725 770 dicitur
755 728 1049 787 participasse
1076 727 1420 771 similitudinem
1449 726 1650 786 aliquam
1681 728 1861 773 divinae
1891 739 2108 787 nat-urae3
2138 732 2219 777 sed

258 796 416 839 dicitur
443 808 541 838 esse
570 794 814 852 conjuncta
839 795 925 854 ipsi
948 796 1127 839 divinae
1152 804 1340 838 naturae
1366 794 1414 838 in
1439 808 1636 854 persona
1660 794 1786 839 Filii:
1807 797 1961 856 -majtis
1979 807 2134 844 autem
2148 808 2220 844 est

254 863 350 921 ipsa
376 875 460 915 res,
488 874 624 919 quarn
647 860 895 905 similitudo
924 863 1019 920 ejus
1045 862 1324 920 participata.

342 929 418 973 AD
445 940 704 972 SECUNDUM
738 928 996 982 dicendum,
1030 928 1152 988 quod
1179 928 1323 987 gratia
1340 927 1584 973 habitualis
1607 939 1676 974 est
1697 928 1850 975 solum
1869 931 1920 975 in
1940 932 2119 977 anima:
2136 933 2217 978 sed

256 995 415 1054 gratia,
440 995 557 1039 idest
582 995 827 1052 gratuitum
852 996 941 1039 Dei
967 996 1154 1050 donum,
1182 995 1305 1055 quod
1332 1005 1399 1040 est
1423 996 1541 1039 uniri
1563 996 1742 1041 divinae
1763 1011 2002 1056 personae,
2023 999 2218 1059 pertinet

255 1063 310 1106 ad
335 1072 480 1107 totam
507 1071 716 1105 naturam
742 1062 1008 1116 humanam,
1036 1077 1152 1122 quae
1180 1063 1472 1122 componitur
1499 1076 1553 1107 ex
1579 1063 1746 1118 anima,
1773 1073 1818 1109 et
1834 1079 2054 1126 corpore;
2072 1075 2118 1111 et
2136 1081 2217 1127 per

254 1131 374 1173 hunc
403 1129 594 1173 modum
621 1128 781 1172 dicitur
806 1129 1040 1188 plenitudo
1075 1130 1318 1174 divinitatis
1349 1130 1396 1173 in
1431 1129 1617 1175 Christo
1652 1131 1948 1192 corpora-liter
1971 1133 2218 1189 habitasse,

255 1197 359 1254 quia
386 1207 452 1240 est
478 1195 602 1240 unita
628 1194 779 1239 divina
803 1207 963 1241 natura
988 1212 1083 1241 non
1105 1197 1256 1241 solum
1285 1197 1480 1251 animae,
1507 1198 1587 1243 sed
1614 1199 1753 1243 etiam
1780 1200 1985 1260 corpori:
2004 1202 2214 1260 quamvis

257 1265 393 1307 etiam
419 1265 561 1322 possit
587 1261 688 1315 dici,
722 1265 843 1321 quod
876 1265 1038 1309 dicitur
1069 1265 1296 1309 habitasse
1328 1265 1375 1308 in
1410 1264 1596 1309 Christo
1630 1266 1941 1326 corporaliter,
1973 1268 2090 1313 idest
2118 1282 2216 1315 non

253 1330 528 1385 umbraliter,
563 1334 679 1378 sicut
714 1332 934 1375 habitavit
959 1333 1003 1375 in
1038 1331 1345 1376 Sacramentis
1379 1332 1546 1377 veteris
1584 1332 1713 1392 legis,
1757 1334 1814 1379 de
1849 1335 2010 1395 quibus
2043 1335 2215 1381 ibidem

253 1398 455 1441 subditur
481 1402 602 1457 quod
628 1410 732 1445 sunt
758 1399 917 1442 umbra
943 1398 1220 1444 futurorum:
1249 1414 1414 1459 corpus
1441 1409 1595 1444 autem
1627 1410 1695 1446 est
1721 1400 1945 1457 Christu8‚
1968 1412 2107 1465 prout
2133 1403 2216 1448 sci-

255 1464 362 1508 licet
389 1479 551 1524 corpus
580 1477 738 1511 contra
764 1466 972 1510 umbram
999 1466 1223 1510 dividitur.
1250 1466 1423 1511 Dicunt
1455 1467 1591 1511 etiam
1626 1467 1827 1527 quidam,
1855 1469 1976 1529 quod
2003 1462 2214 1516 divinitas

254 1531 414 1575 dicitur
429 1532 475 1575 in
495 1533 677 1578 Christo
695 1534 921 1578 habitasse
941 1533 1250 1592 corporaliter,
1268 1533 1385 1578 idest
1405 1534 1545 1579 tribus
1562 1535 1736 1580 modis:
1756 1536 1873 1581 sicut
1894 1550 2060 1597 corpus
2074 1537 2216 1584 habet

253 1608 340 1641 tres
367 1599 693 1645 dimensiones:
721 1616 802 1645 uno
830 1600 949 1644 modo
976 1615 1056 1658 per
1085 1601 1343 1656 essentiam,
1370 1602 1689 1660 praesentiam,
1722 1613 1767 1647 et
1797 1605 2065 1667 potentiam,
2096 1605 2215 1653 sicut

254 1665 299 1708 in
327 1668 514 1711 caeteris
543 1668 776 1712 creaturis:
795 1669 877 1711 alio
895 1668 1014 1712 modo
1032 1683 1112 1727 per
1129 1669 1322 1728 gratiam
1341 1679 1522 1728 gratum
1539 1669 1807 1726 facientem3
1825 1671 1943 1717 sicut
1955 1672 2004 1717 in
2020 1673 2210 1720 sanctis:

255 1734 372 1776 tertio
398 1747 476 1792 per
501 1735 719 1780 unionem
745 1735 1048 1794 personalem,
1075 1736 1197 1795 quod
1225 1746 1292 1781 est
1317 1737 1552 1797 proprium
1578 1738 1664 1796 ipsi
1691 1738 1895 1784 Christo..

342 1800 473 1844 Unde
500 1812 622 1860 patet
652 1803 889 1862 responsio
921 1816 985 1847 AD
1019 1815 1257 1848 TERTIUM:
1292 1804 1398 1863 quia
1420 1804 1596 1849 scilicet
1620 1806 1733 1850 unio
1754 1806 2083 1854 incarnationis
2112 1821 2210 1854 non

250 1876 317 1910 est
340 1866 460 1911 facta
486 1869 637 1912 solum
662 1884 742 1928 per
769 1870 959 1928 gratiam
986 1870 1281 1924 habitualem,
1314 1872 1431 1916 sicut
1463 1871 1540 1916 alii
1571 1872 1716 1918 sancti
1741 1873 1959 1919 uniuntur
1981 1874 2103 1930 Deo,
2126 1875 2209 1921 sed

250 1934 500 1978 secundum
525 1937 874 1991 subsistentiam,
901 1937 995 1981 sive
1021 1948 1280 1996 personam.

950 2117 1383 2175 ARTICULUS
1423 2119 1524 2176 xi.
2100 2185 2101 2188 Ν
2157 2149 2208 2196 17

249 2247 440 2286 u’rRUM
474 2248 732 2288 uNiONEM
756 2251 912 2290 VERBI
940 2253 1237 2294 INCARNATI
1271 2255 1482 2302 ALIQUA
1511 2252 1720 2296 MERITA
1750 2241 2212 2311 pmcnssnm‘r,

472 2355 567 2407 (1-2.
595 2367 632 2410 q.
661 2354 730 2411 98.
757 2359 839 2400 art.
866 2368 906 2412 4.
935 2362 970 2400 et
989 2371 1025 2415 3.
1053 2358 1163 2402 Dist.
1190 2372 1232 2415 4.
1260 2373 1297 2416 q.
1320 2374 1356 2418 3.
1383 2365 1464 2403 art.
1490 2375 1526 2404 1.
1553 2363 1593 2405 et
1618 2361 1738 2406 Rom.
1765 2375 1800 2405 1.
1827 2358 1918 2405 lect.
1939 2368 1979 2420 3.-

987 2430 1024 2468 et
1049 2426 1154 2469 Hel).
1182 2438 1218 2468 Ι.
1243 2426 1329 2470 lect.
1356 2426 1466 2486 49).

337 2529 411 2573 Ao
440 2542 729 2576 UNDECIMUM
763 2532 826 2576 sic
863 2535 1132 2591 proceditur.
1169 2536 1374 2592 Videtur,
1410 2538 1533 2597 quod
1559 2539 1669 2583 unio
1703 2538 2030 2584 incarnationis
2051 2537 2204 2590 fuerit

247 2595 398 2654 aliqua
424 2597 584 2641 merita
610 2598 872 2654 subsecuta3
899 2602 1017 2659 quia,
1036 2617 1169 2661 super
1185 2603 1297 2648 illud
1314 2605 1433 2650 Psal.
1457 2619 1523 2665 32.
1536 2621 1545 2650 :
1559 2608 1663 2652 Fiat
1678 2605 1965 2652 misericordia
1985 2612 2057 2653 tua
2076 2615 2203 2668 aspar

246 2677 332 2717 nos,
359 2663 720 2721 quemadmodum,
749 2676 848 2720 etc.,
876 2668 984 2712 dicit
1011 2669 1161 2715 Gloss.
1192 2671 1347 2727 (ordin.
1374 2675 1550 2733 implic.)
1572 2690 1585 2719 .·
1616 2690 1639 2715 «
1657 2674 1744 2718 Hic
1766 2674 2020 2720 insinuatur
2034 2674 2208 2721 deside-

246 2729 364 2773 rium
390 2730 647 2789 Prophetae
680 2732 735 2777 de
766 2733 1091 2790 incarnatione,
1125 2748 1168 2781 et
1200 2740 1411 2784 meritum
1444 2741 1789 2801 impletionis›>;
1815 2756 1926 2803 ergo
1950 2742 2206 2794 incarnatio

246 2796 365 2841 cadit
390 2798 471 2841 sub
500 2798 679 2843 merito.
1848 2844 1851 2846 —
2083 2856 2085 2858 ,
2107 2841 2112 2850 2

327 2874 374 2907 '2.
398 2864 695 2910 PRAETEREA.
727 2865 1018 2928 Quicumque
1046 2882 1244 2916 meretur
1270 2872 1454 2933 aliquid,
1480 2885 1679 2920 meretur
1704 2875 1832 2933 illud,
1853 2878 1952 2925 sine
1971 2889 2066 2939 quo
2089 2875 2204 2927 illud

244 2929 401 2975 haberi
427 2946 520 2975 non
546 2942 718 2991 potest:
747 2935 824 2978 sed
852 2936 1023 2995 antiqui
1048 2937 1204 2983 Patres
1231 2942 1521 2987 merebantur
1545 2944 1687 2987 vitam
1714 2954 1969 3001 aeternam,
1986 2943 2043 2993 ad
2064 2958 2205 3004 quam

244 2997 477 3054 pervenire
504 3011 598 3042 non
623 3009 847 3059 poterant,
874 3003 958 3046 nisi
976 3018 1055 3062 per
1070 3004 1456 3053 incarnationem:
1481 3010 1590 3054 dicit
1610 3011 1733 3055 enim
1757 3010 1952 3072 Gregor.
1969 3011 2016 3056 in
2032 3010 2109 3057 lib.
2135 3023 2202 3073 13.

240 3064 402 3108 Moral.
432 3065 541 3125 (cap.
560 3080 614 3125 15.
634 3069 677 3111 in
694 3068 816 3125 fin.):
849 3070 949 3112 «Hi
977 3071 1053 3128 qui
1075 3082 1178 3117 ante
1206 3073 1377 3119 Christi
1404 3077 1650 3122 adventum
1676 3078 1724 3123 in
1747 3078 2205 3130 hunc-mundum-ire-

242 3142 418 3186 nerunt,
431 3133 757 3191 quantamlibet
774 3136 967 3192 justitiae
980 3138 1190 3182 virtutem
1208 3140 1439 3197 haberent,
1458 3157 1510 3187 ex
1529 3145 1795 3204 corporibus
1811 3146 1977 3202 educti,
1991 3146 2203 3196 insint-lm

242 3198 452 3244 coelestis
479 3201 648 3258 patriae
676 3202 827 3245 statim
855 3204 993 3262 recipi
1021 3205 1147 3248 nullo
1175 3208 1314 3251 modo
1343 3220 1573 3266 poterant:
1603 3215 1707 3271 quia
1733 3214 1940 3262 nondum
1966 3213 2044 3261 ille
2066 3228 2204 3262 venie—

241 3275 321 3318 rat,
349 3266 424 3324 qui
452 3267 673 3325 justorum
704 3269 878 3313 animas
904 3270 949 3313 in
982 3282 1197 3330 perpetua
1231 3275 1337 3319 sede
1371 3276 1620 3323 collocaret
1635 3296 1687 3335 »ς
1716 3295 1827 3341 ergo
1852 3282 2044 3339 videtur,
2076 3282 2201 3342 quod

241 3344 486 3377 meruerint
518 3345 894 3380 incarnationem.

335 3413 371 3456 3.
398 3400 693 3446 piaminum.
722 3402 791 3446 De
819 3404 951 3448 beata
978 3403 1164 3463 Virgine
1193 3417 1410 3463 cantatur,
1439 3411 1559 3468 quod
1583 3413 1819 3459 Dominum
1839 3417 2029 3467 omnium
2048 3418 2200 3464 marui:

234 3472 428 3524 portare:
456 3468 576 3526 quod
604 3468 786 3527 quidem
821 3468 989 3515 factum
1023 3481 1091 3516 est
1122 3486 1200 3531 per
1232 3473 1619 3533 incarnationeiii;
1653 3495 1762 3539 ergo
1794 3482 2047 3531 incarnatio
2077 3483 2211 3532 cadit,

241 3532 320 3575 sub
348 3533 525 3577 meritc.
2016 3544 2017 3547 ’

2254 3629 2352 3926 ΑΙ
