2352 3926
270 216 379 272 204
823 217 1101 262 Qum-:svo
1142 218 1275 256 xxn.
1308 220 1616 258 ARTICULUS
1641 200 1693 258 '1.

897 522 1344 600 QUAESTIO
1401 525 1604 587 XXII.

388 674 470 714 DE
518 673 895 716 SACERDOTIO
941 675 1194 728 CHRISTI,
1246 678 1311 717 IN
1352 677 1468 720 SEX
1515 679 1846 722 ARTICULOS
1894 679 2116 722 DIVISA.

358 849 540 894 Deinde
568 851 953 896 considerandum
981 863 1047 897 est
1072 853 1127 898 de
1154 854 1412 898 sacerdotio
1441 854 1627 900 Christi.

907 965 965 1008 Et
990 966 1105 1009 circa
1136 965 1212 1009 hoc
1238 972 1496 1023 quaeruntur
1519 981 1601 1010 sex.

361 1051 536 1096 Primo.
563 1051 732 1096 Utrum
760 1053 1003 1097 conveniat
1029 1053 1215 1098 Christo
1244 1068 1341 1098 esse
1367 1055 1668 1099 sacerdotem.

365 1118 595 1162 Secundo.
622 1118 694 1162 De
721 1119 871 1163 hostia
896 1119 1030 1178 hujus
1057 1121 1311 1165 sacerdotii.

361 1186 540 1232 Tertio.
570 1188 642 1231 De
676 1186 842 1232 effectu
867 1188 1002 1247 hujus
1029 1189 1284 1233 sacerdotii.

362 1254 558 1307 Quarto.
586 1255 754 1299 Utrum
780 1254 968 1299 effectus
990 1256 1234 1300 sacerdotii
1253 1258 1350 1315 ers
1376 1256 1598 1315 pertineat
1625 1257 1680 1300 ad
1706 1257 1872 1317 ipsum,
1899 1257 1972 1303 vel
1997 1238 2150 1303 solum
2177 1259 2232 1303 ad

274 1321 406 1367 alios.

361 1388 552 1441 Quinto.
581 1389 653 1433 De
681 1389 944 1433 aeternitate
970 1389 1212 1433 sacerdotii
1238 1390 1348 1447 ejus.

361 1455 517 1500 Sexto.
545 1457 716 1501 Utrum
743 1456 905 1500 debeat
930 1456 1021 1499 dici
1046 1456 1260 1500 sacerdos
1286 1457 1539 1500 secundum
1565 1457 1777 1501 ordinem
1802 1457 2158 1504 Melchisedech.

972 1635 1409 1693 ARTICULUS
1453 1636 1495 1691 Ι.
2155 1665 2242 1710 130

482 1811 484 1813 ,
554 1772 747 1811 UTRUM
782 1772 1017 1811 CHRISTO
1052 1771 1372 1812 CONVENIAT
1404 1773 1532 1810 ESSE
1565 1772 1952 1811 SACERDOTEM·

617 1883 748 1942 (Infr.
766 1898 805 1942 q.
820 1898 878 1943 31.
897 1889 978 1928 art.
1004 1897 1044 1928 2.
1068 1890 1183 1943 corp.
1211 1889 1247 1927 et
1270 1883 1325 1927 ad
1340 1898 1381 1928 2.
1408 1889 1444 1927 et
1465 1898 1503 1942 q.
1525 1897 1594 1943 59.
1616 1889 1698 1929 art.
1715 1897 1758 1941 4.
1785 1882 1840 1928 ad
1863 1899 1900 1929 1.
1936 1925 1946 1935 ,

360 1957 399 1996 et
421 1965 463 2009 4.
500 1950 649 1996 Contr.
673 1965 713 2009 g.
741 1958 832 2010 cap.
859 1950 930 2009 76.
956 1957 995 1995 et
1019 1957 1154 2009 opusc.
1181 1965 1250 1995 20.
1278 1957 1369 2010 cap.
1392 1965 1429 2009 3.
1454 1950 1530 1994 col.
1557 1964 1620 1995 12.
1637 1951 1717 2009 fin.
1745 1956 1784 1995 et
1808 1950 1876 1995 Ps.
1901 1964 1943 1996 2.
1970 1964 2078 1996 com.
2105 1950 2148 1996 6.

729 2022 766 2061 et
791 2017 859 2062 Ps.
879 2030 951 2074 44.
980 2031 1084 2061 com.
1109 2031 1174 2062 [ο.
1196 2023 1234 2062 et
1263 2017 1396 2061 Hebr.
1419 2032 1454 2061 1.
1483 2017 1570 2061 lect.
1600 2030 1643 2074 4.
1660 2016 1780 2076 fin).

360 2128 437 2172 An
463 2141 655 2173 PRIMUM
682 2128 746 2171 sic
774 2127 1046 2186 proceditur.
1068 2126 1273 2181 Videtur,
1292 2128 1413 2186 quod
1442 2127 1629 2172 Christo
1655 2142 1749 2172 non
1777 2127 2022 2172 conveniat
2047 2141 2146 2172 esse
2172 2141 2238 2172 sa-

268 2195 529 2239 cerdotem:
558 2194 773 2238 sacerdos
800 2194 924 2238 enim
957 2204 1023 2238 est
1055 2194 1208 2238 minor
1240 2193 1428 2252 angelo:
1452 2195 1572 2238 unde
1590 2194 1754 2239 dicitur
1779 2194 1916 2240 Zach.
1951 2209 2013 2254 3.:
2051 2195 2241 2240 Ostendit

267 2263 374 2307 mihi
398 2264 514 2307 Deus
537 2262 788 2307 sacerdotem
819 2276 1019 2320 magnum
1044 2268 1219 2306 stantem
1252 2262 1562 2321 coramangelo
1589 2263 1798 2306 Domini:
1826 2261 1905 2306 sed
1931 2261 2142 2306 Christus
2173 2272 2240 2307 est

269 2331 420 2388 major
446 2329 636 2388 angelis,
664 2329 918 2373 secundum
943 2328 1054 2372 illud
1087 2329 1224 2372 Hebr.
1264 2342 1324 2373 1.:
1360 2329 1494 2373 Tanto
1527 2329 1676 2373 melior
1697 2330 1851 2388 angelis
1882 2329 2058 2388 effectus,
2086 2335 2239 2388 quanto

267 2396 523 2456 differentius
546 2405 654 2456 prae
680 2396 764 2440 illis
788 2411 940 2440 nomen
966 2395 1269 2448 haereditavit,-
1305 2409 1415 2454 ergo
1451 2395 1638 2440 Christo
1671 2410 1766 2440 non
1799 2395 2015 2441 convenit
2045 2409 2144 2441 esse
2175 2410 2242 2442 sa·

269 2464 520 2511 cerdotem.

361 2545 401 2575 2.
419 2532 718 2576 PRAETEREA.
738 2530 803 2573 Ea
826 2544 941 2588 quae
958 2528 1140 2573 fuerunt
1156 2531 1201 2573 in
1219 2531 1360 2574 veteri
1381 2530 1697 2585 Testamento,
1714 2529 1897 2576 fuerunt
1921 2530 2094 2591 figurae
2111 2526 2242 2576 Chri-

269 2600 342 2654 sti,
369 2598 622 2643 secundum
649 2596 760 2640 illud
789 2596 948 2640 Colos.
977 2609 1040 2640 2.:
1071 2598 1192 2654 Quae
1214 2604 1311 2642 sunt
1327 2599 1479 2642 umbra
1487 2598 1752 2656 futurorum,
1773 2606 1920 2658 corpus
1945 2605 2087 2643 autom
2121 2598 2242 2644 Chri·

267 2669 346 2713 sti:
376 2666 456 2711 sed
484 2665 694 2708 Christus
711 2678 805 2715 non
820 2663 953 2707 traxit
971 2664 1118 2707 carnis
1137 2664 1363 2722 originem
1381 2674 1425 2708 et
1442 2665 1754 2709 sacerdotibus
1779 2665 1944 2709 veteris
1963 2665 2103 2725 legis:
2130 2664 2242 2710 dicit

269 2734 397 2779 enirn
423 2731 676 2791 Apostolus
703 2730 758 2774 ad
786 2731 899 2774 Heb.
920 2743 983 2787 7.:
1015 2731 1286 2789 Manifestum
1311 2738 1380 2786 est,
1409 2731 1517 2790 quod
1538 2747 1587 2776 ex
1598 2731 1711 2788 Juda
1729 2738 1844 2777 ortus
1861 2733 1915 2776 sit
1941 2732 2153 2776 Dominus
2171 2747 2243 2777 no-

266 2808 377 2854 stem·
401 2802 446 2844 in
463 2813 544 2858 qua
568 2800 680 2843 tribu
703 2798 808 2842 nihil
825 2798 871 2842 de
891 2798 1166 2842 sacerdotibus
1183 2800 1343 2857 Moyses
1370 2800 1528 2843 locutus
1553 2805 1607 2843 est
1615 2814 1632 2852 ;
1662 2812 1773 2858 ergo
1802 2798 1988 2843 Christo
2014 2813 2110 2843 non
2137 2813 2242 2844 con-

268 2869 394 2913 venit
422 2880 522 2910 esse
549 2865 852 2910 sacerdotem.

334 2924 338 2927 ’
363 2949 401 2993 3.
429 2934 728 2978 PRAETEREA.
756 2932 807 2975 In
841 2932 983 2975 veteri
1019 2931 1135 2990 lege,
1170 2946 1286 2991 quae
1320 2943 1388 2977 est
1413 2932 1558 2992 figura
1586 2932 1773 2987 Christi,
1799 2946 1893 2977 non
1918 2931 2004 2977 fuit
2027 2932 2151 2978 idern
2177 2932 2241 2979 le-

270 3001 475 3062 gislator,
495 3010 539 3044 et
560 2999 791 3052 sacerdos,
808 2998 928 3042 unde
946 2998 1054 3042 dicit
1078 2999 1308 3043 Dominus
1328 2999 1387 3043 vad
1405 3000 1618 3059 Moysem
1635 2999 1962 3058 legislatorem,
1982 2999 2126 3045 Exod.
2148 2999 2239 3049 28.:

269 3069 452 3129 Applica
487 3069 637 3112 Aaron
653 3067 839 3126 fratrem
867 3072 999 3120 tuum,
1021 3072 1066 3109 ut
1095 3066 1322 3110 sacerdotio
1340 3067 1551 3125 fungatur
1580 3067 1710 3111 mihi.-
1741 3066 1950 3112 Christus
1989 3077 2142 3112 autem
2175 3077 2244 3112 est

270 3137 389 3181 lator
415 3148 564 3179 novae
592 3133 721 3192 legis,
748 3132 1000 3176 secundum
1026 3131 1137 3175 illud
1165 3133 1366 3177 Hierem.
1398 3147 1464 3192 31.
1481 3150 1494 3178 .·
1523 3135 1648 3189 Dalzo
1671 3134 1797 3193 legem
1818 3148 1955 3180 meam
1980 3135 2026 3179 in
2051 3132 2243 3180 cordibus

271 3218 446 3255 eorum;
477 3215 586 3261 ergo
624 3200 810 3245 Christo
836 3213 931 3243 non
957 3200 1171 3243 convenit
1196 3214 1294 3243 esse
1322 3201 1622 3245 sacerdotem.

362 3270 455 3315 sm>
483 3282 679 3314 CONTRA
697 3278 778 3321 est,
805 3266 927 3326 quod
955 3266 1116 3310 dicitur
1142 3266 1279 3310 Hebr.
1306 3279 1372 3321 4:
1395 3267 1613 3313 Habemus
1633 3268 1896 3324 Pontificem,
1915 3268 1990 3328 qui
2006 3268 2244 3329 penetravit

274 3339 417 3391 coelos,
431 3338 570 3394 Jesum
588 3336 731 3395 filium
753 3335 850 3378 Dei.

360 3404 651 3449 RESPONDEO
679 3400 938 3454 dicendum,
972 3400 1093 3459 quod
1121 3400 1301 3459 proprie
1334 3399 1538 3445 officium
1565 3402 1814 3446 sacerdotis
1841 3414 1909 3447 est
1939 3415 2040 3447 esse
2077 3401 2245 3446 media-

271 3483 420 3517 torem
440 3473 555 3515 inter
571 3470 738 3523 Deum,
762 3478 806 3513 et
827 3466 1073 3527 populum;
1100 3467 1368 3526 inquantum
1391 3467 1564 3512 scilicet
1580 3469 1732 3512 divina
1751 3468 1922 3529 populo
1948 3468 2105 3514 tradit:
2123 3468 2242 3513 unde

278 3540 443 3583 dicitur
468 3537 696 3590 sacerdos,
725 3536 853 3595 quasi
877 3549 998 3580 sacra
1025 3534 1138 3586 dans,
1164 3536 1413 3582 secundum
1431 3534 1541 3579 illud
1560 3537 1757 3580 Malach.
1777 3548 1840 3582 2.:
1869 3538 2018 3596 Legem
2034 3538 2246 3597 requirent

273 3620 323 3653 ex
344 3621 412 3650 ore
433 3608 534 3663 ejus,
564 3603 738 3648 scilicet
765 3602 1037 3647 sacerdotis:
1063 3612 1107 3646 et
1128 3602 1292 3645 iterum
1311 3601 1582 3661 inquantum
1604 3617 1761 3662 preces
1789 3603 1945 3664 populi
1970 3603 2074 3649 Deo
2096 3602 2242 3660 offert,

2334 2882 2352 3222 zm.;‘2nm.t.ss.fflfflm.1„aaa
2343 2815 2352 2866 ...m
2348 2783 2352 2794 ..
2344 2661 2352 2729 ..vam
2346 2603 2352 2615 -.
2350 2566 2352 2568 .
2346 2528 2350 2541 -ι
2350 2453 2352 2456 .
2350 2368 2352 2378 ..
2346 2333 2352 2339 .
2345 2196 2352 2228 st..

2329 3482 2339 3494 '⁴
2326 3403 2352 3469 osb-H
2331 3293 2352 3390 mm
2327 3327 2334 3337 ''
2331 3227 2352 3295 vias>

2345 3678 2352 3847 ἕ

2343 3851 2352 3926 ἰ
