2352 3926
284 217 392 274 402
809 214 1086 261 QUAESTIO
1126 203 1294 253 xrvn.¹
1333 193 1642 254 Alta-murus
1682 214 1718 254 1.

284 327 379 364 stus
402 318 488 363 fuit
509 331 646 362 causa
671 330 780 361 suae
806 315 1046 375 passionis,
1073 325 1118 360 et
1148 315 1333 361 mortis:
1366 322 1544 375 poterat
1574 314 1699 360 enim
1729 329 1860 361 suam
1892 317 2171 376 passionem,
2202 329 2248 365 et

284 396 483 430 mortem
509 383 758 442 impedire:
777 385 919 443 primo
957 382 1142 442 quidem
1183 383 1465 428 adversarios
1505 382 1810 442 reprimendo,
1835 393 1885 428 ut
1909 398 2018 429 eum
2043 395 2122 430 aut
2150 400 2247 432 non

282 452 466 506 vellent,
494 461 570 495 aut
594 465 689 494 non
725 460 911 510 possent
950 449 1225 494 interficere:
1259 449 1446 504 secundo,
1482 449 1587 509 quia
1617 449 1797 509 spiritus
1829 451 1925 509 ejus
1948 451 2147 497 habebat
2170 464 2248 512 po-

282 530 494 564 testatem
521 518 821 562 conservandi
845 527 1057 561 naturam
1089 518 1237 562 carnis
1270 531 1393 571 suae,
1419 531 1477 560 ne
1505 530 1529 559 a
1556 531 1847 576 quocumque
1872 517 2044 563 laesivo
2071 519 2246 565 inflicto

283 588 635 645 opprimeretur:
664 585 785 644 quod
813 578 997 644 quidem
1023 585 1181 629 habuit
1208 586 1359 628 anima
1387 583 1573 637 Christi,
1600 583 1705 642 quia
1732 594 1828 628 erat
1851 583 2005 629 Verbo
2029 585 2122 631 Dei
2142 601 2247 632 con-

282 655 435 712 juncta
458 654 504 696 in
527 654 696 696 unitate
723 665 959 711 personae,
986 661 1036 695 ut
1063 651 1348 710 Augustinus
1380 651 1488 695 dicit
1514 650 1561 693 in
1588 662 1630 705 4.
1663 651 1718 694 de
1754 649 1978 696 Trinitate
2009 652 2125 712 (cap.
2141 653 2220 713 13.)
2227 669 2245 707 ,⁰

283 722 387 779 quia
414 734 524 778 ergo
553 719 705 762 anima
732 718 904 762 Christi
928 733 1023 762 non
1048 718 1213 773 repulit
1230 733 1255 762 a
1272 719 1457 777 proprio
1486 731 1678 776 corpore
1703 728 2036 763 nocumentum
2053 719 2246 775 illatum,

283 788 360 831 sed
386 786 532 830 voluit
557 786 680 845 quod
707 795 867 830 natura
895 785 1146 845 corporalis
1172 785 1238 829 illi
1259 795 1540 830 nocumento
1568 785 1900 839 succumberet,
1927 785 2090 830 dicitur
2115 801 2246 832 suam

283 854 484 897 animam
512 853 732 912 posuisse,
758 852 832 896 vel
858 852 1112 896 voluntarie
1139 862 1346 896 mortuus
1374 866 1485 896 esse.

370 923 445 965 AD
471 934 660 966 PmMUM
687 935 796 980 ergo
823 920 1083 974 dicendum,
1108 921 1231 979 quod
1259 934 1365 964 cum
1392 919 1574 963 dicitur:
1602 920 1734 963 Nemo
1763 919 1872 964 tollit
1897 921 2086 964 animam
2110 935 2247 966 meam

281 1003 308 1033 α
332 1004 412 1043 me,
439 988 718 1047 intelligitur,
744 1004 807 1032 me
832 989 984 1042 invito,
1012 987 1134 1046 quod
1162 988 1285 1031 enim
1314 986 1473 1046 aliquis
1503 986 1556 1030 ab
1580 986 1722 1030 invito
1751 985 1908 1041 aufert,
1935 987 2013 1046 qui
2038 988 2245 1033 resistere

279 1071 374 1100 non
400 1066 563 1115 potest,
589 1055 700 1099 illud
727 1055 907 1114 proprie
933 1055 1096 1099 dicitur
1117 1054 1230 1098 tolli.

370 1124 447 1167 AD
482 1136 742 1167 SECUNDUM
769 1122 1028 1175 dicendum,
1055 1122 1177 1180 quod
1204 1131 1254 1165 ut
1278 1121 1489 1165 Christus
1517 1120 1788 1174 ostenderet,
1811 1121 1933 1180 quod
1951 1121 2103 1180 passio
2120 1121 2246 1167 illata

280 1205 359 1250 per
383 1190 652 1234 violentiam
681 1192 774 1248 ejus
802 1190 1005 1233 animam
1030 1203 1124 1232 non
1152 1189 1382 1247 eripiebat,
1410 1198 1620 1231 naturam
1655 1187 1942 1246 corporalem
1975 1189 2022 1232 in
2054 1202 2136 1233 sua
2159 1189 2247 1233 for-

279 1258 470 1304 titudine
498 1257 799 1310 conservavit‚
818 1267 866 1300 ut
884 1257 1021 1299 etiam
1044 1256 1090 1299 in
1111 1255 1321 1299 extremis
1340 1255 1512 1314 positus
1535 1269 1650 1298 voce
1674 1269 1840 1313 magna
1860 1255 2100 1300 clamaret:
2123 1257 2247 1315 quod

280 1325 397 1369 inter
423 1324 510 1368 alia
537 1324 758 1367 miracula
783 1325 943 1367 mortis
971 1325 1067 1382 ejus
1101 1331 1412 1381 computatur:
1456 1321 1575 1365 unde
1603 1321 1764 1364 dicitur
1789 1322 1930 1366 Marc.
1973 1335 2067 1380 15.:
2103 1321 2248 1368 Videns

281 1398 419 1436 autem
448 1391 664 1444 Centuri0‚
694 1393 765 1449 qui
786 1406 834 1434 ex
866 1390 1038 1434 adverso
1062 1391 1214 1443 stabat,
1242 1391 1342 1447 quia
1367 1390 1423 1432 sic
1457 1389 1640 1432 clamans
1660 1390 1902 1447 expirasset,
1936 1390 2028 1434 ait.-
2059 1389 2248 1435 Verehic

281 1460 401 1503 homo
424 1459 558 1502 Filius
584 1459 668 1502 Dei
693 1464 785 1502 erat
795 1473 810 1509 ;
849 1457 933 1500 fuit
969 1456 1108 1500 etiam
1145 1454 1354 1499 mirabile
1390 1455 1436 1498 in
1478 1455 1651 1499 Christi
1687 1465 1850 1510 morte,
1887 1456 2010 1515 quod
2042 1452 2247 1514 velocius

281 1536 487 1570 mortuus
513 1525 597 1569 fuit
623 1524 736 1579 aliis,
778 1524 855 1583 qui
890 1523 1028 1567 simili
1059 1524 1271 1582 passione
1313 1522 1645 1566 afficiebantur:
1673 1523 1792 1566 unde
1819 1522 1982 1567 dicitur
2001 1523 2132 1582 Joan.
2165 1517 2246 1585 ¹19„

280 1593 404 1652 quod
440 1608 599 1646 eorum,
628 1594 701 1650 qui
737 1607 831 1635 cum
865 1591 1031 1635 Christo
1066 1592 1259 1649 crucifixi
1296 1597 1428 1644 erant,
1454 1591 1676 1649 fregerunt
1707 1604 1848 1644 crura,
1887 1600 1937 1635 ut
1969 1591 2061 1635 cito
2100 1605 2249 1637 more-

279 1670 455 1704 rentur:
485 1659 539 1703 ad
557 1661 696 1716 Jesum
724 1665 862 1703 autem
888 1674 982 1703 cum
1007 1660 1220 1712 venissent,
1255 1664 1301 1702 ut
1331 1658 1529 1702 viderunt
1553 1673 1645 1701 eum
1665 1660 1760 1716 jam
1791 1664 2020 1712 mortuum,
2054 1674 2138 1703 non
2154 1659 2244 1718 sre-

277 1734 426 1785 gerunt
450 1730 535 1785 ejus
561 1741 702 1771 crura.
721 1726 777 1770 Et
802 1726 943 1769 Marc.
977 1739 1043 1783 15.
1070 1726 1246 1778 dicitur,
1266 1726 1411 1784 quod:
1430 1725 1589 1769 Pilatus
1611 1726 1866 1779 mirabatur,
1892 1727 1927 1770 si
1946 1728 2040 1784 jam
2064 1727 2243 1771 obiisset.-

280 1795 396 1838 sicut
418 1795 540 1838 enim
564 1795 659 1852 ejus
676 1793 911 1837 voluntate
931 1803 1089 1837 natura
1113 1792 1362 1851 corporalis
1387 1802 1654 1836 conservata
1673 1802 1742 1836 est
1756 1794 1803 1835 in
1823 1806 1908 1836 suo
1925 1793 2085 1853 vigore
2102 1807 2246 1853 usque

280 1863 335 1905 ad
363 1871 632 1914 extremum,
660 1861 723 1904 sic
752 1861 888 1904 etiarn
912 1860 1094 1919 quando
1121 1859 1281 1913 voluit,
1309 1859 1458 1903 subito
1486 1859 1620 1902 cessit
1643 1869 1927 1903 nocumento
1952 1859 2096 1904 illato.

370 1929 445 1972 AD
474 1941 690 1972 TERTIUM
717 1927 976 1980 dicendum,
1005 1927 1126 1985 quod
1139 1927 1348 1970 Christus
1375 1925 1512 1970 simul
1538 1936 1582 1970 et
1606 1925 1873 1970 violentiam
1898 1940 2058 1986 passus
2084 1936 2164 1981 est,
2197 1936 2247 1972 ut

280 2005 548 2049 moreretur,
576 2005 620 2039 et
644 2005 799 2038 tamen
825 1993 1082 2038 voluntarie
1114 2002 1336 2037 mortuus·
1353 1993 1458 2036 fuit:
1488 1994 1593 2052 quia
1619 1993 1837 2037 violentia
1869 1995 2051 2053 corpori
2077 1995 2172 2053 ejus
2198 1993 2248 2038 il-

279 2063 370 2107 lata
397 2071 478 2116 est,
505 2076 620 2120 quae
647 2071 802 2106 tamen
827 2071 1004 2105 tantum
1032 2061 1214 2120 corpori
1240 2062 1335 2119 ejus
1362 2060 1626 2120 praevaluit,
1660 2070 1881 2119 quantum
1905 2061 2002 2120 ipse
2025 2060 2184 2105 voluit.

976 2238 1409 2295 ARTICULUS
1445 2238 1517 2293 Π.
2153 2265 2241 2315 259

491 2376 683 2415 UTRUM
723 2374 990 2414 CHRISTUS
1031 2375 1227 2413 FUERIT
1268 2375 1339 2412 EX
1381 2374 1720 2413 OBEDIENTIA
1759 2373 2041 2414 MORTUUS.

390 2487 522 2547 (Infr.
550 2502 587 2545 q.
615 2488 685 2543 48.
715 2493 794 2530 art.
823 2502 862 2532 2.
891 2493 928 2530 et
949 2502 983 2545 3.
1013 2494 1126 2544 corp.
1155 2491 1191 2529 et
1217 2486 1285 2529 lib.
1320 2499 1362 2541 4.
1398 2483 1545 2528 Contr.
1570 2498 1609 2542 g.
1638 2491 1729 2542 cap.
1752 2498 1809 2542 55.
1837 2483 1892 2527 ad
1916 2498 1972 2543 13.
1998 2489 2037 2529 et
2061 2483 2128 2530 16.

574 2561 612 2599 et
638 2563 831 2613 opusc..2.
861 2562 949 2613 cap.
973 2567 1064 2612 234.
1088 2559 1123 2596 et
1149 2555 1266 2598 Rom.
1289 2567 1325 2610 5.
1344 2553 1432 2596 lect.
1459 2552 1591 2609 2.fin.
1620 2557 1655 2594 et
1681 2551 1768 2594 lect.
1790 2564 1827 2609 5.
1851 2551 1962 2608 fin).

367 2665 443 2710 AD
471 2678 730 2710 SECUNDUM
757 2665 820 2708 sic
859 2665 1131 2722 proceditur.
1153 2663 1358 2716 Videtur,
1392 2662 1513 2722 quod
1543 2662 1750 2706 Christus
1779 2675 1871 2706 non
1898 2661 2031 2706 fuerit
2057 2676 2111 2706 ex
2138 2662 2242 2707 obe-

278 2732 446 2776 dientia
473 2742 700 2776 mortuus:
729 2732 987 2775 obedientia
1015 2731 1135 2775 enim
1154 2731 1336 2789 respicit
1353 2739 1671 2789 praeceptum:
1695 2729 1776 2773 sed
1799 2743 1893 2773 non
1930 2729 2095 2788 legitur
2116 2728 2246 2774 Chri-

277 2808 349 2844 sto
379 2799 516 2844 fuisse
550 2809 858 2858 praeceptum,
902 2799 1023 2857 quod
1065 2798 1161 2856 ipse
1203 2807 1453 2855 pateretur3
1486 2811 1581 2840 non
1624 2810 1733 2855 ergo
1767 2810 1821 2840 ex
1859 2796 2117 2841 obedientia
2148 2810 2246 2856 pas-

277 2881 352 2912 sus
378 2866 473 2911 fuit.
502 2904 505 2907 ,

367 2947 408 2978 2.
440 2934 736 2979 PRAETEREA.
756 2932 870 2976 Illud
898 2932 1061 2977 dicitur
1083 2931 1243 2990 aliquis
1271 2946 1323 2975 ex
1351 2928 1608 2975 obedientia
1633 2930 1799 2985 facere,
1812 2930 1934 2990 quod
1960 2929 2070 2975 facit
2094 2944 2149 2975 ex
2169 2943 2245 2975 ne·

278 3003 485 3045 cessitate
513 3001 764 3060 praecepti:
794 3000 1003 3044 Christus
1032 3010 1183 3043 autem
1206 3014 1297 3043 non
1318 3014 1371 3043 ex
1388 2999 1671 3053 necessitate,
1698 2998 1776 3043 sed
1802 2998 2058 3044 voluntarie
2085 2992 2243 3059 passus

274 3068 379 3113 fuit:
407 3082 500 3112 non
528 3082 638 3126 ergo
666 3082 823 3127 passus
857 3077 923 3111 est
949 3082 1003 3111 ex
1030 3067 1301 3110 obedientia.

370 3151 405 3194 3.
430 3136 726 3179 PRAETEREA.
749 3134 959 3179 Charitas
980 3145 1045 3177 est
1066 3133 1361 3192 excellentior
1379 3134 1532 3187 virtus,
1552 3148 1686 3192 quam
1713 3133 1992 3178 obedientia:
2012 3134 2089 3179 sed
2114 3132 2246 3179 Chri-

277 3214 370 3247 stus
397 3203 562 3260 legitur
589 3217 641 3246 ex
669 3202 886 3246 charitate
917 3216 1086 3258 passus,
1115 3201 1365 3244 secundum
1394 3201 1502 3244 illud
1532 3201 1694 3259 Ephes.
1728 3214 1791 3258 5.:
1820 3201 2046 3246 Ambulate
2076 3202 2121 3245 in
2147 3201 2245 3246 dile-

277 3273 423 3324 ctione,
450 3273 554 3314 sicut
579 3276 616 3314 et
643 3269 829 3313 Christus
855 3269 1000 3313 dilexit
1026 3284 1107 3319 nos,
1143 3274 1177 3311 et
1204 3268 1375 3312 tradidit
1400 3271 1655 3327 semetipsum
1677 3275 1756 3328 pro
1779 3270 1896 3313 nobis
1906 3283 1923 3322 ,·
1951 3282 2063 3328 ergo
2089 3268 2242 3328 passio
2263 3313 2272 3322 ,
2336 3259 2349 3276 ‘⁸

279 3337 450 3381 Christi
477 3339 623 3395 magis
652 3337 782 3380 debet
811 3336 989 3380 attribui
1017 3335 1239 3388 charitati,
1267 3350 1403 3393 quam
1434 3336 1734 3379 obedientiae.

369 3405 463 3448 SED
487 3417 681 3449 CONTRA
710 3414 789 3458 est,
813 3403 934 3463 quod
963 3402 1124 3446 dicitur
1151 3402 1313 3461 Philip.
1343 3414 1402 3445 2.:
1433 3403 1586 3447 Factus
1612 3410 1668 3447 est
1693 3403 1877 3449 obediens
1902 3402 2025 3448 Patri
2049 3416 2172 3462 usque
2188 3402 2243 3447 ad

278 3478 465 3515 mortem.
1980 3488 1981 3491 ¹

368 3538 656 3582 RESPONDEo
690 3537 949 3592 dicendum,
982 3536 1103 3596 quod
1147 3536 1631 3580 convenientissimum
1665 3536 1760 3591 fuit,
1794 3537 1917 3596 quod
1943 3534 2154 3581 Christus
2185 3542 2243 3581 ex

280 3605 536 3649 obedientia
562 3615 810 3664 pateretur:
825 3606 966 3664 primo
983 3603 1181 3663 quidem,
1200 3603 1304 3661 quia
1322 3602 1409 3646 hoc
1431 3604 1733 3647 conveniebat
1757 3602 2067 3662 justificationi
2081 3602 2240 3648 huma*>
