2352 3926
288 214 398 284 736
792 226 1072 273 Quans’no
1113 227 1278 267 Lxxx.
1317 227 1627 269 ARTICULUS
1666 229 1741 269 XI.

984 438 1419 497 ARTICULUS
1460 439 1561 496 XI.
2155 457 2249 513 488

531 575 724 615 UTRUM
763 575 964 614 LICEAT
1006 575 1226 615 OMNINO
1267 575 1303 613 A
1343 575 1719 616 COMMUNIONE
1760 573 2012 616 CESSARE.

957 685 1018 744 (4.
1045 687 1157 731 Dist.
1184 701 1247 732 12.
1274 702 1313 747 q.
1335 702 1373 747 3.
1400 694 1484 733 art.
1510 688 1585 744 2.).

374 804 450 848 AD
478 817 771 848 UNDECIMUM
812 804 877 848 sic
919 804 1196 864 proceditun
1225 805 1431 860 Videtur,
1468 805 1590 865 quod
1627 805 1764 850 liceat
1799 819 1977 867 cessare
2008 805 2200 851 omnino
2227 820 2253 851 a

287 872 638 917 communione:
683 871 891 916 laudatur
917 872 1041 916 enim
1068 872 1289 917 Centurio
1317 873 1373 917 de
1399 873 1490 916 hoc
1508 873 1630 932 quod
1657 873 1767 918 dicit
1783 872 1944 918 Matth.
1963 873 2029 918 8.:
2051 874 2253 929 Domine,

287 953 371 983 non
391 954 482 983 sum
508 939 669 998 dignus,
696 946 744 984 ut
767 941 896 984 intres
919 941 992 984 sub
1020 946 1170 985 tectum
1195 955 1361 985 meum:
1389 941 1462 984 cui
1486 950 1778 999 comparatur
1802 939 1895 995 ille,
1921 940 1998 1000 qui
2022 949 2202 1001 reputat
2227 954 2254 985 a

289 1007 618 1051 communione
629 1007 714 1051 sibi
736 1020 834 1051 esse
857 1007 1190 1062 abstinendum,
1208 1017 1258 1051 ut
1274 1008 1447 1052 dictum
1474 1017 1541 1051 est
1562 1008 1664 1065 (art.
1680 1015 1822 1067 praec.
1842 1007 1896 1052 ad
1906 1007 1996 1067 3.);
2019 1021 2126 1052 cum
2141 1021 2252 1066 ergo

287 1089 523 1134 nunquam
550 1075 727 1134 legatur
754 1074 990 1119 Christum
1016 1076 1062 1118 in
1080 1076 1176 1134 ejus
1193 1075 1385 1119 domum
1402 1077 1596 1130 venisse,
1613 1077 1804 1132 videtur,
1824 1076 1948 1136 quod
1963 1076 2102 1122 liceat
2117 1075 2254 1122 alicui

287 1151 387 1186 toto
414 1153 621 1202 tempore
648 1143 767 1186 vitae
790 1156 898 1186 suae
926 1157 951 1186 a
979 1144 1308 1187 communione
1336 1141 1575 1187 abstinere.

378 1222 419 1254 2.
447 1210 745 1254 PRAETEREA.
781 1209 982 1254 Cuilibet
1008 1209 1115 1253 licet
1141 1209 1363 1253 abstinere
1391 1210 1444 1253 ab
1471 1210 1558 1264 his,
1590 1225 1706 1269 quae
1732 1225 1827 1255 non
1852 1219 1958 1255 sunt
1982 1210 2038 1255 de
2062 1210 2255 1256 necessi-

287 1286 379 1321 tate
405 1276 582 1323 salutis:
620 1277 699 1321 sed
725 1277 817 1321 hoc
844 1286 1181 1322 sacramentum
1214 1290 1309 1320 non
1342 1286 1410 1321 est
1445 1277 1500 1320 de
1536 1278 1807 1322 necessitate
1842 1277 2015 1332 salutis,
2041 1289 2091 1322 ut
2119 1291 2254 1337 supra
2330 1280 2332 1282 ’

289 1345 462 1388 dictum
488 1353 555 1388 est
582 1343 640 1403 (q.
668 1358 726 1404 73.
754 1350 837 1389 art.
859 1346 917 1404 3.)
935 1360 951 1397 ;
982 1358 1092 1403 ergo
1119 1343 1228 1388 licet
1253 1358 1279 1388 a
1306 1344 1567 1403 sumptione
1593 1345 1726 1406 hujus
1759 1344 2037 1390 sacramenti
2061 1344 2254 1390 omnino

289 1425 482 1456 cessare.

380 1492 417 1537 3.
436 1478 734 1525 PRAETEREA.
753 1478 1027 1524 Peccatores
1043 1492 1138 1522 non
1154 1488 1365 1523 tenentur
1382 1478 1741 1533 communicare,
1757 1478 1878 1523 unde
1895 1478 2122 1524 Fabianus
2138 1481 2255 1540 papa

288 1547 388 1605 (loc.
415 1548 482 1590 cit.
510 1552 590 1590 art.
609 1553 753 1604 praec.
780 1545 835 1589 ad
854 1547 912 1605 5.)
942 1560 1048 1590 curn
1075 1546 1285 1590 dixisset:
1317 1545 1448 1590 «Ter
1466 1547 1512 1590 in
1531 1561 1652 1591 anno
1676 1560 1838 1591 omnes
1857 1546 2255 1601 communicent»,

290 1614 512 1673 adjunxit:
543 1630 566 1655 «
584 1613 684 1658 Nisi
709 1613 825 1657 forte
852 1613 951 1672 quis
979 1614 1228 1672 majoribus
1255 1614 1518 1658 criminibus
1545 1614 1820 1672 impediatur
1830 1627 1881 1657 »ε
1905 1614 1944 1658 si
1965 1627 2078 1673 ergo
2093 1613 2162 1658 illi
2178 1615 2258 1673 qui

288 1695 383 1725 non
410 1691 514 1725 sunt
537 1681 584 1724 in
609 1691 815 1740 peccato,
844 1691 1056 1725 tenentur
1082 1682 1441 1735 communicare,
1463 1681 1640 1726 videtur
1662 1682 1786 1741 quod
1806 1680 2011 1726 melioris
2037 1680 2258 1726 conditio-

288 1748 359 1792 nis
385 1748 474 1792 sint
499 1757 778 1806 peccatores,
812 1762 951 1807 quam
982 1748 1112 1807 justi:
1140 1748 1262 1808 quod
1297 1758 1364 1793 est
1394 1748 1745 1804 inconveniens;
1773 1763 1884 1808 ergo
1909 1748 2101 1805 videtur,
2132 1747 2256 1808 quod

290 1816 430 1861 etiam
456 1815 583 1874 justis
609 1815 747 1859 liceat
773 1829 798 1859 a
825 1816 1155 1860 communione
1184 1830 1376 1863 cessare.

381 1882 475 1927 SED
499 1895 695 1928 CONTRA
723 1892 804 1936 est,
827 1883 950 1942 quod
976 1883 1207 1927 Dominus
1234 1883 1343 1927 dicit
1363 1883 1495 1941 Joan.
1523 1882 1584 1927 6.:
1602 1884 1699 1929 Nisi
1715 1882 2070 1929 manducaveritis
2085 1896 2256 1929 carnem

290 1951 397 1995 Filii
423 1951 617 2004 hominis,
644 1956 680 1994 et
712 1951 898 1995 biberitis
922 1953 1008 2009 ejus
1038 1953 1295 2009 sanguinem,
1322 1965 1405 1995 non
1437 1952 1636 1997 habebitis
1659 1953 1796 1996 vitam
1818 1952 1866 1995 in
1895 1951 2026 1996 vobis.

378 2017 669 2062 RESPONDEo
697 2017 957 2072 dicendum,
977 2018 1114 2077 quod,
1142 2018 1258 2062 sicut
1279 2032 1414 2077 supra
1437 2018 1610 2063 dictum
1628 2027 1696 2063 est
1719 2018 1821 2075 (art.
1838 2034 1874 2064 1.
1891 2018 1978 2077 huj.
2006 2017 2085 2077 q.),
2108 2017 2259 2078 duplex

291 2095 359 2130 est
384 2085 550 2131 modus
577 2085 856 2144 percipiendi
887 2085 978 2129 hoc
1002 2096 1357 2139 sacramentum,
1384 2085 1558 2130 scilicet
1581 2086 1830 2145 spiritualis,
1862 2094 1908 2130 et
1928 2085 2258 2132 sacramentalis.

291 2151 585 2197 Manifestum
604 2162 671 2197 est
698 2161 866 2206 autem,
885 2153 1008 2211 quod
1035 2167 1197 2197 omnes
1223 2162 1434 2197 tenentur
1459 2153 1623 2198 saltem
1649 2152 1940 2211 spiritualiter
1965 2152 2258 2207 manducare,

292 2220 397 2279 quia
423 2220 514 2264 hoc
539 2229 607 2264 est
633 2220 818 2264 Christo
845 2220 1145 2280 incorporari,
1173 2230 1222 2265 ut
1244 2235 1379 2279 supra
1405 2221 1577 2264 dictum
1596 2231 1663 2265 est
1680 2221 1736 2280 (q.
1761 2234 1818 2280 73.
1845 2226 1927 2265 art.
1940 2235 1977 2280 3.
1995 2219 2138 2278 adn).
2163 2220 2261 2280 Spi-

293 2289 465 2333 ritualis
494 2298 646 2333 autem
678 2289 973 2333 manducatio
1005 2289 1197 2333 includit
1227 2299 1404 2343 votum,
1436 2303 1516 2333 seu
1549 2288 1826 2333 desiderium
1858 2287 2136 2347 percipiendi
2165 2287 2258 2332 hoc

292 2366 647 2410 sacramentum,
674 2365 722 2399 ut
748 2371 882 2415 supra
910 2357 1083 2400 dictum
1111 2366 1178 2400 est
1206 2356 1364 2413 (ibid),
1389 2366 1434 2400 et
1459 2356 1563 2400 ideo
1591 2356 1688 2400 sine
1713 2365 1824 2400 voto
1856 2355 2136 2414 percipiendi
2165 2354 2258 2399 hoc

291 2433 631 2468 sacramentum
657 2437 751 2466 non
778 2433 929 2481 potest
961 2424 1141 2467 homini
1159 2438 1258 2467 esse
1286 2423 1433 2477 salus;
1461 2422 1625 2467 frustra
1652 2432 1805 2466 autem
1832 2431 1951 2467 esset
1973 2433 2151 2476 votum,
2170 2421 2278 2466 nisi'

291 2490 569 2550 impleretur,
596 2490 779 2549 quando
807 2490 1123 2548 opportunitas
1146 2490 1336 2534 adesset.
1354 2490 1411 2534 Et
1434 2490 1540 2533 ideo
1563 2488 1854 2533 manifestum
1873 2498 1955 2543 est,
1973 2488 2096 2548 quod
2111 2488 2259 2534 homo

292 2568 473 2604 tenetur
504 2558 595 2602 hoc
628 2569 966 2602 sacramentum
999 2573 1195 2612 sumere,
1227 2573 1323 2603 non
1349 2557 1500 2602 solum
1528 2572 1582 2602 ex
1614 2566 1782 2602 statuto
1814 2555 2063 2612 Ecclesiae,
2094 2555 2174 2602 sed
2204 2570 2261 2602 ex

294 2626 514 2670 mandato
546 2625 740 2669 Domini
786 2625 976 2669 dicentis
1011 2624 1121 2668 Luc.
1155 2638 1248 2670 22.:
1280 2626 1374 2669 Hoc
1397 2625 1532 2684 facite
1563 2626 1609 2669 in
1640 2639 1777 2669 meam
1809 2625 2258 2681 commemorationem.

293 2693 360 2738 Ex
377 2702 547 2737 statuto
567 2701 720 2737 autem
738 2691 972 2736 Ecclesiae
988 2702 1093 2736 sunt
1107 2692 1409 2736 determinata
1434 2702 1643 2751 tempora
1670 2690 1922 2751 exequendi
1939 2690 2113 2736 Christi
2135 2703 2262 2750 prae-

295 2770 494 2819 ceptum.

324 2831 326 2833 ’
386 2827 463 2872 AD
496 2840 687 2873 PRIMUM
714 2839 824 2885 ergo
847 2825 1108 2880 dicendum,
1135 2825 1272 2885 quod,
1299 2826 1415 2870 sicut
1442 2825 1580 2885 Greg.
1605 2826 1713 2870 dicit
1737 2825 1785 2870 in
1809 2824 2036 2871 Pastorali
2064 2825 2196 2886 (part.
2221 2840 2258 2871 ι.

295 2902 385 2954 cap.
410 2894 490 2952 6.),
520 2911 543 2936 «
566 2893 645 2938 illa
671 2903 740 2938 est
763 2907 871 2938 vera
897 2892 1147 2946 humilitas,
1176 2907 1282 2937 cum
1310 2892 1364 2936 ad
1396 2894 1703 2951 respuendum
1736 2892 1860 2952 quod
1891 2891 2061 2937 utiliter
2090 2890 2260 2953 praeci·

294 2963 426 3021 pitur‚
444 2962 647 3021 pertinax
665 2976 759 3005 non
777 2970 845 3005 est
859 2976 909 3015 »3
928 2970 973 3004 et
993 2960 1098 3004 ideo
1115 2973 1209 3003 non
1228 2970 1376 3019 potest
1399 2974 1497 3004 esse
1519 2959 1758 3004 laudabilis
1779 2958 2030 3014 humilitas,
2046 2959 2085 3004 si
2101 2968 2258 3004 contra

293 3040 589 3088 praeceptum
617 3028 803 3082 Christi,
836 3037 879 3071 et
916 3026 1149 3071 Ecclesiae
1183 3027 1343 3086 aliquis
1377 3027 1568 3071 omnino
1603 3042 1629 3071 a
1662 3027 1991 3072 communione
2024 3027 2258 3073 abstineat.
2340 3058 2348 3086 5

294 3097 461 3156 Neque
488 3097 611 3141 enim
639 3095 912 3141 Centurioni
936 3103 1228 3154 praeceptum
1254 3093 1351 3147 fuit,
1370 3105 1418 3138 ut
1437 3094 1674 3139 Christum
1698 3094 1746 3138 in
1763 3094 1844 3139 sua
1866 3094 2008 3139 domo
2025 3092 2257 3154 reciperet.

385 3165 461 3208 AD
485 3177 744 3209 SECUNDUM
769 3162 1027 3215 dicendum,
1051 3161 1171 3220 quod
1200 3160 1288 3204 hoc
1316 3171 1655 3205 sacramentum
1683 3161 1847 3206 dicitur
1861 3173 1957 3205 non
1978 3174 2080 3206 esse
2105 3173 2259 3207 neces·

293 3231 456 3284 sitatis,
484 3233 600 3275 sicut
635 3231 900 3288 baptismus,
918 3238 1138 3288 quantum
1163 3228 1218 3271 ad
1246 3242 1424 3286 puerOS,
1442 3229 1603 3287 quibus
1629 3222 1780 3288 potest
1797 3241 1895 3273 esse
1911 3227 2034 3273 salus
2050 3228 2148 3273 sine
2167 3228 2259 3274 hoc

299 3308 603 3351 sacramento,
630 3312 724 3341 non
753 3307 904 3341 autem
925 3296 1020 3341 sine
1038 3305 1325 3340 sacramento
1343 3295 1579 3354 baptismi:
1608 3305 1829 3355 quantum
1855 3307 1967 3340 vero
1990 3294 2047 3339 ad
2065 3294 2259 3350 adultos,

295 3377 537 3424 utrumque
566 3375 633 3410 est
658 3364 953 3409 necessitatis.

386 3434 461 3477 AD
497 3446 713 3477 TERTIUM
737 3431 994 3485 dicendum,
1022 3430 1143 3490 quod
1162 3440 1425 3489 peccatores
1442 3444 1662 3488 magnum
1686 3430 2008 3475 detrimentum
2029 3429 2259 3490 patiuntur

298 3515 353 3545 ex
378 3500 484 3555 hoc,
506 3501 628 3559 quod
655 3499 934 3558 repelluntur
960 3513 985 3543 a
1012 3498 1302 3558 perceptione
1328 3498 1462 3555 hujus
1490 3498 1778 3552 sacramenti,
1805 3497 1924 3543 unde
1941 3510 2020 3557 per
2044 3497 2136 3542 hoc
2161 3509 2258 3542 non

296 3578 400 3612 sunt
432 3567 635 3612 melioris
670 3566 968 3621 conditionis;
1002 3575 1046 3610 et
1076 3565 1183 3610 licet
1208 3564 1253 3607 in
1286 3565 1484 3623 peccatis
1516 3575 1835 3625 permanentes
1866 3578 1961 3610 non
1987 3573 2258 3609 excusentur

297 3645 480 3694 propter
504 3635 595 3680 hoc
623 3649 649 3679 a
674 3634 1035 3693 transgressione
1059 3632 1600 3692 praecepti,1,p0enitentes
1633 3633 1804 3687 tamen,
1834 3631 1929 3691 qui,
1955 3641 2005 3678 ut
2032 3632 2256 3676 Innocen-
