2352 3926
218 243 322 295 116
800 251 1080 298 Quasssno
1121 251 1176 291 x.
1216 251 1524 299 ARTICULus
1563 252 1599 290 1.

209 367 356 402 totam
382 357 469 401 Dei
493 355 737 401 essentiam
758 354 903 400 videt:
930 369 1025 399 non
1042 364 1198 400 tamen
1215 368 1318 400 eam
1342 353 1714 415 comprehendit3
1742 353 1848 412 quia
1863 366 1958 397 non
1977 352 2180 400 totaliter

211 439 315 468 eam
331 424 468 477 videt,
485 423 601 467 idest
612 423 673 466 ita
686 421 899 481 perfecte,
911 421 1028 466 sicut
1042 422 1230 467 visibilis
1244 432 1326 478 est,
1339 432 1388 467 ut
1399 423 1445 466 in
1463 436 1499 467 1.
1512 421 1769 480 expositum
1783 430 1851 465 est
1860 419 1918 480 (q.
1931 435 1994 466 12.
2007 426 2091 466 art.
2104 420 2178 480 7.).

300 491 376 535 An
403 503 619 535 TERTmM
646 489 906 543 dicendum,
933 489 1055 548 quod
1087 489 1277 534 verbum
1308 488 1421 534 illud
1453 488 1700 546 Augustini
1733 497 1801 532 est
1830 485 2178 546 intelligendum

209 558 264 603 de
292 559 434 617 gratia
462 557 658 611 unionis,
685 556 938 600 secundum
961 571 1100 616 quarn
1127 557 1282 601 omnia
1309 571 1425 616 quae
1453 556 1663 600 dicuntur
1685 555 1740 599 de
1762 553 1878 599 Filio
1900 553 2003 608 Dei,
2020 564 2178 599 secun-

210 626 320 669 dum
348 625 550 668 divinam
577 633 804 678 naturam,
830 624 968 668 etiam
1002 623 1212 668 dicuntur
1237 623 1292 668 de
1317 622 1413 667 filio
1445 622 1650 667 hominis
1681 630 1866 681 propter
1895 620 2180 665 identitatem

209 692 457 751 suppositi;
486 701 529 735 et
557 690 809 735 secundum
835 691 926 734 hoc
951 705 1058 735 vere
1089 700 1240 750 potest
1271 690 1374 743 dici,
1401 689 1524 749 quod
1558 688 1676 732 filius
1712 687 1914 732 hominis
1949 697 2018 732 est
2052 700 2180 731 com-

208 759 460 818 prehensor
486 758 666 802 divinae
694 758 939 812 essentiae;
966 772 1061 802 non
1087 758 1272 816 quidem
1297 757 1549 801 secundum
1573 756 1792 810 animam,
1819 754 1899 799 sed
1925 752 2178 799 secundum

209 826 413 870 divinam
439 828 675 870 naturam:
702 839 785 884 per
810 839 946 884 quem
975 824 1114 869 etiam
1140 824 1333 869 modum
1365 833 1515 883 potest
1546 823 1651 877 dici,
1683 823 1806 882 quod
1832 821 1952 866 filius
1976 820 2180 866 hominis

210 902 279 938 eSt
305 902 500 938 creator·

906 1069 1340 1127 ARTICULUS
1384 1070 1455 1124 11.
2118 1079 2178 1140 ⁶9

412 1213 607 1253 UTRUM
635 1211 809 1253 ANIMA
842 1213 1062 1252 CHRISTI
1089 1213 1145 1253 IN
1171 1213 1345 1252 VERBO
1374 1211 1740 1251 COGNOVERIT
1774 1210 1969 1252 OMNIA.

647 1323 700 1383 (3.
727 1325 838 1368 Dist.
865 1338 928 1370 12.
955 1329 1035 1369 art.
1063 1338 1103 1368 2.
1130 1338 1168 1382 q.
1196 1338 1236 1368 2.
1263 1330 1301 1368 et
1326 1329 1407 1368 art.
1433 1337 1476 1381 4.
1503 1322 1558 1367 ad
1578 1337 1614 1382 3.
1641 1328 1679 1367 et
1703 1336 1746 1379 4.

325 1398 364 1438 et
403 1392 513 1437 Veri.
546 1406 585 1450 q.
617 1392 658 1437 8.
692 1398 774 1436 art.
807 1405 851 1448 4.
883 1397 922 1436 et
953 1406 991 1450 q.
1024 1405 1094 1436 20.
1128 1397 1210 1436 art.
1237 1404 1279 1448 4.
1312 1397 1351 1435 et
1377 1404 1414 1449 5.
1447 1397 1485 1437 et
1519 1389 1671 1447 Quodl.
1702 1404 1736 1448 3.
1770 1403 1808 1448 q.
1842 1403 1882 1435 2.
1915 1393 1997 1434 art.
2022 1403 2060 1435 1.

698 1464 734 1503 et
761 1466 896 1518 opusc.
923 1472 963 1502 2.
992 1465 1082 1517 cap.
1109 1457 1204 1502 216.
1231 1463 1270 1503 et
1295 1465 1430 1516 opusc.
1458 1471 1499 1516 9.
1526 1471 1564 1515 q.
1591 1457 1692 1514 81).

299 1570 375 1616 AD
402 1583 664 1615 SECUNDUM
691 1569 754 1614 sic
781 1569 1054 1629 proceditur.
1081 1569 1287 1624 Videtur,
1314 1568 1438 1628 quod
1465 1568 1619 1612 anima
1645 1567 1819 1613 Christi
1837 1568 1887 1613 in
1907 1566 2062 1613 Verbo
2084 1581 2182 1613 non

207 1647 461 1697 cognoscat
487 1637 667 1681 omnia:
696 1637 860 1681 dicitur
886 1637 1010 1680 enim
1036 1636 1182 1679 Marci
1213 1649 1300 1695 13.:
1327 1637 1395 1680 De
1426 1635 1491 1680 die
1523 1641 1662 1680 autem
1687 1635 1764 1680 illa
1787 1650 1908 1681 nemo
1932 1636 2026 1691 scit,
2050 1640 2184 1694 neque

210 1705 361 1764 Angeli
386 1707 430 1748 in
457 1705 583 1758 coelo,
611 1719 738 1762 neque
765 1704 915 1758 Filius,
942 1705 1024 1748 nisi
1049 1703 1176 1748 Pater
1185 1718 1202 1756 ‚·
1229 1717 1325 1747 non
1352 1716 1464 1761 ergo
1492 1704 1650 1746 omnia
1676 1702 1761 1747 scit
1785 1702 1833 1747 in
1858 1701 2030 1748 Verbo.

301 1785 341 1816 2.
369 1772 666 1816 PRAETEREA.
703 1770 892 1823 Quanto
927 1770 1089 1830 aliquis
1122 1769 1364 1830 perfectius
1398 1771 1638 1829 cognoscit
1670 1769 1856 1830 aliquod
1886 1769 2179 1830 principium,

213 1849 340 1884 tanto
367 1838 497 1898 plura
522 1839 568 1882 in
594 1838 676 1883 illo
703 1838 927 1898 principio
955 1838 1218 1896 cognoscit:
1253 1839 1331 1882 sed
1362 1838 1490 1882 Deus
1521 1836 1762 1897 perfectius
1788 1837 1912 1883 videt
1937 1837 2182 1883 essentiam

212 1921 359 1960 suam,
394 1920 532 1965 quam
574 1906 727 1950 anima
761 1905 963 1959 Christi3
997 1919 1108 1963 ergo
1141 1904 1270 1963 plura
1303 1904 1543 1964 cognoscit
1575 1905 1621 1948 in
1652 1903 1824 1959 Verbo,
1854 1918 1994 1964 quam
2026 1903 2182 1951 anima

213 1973 409 2028 Christi3
435 1987 531 2017 non
557 1987 667 2032 ergo
695 1973 848 2017 anima
877 1972 1050 2017 Christi
1074 1972 1121 2015 in
1146 1971 1301 2016 Verbo
1330 1972 1570 2031 cognoscit
1596 1972 1766 2018 omnia.

304 2055 341 2099 3.
367 2040 664 2085 PRAETEREA.
695 2039 940 2092 Quantitas
966 2039 1180 2083 scientiae
1208 2039 1451 2083 attenditur
1476 2038 1730 2083 secundum
1763 2038 2062 2098 quantitatem
2094 2038 2180 2084 sei-

210 2107 398 2161 bilium3
425 2107 463 2151 si
489 2121 600 2165 ergo
628 2107 782 2150 anima
809 2106 982 2151 Christi
1007 2105 1144 2150 sciret
1168 2106 1214 2149 in
1241 2106 1395 2150 Verbo
1423 2106 1580 2151 omnia
1607 2120 1724 2165 quae
1750 2106 1836 2151 scit
1858 2105 2089 2161 Verbum3
2115 2120 2182 2151 se-

211 2183 423 2233 queretur
449 2174 571 2233 quod
598 2174 789 2218 scientia
815 2174 994 2218 animae
1023 2173 1196 2217 Christi
1223 2183 1491 2232 aequaretur
1516 2173 1734 2218 scientiae
1757 2172 1951 2228 divinae,
1974 2183 2179 2219 creatum

209 2240 424 2285 videlicet
447 2241 667 2295 increato,
693 2240 817 2300 quod
843 2249 911 2284 est
934 2239 1231 2299 impossibile.
2022 2276 2023 2279 η

254 2334 263 2341 -
304 2308 400 2352 SED
429 2320 625 2353 CONTRA
653 2317 718 2352 est
745 2307 867 2366 quod
894 2321 1029 2366 super
1053 2306 1164 2351 illud
1183 2306 1379 2366 Apocal.
1412 2320 1473 2365 5.:
1499 2308 1668 2366 Dignus
1689 2313 1742 2352 est
1768 2321 1913 2366 agnus,
1928 2308 2004 2367 qui
2027 2308 2183 2353 occiws

210 2381 281 2430 est,
300 2377 484 2435 accipere
516 2375 793 2429 divinitatem,
812 2381 847 2419 et
870 2376 1132 2433 sapientiam,
1155 2373 1308 2419 Gloss.
1324 2374 1506 2433 (ordin.)
1532 2374 1656 2429 dicit,
1682 2390 1706 2416 «
1731 2374 1849 2420 idest
1872 2374 2085 2421 omnium
2108 2388 2183 2420 co-

214 2442 470 2502 gnitionem
502 2458 542 2486 ».

303 2509 594 2554 RESPONDEO
620 2507 879 2563 dicendum,
906 2508 1028 2567 quod
1052 2523 1157 2552 cum
1180 2510 1423 2567 quaeritur,
1437 2523 1495 2552 an
1522 2508 1733 2554 Christus
1752 2518 2007 2568 cognoscat
2021 2508 2180 2558 omnia

213 2576 261 2620 in
281 2575 448 2630 Verbo,
466 2575 512 2635 ly
530 2577 673 2619 omnia
694 2585 845 2635 potest
869 2576 1090 2635 dupliciter
1109 2576 1273 2634 accipi:
1296 2591 1379 2620 uno
1401 2575 1521 2620 modo
1543 2576 1739 2636 proprie,
1765 2586 1815 2620 ut
1835 2575 2072 2622 distribuat
2094 2589 2180 2636 pro

211 2643 440 2696 omnibus,
454 2657 570 2702 quae
583 2657 873 2702 quocumque
888 2643 1029 2687 modo
1041 2653 1159 2697 sunt,
1176 2642 1250 2687 vel
1263 2653 1407 2697 erunt,
1419 2643 1494 2687 vel
1510 2642 1706 2697 fuerunt,
1719 2643 1793 2688 vel
1810 2642 1946 2697 facta,
1958 2642 2035 2688 vel
2043 2643 2181 2698 dicta,

210 2710 285 2755 vel
312 2711 512 2769 cogitata
539 2725 563 2754 a
591 2724 898 2769 quocumque,
925 2710 1178 2754 secundum
1206 2710 1529 2769 quodcumque
1546 2720 1750 2769 tempus3
1769 2721 1814 2755 et
1838 2711 1903 2756 sic
1933 2710 2179 2759 dicendum

212 2787 294 2832 est,
317 2778 438 2836 quod
467 2778 620 2821 anima
645 2777 818 2821 Christi
843 2777 891 2820 in
913 2778 1066 2821 Verbo
1095 2777 1335 2835 cognoscit
1362 2778 1530 2821 omnia.
1559 2777 1882 2837 Unusquisque
1908 2776 2034 2823 enim
2054 2775 2181 2822 intel-

210 2844 355 2889 lectus
382 2855 559 2888 creatus
586 2845 630 2887 in
658 2844 812 2888 Verbo
842 2844 1095 2902 cognoscit,
1117 2859 1212 2888 non
1239 2845 1424 2903 quidem
1458 2845 1614 2888 omnia
1646 2843 1924 2902 simpliciter,
1950 2844 2029 2889 sed
2050 2853 2178 2889 tanto

210 2911 339 2971 plura
357 2921 527 2970 quanto
555 2910 797 2970 perfectius
815 2911 937 2954 videt
950 2911 1179 2954 Verbum:
1199 2911 1312 2954 nulli
1325 2922 1479 2955 tamen
1498 2911 1747 2955 intellectui
1760 2911 1895 2956 beato
1913 2912 2052 2965 deest,
2070 2912 2180 2971 quin

212 2988 464 3038 cognoscat
485 2979 531 3022 in
557 2979 712 3023 Verbo
741 2978 896 3022 omnia
924 2992 1039 3036 quae
1068 2978 1120 3022 ad
1148 2978 1297 3036 ipsum
1332 2988 1556 3037 spectant:
1593 2979 1647 3022 ad
1672 2978 1908 3023 Christum
1934 2988 2103 3033 autem,
2135 2987 2180 3024 et

211 3046 266 3090 ad
294 3048 388 3105 ejus
415 3046 682 3105 dignitatem
700 3055 905 3104 spectant
931 3045 1278 3104 quodammodo
1298 3045 1470 3099 omnia,
1497 3045 1767 3103 inquantum
1794 3045 1837 3090 ei
1853 3046 2060 3105 subjecta
2073 3055 2179 3092 sunt

211 3113 387 3158 omnia:
416 3113 512 3172 ipse
535 3113 675 3157 etiam
702 3123 769 3157 est
792 3112 1000 3156 omnium
1023 3111 1158 3170 judex
1186 3114 1456 3156 constitutus
1475 3126 1500 3155 a
1518 3113 1636 3166 Deo,
1655 3114 1756 3171 quia
1771 3113 1889 3172 filius
1915 3113 2093 3159 hominis
2106 3119 2176 3168 est,

210 3190 260 3225 ut
285 3181 447 3224 dicitur
467 3181 597 3239 Joan.
631 3193 692 3237 5.;
721 3189 765 3224 et
791 3180 894 3223 ideo
920 3179 1072 3223 anima
1095 3178 1267 3223 Christi
1298 3179 1344 3222 in
1371 3179 1524 3223 Verbo
1548 3179 1789 3238 cognoscit
1814 3179 1973 3224 omnia
1990 3180 2180 3226 existen-

209 3248 286 3297 tia,
315 3248 567 3292 secundum
594 3247 918 3306 quodcumque
956 3256 1150 3304 tempus,
1185 3255 1229 3290 et
1269 3245 1406 3290 etiam
1434 3245 1678 3290 hominurn
1711 3247 1953 3306 cogitatus,
1979 3260 2177 3308 quorum

213 3326 280 3358 est
306 3316 465 3373 judex:
493 3315 554 3360 ita
580 3324 629 3359 ut
655 3314 777 3373 quod
805 3313 859 3358 de
887 3327 942 3358 eo
970 3313 1133 3357 dicitur
1153 3313 1283 3371 Joan.
1313 3325 1374 3356 2.:
1408 3313 1496 3372 Ipse
1528 3314 1638 3358 enim
1679 3314 1844 3369 sciebat,
1872 3313 1973 3373 quid
2011 3319 2106 3360 esset
2129 3315 2175 3360 iu

207 3382 387 3435 homine,
415 3383 557 3440 possit
583 3381 775 3440 intelligi
802 3394 894 3424 non
923 3380 1072 3424 solum
1101 3390 1321 3438 quantum
1351 3380 1405 3423 ad
1428 3379 1667 3423 scientiam
1686 3380 1904 3435 divinam,
1930 3380 2010 3427 sed
2036 3381 2175 3427 etiam

207 3459 426 3508 quantum
456 3449 510 3494 ad
537 3449 777 3494 scientiam
805 3447 984 3492 animae
1012 3448 1122 3505 ejus,
1141 3461 1278 3506 quam
1305 3446 1443 3491 habet
1459 3446 1504 3490 in
1523 3447 1700 3493 Verbo:
1724 3448 1809 3493 alio
1829 3448 1949 3493 modo
1968 3447 2176 3508 lyomm'a

209 3526 361 3576 potest
403 3516 548 3576 accipi
583 3516 730 3575 magis
771 3514 912 3573 large,
939 3524 988 3559 ut
1014 3514 1280 3558 extendatur
1315 3527 1408 3558 non
1445 3512 1595 3558 solum
1640 3514 1694 3558 ad
1739 3515 1896 3559 omnia
1921 3528 2039 3575 quae
2070 3524 2177 3561 sunt

208 3594 325 3637 actu,
353 3585 606 3628 secundum
638 3583 961 3643 quodcumque
987 3591 1182 3642 tempus,
1205 3581 1283 3626 sed
1311 3581 1448 3626 etiam
1473 3581 1527 3625 ad
1556 3582 1712 3626 omnia
1728 3595 2045 3642 quaecumque
2070 3592 2176 3628 sunt

207 3651 252 3695 in
279 3653 496 3710 potentia,
522 3666 775 3711 numquam
802 3649 1074 3704 reducenda,
1092 3649 1165 3694 vel
1193 3648 1378 3694 reducta
1405 3648 1461 3692 ad
1480 3657 1658 3694 actum:
1677 3649 1845 3694 horum
1863 3658 2016 3695 autem
2042 3662 2175 3711 quae·
