2352 3926
274 230 384 302 784
760 242 1036 289 QUAESTIO
1078 241 1299 282 Lxxxw.
1338 220 1648 306 ARTICULUS
1686 242 1740 282 v.

270 349 421 403 tentis,
449 348 526 407 qui
558 354 831 405 cooperatur
856 343 1030 403 gratiae
1071 344 1127 388 ad
1170 343 1529 388 destructionem
1570 343 1761 404 peccati.
1805 343 1936 390 Sicut
1972 343 2097 391 enim
2128 344 2238 391 dicit

270 417 463 476 August.
490 429 623 473 super
642 414 773 471 Joan.
802 412 982 471 (implic.
1009 417 1130 457 tract.
1159 424 1225 470 72.
1252 417 1349 456 ante
1387 410 1491 455 med.
1529 417 1566 456 et
1604 418 1760 470 expres.
1795 425 1918 456 serm.
1944 426 2000 471 15.
2026 411 2074 457 de
2115 412 2236 474 Vgrb.

270 485 418 543 Apost.
445 491 535 542 cap.
562 497 620 526 11.
648 482 749 525 circ.
775 479 916 535 med),
959 494 981 519 (c
1008 478 1086 537 qui
1127 478 1299 522 creavit
1339 488 1384 522 te
1411 478 1508 522 sine
1541 488 1601 532 te,
1625 491 1722 523 non
1762 478 2025 537 justificabit
2054 487 2102 525 te
2126 479 2258 537 'sine

269 560 313 595 te
339 564 386 594 »ε
413 549 534 593 unde
559 557 695 606 patet,
721 546 844 606 quod
870 555 1209 590 sacramentum
1233 545 1541 605 poenitentiae
1558 555 1626 590 est
1641 546 1954 591 necessarium
1970 545 2027 591 ad
2043 545 2240 594 salutem

269 626 373 676 post
396 625 650 674 peccatum,
677 616 794 658 sicut
818 613 1064 658 medicatio
1091 612 1358 672 corporalis,
1382 621 1628 672 postquam
1651 612 1798 658 homo
1819 612 1868 657 in
1890 613 2105 659 morbum
2128 613 2241 674 peri-

270 683 479 728 culosum
504 682 727 726 inciderit.

358 750 434 794 AD
460 762 648 794 PRIMUM
675 762 785 807 ergo
813 747 1073 824 dicendum,
1101 727 1223 807 quod
1251 746 1420 794 Glossa
1444 746 1524 792 illa
1543 747 1723 792 videtur
1745 762 1844 793 esse
1865 746 2163 809 intelligenda
2185 747 2241 793 de

270 832 341 871 eo,
368 817 441 861 cui
467 816 593 860 adest
618 816 739 859 bona
765 814 975 859 voluntas
1001 814 1098 859 sine
1123 815 1492 874 interpolatione,
1520 829 1636 874 quae
1671 814 1722 860 fit
1745 829 1827 875 per
1851 825 2115 876 peccatum·
2137 814 2241 861 talis

270 885 394 929 enim
418 898 513 928 non
539 883 676 927 habet
700 882 906 927 tristitiae
934 896 1145 927 causam:
1173 883 1253 927 sed
1279 897 1332 927 ex
1354 897 1445 942 quo
1467 883 1589 926 bona
1611 881 1825 927 voluntas
1845 881 2020 928 tollitur
2040 897 2121 943 per
2140 896 2243 942 pec-

271 962 439 1005 catum,
464 965 558 995 non
584 959 732 1009 potest
759 949 934 994 restitui
959 950 1057 994 sine
1083 950 1275 1004 tristitia,
1299 964 1388 1010 qua
1408 949 1509 1009 quis
1531 948 1656 994 dolet
1678 949 1733 994 de
1756 959 1947 1010 peccato
1969 950 2242 1010 praeterit03

270 1018 392 1078 quod
418 1018 612 1078 pertinet
638 1017 694 1061 ad
720 1016 1065 1076 poenitentiam.

360 1086 436 1130 AD
463 1098 725 1130 SECUNDUM
751 1083 1011 1138 dicendum,
1038 1084 1161 1144 quod
1188 1099 1242 1128 ex
1259 1099 1350 1144 quo
1370 1084 1531 1143 aliquis
1549 1094 1792 1143 peccatum
1808 1084 2011 1140 incurrit,
2027 1084 2241 1140 ebaritas,

270 1154 395 1207 fides,
423 1163 468 1197 et
493 1152 807 1197 misericordia
832 1166 927 1196 non
953 1151 1147 1196 liberant
1170 1152 1412 1196 hominem
1440 1166 1465 1195 a
1490 1162 1681 1212 peccato
1716 1152 1813 1196 sine
1848 1152 2153 1212 poenitentia3
2176 1165 2243 1196 re-

271 1221 406 1280 quirit
432 1220 553 1264 enim
584 1220 796 1274 charitas,
823 1219 946 1278 quod
973 1220 1118 1263 homo
1152 1218 1306 1263 doleat
1332 1219 1387 1263 de
1414 1218 1590 1264 offensa
1615 1220 1663 1262 in
1686 1221 1887 1264 amicum
1912 1219 2176 1274 commissa,
2197 1229 2244 1264 et

272 1288 394 1348 quod
423 1287 574 1331 amico
601 1288 746 1331 homo
775 1286 952 1330 studeat
978 1286 1261 1341 satisfacere3
1289 1286 1477 1345 requirit
1503 1288 1642 1330 etiam
1667 1286 1765 1345 ipsa
1797 1285 1924 1340 fides,
1960 1296 2010 1331 ut
2043 1300 2124 1346 per
2158 1285 2243 1329 vir-

271 1366 414 1400 tutem
440 1355 662 1415 passionis
692 1354 880 1409 Christi,
907 1368 1023 1412 quae
1049 1354 1096 1397 in
1123 1354 1421 1398 sacramentis
1448 1352 1682 1397 Ecclesiae
1710 1363 1936 1412 operatur,
1968 1363 2155 1413 quaerat
2178 1354 2243 1413 ju-

270 1422 457 1468 stificari
484 1436 508 1465 a
535 1422 731 1481 peccatis
756 1437 767 1475 ;
793 1423 979 1480 requirit
1005 1421 1145 1464 etiarn
1171 1421 1328 1480 etipsa
1345 1420 1660 1465 misericordia
1678 1421 1900 1475 ordinata,
1918 1430 1967 1465 ut
1981 1421 2127 1466 homo
2144 1419 2245 1466 sub-

271 1491 425 1535 veniat
449 1489 726 1548 poenitendo
753 1502 862 1532 suae
880 1488 1106 1542 miseriae,
1125 1502 1263 1547 quam
1281 1502 1361 1547 per
1378 1497 1620 1547 peccatum
1637 1488 1840 1543 incurrit,
1858 1489 2112 1534 secundum
2128 1485 2242 1534 illud

271 1557 487 1602 Proverb.
520 1568 610 1611 14:
640 1557 813 1601 Miseros
829 1556 940 1614 facit
957 1555 1136 1616 populos
1156 1562 1393 1615 peccatum
1421 1555 1542 1599 unde
1568 1554 1709 1600 Eccli.
1732 1569 1798 1615 30.
1817 1555 2005 1602 dicitur.
2044 1556 2242 1603 Miserere

273 1626 439 1669 animae
466 1630 572 1677 tuae,
594 1624 764 1684 placens
789 1624 897 1669 Deo.

362 1692 438 1735 AD
465 1704 683 1736 TERTmM
710 1690 969 1744 dicendum,
1005 1654 1128 1750 quod
1173 1690 1228 1734 ad
1268 1700 1545 1750 potestatem
1587 1689 1898 1747 excellentiae,
1937 1705 2078 1751 quam
2117 1689 2242 1737 solus

275 1759 484 1805 Christus
510 1758 682 1812 habuit,
709 1767 758 1802 ut
783 1772 918 1817 supra
945 1758 1117 1801 dictum
1159 1767 1227 1802 est
1266 1759 1326 1817 (q.
1356 1758 1427 1815 64.
1455 1764 1535 1802 art.
1558 1773 1579 1817 3
1584 1757 1632 1815 .)‚
1675 1758 1905 1818 pertinuit,
1946 1757 2071 1819 quod
2112 1757 2244 1803 Chri-

273 1837 367 1871 stus
395 1825 607 1870 effectum
634 1825 908 1869 sacramenti
933 1825 1255 1883 poenitentiae,
1283 1825 1360 1884 qui
1387 1835 1454 1870 est
1478 1825 1688 1870 remissio
1714 1835 2025 1885 peccatorum,
2050 1825 2245 1871 contulit

275 1893 456 1938 mulieri
482 1893 711 1937 adulterae
736 1892 833 1937 sine
863 1892 1098 1936 exterioris
1124 1892 1434 1952 poenitentiae
1460 1903 1764 1948 sacramentO,
1803 1893 1913 1939 licet
1933 1907 2030 1939 non
2060 1894 2160 1940 sine
2180 1893 2244 1938 in-

274 1962 430 2007 teriori
455 1961 752 2021 poenitentia,
778 1974 917 2020 quam
943 1960 1040 2020 ipse
1065 1960 1113 2004 in
1141 1975 1195 2005 ea
1220 1974 1302 2019 per
1327 1960 1523 2020 gratiam
1548 1970 1618 2006 est
1644 1970 1872 2021 operatus.

961 2138 1396 2196 ARTICULUS
1431 2139 1530 2196 vl.
2161 2165 2238 2214 515

311 2275 504 2314 UTRUM
543 2274 920 2314 POENITENTIA
960 2275 1045 2313 SIT
1087 2275 1344 2315 SECUNDA
1384 2275 1603 2315 TABULA
1642 2275 1783 2314 POST
1822 2274 2201 2315 NAUFRAGIUM.

546 2384 610 2443 (4.
638 2385 819 2430 Dist2.
848 2399 943 2443 q..1
972 2391 1110 2444 art..3
1138 2385 1248 2444 ad5
1272 2386 1441 2430 etDzst
1465 2398 1529 2442 14
1559 2400 1597 2443 q.
1628 2391 1966 2444 1.....art2q4

818 2453 995 2497 etDist.
1023 2453 1156 2512 16.q.
1183 2467 1225 2510 4.
1253 2459 1392 2498 art-L
1421 2467 1518 2512 q..1
1546 2452 1698 2511 adr).

364 2564 440 2608 AD
468 2575 660 2608 SEXTUM
687 2563 751 2608 sic
778 2564 1051 2622 proceditur.
1079 2564 1285 2618 Videtur,
1311 2564 1434 2624 quod
1461 2564 1741 2623 poenitentia
1766 2579 1861 2609 non
1878 2564 1935 2609 sit
1953 2564 2154 2613 secunda
2177 2574 2244 2610 ta-

275 2631 382 2676 bula
398 2641 502 2691 post
518 2629 824 2690 naufragium,
839 2631 944 2690 quia
961 2646 1097 2691 super
1111 2631 1223 2676 illud
1240 2632 1326 2675 Isa.
1349 2647 1385 2690 3.
1401 2648 1410 2677 t
1430 2633 1650 2677 Peccatum
1665 2647 1786 2676 suum
1802 2634 1922 2692 quasi
1930 2631 2112 2678 Sodoma
2120 2640 2245 2694 prae-

276 2700 535 2753 dicaverunt,
563 2699 671 2743 dicit
697 2698 851 2743 Gloss.
879 2699 1037 2757 (interl.
1060 2700 1276 2755 Hieron.):
1302 2715 1324 2740 «
1344 2700 1555 2744 Secunda
1579 2699 1734 2744 tabula
1750 2709 1854 2759 post
1869 2696 2159 2760 naufragium
2174 2711 2245 2747 est

277 2778 467 2827 peccata
494 2766 773 2811 abscondere
799 2781 851 2811 »t
877 2767 1157 2825 poenitentia
1184 2777 1336 2810 autem
1363 2781 1457 2811 non
1486 2767 1725 2812 abscondit
1749 2778 1954 2827 peccata,
1979 2768 2061 2813 sed
2093 2768 2242 2829 magis

278 2850 333 2880 ea
349 2834 553 2888 .revelat;
581 2848 691 2893 ergo
718 2834 998 2893 poenitentia
1023 2847 1118 2877 non
1145 2844 1212 2877 est
1237 2835 1435 2878 secunda
1460 2834 1627 2879 tabula.

367 2915 407 2948 2.
435 2902 734 2946 PRAETEREA.
760 2900 1128 2945 Fundamentum
1160 2901 1206 2944 in
1241 2902 1448 2946 aedificio
1481 2917 1575 2947 non
1607 2912 1732 2948 tenet
1763 2903 2031 2960 secundum,
2055 2903 2132 2966 sed
2159 2903 2245 2964 pri-

280 2984 409 3014 mum
435 2969 614 3013 locum:
638 2968 917 3028 poenitentia
945 2978 1099 3013 autem
1125 2969 1171 3012 in
1198 2969 1419 3027 spirituali
1452 2969 1660 3014 aedificio
1694 2980 1762 3015 est
1791 2969 2154 3027 fundamentum,
2179 2985 2245 3018 se·

279 3037 480 3081 cundum
506 3036 619 3080 illud
647 3036 783 3080 Hebr.
813 3034 879 3079 6.:
911 3036 1012 3081 Non
1044 3050 1188 3080 rursus
1210 3037 1411 3094 facientes
1433 3037 1758 3096 fundamentum
1771 3039 2051 3097 poenitentiae
2074 3040 2127 3085 ab
2148 3046 2245 3100 ope·

276 3106 393 3149 ribus
418 3106 620 3149 mortuis:
648 3103 767 3147 unde
795 3112 840 3147 et
864 3102 1094 3162 praecedit
1122 3104 1271 3161 ipsum
1298 3104 1592 3162 baptismum,
1627 3105 1883 3150 secundum
1906 3104 2019 3151 illud
2044 3105 2148 3151 Act.
2175 3118 2242 3152 2.:

278 3172 576 3216 Poenitentiam
595 3172 716 3230 agite,
728 3177 773 3282 let
795 3171 1025 3231 baptizetur
1045 3171 1320 3230 unusquisque
1336 3178 1518 3216 vestrum
1528 3187 1545 3226 ;
1571 3185 1680 3231 ergo
1702 3171 1983 3231 poenitentia
1998 3166 2094 3230 non
2109 3173 2245 3220 debet

278 3238 367 3282 dici
390 3238 592 3283 secunda
617 3238 725 3283 tabu
747 3252 785 3282 a.

372 3320 408 3365 3.
437 3305 737 3350 PRAETEREA.
768 3305 942 3350 Omnia
968 3314 1254 3350 sacramenta
1281 3315 1385 3350 sunt
1416 3306 1643 3365 quaedam
1675 3305 1870 3364 tabulae,
1900 3306 2017 3354 idest
2041 3307 2246 3356 remedia

279 3383 438 3418 contra
451 3383 713 3432 peccatum:
732 3372 810 3417 sed
828 3372 1107 3432 poenitentia
1124 3387 1217 3417 non
1234 3383 1357 3417 tenet
1375 3374 1625 3418 secundum
1642 3373 1798 3420 locum
1816 3376 2256 3432 intersacramenta,

279 3441 357 3485 sed
380 3442 528 3498 magis
555 3450 782 3499 quartum,
816 3450 865 3484 ut
896 3454 950 3484 ex
983 3439 1249 3499 supradictis
1276 3450 1399 3499 patet
1433 3441 1490 3500 (q.
1519 3443 1580 3501 65.
1608 3448 1690 3487 art.
1717 3457 1754 3487 r.
1779 3448 1819 3488 et
1842 3442 1926 3501 2.),·
1954 3455 2065 3502 ergo
2087 3443 2244 3502 poeni-

279 3508 417 3553 tentia
442 3521 537 3552 non
564 3507 698 3552 debet
722 3507 812 3551 dici
843 3507 1044 3552 secunda
1069 3506 1221 3552 tabula
1247 3517 1350 3566 post
1374 3508 1678 3569 naufragium.

370 3575 464 3620 SED
499 3587 695 3621 CONTRA
722 3585 803 3630 est,
829 3575 952 3635 quod
979 3574 1102 3620 Hier.
1130 3574 1239 3620 dicit
1263 3575 1362 3634 (loc.
1390 3576 1495 3635 cit),
1525 3577 1647 3637 quod
1677 3592 1701 3620 «
1726 3576 1926 3623 secunda
1951 3575 2106 3623 tabula
2136 3586 2245 3639 post
2324 3560 2330 3571 ’

279 3641 569 3701 naufragium
594 3652 662 3688 est
687 3642 968 3702 poenitentia
993 3658 1035 3687 n.
