2352 3926
636 233 918 282 QUAESTIO
958 234 1125 276 van.
1163 232 1471 275 ARTICULUS
1510 233 1567 273 11.
1967 236 2072 293 403

115 350 219 393 nae,
243 346 295 383 ut
316 339 426 384 sicut
447 345 528 398 per
556 338 679 382 unius
704 337 884 383 hominis
907 337 1227 383 inobedientiam
1246 343 1482 398 peccatores
1506 337 1716 382 constituti
1739 343 1836 382 sunt
1855 337 1995 393 multi,
2019 339 2082 383 ita

107 412 191 469 per
213 406 339 450 unius
367 405 546 450 hominis
570 404 854 450 obediendiam
875 407 980 464 justi
1005 407 1310 450 constituantur
1334 404 1470 459 multi,
1494 414 1543 449 ut
1576 404 1738 449 dicitur
1767 404 1905 449 Rom.
1938 417 2000 462 5.;
2029 421 2085 450 se-

116 469 249 520 &mdo
265 472 356 517 hoc
374 472 650 517 conveniens
668 472 752 517 fuit
766 471 1231 517 reconciliationiDei
1249 471 1303 515 ad
1321 472 1533 515 homines
1548 472 1692 518 :unde
1705 471 1869 517 dicitur
1881 471 2080 530 Rom.5‚:

117 540 389 587 Reconciliati
416 554 556 585 sumus
585 540 678 584 Deo
701 547 780 599 per
811 546 988 584 mortem
1018 540 1123 584 Filii
1153 542 1266 598 ejus;
1304 539 1573 598 inquantum
1611 538 1785 585 scilicet
1818 539 1917 600 ipsa
1954 554 2079 585 mors

117 605 287 652 Christi
300 605 383 651 fuit
403 606 634 666 quoddam
652 605 925 651 sacrificium
939 606 1307 665 acceptissimum
1320 607 1438 660 Deo,
1451 606 1827 651 secundumillud
1840 606 2003 666 Ephes.
2027 620 2079 665 §.t

125 673 322 719 Tradidit
349 675 524 733 seipsum
560 681 638 733 pro
677 675 809 728 nobis,
851 673 1116 726 oblationem,
1154 678 1190 717 et
1226 673 1400 716 hostiam
1437 674 1529 717 Deo
1555 675 1600 717 in
1628 673 1794 718 odorem
1833 676 2080 719 suavitatis:

116 740 374 786 obedientia
399 754 509 785 vero
542 740 752 784 omnibus
784 739 1015 784 sacrificiis
1049 737 1309 801 antefertur,
1340 740 1590 783 secundum
1627 739 1737 783 illud
1772 754 1807 784 1.
1840 740 1954 799 Reg.
1989 754 2079 799 15.:

117 807 272 853 Melior
296 813 354 858 est
378 807 619 861 obedientia,
643 821 768 865 quam
784 808 999 859 victimae;
1019 815 1061 850 et
1079 805 1183 849 ideo
1202 806 1479 850 conveniens
1501 805 1597 859 fuit,
1616 816 1665 850 ut
1686 807 1959 851 sacrificium
1983 823 2081 868 pas·

116 874 273 930 sionis,
301 884 345 919 et
368 874 529 918 mortis
545 873 718 919 Christi
744 888 800 918 ex
826 873 1080 917 obedientia
1108 873 1399 932 procederet:
1429 875 1546 917 tertio
1573 873 1663 916 hoc
1693 875 1971 919 conveniens
1996 874 2081 920 fuit

116 939 214 1000 ejus
237 940 470 995 victoriae,
489 955 577 1000 qua
604 941 658 984 de
685 950 847 994 morte,
866 950 910 984 et
936 950 1122 984 auctore
1149 940 1309 984 mortis
1335 940 1652 999 triumphavit:
1675 955 1768 984 non
1797 942 1918 985 enim
1946 941 2080 987 miles

114 1007 298 1052 vincere
323 1018 485 1068 potest,
502 1007 590 1051 nisi
610 1007 713 1051 duci
736 1007 939 1052 obediat:
967 1017 1011 1052 et
1035 1008 1097 1051 ita
1113 1007 1259 1051 homo
1278 1006 1487 1051 Christus
1509 1007 1749 1052 victoriam
1772 1009 1978 1063 obtinuit,
1999 1023 2080 1069 per

114 1075 208 1121 hoc'
240 1075 364 1136 quod
389 1076 493 1120 Deo
526 1075 742 1120 obediens
774 1074 871 1130 fuit,
905 1077 1157 1120 secundum
1188 1075 1299 1124 illud
1332 1074 1545 1120 Proverb.
1576 1088 1669 1120 21.:
1706 1077 1780 1120 Vir
1813 1077 1998 1122 obediens
2023 1078 2080 1122 lo-

115 1144 262 1203 quitur
282 1145 499 1188 victorias.

131 1206 133 1211 ’
205 1210 282 1255 An
306 1222 496 1255 PRIMUM
522 1223 632 1269 ergo
659 1209 916 1264 dicendum,
934 1211 1054 1269 quod
1084 1209 1294 1255 Christus
1321 1209 1589 1254 mandatum
1618 1211 1794 1270 accepit
1816 1226 1839 1255 a
1857 1212 2007 1268 Patre,
2029 1222 2078 1263 ut

114 1285 367 1336 pateretur3
394 1277 556 1322 dicitur
587 1277 709 1321 enim
730 1277 860 1336 Joan.
894 1291 980 1322 1o.:
1008 1278 1251 1322 Potestatem
1284 1278 1409 1322 habeo
1430 1278 1617 1337 ponendi
1649 1280 1838 1322 animam
1864 1293 2016 1334 meam,
2044 1286 2082 1325 et

107 1349 349 1404 potestatem
375 1344 502 1389 habeo
528 1346 678 1390 iterum
703 1344 888 1389 sumendi
912 1359 1003 1389 eam
1010 1360 1027 1397 ,·
1056 1351 1094 1390 et
1115 1345 1188 1390 hoc
1210 1345 1455 1389 mandatum
1487 1347 1629 1405 accepi
1661 1360 1687 1389 a
1712 1346 1838 1390 Patre
1862 1361 1966 1400 meo,
1996 1347 2078 1391 sci-

114 1410 221 1456 licet
245 1411 447 1471 ponendi
461 1411 677 1465 animam,
697 1422 741 1456 et
766 1411 974 1456 sumendi
992 1426 1111 1467 eam,
1133 1428 1156 1453 «
1174 1427 1228 1456 ex
1247 1426 1337 1472 quo
1355 1430 1396 1466 »,
1415 1422 1464 1456 ut
1478 1413 1716 1472 Chrysost.
1731 1413 1839 1457 dicit
1861 1414 1886 1471 (
1886 1414 1993 1458 hom.
2007 1429 2075 1474 59.

114 1480 159 1523 in
176 1478 302 1536 Joan.
325 1480 436 1524 inter
453 1481 595 1539 princ.
614 1485 653 1524 et
667 1479 807 1537 med),
833 1496 856 1520 «
874 1493 969 1523 non
995 1489 1063 1524 est
1087 1478 1449 1538 intelligendum,
1476 1480 1599 1539 quod
1625 1480 1747 1539 prius
1774 1481 2080 1539 expectaverit

115 1545 284 1600 audire,
311 1555 356 1591 et
381 1559 496 1605 opus
522 1546 564 1591 ei
593 1545 728 1590 fuerit
752 1546 947 1591 discere:
975 1547 1053 1590 sed
1079 1546 1389 1590 voluntarium
1422 1547 1694 1592 monstravit
1720 1561 2000 1607 processum,
2035 1557 2081 1592 et

115 1612 444 1658 contrarietatis
463 1612 518 1656 ad
540 1613 723 1657 Patrem
745 1613 1053 1672 suspicionem
1078 1613 1294 1658 destruxit
1312 1630 1361 1668 »3
1380 1614 1485 1673 quia
1502 1624 1657 1658 tamen
1674 1614 1721 1658 in
1741 1625 1889 1659 morte
1904 1615 2079 1660 Christi

114 1679 189 1726 lex
213 1686 344 1724 vetus
370 1690 691 1724 consummata
717 1690 797 1734 est,
825 1681 1075 1724 secundum
1093 1680 1203 1724 illud
1221 1681 1343 1740 quod
1370 1682 1465 1740 ipse
1493 1681 1695 1725 moriens
1722 1681 1832 1725 dixit
1842 1682 1973 1740 Joan.
1999 1696 2081 1742 19.:

118 1748 463 1793 Consummatum
480 1753 551 1802 est,
569 1757 718 1807 potest
734 1747 938 1807 intelligi,
959 1749 1079 1807 quod
1098 1748 1312 1807 patiendo
1340 1749 1495 1791 omnia
1513 1749 1677 1792 veteris
1700 1747 1814 1808 legis
1837 1759 2080 1808 praecepta

113 1813 342 1874 implevit:
369 1813 562 1859 moralia
589 1814 788 1873 quidem,
815 1829 930 1873 quae
957 1816 1003 1858 in
1029 1817 1280 1874 praeceptis
1310 1816 1540 1860 charitatis
1566 1815 1825 1870 fundantur,
1859 1815 2082 1874 implevit,

19 1923 26 1942 3
114 1881 383 1943 inquantum
409 1896 568 1941 passus
601 1891 679 1936 est,
708 1892 753 1925 et
778 1896 830 1925 ex
857 1881 1102 1926 dilectione
1136 1882 1295 1936 Patris,
1322 1882 1574 1926 secundum
1600 1882 1711 1926 illud
1732 1883 1862 1940 Joan.
1897 1897 1987 1938 14:
2024 1884 2083 1929 Ut

40 1987 42 1991 ,
115 1955 331 2008 cognoscat
343 1948 532 2002 mundus,
551 1950 650 2007 quia
666 1948 790 2006 diligo
803 1949 988 2003 Patrem,
1008 1955 1044 1992 et
1060 1951 1163 1993 sicut
1187 1948 1435 1993 mandatum
1458 1949 1565 1993 dedit
1584 1951 1687 1993 mihi
1706 1951 1843 2003 Pater,
1866 1952 1925 1994 sic
1937 1951 2076 2010 facio,

113 2017 283 2076 surgite,
302 2029 440 2060 eamus
465 2016 575 2070 hinc,
596 2015 770 2060 scilicet
789 2016 842 2059 ad
860 2015 1016 2060 locum
1043 2016 1292 2074 passionis;
1321 2026 1364 2060 et
1381 2017 1518 2060 etiam
1537 2031 1590 2060 ex
1608 2016 1851 2061 dilectione
1869 2017 2080 2075 proximi,

33 2081 52 2146 's
115 2082 366 2146 secundum
405 2081 517 2127 illud
554 2081 656 2127 Gal.
700 2096 765 2127 2.:
806 2083 973 2127 Dilexit
1012 2098 1089 2136 me,
1130 2089 1166 2127 et
1208 2083 1381 2128 tradidit
1421 2086 1676 2142 semetispum
1711 2092 1794 2144 pro
1837 2099 1924 2136 me‚·
1961 2098 2081 2128 cere-

22 2155 30 2166 ·
114 2148 335 2194 monialia
359 2163 469 2194 vero
496 2159 736 2208 praecepta
762 2148 890 2208 legis,
918 2164 1033 2208 quae
1062 2150 1117 2193 ad
1144 2150 1378 2204 sacrificia,
1402 2161 1444 2194 et
1468 2150 1722 2195 oblationes
1749 2151 1989 2210 praecipue
2013 2166 2082 2195 or-

43 2234 57 2251 2*
115 2214 339 2271 dinantur,
366 2216 573 2276 implevit
585 2216 794 2261 Christus
821 2231 902 2261 sua
927 2217 1156 2276 passione,
1180 2218 1449 2276 inquantum
1473 2218 1629 2261 omnia
1653 2218 1836 2277 antiqua
1859 2218 2082 2263 sacrificia

23 2284 39 2304 ‘⁵
114 2283 287 2344 figurae
311 2283 493 2330 fuerunt
517 2283 637 2328 illius
662 2284 759 2328 veri
784 2284 1008 2338 sacrificii,
1042 2285 1164 2344 quod
1193 2284 1403 2330 Christus
1431 2285 1595 2329 obtulit
1620 2286 1860 2330 moriendo
1893 2301 1976 2344 pro
2003 2300 2084 2330 no-

22 2358 46 2416 -'⁴
114 2350 207 2406 bis;
232 2351 352 2396 unde
379 2351 542 2396 dicitur
568 2351 750 2397 Coloss.
779 2364 841 2395 2.:
869 2353 1001 2397 Nemo
1027 2367 1101 2396 vos
1126 2353 1284 2410 judicet
1309 2355 1353 2396 in
1376 2355 1481 2403 cibo,
1507 2360 1579 2397 aut
1603 2355 1648 2396 in
1664 2360 1784 2413 potu,
1807 2360 1879 2398 aut
1900 2356 1944 2398 in
1959 2360 2083 2413 parte

35 2419 50 2442 ³
115 2417 199 2464 diei
210 2419 324 2478 sesti,
348 2425 421 2463 aut
439 2420 687 2472 neomeniae,
711 2433 814 2478 quae
839 2425 932 2463 sunt
952 2420 1105 2464 umbra
1112 2420 1376 2478 futurorum,
1402 2428 1549 2480 corpus
1571 2427 1707 2464 autem
1723 2420 1898 2474 Christi;
1925 2435 1980 2465 eo
1999 2421 2083 2465 sci-

44 2503 47 2507 ’
116 2484 224 2532 licet
249 2486 371 2547 quod
399 2485 609 2531 Christus
637 2495 928 2544 comparatur
956 2486 1010 2530 ad
1036 2485 1272 2540 illa‚‘sicut
1299 2501 1463 2546 corpus
1492 2488 1546 2531 ad
1580 2487 1815 2542 umbram;
1842 2497 2085 2547 praecepta

34 2546 50 2559 ²
115 2564 227 2597 vero
253 2551 482 2611 judicialia
508 2553 635 2609 legis,
664 2567 779 2613 quae
813 2553 1054 2613 praecipue
1081 2553 1346 2598 ordinantur
1379 2555 1434 2598 ad
1467 2554 1836 2599 satisfaciendum
1870 2556 2083 2614 injuriam

0 2606 2 2609 ,
117 2619 276 2679 passis,
301 2619 506 2679 implevit
532 2619 741 2665 Christus
768 2634 849 2664 sua
874 2620 1100 2679 passione,
1118 2621 1353 2680 quoniam,
1381 2631 1429 2665 ut
1453 2621 1499 2665 in
1526 2620 1644 2665 Psal.
1674 2620 1743 2666 68.
1773 2622 1949 2676 dicitur,
1977 2635 2084 2681 quae

0 2726 1 2729 ,
25 2723 31 2747 3
118 2700 204 2730 non
228 2688 383 2746 rapuit,
402 2687 570 2741 exolvit,
596 2687 859 2745 permittens
887 2701 934 2731 se
960 2686 1086 2747 ligno
1115 2686 1235 2746 affigi
1262 2702 1344 2748 pro
1372 2703 1528 2748 pomo,
1552 2688 1674 2748 quod
1702 2688 1757 2732 de
1780 2688 1907 2748 ligno
1934 2689 2080 2733 homo

119 2761 328 2812 rapuerat
354 2763 511 2798 contra
536 2754 626 2798 Dei
651 2754 932 2798 mandatum.

210 2819 286 2864 AD
312 2831 571 2866 SECUNDUM
597 2821 854 2876 dicendum,
888 2821 1009 2880 quod
1037 2821 1294 2866 obedientia
1318 2823 1401 2867 etsi
1428 2823 1644 2881 importat
1669 2823 1988 2867 necessitatem
2016 2837 2084 2867 re-

0 2873 5 2926 z‘
35 2878 45 2932 ³.
120 2894 278 2946 spectu
300 2886 396 2944 ejus
414 2887 534 2947 quod
551 2888 837 2947 praecipitur,
859 2898 1015 2932 tamen
1034 2890 1250 2946 importat
1265 2888 1549 2935 voluntatem
1572 2899 1781 2949 respectu
1804 2890 2083 2949 impletionis

0 2952 3 2957 ’
119 2952 371 3018 praecepti:
399 2962 444 2997 et
465 2952 569 2997 talis
584 2953 666 2998 fuit
692 2954 950 2999 obedientia
964 2954 1158 3010 Christi;
1176 2970 1282 3000 nam
1309 2956 1405 3015 ipsa
1429 2957 1595 3015 passio,
1614 2967 1658 3000 et
1674 2971 1812 3010 rrors,
1832 2957 2084 3000 secundum

0 3015 5 3072 Ξ
120 3033 169 3065 se
201 3013 500 3074 considerata,
531 3015 726 3064 naturali
756 3021 980 3067 voluntati
1012 3023 1316 3081 repugnabat·
1349 3022 1533 3067 volebat
1564 3033 1717 3067 tamen
1753 3023 1962 3067 Christus
1994 3023 2083 3067 Dei

0 3080 1 3085 ¹
57 3087 78 3119 f
119 3086 403 3133 voluntatem
431 3087 551 3132 circa
576 3087 667 3133 hoc
694 3088 898 3148 implere,
926 3092 1178 3135 secundum
1204 3091 1314 3135 illud
1339 3090 1457 3135 Psal.
1485 3106 1574 3152 39.·
1612 3093 1664 3135 Ut
1680 3092 1868 3150 facerem
1894 3091 2082 3134 volunta-

121 3161 201 3201 tem
218 3161 347 3208 tuam,
368 3156 480 3199 Deus
497 3156 779 3208 meua-volum
798 3158 915 3201 unde
942 3158 1120 3202 dicebat
1138 3159 1299 3202 Matth.
1329 3158 1397 3203 26.
1413 3174 1422 3202 ε
1439 3159 1486 3204 52·
1512 3173 1593 3203 non
1612 3164 1741 3218 potest
1768 3160 1944 3202 transire
1967 3172 1993 3201 a
2019 3173 2082 3202 me

48 3229 68 3272 '1
121 3222 232 3267 calix
257 3223 343 3275 iste,
370 3223 450 3265 nisi
476 3222 616 3265 bibam
643 3222 776 3276 illum,
795 3224 874 3280 fiat
897 3225 1088 3269 voluntas
1115 3232 1202 3271 tua

137 3341 149 3349 .
208 3289 284 3333 AD
308 3301 523 3333 'reanum
549 3287 806 3343 dicendum,
834 3290 955 3349 quod
983 3291 1142 3335 eadem
1170 3292 1344 3336 ratione
1373 3292 1582 3336 Christus
1606 3306 1762 3350 passus
1792 3299 1857 3334 est
1885 3305 1937 3334 ex
1971 3291 2079 3334 cha·

57 3350 81 3398 J
120 3344 266 3409 ritate,
292 3364 335 3399 et
362 3354 643 3398 obedientia:
672 3355 777 3413 quia
804 3364 847 3399 et
872 3367 1112 3416 praecepta
1145 3359 1375 3402 charitatis
1409 3373 1461 3402 ex
1495 3358 1751 3402 obedientia
1783 3356 2003 3416 implevit,
2036 3367 2081 3401 et

62 3418 63 3421 ’
123 3420 338 3466 obediens
363 3420 446 3466 fuit
469 3436 521 3465 ex
554 3420 796 3465 dilectione
831 3420 887 3465 ad
918 3422 1102 3467 Patrem
1129 3425 1496 3484 praecipientem.
