2352 3926
612 218 892 266 ασᾼιιετιο
932 218 1145 257 txxvn:
1158 217 1489 258 :annuemus
1527 218 1642 258 VIII.
2009 207 2110 276 693

141 339 171 365 τι
227 324 313 369 An
341 334 557 368 Tan-mm
574 321 836 376 dicendum,
848 321 996 381 quod,
1022 321 1138 365 sicut
1160 320 1859 366 Innoc.111.d1c1tmDecx-etali
1869 321 2115 380 praedicta,

137 404 177 433 I«
192 390 240 435 si
264 400 368 449 poa
393 389 795 436 consecra-tionem
821 387 978 433 cahcis
1002 386 1126 432 aliud
1153 388 1312 431 vinum
1339 388 1543 432 mittatur
1567 388 1613 431 in
1640 387 1850 442 caiicem,
1879 387 1993 432 'iliud
2025 389 2119 448 qui·

131 456 258 501 aiem
280 470 375 500 non
399 456 930 515 transitinsanguinem‘,
946 468 1094 514 neque
1111 454 1324 514 sanguini
1348 455 1688 508 commiscetur,
1706 454 1784 499 sed
1808 448 2115 500 accidentibus

146 523 309 581 prioris
330 523 423 566 vini
450 522 778 576 commixtum,
806 522 987 589 corpori
1012 521 1136 580 quod
1161 521 1243 565 sub
1270 521 1335 565 eis
1360 519 1471 565 latet
1495 521 1694 580 undique
1727 520 2116 576 circumfunditur,

146 595 241 633 non
270 589 515 634 madidans
541 588 874 633 circumfusum
898 603 947 630 ιο·
937 587 1097 647 ‚quod
1124 587 1309 647 quidem
1333 583 1681 646 Intelligendum
1708 597 1789 642 est,
1810 588 1997 647 quando
2020 602 2117 633 non

135 654 196 700 fit
222 666 350 700 tanta
375 655 618 715 permixtio
653 654 847 714 liquoris
870 654 1088 708 extranei,
1124 654 1247 714 quod
1279 654 1465 711 sanguis
1490 652 1665 698 Christi
1697 655 1872 699 desinat
1897 659 2003 700 e'sse
2033 655 2114 700 sub

135 732 271 776 ἰοιος
294 732 405 766 ¹tum:
438 722 562 766 enim
604 721 768 765 dicitur
798 721 998 780 undique
1025 719 1342 774 circumfundi,
1373 731 1467 764 non
1509 721 1614 779 quia
1654 730 1811 780 tangat
1846 722 2116 781 sanguinem

135 787 329 833 Christi
346 788 604 832 secundum
630 789 727 845 ejus
752 788 957 847 proprias
980 787 1309 841 dimensiones,
1334 786 1414 831 sed
1441 787 1693 831 secundum
1715 788 2027 833 dimensiones
2051 794 2118 833 sa-

148 854 468 906 cramentales,
495 854 579 899 sub
606 854 768 914 quibus
795 856 1073 899 continetur·
1098 868 1184 898 nec
1211 863 1280 898 est
1303 853 1453 897 simile
1485 852 1540 897 de
1574 867 1689 913 aqua
1721 854 1974 910 benedicta,
2002 855 2116 915 quia

134 920 226 966 ffla
236 921 505 966 benedictio
523 920 732 965 nullam
720 921 1092 965 immutationem
1112 919 1221 965 facit
1236 921 1358 964 circa
1380 920 1677 964 substantiam
1696 934 1855 980 aquae,
1877 921 1994 966 sicut
2009 921 2119 1004 facit

144 988 434 1032 consecratio
459 988 569 1031 vini.

157 1069 162 1087 τ
238 1054 316 1098 :An
338 1059 577 1105 QUARTIJM
603 1053 863 1109 dicendum,
889 1055 1012 1113 quod
1038 1054 1223 1113 quidam
1247 1062 1510 1112 posuerunt,
1539 1051 1669 1112 quod
1695 1058 2117 1115 quantumcumque

147 1134 289 1181 parva
306 1120 384 1165 fiat
401 1122 601 1165 extranei
626 1121 815 1180 liquoris
833 1122 1090 1180 permixtio,
1116 1121 1365 1166 substantia
1390 1121 1624 1179 sanguinis
1643 1121 1814 1165 Christi
1832 1122 1995 1166 desinit:
2016 1128 2116 1167 esse

143 1188 230 1233 sub
244 1197 370 1232 toto:
398 1189 559 1233 ethoc
587 1188 766 1233 ratione
791 1185 996 1232 inducta:
1017 1201 1134 1247 quae
1149 1198 1305 1232 tamen
1322 1201 1416 1231 non
1435 1188 1574 1246 cogit,
1601 1188 1707 1246 quia
1723 1192 1935 1246 magnum,
1961 1198 2005 1233 et
2023 1196 2119 1248 par·

146 1256 252 1299 vum
276 1254 586 1299 diversificant
607 1254 907 1314 quantitatem
933 1254 1252 1308 dimensivam,
1275 1267 1371 1298 non
1398 1263 1619 1313 quantum
1647 1255 1701 1298 ad
1729 1256 1824 1313 ejus
1858 1255 2116 1308 essentia-m,

147 1322 232 1368 sed
254 1331 478 1382 quantum
504 1322 561 1367 ad
586 1322 1015 1367 determinationem
1033 1332 1296 1366 mensurae:
1324 1321 1532 1366 similiter
1557 1322 1695 1366 etiam
1713 1321 1863 1380 liquor
1885 1323 2117 1381 appositus

150 1388 269 1434 'adeo
294 1397 446 1448 potest
475 1402 575 1433 esse
608 1402 790 1448 parvus,
824 1389 948 1448 quod
979 1398 1063 1433 sua
1094 1389 1314 1446 parvitate
1345 1387 1603 1446 impeditur,
1643 1400 1702 1433 ne
1734 1387 2008 1432 diffundatur
2039 1396 2119 1448 per

135 1466 315 1511 tutum,
357 1467 402 1501 et
431 1468 541 1501 ιιοιι
562 1455 715 1501 solum
747 1456 1132 1511 dimensionibus}
1165 1469 1282 1515 quae
1313 1455 1422 1500 licet
1454 1455 1545 1500 sint
1581 1455 1678 1500 sine
1710 1455 1931 1514 subjecto,
1962 1465 2117 1500 tamen

131 1523 333 1569 ‘obstant
357 1522 486 1568 alteri
511 1519 691 1583 liquori,
714 1523 840 1568 sicut
868 1533 916 1568 et
938 1523 1211 1577 substantia,
1244 1523 1282 1567 si
1311 1522 1374 1566 ibi
1406 1522 1598 1577 adesset,
1630 1522 1883 1567 secundnm
1916 1530 1970 1567 ea
2001 1537 2118 1582 quae

136 1591 401 1651 praemissa
425 1601 544 1636 sunt.

713 1867 1170 1986 QUAESTIO
1214 1908 1562 1968 LXXVIII.

493 2063 576 2104 DE
622 2062 830 2103 FORMA
875 2062 1259 2104 SAGRAMENTI
1305 2062 1765 2112 EUCHARISTIAE,

719 2152 786 2192 IN
817 2151 926 2192 SEX
960 2133 1290 2214 ARTICULOS
1322 2143 1542 2191 DIVISA.

169 2353 172 2358 »
219 2319 421 2364 ἵΒιιιίιιιιιι
446 2319 831 2364 considerandum
858 2327 926 2363 est
950 2317 1006 2362 de
1030 2317 1181 2363 forma
1204 2318 1340 2376 hujus
1366 2318 1654 2362 sacramenti⁴

780 2446 984 2492 Etcirca
1015 2445 1089 2490 hoc
1120 2450 1378 2503 quaeruntur
1406 2451 1488 2489 sex.

157 2538 163 2542 “
234 2534 417 2579 Primo.
449 2534 583 2587 Quae
608 2534 666 2579 sit
688 2533 838 2579 forma
862 2533 996 2592 hujus
1025 2533 1313 2578 sacramenti.

246 2602 478 2646 Secundo.
501 2602 669 2646 Utrum
694 2603 750 2647 sit
776 2601 1053 2646 conveniens
1078 2600 1238 2645 forma
1255 2599 1615 2645 consecrationis
1641 2599 1787 2659 panis.

248 2668 422 2714 Tertio.
450 2668 617 2713 Utrum
642 2668 701 2713 sit
726 2669 1003 2713 conveniens
1027 2667 1179 2712 forma
1206 2666 1565 2738 consecrationis
1595 2666 1842 2725 sanguinis.

248 2735 444 2788 Quarto.
471 2735 543 2780 De
566 2736 743 2780 virtute
757 2734 988 2795 utriusque
1011 2734 1204 2779 formae.

248 2802 440 2854 Quinto.
463 2800 535 2846 De
557 2802 749 2847 veritate
774 2801 1036 2846 locutionis.

249 2869 403 2914 Sexto.
432 2869 505 2913 De
531 2868 876 2928 comparatione
900 2868 1035 2912 unius
1059 2866 1238 2912 formae
1264 2867 1320 2912 ad
1348 2866 1499 2911 aliam.

865 3031 1299 3090 ARTICULUS
1334 3033 1376 3087 I.
2028 3044 2121 3100 464

158 3160 353 3214 UTRUM
375 3168 523 3208 HAEC
543 3168 629 3207 SIT
651 3136 1017 3226 FORMAIIUJUS
1040 3134 1419 3208 SACRAMENTI:
1446 3166 1564 3206 HOC
1586 3166 1688 3205 EST
1712 3166 1923 3206 CORPUS
1947 3166 2124 3217 MEUM,

635 3250 707 3288 ET
728 3252 741 3288 ἶ
768 3250 868 3289 HIC
889 3251 990 3289 EST
1018 3250 1186 3290 CALIx
1210 3249 1501 3288 SANGUINIS
1526 3249 1638 3289 MEI.

773 3339 977 3418 (4⁵Di'sst.
1002 3360 1044 3408 8.
1071 3375 1110 3420 q.
1136 3375 1176 3406 2.
1203 3366 1284 3405 art.
1311 3374 1350 3405 2.
1377 3360 1507 3418 213).

211 3470 324 3516 An
357 3470 548 3521 Pn'm'mt'
584 3470 648 3517 sic
685 3456 967 3536 proceditur.1
973 3466 1189 3538 Videtur,
1217 3470 1338 3530 quod
1364 3470 1480 3514 haec
1505 3468 1600 3514 non
1626 3468 1683 3514 sit
1705 3468 1857 3513 forma
1889 3467 2024 3525 hujus
2060 3480 2126 3511 sa-

147 3537 404 3583 e'rar‘nenti':
436 3549 462 3579 ε(
482 3538 585 3582 Hoc
607 3547 680 3583 est
701 3551 866 3597 corpus
890 3549 1048 3582 meum
1071 3554 1123 3583 »ι
1143 3548 1196 3582 et
1222 3553 1244 3579 ‹<
1267 3536 1353 3580 Hic
1377 3546 1444 3581 est
1465 3527 1583 3581 calix
1604 3535 1838 3594 sanguinis
1859 3533 1951 3578 mei
1971 3548 2022 3577 »z
2046 3532 2126 3577 illa

146 3604 298 3649 enim
315 3596 454 3648 verba
477 3604 687 3650 videntur
711 3605 935 3664 pertinere
961 3604 1017 3648 ad
1042 3600 1242 3649 formam
1266 3603 1400 3661 hujus
1422 3598 1710 3656 sacramenti,
1729 3601 1890 3661 quibus
1915 3599 2125 3645 Christus
