2352 3926
0 2706 21 3014 ,πψυωψᾚ
0 2609 14 2697 ‹xmp-,522
0 2571 8 2590 1
0 2498 7 2555 ψ
0 2473 5 2484 ψ
0 2453 9 2462 ,μ
0 2425 5 2440 ,,

14 3488 25 3496 :‹
13 3459 16 3462 .
4 3282 21 3434 qaam-..3⁵—
4 3187 24 3274 ‘5‘>'?·w-m””,·-
8 3162 15 3178 -.,

627 190 908 239 ouans-rto
947 189 1157 231 Lxxxn.
1193 188 1509 230 sanemus
1541 187 1582 228 r.
1971 188 2080 245 745

212 293 295 341 Au
319 307 507 340 mnium
533 308 643 354 ergo
676 293 936 348 dicendum,
967 293 1090 353 quod
1121 292 1261 338 virtus
1286 290 1631 338 sacramentalis
1662 291 1709 336 in
1741 289 1943 351 pluribus
1977 306 2083 336 con-

123 361 254 417 sistit,
280 373 324 407 et
347 377 442 407 non
472 363 519 406 in
550 377 644 407 uno
669 372 871 418 tantum3
904 362 1021 406 sicut
1050 361 1191 405 virtus
1221 361 1436 419 baptismi
1468 359 1677 404 consistit
1705 359 1754 404 in
1783 358 1893 418 ipsis
1917 359 2083 414 verbis,

123 438 171 474 et
191 429 240 473 in
265 443 404 489 aqua:
433 430 552 474 unde
578 440 623 474 et
647 431 786 474 virtus
814 428 1127 473 consecrativa
1158 442 1251 472 non
1285 426 1437 471 solum
1470 427 1677 472 consistit
1706 426 1752 471 in
1783 427 1892 486 ipsis
1917 427 2082 482 verbis,

121 495 201 541 sed
227 496 365 541 etiam
392 497 438 541 in
463 507 686 555 potestate
712 497 939 541 sacerdoti
963 496 1127 540 tradita
1152 495 1199 538 in
1224 509 1306 539 sua
1333 496 1695 550 consecratione,
1718 504 1762 539 et
1779 494 2081 548 ordinatione,

11 568 25 610 ἐ
48 586 56 591 -
121 576 229 607 cum
254 563 296 608 ei
321 563 484 608 dicitur
510 564 565 607 ab
593 564 834 622 episcopo:
865 579 889 606 ι(
906 563 1080 622 Accipe
1106 571 1380 621 potestatem
1398 560 1620 606 offerendi
1645 562 1692 605 in
1718 560 1925 606 Ecclesia
1950 561 2083 606 sacri-

119 628 276 675 ficium
301 640 398 675 tam
422 645 504 689 pro
529 631 659 684 vivis,
685 645 827 690 quam
856 645 939 690 pro
972 630 1222 674 mortuis».
1253 629 1376 674 Nam
1407 639 1453 673 et
1481 630 1622 674 virtus
1652 628 2010 674 instrumentalis
2034 628 2085 674 in

118 695 320 756 pluribus
344 698 658 742 instrumentis
683 698 902 754 consistit,
928 711 1009 757 per
1033 710 1149 756 quae
1175 697 1270 755 agit
1293 695 1542 755 principale
1571 710 1725 755 agens.

207 764 286 809 AD
318 777 580 810 SECUNDUM
611 765 870 819 dicendum,
901 764 1025 822 quod
1056 763 1200 807 laicus
1232 765 1375 821 justus
1406 763 1559 808 unitus
1591 774 1661 808 est
1693 763 1879 808 Christo
1911 763 2094 808 unione·

118 830 339 892 spirituali
363 845 443 891 per
467 831 621 886 fidem,
638 840 683 876 et
697 831 982 884 charitatem,
1008 845 1103 875 non
1121 839 1274 874 autem
1291 844 1371 889 per
1387 830 1768 875 sacramentalem
1784 840 2080 890 potestatem3

119 907 163 952 et
201 897 307 943 ideo
339 899 477 943 habet
506 897 736 958 spirituale
769 897 1077 943 sacerdotium
1110 897 1166 941 ad
1200 895 1485 941 offerendum
1516 898 1772 956 spirituales
1803 898 1993 954 hostias,
2024 899 2080 944 de

117 964 280 1024 quibus
318 965 482 1011 dicitur
520 966 567 1010 in
607 966 680 1010 Ps.
711 978 798 1023 50.:
833 965 1100 1023 Sacrificium
1116 965 1208 1009 Deo
1223 966 1392 1024 spiritus
1428 966 1742 1020 contribulatus,
1761 976 1807 1010 et
1822 965 1958 1010 Rom.
1990 978 2079 1010 12.:

88 1055 99 1068 ι
116 1031 361 1078 Exhibeat&
388 1041 571 1093 corpora
599 1039 736 1078 vestra
768 1033 942 1077 hostiam
967 1033 1175 1076 viventem
1183 1047 1200 1084 ,·
1229 1031 1347 1076 unde
1376 1042 1421 1076 et
1452 1046 1487 1076 1.
1515 1032 1638 1077 Petri
1660 1046 1700 1077 2.
1721 1034 1907 1078 dicitur:
1934 1033 2081 1079 Sacer-

116 1097 276 1146 dotium
297 1105 488 1146 sanctum
514 1100 659 1159 offerre
682 1100 920 1159 spirituales
946 1100 1108 1144 hostias.

202 1166 282 1213 Am
300 1179 516 1213 TER’HUM
542 1167 802 1221 dicendum,
828 1166 950 1226 quod
976 1166 1208 1226 perceptio
1234 1166 1369 1226 hujus
1396 1167 1671 1212 sacramenti
1701 1182 1796 1212 non
1829 1178 1897 1212 est
1927 1178 2082 1213 tantae

114 1234 411 1289 necessitatis,
436 1235 553 1279 sicut
577 1234 808 1294 perceptio
830 1234 1058 1293 baptismi,
1085 1243 1135 1279 ut
1160 1248 1215 1278 ex
1240 1233 1509 1293 supradictis
1535 1244 1659 1293 patet
1689 1236 1749 1294 (q.
1783 1249 1842 1294 73.
1868 1241 1951 1280 art.
1973 1250 2010 1294 3.
2042 1242 2082 1281 et

115 1315 155 1360 q-
180 1301 250 1349 80.
277 1309 361 1348 art.
384 1317 443 1348 ιι.
469 1301 524 1347 ad
548 1301 629 1360 2.):
657 1312 702 1346 et
726 1302 832 1346 ideo
858 1301 965 1346 licet
996 1301 1044 1346 in
1074 1301 1358 1346 necessitatis
1385 1301 1577 1346 articulo
1604 1301 1748 1346 laicus
1774 1302 1919 1361 possit
1941 1302 2082 1361 bapti-

116 1382 233 1424 zare,
258 1383 353 1415 non
377 1380 535 1415 tamen
560 1380 712 1429 potest
735 1370 825 1415 hoc
853 1380 1193 1415 sacramentum
1221 1368 1461 1414 conficere.

203 1437 281 1482 An
312 1450 550 1488 QUARTUM
582 1437 841 1492 dicendum,
874 1437 997 1497 quod
1030 1437 1271 1496 episcopus
1304 1437 1470 1496 accipit
1500 1446 1790 1496 potestatem,
1815 1446 1866 1482 ut
1896 1447 2003 1496 agat
2033 1437 2081 1482 in

113 1517 310 1563 persona
337 1504 509 1550 Christi
534 1518 860 1564 supercorpus
894 1506 991 1564 ejus
1022 1504 1285 1564 mysticum,
1318 1504 1434 1549 idest
1465 1518 1600 1562 super
1631 1504 1908 1549 Ecclesiam:
1942 1518 2080 1564 quam

115 1570 300 1631 quidem
326 1581 602 1631 potestatem
618 1586 713 1616 non
731 1572 898 1631 accipit
923 1572 1136 1616 sacerdos
1153 1571 1200 1615 in
1217 1585 1298 1616 sua
1315 1571 1678 1626 consecratione,
1694 1571 1801 1616 licet
1817 1571 1961 1631 possit
1977 1586 2080 1617 eam

112 1638 282 1684 habere
306 1653 362 1684 ex
387 1639 591 1699 episcopi
622 1639 975 1684 commissione:
1003 1649 1048 1683 et
1071 1639 1176 1683 ideo
1205 1653 1259 1684 ea
1285 1653 1401 1698 quae
1432 1653 1529 1683 non
1558 1640 1786 1698 pertinent
1811 1639 1867 1684 ad
1893 1640 2082 1699 disposi-

113 1706 290 1751 tionem
315 1707 520 1766 corporis
547 1707 744 1766 mystici,
770 1721 864 1752 non
890 1716 1179 1751 reservantur
1204 1706 1448 1766 episcopo;
1476 1707 1593 1751 sicut
1625 1707 1911 1752 consecratio
1942 1707 2078 1766 hujus

113 1774 400 1819 sacramenti.
419 1773 493 1819 Ad
518 1774 786 1834 episcopum
802 1787 911 1818 vero
934 1773 1128 1834 pertinet
1151 1773 1329 1818 tradere
1346 1788 1441 1818 non
1457 1774 1609 1818 solum
1635 1774 1824 1832 populo,
1841 1774 1920 1819 sed
1939 1775 2078 1819 etiam

113 1842 425 1887 sacerdotibus
457 1856 525 1896 ea,
558 1855 612 1886 ex
645 1842 804 1902 quibus
836 1852 1028 1902 possunt
1053 1842 1246 1902 propriis
1279 1840 1441 1886 officiis
1474 1842 1567 1886 uti:
1603 1852 1647 1886 et
1678 1842 1784 1901 quia
1820 1842 2078 1887 benedictio

114 1909 385 1964 chrismatis,
412 1919 457 1954 et
482 1908 574 1954 olei
599 1909 758 1963 sancti,
786 1919 830 1954 et
855 1908 947 1954 olei
972 1908 1275 1964 infirmorum,
1295 1919 1339 1953 et
1365 1909 1575 1963 aliorum,
1594 1923 1711 1968 quae
1739 1920 2077 1965 consecrantur,

112 1987 223 2037 pum
246 1976 414 2031 altaris,
439 1975 688 2031 Ecclesiae,
714 1977 926 2032 vestium,
954 1987 1000 2022 et
1023 1991 1256 2030 vasorum,
1288 1986 1485 2036 praestat
1508 1976 1756 2036 quamdam
1778 1977 2077 2022 idoneitatem

113 2044 474 2089 advsacramenm
494 2044 784 2104 perficienda,
801 2059 917 2103 quae
942 2045 1172 2104 pertinent
1193 2044 1250 2088 ad
1276 2043 1482 2089 officium
1507 2044 1819 2099 sacerdotum;
1835 2045 1941 2090 ideo
1963 2043 2077 2090 tales

112 2113 480 2158 consecrationes
522 2113 740 2173 episcopo
780 2123 1082 2168 reservantur,
1120 2123 1341 2172 tanquam
1371 2113 1566 2173 principi
1599 2113 1740 2158 totius
1782 2112 2079 2158 ecclesiastici

111 2178 297 2225 ordinis.

813 2313 1249 2372 ARTICULUS
1289 2315 1362 2370 11.
1990 2343 2074 2392 495

431 2434 628 2475 UTRUM
672 2435 876 2476 PLURES
925 2436 1283 2476 SACERDOTES
1329 2436 1561 2477 POSSINT
1606 2435 1762 2478 UNAM

579 2511 651 2550 ET
683 2510 921 2550 EAMDEM.
948 2511 1201 2551 HOSTIAM
1235 2511 1607 2553 CONSECRARE.

721 2608 787 2667 (4.
811 2608 923 2654 Disl.
954 2621 1012 2669 13.
1040 2624 1079 2668 q.
1105 2625 1140 2655 ι.
1169 2615 1249 2655 art.
1276 2624 1316 2655 2.
1340 2624 1380 2669 q.
1405 2609 1481 2668 1.).

198 2711 276 2757 AD
293 2724 554 2757 SECUNDUM
584 2711 650 2757 sic
676 2714 949 2771 proceditur.
966 2713 1171 2769 Videtur,
1190 2715 1313 2775 quod
1338 2713 1489 2775 plures
1507 2713 1767 2760 sacerdotes
1784 2728 1879 2759 non
1899 2713 2076 2774 possint

109 2794 249 2825 unam
271 2789 317 2824 et
335 2778 549 2824 eamdem
573 2779 775 2825 hostiam
801 2795 1094 2827 consecrare:
1119 2782 1292 2827 dictum
1319 2793 1387 2827 est
1412 2783 1535 2827 enim
1557 2797 1693 2842 supra
1718 2782 1779 2842 (q.
1803 2782 1871 2841 67.
1889 2787 1971 2827 art.
1994 2782 2073 2841 6.),
2094 2814 2098 2819 -

109 2847 232 2908 quod
257 2846 409 2906 plures
434 2860 529 2890 non
554 2858 745 2906 possunt
774 2848 910 2893 simul
941 2863 1084 2894 unum
1116 2850 1366 2909 baptizare:
1400 2850 1480 2895 sed
1512 2865 1605 2894 non
1638 2851 1790 2894 minor
1815 2851 1883 2894 vis
1910 2859 1979 2894 est
2008 2864 2077 2894 sa-

110 2914 305 2960 cerdotis
346 2914 672 2969 consecrantis,
704 2929 844 2974 quam
875 2916 1078 2961 hominis
1111 2917 1407 2976 baptizantis3
1442 2932 1552 2977 ergo
1585 2918 1724 2962 etiam
1755 2930 1850 2961 non
1883 2927 2075 2975 possunt

36 3004 41 3010 ·
108 2981 244 3027 simul
268 2980 418 3039 plures
444 2995 583 3025 unam
608 2981 809 3026 hostiam
836 2997 1118 3029 consecrare.

197 3061 238 3093 2.
263 3048 562 3093 PRAETEREA.
592 3047 732 3100 Quod
759 3059 908 3108 potest
929 3050 1027 3095 fieri
1052 3066 1133 3110 per
1159 3066 1316 3107 unum,
1350 3051 1574 3111 superflue
1607 3050 1656 3095 fit
1687 3065 1766 3110 per
1799 3050 1992 3095 multos:
2026 3051 2074 3095 in

108 3116 405 3161 sacramentis
431 3125 585 3159 autem
609 3115 725 3160 nihil
750 3116 883 3161 debet
908 3132 1007 3162 esse
1033 3119 1338 3178 superfluum3
1371 3134 1477 3163 cum
1505 3132 1615 3177 ergo
1643 3132 1759 3163 unus
1791 3117 1986 3163 sufficiat
2016 3119 2073 3163 ad

91 3179 488 3239 consecrandum,
510 3184 686 3229 videtur
711 3184 833 3242 quod
856 3183 1006 3243 plures
1031 3200 1126 3230 non
1153 3187 1329 3245 possint
1354 3200 1493 3230 unam
1520 3186 1719 3230 hostiam
1747 3199 2032 3230 consecrare.

201 3265 239 3311 3.
264 3251 562 3297 PRAETEREA.
591 3251 719 3296 Sicut
744 3251 853 3296 dicit
878 3252 997 3311 Aug.
1029 3267 1164 3312 super
1189 3254 1319 3311 Joan.
1353 3254 1499 3310 (tract.
1526 3253 1598 3298 26.
1626 3254 1736 3298 inter
1760 3252 1865 3297 med.
1891 3259 1930 3298 et
1949 3253 2070 3312 fin.),

107 3317 198 3363 hoc
225 3330 564 3364 sacramentum
592 3329 660 3363 est
687 3336 710 3360 ‹<
734 3329 1072 3364 sacramentum
1099 3321 1282 3365 unitatis
1302 3335 1351 3364 »z
1381 3321 1459 3364 sed
1487 3321 1768 3364 contrarium
1785 3320 1948 3364 unitati
1973 3334 2073 3366 esse

106 3385 281 3430 videtur
308 3386 581 3441 multitud03
609 3399 719 3443 ergo
746 3398 840 3429 non
864 3386 1040 3431 videtur
1066 3389 1345 3432 conveniens
1365 3401 1463 3431 esse
1491 3387 1597 3431 huic
1623 3397 1931 3443 sacramento,
1949 3387 2071 3447 quod

107 3451 257 3512 plures
283 3454 542 3498 sacerdotes
568 3454 780 3498 eamdem
805 3453 1005 3498 hostiam
1031 3464 1313 3499 consecrent.

199 3518 298 3566 SED
310 3533 510 3567 CONTRA
529 3519 611 3576 est,
628 3519 752 3579 quod
777 3520 1029 3566 secundum
1046 3522 1425 3567 consuetudinem
1442 3521 1746 3580 quarumdam
1762 3520 2071 3568 Ecclesiarum

109 3587 385 3643 sacerdotes,
419 3602 526 3633 cum
551 3587 608 3632 de
633 3601 758 3632 novo
784 3587 1063 3644 ordinantur,
1090 3588 1413 3634 concelebrant
1438 3589 1656 3649 episcopo
1683 3589 1929 3634 ordinanti.
