2352 3926
442 301 688 374 Qumsrxo
706 331 790 369 κν.

264 413 314 448 De
337 413 520 461 defectibus,
544 424 621 460 quos
645 408 788 448 Chium·
810 414 975 461 assumpsit

222 467 259 500 in
282 466 422 500 bumana
444 472 572 507 natura,
597 471 751 511 quantum
775 465 818 500 ad
840 467 998 500 animam.

166 550 198 575 1.
218 540 341 574 Utrum
357 541 393 573 in
410 539 550 574 Christo
566 539 670 574 fuerit
685 548 878 585 peccatum.

162 603 199 628 2.
215 592 341 628 Utrum
356 594 393 627 in
409 602 452 627 eo
469 592 573 626 fuerit
588 592 701 626 fomes
717 594 864 638 peccati.

163 656 196 690 3.
215 644 339 680 Utrum
355 645 392 678 in
408 655 452 678 eo
467 644 572 678 fuerit
586 645 797 690 ignorantia.

160 707 196 741 4.
215 696 340 731 Utrum
355 697 470 730 anima
487 696 615 731 Christi
632 696 736 730 fuerit
758 696 944 742 passibilis.

164 758 196 793 ς.
211 747 335 783 Utrum
350 749 387 782 in
403 747 544 783 Christo
562 748 666 782 fuerit
681 748 784 783 dolor
799 748 988 783 sensibilis.

164 801 196 835 6.
216 799 340 835 Utrum
354 801 391 834 in
409 799 550 834 Christo
567 801 672 834 fuerit
687 802 841 836 tristitia.

161 862 196 898 7.
215 850 339 886 Utrum
354 853 391 886 in
408 851 549 886 Christo
567 853 671 886 fuerit
685 854 803 887 timor.

162 905 195 939 8.
214 903 338 938 Utrum
354 905 391 938 in
408 904 548 939 Christo
567 905 671 939 fuerit
687 906 882 940 admiratio.

162 967 197 1001 9.
213 955 339 990 Utrum
355 956 392 990 in
409 954 549 990 Christo
566 956 671 990 fuerit
686 958 745 990 ira.

142 1018 196 1043 xo.
213 1006 337 1042 Utrum
353 1008 456 1042 simul
473 1009 578 1043 tuerit
591 1010 718 1051 viator,
736 1017 772 1043 et
787 1010 1069 1055 comprehensor.

428 1134 672 1175 QUAESTIO
696 1135 794 1171 XVI.

138 1211 190 1248 De
214 1213 274 1258 bis,
298 1226 378 1261 quae
395 1223 622 1262 consequuntur
638 1217 785 1252 unionem
806 1225 960 1263 quantum
978 1218 1023 1253 ad
1037 1229 1087 1260 ea,

263 1279 342 1313 quae
366 1269 556 1303 conveniunt
581 1268 705 1304 Christo
728 1270 897 1304 mundum
919 1282 962 1306 se.

161 1357 192 1382 ι.
210 1346 335 1382 Utrum
349 1349 437 1383 haec
451 1350 498 1383 sit
513 1360 614 1384 vera:
632 1350 729 1383 Deus
745 1358 799 1384 est
814 1351 936 1386 homo.

159 1409 193 1434 2.
211 1399 335 1434 Utrum
351 1401 438 1435 haec
453 1402 500 1435 sit
514 1411 618 1436 verax
636 1402 757 1436 Homo
773 1411 828 1437 est
843 1403 951 1438 Deus.

160 1462 189 1496 3.
210 1451 333 1486 Utrum
350 1452 509 1487 Christus
523 1455 637 1499 possit
653 1455 722 1488 dici
746 1455 855 1489 homo
873 1457 1085 1492 dominicus.

156 1515 191 1547 4.
211 1503 335 1538 Utrum
348 1515 402 1548 ea,
414 1516 501 1550 quae
515 1508 728 1541 conveniunt
740 1507 814 1541 filio
827 1508 995 1551 hominis,
1007 1519 1087 1555 pos·

273 1557 344 1591 sint
359 1558 550 1603 praedicari
566 1559 608 1592 de
624 1558 698 1592 filio
716 1559 796 1600 Dei,
815 1568 850 1594 et
866 1571 885 1592 e
903 1572 1086 1595 converso.

161 1617 191 1651 ς.
210 1607 334 1642 Utrum
344 1620 398 1651 ea,
412 1621 499 1655 quae
513 1611 727 1645 conveniunt
739 1610 814 1645 filio
827 1612 995 1656 hominis,
1005 1625 1087 1659 pos·

269 1661 341 1695 sint
354 1662 543 1707 praedicari
561 1663 602 1695 de
624 1663 740 1696 divina
763 1671 897 1706 natura,
915 1673 950 1698 et
966 1665 1008 1698 de
1024 1666 1088 1699 hu-

273 1724 375 1747 mana
392 1724 445 1756 ea,
463 1725 551 1760 quae
568 1716 782 1748 conveniunt
798 1715 888 1750 Filio
905 1717 983 1751 Dei.

161 1765 195 1799 6.
212 1763 337 1799 Utrum
353 1766 439 1799 haec
455 1767 502 1801 sit
516 1777 616 1801 vera:
634 1767 730 1800 Deus
746 1767 860 1801 factus
878 1777 932 1802 est
949 1769 1069 1804 homo.

159 1827 193 1861 7.
212 1816 336 1851 Utrum
353 1818 438 1852 haec
454 1820 499 1852 sit
515 1830 597 1854 vera
612 1832 621 1853 z
641 1819 760 1853 Homo
777 1820 890 1854 factus
908 1830 961 1855 est
976 1822 1086 1857 Deus.

157 1870 191 1906 ⁸.
209 1868 333 1904 Utrum
350 1870 435 1905 haec
451 1872 497 1904 sit
507 1882 609 1906 vera:
626 1870 786 1905 Christus
799 1871 911 1906 factus
925 1882 978 1908 est
991 1885 1085 1908 crea-

274 1930 363 1957 tura.

35 1983 42 1991 “
106 2003 109 2005 .
154 1983 190 2018 9.
207 1972 331 2008 Utrum
343 1975 429 2009 haec
442 1975 488 2009 sit
498 1986 598 2010 vera:
616 1974 688 2010 Iste
704 1975 812 2010 homo
827 1976 1083 2022 (demonstrato

274 2024 434 2072 Christo)
450 2027 581 2073 incepit
596 2038 687 2070 esse,
702 2027 757 2063 vel
774 2028 841 2062 fuit
856 2040 1002 2076 semper.

136 2087 189 2113 ro.
205 2076 331 2112 Utrum
342 2078 429 2113 haec
441 2079 488 2114 sit
498 2091 579 2114 vera
591 2092 599 2114 π
615 2078 775 2114 Christus
788 2082 980 2116 secundum
990 2083 1084 2129 quod

263 2129 372 2165 homo
390 2139 444 2165 est
460 2140 627 2167 creatura.

134 2190 189 2218 n.
212 2180 339 2216 Utrum
377 2182 463 2218 haec
493 2184 539 2218 sit
564 2195 644 2218 vera
661 2197 670 2218 ε
697 2184 857 2219 Christus
891 2187 1083 2221 secundum

262 2235 357 2280 quod
372 2235 494 2279 homo,
512 2245 566 2270 est
581 2237 691 2272 Deus.

135 2294 187 2321 ¹2.
204 2285 329 2320 Utrum
342 2287 429 2322 haec
443 2289 489 2322 sit
500 2300 593 2323 vera:
609 2288 769 2324 Christus
785 2292 976 2326 secuudum
990 2293 1084 2339 quod

240 2338 364 2383 homo,
379 2349 433 2375 est
448 2341 662 2388 hypostasis,
678 2342 734 2378 vel
751 2354 914 2389 persona.

413 2465 660 2507 QUAESTIO
682 2468 802 2504 XVII.

201 2546 253 2584 De
275 2547 334 2592 bic,
357 2560 437 2595 quae
454 2551 617 2596 pertinent
638 2550 684 2586 ad
703 2552 859 2586 unitatem
884 2549 1005 2591 Christi

445 2609 600 2648 quantum
623 2603 667 2637 ad
690 2615 763 2639 esse.

133 2685 163 2710 x.
182 2674 306 2710 Utrum
325 2675 486 2711 Christus
502 2678 549 2711 sit
572 2689 693 2720 uuum,
709 2678 767 2714 vel
784 2679 867 2714 duo.

129 2738 164 2763 2.
182 2727 309 2763 Utrum
325 2729 361 2762 in
381 2728 521 2764 Christo
537 2731 584 2764 sit
597 2739 732 2765 tantum
749 2743 856 2765 unum
873 2743 964 2767 esse.

397 2855 641 2897 QUAESTIO
672 2857 808 2893 XVIII.

202 2937 254 2972 De
277 2937 337 2981 bit,
361 2949 441 2984 qnae
458 2939 622 2985 pertinent
644 2939 688 2973 ad
709 2941 865 2974 unitatem
892 2940 1013 2975 Christi

376 2997 532 3037 quantiam
553 2992 599 3026 aa
617 2993 830 3027 volantatem.

130 3074 160 3100 t.
179 3064 304 3100 Utrum
328 3066 365 3100 in
382 3065 525 3101 Christo
548 3067 595 3101 sit
618 3066 686 3101 alia
708 3067 872 3102 voluntas
890 3069 1017 3111 divina,
1043 3076 1078 3103 et

236 3117 305 3151 alia
319 3118 484 3152 humana.

126 3177 160 3203 2.
177 3168 302 3203 Utrum
326 3171 361 3203 in
386 3170 537 3205 humana
558 3178 681 3205 natura
705 3171 835 3206 Christi
857 3173 903 3206 sit
925 3172 993 3206 alia
1015 3184 1077 3207 vo-

238 3220 354 3255 luntas
366 3230 524 3268 respectu
533 3223 783 3266 sensualitatis,
795 3232 831 3258 et
839 3224 907 3259 alia
918 3233 1078 3270 respectu

237 3274 395 3307 rationis.

130 3323 305 3368 3.Utrum
328 3335 370 3359 et
395 3333 489 3371 parte
521 3328 668 3361 rationis
702 3327 831 3362 fuerint
862 3329 900 3362 in
934 3328 1077 3363 Christo

236 3376 353 3422 plures
367 3377 580 3415 voluntates.

125 3439 148 3472 4
184 3427 309 3463 Utrum
333 3429 369 3462 in
385 3428 527 3464 Christo
542 3431 648 3466 fuerit
663 3431 809 3467 liberum
826 3433 1016 3468 arbitrium.

128 3490 160 3523 5.
185 3479 310 3515 Utrum
334 3480 498 3515 voluntas
520 3482 671 3518 humana
695 3483 825 3518 Christi
860 3486 965 3519 fuerit
1000 3496 1074 3520 om·

25 3562 44 3573 ,.
236 3534 322 3566 nino
345 3532 538 3567 conformis
553 3534 727 3569 voluntati
744 3537 879 3571 divinae
896 3538 932 3570 in
947 3537 1075 3574 volito.

6 3587 55 3623 4
125 3584 160 3619 6.
185 3583 310 3619 Utrum
332 3586 367 3619 in
392 3584 533 3619 Christo
561 3585 666 3621 fuerit
696 3587 811 3633 aliqua
846 3590 1074 3623 contrarietas

236 3636 466 3671 voluntatum.
506 3636 512 3640 “

560 198 667 269 34³³·
737 203 739 205 ’
774 230 945 271 INDEX
985 227 1223 272 'numu
1264 230 1477 271 murts,
2074 232 2106 286 7

1448 327 1692 372 QUAESTIO
1716 331 1818 367 xlx.

1212 412 1263 447 De
1287 413 1347 454 bis,
1370 424 1450 459 quae
1467 414 1631 459 pertinent
1653 412 1697 446 ad
1718 413 1875 447 unitatem
1898 420 2052 458 quantum

1412 464 1455 498 ad
1478 466 1692 511 operationem
1718 463 1846 499 Christi.

1160 549 1190 573 1.
1210 538 1332 573 Utrum
1355 541 1390 573 in
1415 539 1556 574 Christo
1581 540 1686 574 fuerit
1708 550 1778 574 una
1801 540 1959 585 operatio
1984 540 2108 575 divini-

1270 593 1364 633 tatis,
1383 600 1418 625 et
1435 592 1674 634 humanitatis,
1689 591 1746 627 vel
1761 591 1890 638 plures.

1157 655 1190 678 2.
1209 643 1332 678 Utrum
1356 645 1392 677 in
1417 643 1557 677 Christo
1582 644 1711 678 fuerint
1738 644 1855 690 plures
1886 645 2108 690 operationes

1268 696 1459 731 secundum
1475 696 1660 730 humanam
1679 705 1848 731 naturam.

1159 761 1190 794 3.
1208 749 1333 784 Utrum
1357 748 1548 782 secundum
1573 751 1812 794 operationem
1836 749 2021 784 humanam
2045 748 2107 783 ali·

1269 802 1351 847 quid
1367 801 1434 835 sibi
1450 802 1624 835 meruerit.

1155 867 1190 898 4.
1209 854 1334 889 Utrum
1346 865 1407 899 per
1422 864 1498 887 eam
1518 853 1647 899 aliquid
1664 854 1767 888 nobis
1783 855 1959 891 meruerit.

1456 972 1701 1013 QUAESTIO
1725 973 1808 1008 XX.

1236 1053 1287 1087 De
1312 1053 1370 1096 bis,
1395 1064 1474 1099 quae
1497 1054 1688 1088 conveniunt
1713 1051 1838 1087 Christo
1861 1051 2029 1088 secundnm

1363 1105 1588 1151 subsectionem
1611 1106 1676 1152 ejus
1698 1105 1741 1139 ad
1762 1105 1903 1139 Patrem.

1159 1192 1189 1216 1.
1207 1180 1332 1215 Utrum
1351 1180 1510 1215 Christus
1527 1182 1573 1214 sit
1589 1182 1766 1227 subjectus
1781 1182 1888 1216 Patri.

1156 1244 1189 1270 2.
1210 1233 1334 1267 Utrum
1358 1235 1404 1267 sit
1419 1234 1597 1278 subjectus
1613 1234 1682 1268 sibi
1697 1235 1778 1280 ipsi.

1402 1343 1709 1384 QUAESTIO
1745 1343 1863 1378 XXI.

1445 1426 1496 1460 De
1520 1427 1663 1462 oratione
1690 1425 1822 1462 Christi.

1158 1512 1189 1536 x.
1215 1501 1340 1536 Utrum
1364 1501 1506 1536 Christo
1525 1503 1711 1536 conveniat
1726 1513 1838 1536 orare.

1155 1565 1187 1588 2.
1214 1553 1339 1588 Utrum
1353 1555 1540 1588 conveniat
1547 1554 1614 1588 sibi
1627 1554 1817 1588 secundum
1830 1554 2105 1591 sensualitatem.

1157 1617 1186 1651 3.
1216 1606 1342 1640 Utrum
1355 1607 1543 1641 conveniat
1558 1607 1626 1640 sibi
1642 1618 1740 1640 orare
1756 1619 1819 1652 pro
1835 1608 1966 1653 seipso,
1984 1619 2028 1641 an
2043 1619 2106 1653 pro

1267 1658 1345 1692 aliis
1362 1667 1517 1703 tantum„

1151 1722 1187 1754 4.
1214 1710 1338 1744 Utrum
1363 1712 1476 1745 oratio
1494 1711 1569 1756 ejus
1585 1712 1633 1745 sit
1647 1712 1820 1747 exaudita.

1432 1829 1675 1870 QUAESTIO
1700 1830 1821 1866 xxn.
1848 1817 1852 1820 ’

1420 1911 1471 1946 De
1496 1912 1677 1947 sacerdotio
1704 1911 1835 1948 Christi.

1154 1997 1184 2020 1.
1203 1986 1327 2020 Utrum
1345 1988 1531 2021 conveniat
1549 1987 1690 2020 Christo
1707 1998 1784 2021 esse
1801 1987 2030 2022 sacerdotem.

1149 2049 1183 2072 2.
1209 2039 1262 2072 De
1287 2039 1404 2072 hostia
1419 2038 1520 2083 hujus
1537 2039 1737 2072 sacerdotii.

1151 2102 1183 2135 3.
1202 2091 1254 2125 De
1271 2091 1398 2125 effectu
1414 2091 1516 2136 hujus
1533 2091 1734 2126 sacerdotii.

1148 2155 1181 2187 4.
1203 2144 1327 2178 Utrum
1353 2143 1498 2177 effectus
1521 2144 1711 2177 sacerdotii
1741 2143 1843 2189 hujus
1867 2145 2037 2189 pertineat
2061 2144 2102 2177 ad

1261 2197 1375 2241 ipsum
1393 2195 1522 2238 solum,
1539 2207 1584 2229 an
1599 2196 1642 2229 ad
1658 2195 1762 2230 alios.

1151 2258 1182 2292 5.
1201 2248 1326 2283 Utrum
1343 2250 1390 2282 sit
1404 2257 1584 2282 aeternum
1603 2249 1837 2282 sacerdotium
1854 2249 1940 2294 ejus.

1149 2302 1182 2336 6.
1201 2301 1326 2336 Utrum
1340 2301 1464 2335 debeat
1476 2301 1546 2334 dici
1559 2301 1723 2335 sacerdos
1735 2301 1927 2335 secundum
1943 2300 2100 2334 ordinem

1260 2353 1533 2388 Melchisedech.

1360 2466 1668 2507 QUAESTIO
1703 2467 1886 2502 XXIII.

1422 2547 1473 2581 De
1495 2547 1666 2595 adoptione
1692 2548 1824 2584 Christi.

1205 2623 1331 2657 Utrum
1355 2624 1544 2657 conveniat
1559 2623 1636 2657 Deo
1653 2624 1747 2658 filios
1762 2624 1940 2669 adoptare.

1171 2700 1180 2710 .
1206 2675 1331 2709 Utrum
1354 2675 1423 2708 hoc
1442 2676 1627 2710 conveniat
1643 2676 1711 2709 soli
1727 2677 1805 2709 Deo
1821 2676 1926 2710 Patri.

1171 2753 1179 2761 .
1206 2727 1330 2762 Utrum
1355 2729 1401 2760 sit
1417 2729 1593 2773 proprium
1610 2728 1793 2762 hominum
1809 2729 1973 2773 adoptare
1988 2728 2094 2763 filios.

1169 2806 1178 2813 .
1206 2779 1330 2814 Utrum
1354 2779 1515 2813 Christus
1531 2782 1644 2825 possit
1662 2781 1730 2815 dici
1746 2781 1839 2815 filius
1858 2781 2053 2826 adoptivus.

1145 2634 1179 2824 -hwtaga

1413 2901 1657 2942 QUAESTIO
1691 2900 1828 2935 XXIV.

1361 2984 1413 3018 De
1431 2983 1721 3031 praedestinatione
1747 2982 1879 3018 Christi,

1148 3070 1178 3096 1.
1203 3059 1329 3094 Utrum
1346 3059 1507 3093 Christus
1523 3061 1569 3093 sit
1585 3060 1873 3105 praedestinatus.

1144 3122 1178 3149 2.
1205 3112 1330 3146 Utrum
1369 3112 1415 3146 sit
1448 3111 1738 3157 praedestinatus,
1773 3110 1962 3144 secundum
2003 3108 2096 3154 quod

1260 3165 1382 3199 homo.

1147 3227 1178 3260 3.
1205 3216 1329 3250 Utrum
1353 3217 1428 3262 ejus
1452 3216 1722 3262 praedestinatio
1754 3217 1799 3248 sit
1829 3213 2003 3259 exemplar
2032 3224 2096 3247 no·

1256 3278 1347 3303 strae
1364 3270 1706 3315 praedestinationis.

1143 3333 1177 3365 4.
1204 3321 1329 3356 Utrum
1344 3323 1391 3356 sit
1409 3333 1512 3356 causa
1528 3330 1666 3355 nostrae
1683 3319 2022 3366 praedestinationis.

1431 3431 1672 3474 QUAESTIO
1698 3430 1813 3465 XXV.

1414 3507 1466 3540 De
1489 3506 1674 3541 adoratione
1702 3504 1833 3541 Christi.

1150 3599 1177 3622 1.
1198 3587 1321 3622 Utrum
1337 3599 1420 3630 una,
1438 3595 1474 3621 et
1488 3587 1605 3620 eadem
1623 3587 1828 3620 adoratione
1851 3586 1898 3619 sit
1920 3585 2094 3620 adoranda

1257 3642 1419 3675 divinitas
1436 3638 1580 3681 Christi,
1598 3648 1634 3673 et
1650 3640 1722 3683 ejus
1738 3638 1948 3672 humanitas.
