2352 3926
275 220 348 288 76
829 227 1102 277 QUAESTIO
1141 233 1212 270 VI.
1247 231 1555 296 ARthtJLus
1596 231 1654 270 11.

276 347 375 381 tum
401 337 539 381 etiam
565 346 747 395 propter
779 335 1112 392 congruitatem
1140 333 1486 393 assumptionis:
1519 343 1761 392 utrumque
1795 344 1946 380 autem
1964 336 2143 388 >hoa-um
2162 338 2233 383 jn.

273 405 466 456 venitur,
493 404 529 447 si
558 416 873 460 comparemus
900 400 1198 454 intellectum,
1225 402 1301 459 qui
1327 401 1506 459 spiritus
1534 400 1710 454 dicitur,
1737 400 1794 444 ad
1821 411 2021 450 caeteras
2047 405 2229 456 animae

273 482 443 529 partes:
471 485 562 514 non
591 470 711 513 enim
739 469 890 511 anima
918 478 985 512 est
1018 468 1338 527 assumptibilis
1365 467 1619 511 secundum
1653 468 2000 526 congruitatem,
2031 471 2230 532 nisiper

276 537 366 581 hoc
403 537 523 595 quod
566 546 632 579 est
665 549 806 593 capax
837 535 939 588 Dei,
974 535 1029 579 ad
1059 535 1311 593 imaginem
1345 535 1440 592 ejus
1473 535 1682 589 existens,
1714 536 1839 594 quod
1880 546 1949 585 est
1968 537 2229 591 ,seeundum

274 614 490 656 mentem,
515 616 628 660 quae
655 602 833 660 spiritus
861 601 1035 656 dicitur,
1062 601 1314 646 secundum
1345 600 1458 644 illud
1485 600 1651 660 Ephes.
1676 614 1742 657 4.:
1771 603 2052 655 Renovamini
2079 607 2231 666 spiritu

273 672 417 714 mentis
456 676 644 720 vestrae;
688 668 895 712 similiter
927 669 1065 713 etiam
1096 666 1354 712 intellectus
1387 667 1504 711 inter
1536 677 1737 714 caeteras
1769 679 1920 729 partes
1945 671 2132 721 animae
2159 683 2232 720 est

274 736 490 795 superior,
518 746 561 779 et
578 735 769 796 dignior,
787 745 831 780 et
847 736 950 779 Deo
974 735 1189 790 similior;
1207 745 1252 779 et
1275 734 1396 788 ideo,
1415 745 1463 779 ut
1478 735 1697 781 Damasc.
1721 737 1831 783 dicit
1845 737 1894 783 in
1919 738 2228 798 ‚3.21ib...(0rth.

273 802 366 847 Fid.
394 810 483 860 cap.
511 802 575 859 6.)
595 817 608 845 .·
634 819 658 844 «
681 802 858 846 unitum
876 813 943 846 est
968 802 1093 846 carni
1118 816 1197 861 per
1217 801 1421 846 medium
1447 801 1732 848 intellectum
1747 803 1954 853 Verbum
1976 806 2232 873 Dei-:intel-

271 869 413 912 lectus
437 868 558 912 enim
582 879 650 914 est
665 869 772 928 quid
795 870 974 914 animae
996 868 1314 928 purissimum:
1340 868 1421 913 sed
1447 878 1493 913 et
1507 869 1634 915 Deus
1661 881 1728 915 est
1745 871 2232 932 (purissimum),i‘ntel·

272 935 415 980 lectus
441 953 482 980 ».
986 941 989 942 ⁷
1997 975 1998 978 η
2071 968 2074 970 -
2133 952 2153 989 ἢ

360 1003 435 1047 AD
461 1015 648 1047 PRIMUM
680 1016 789 1061 ergo
823 1003 1079 1057 dicendum,
1106 1002 1229 1062 quod
1251 1001 1335 1046 etsi
1359 1002 1617 1058 intellectus
1642 1017 1739 1049 non
1763 1006 1822 1050 sit
1841 1005 2053 1059 -aliud‘ah
2075 1008 2230 1058 anima

271 1070 519 1114 secundum
545 1070 802 1124 essentiam,
828 1070 1117 1128 distinguitur
1142 1080 1298 1113 tamen
1330 1070 1383 1114 ab
1419 1070 1518 1114 aliis
1544 1071 1744 1130 partibus
1770 1072 1951 1123 animae
1974 1075 2230 1126 secundum

271 1137 494 1180 rationem
521 1137 772 1195 potentiae;
801 1147 843 1181 et
870 1137 1119 1181 secundum
1146 1137 1236 1180 hoc
1265 1138 1487 1196 competit
1511 1138 1595 1183 sibi
1621 1140 1746 1184 ratio·
1762 1140 1917 1185 medii.
2148 1184 2159 1194 ,v
2184 1190 2186 1193 ,
2219 1184 2221 1186 .

359 1203 434 1248 AD
461 1217 718 1248 SECUNDUM
745 1204 1002 1257 dicendum,
1030 1204 1151 1262 quod
1173 1204 1348 1262 spiritui
1374 1203 1585 1262 angelico
1611 1220 1705 1250 non
1733 1206 1859 1252 deest
1884 1208 2151 1268 congruitas
2172 1209 2230 1255 ad

271 1270 629 1329 assumptionem
656 1280 837 1329 propter
863 1269 1091 1314 defectum
1118 1271 1361 1329 dignitatis,
1389 1271 1469 1316 sed
1494 1282 1680 1332 propter
1710 1273 2232 1337 irreparabilitatemaea-

270 1351 359 1391 sus,
386 1337 507 1395 quod
533 1351 626 1381 non
652 1348 801 1396 potest
827 1338 916 1381 dici
942 1338 997 1381 de
1024 1338 1179 1397 spiritu
1206 1338 1427 1393 humano,
1446 1346 1493 1383 ut
1513 1349 1638 1399 patet
1663 1355 1718 1386 ex
1742 1341 1815 1387 his
1841 1343 2032 1402 quaein
2060 1339 2230 1395 1.dicta

270 1414 375 1448 sunt
398 1405 459 1462 (q.
487 1405 556 1449 62.
583 1410 662 1448 art.
689 1406 729 1449 8.
748 1411 782 1448 et
807 1419 845 1463 q.
870 1405 941 1462 64.
969 1412 1052 1450 art.
1079 1406 1157 1463 2.).
1895 1439 1899 1459 5
1936 1422 1939 1424 ·
1967 1436 1972 1452 2
2136 1448 2139 1451 ,

358 1471 433 1514 AD
461 1484 675 1516 TERTIUM
702 1471 959 1525 dicendum,
979 1472 1099 1531 quod
1128 1474 1294 1527 anima,
1320 1473 1438 1518 inter
1463 1488 1616 1533 quarn,
1635 1484 1681 1520 et
1703 1475 1794 1520 Dei
1818 1475 2233 1539 Verbum;‚ponitur

271 1538 475 1582 medium
499 1538 768 1592 intellectus,
785 1553 879 1582 non
906 1539 1123 1597 accipitur
1145 1554 1226 1598 pro
1250 1540 1445 1584 essentia
1474 1541 1670 1596 animae,
1686 1556 1805 1602 quae
1830 1544 2232 1607 estomnibus-po-

269 1605 419 1649 tentiis
446 1605 719 1659 communis,
737 1605 815 1650 sed
834 1620 916 1665 pro
934 1606 1147 1665 potentiis
1163 1606 1466 1663 inferioribus,
1483 1623 1600 1668 quae
1623 1621 1727 1656 sunt
1749 1611 1879 1661 omni
1892 1612 2086 1665 animae
2101 1625 2232 1665 ,βρω-

274 1686 449 1717 munes.

963 1852 1398 1911 ARTICULUS
1434 1855 1535 1912 111.
2079 1843 2087 1852 ”
2134 1843 2136 1869 ³
2174 1888 2230 1937 39

271 1982 461 2021 UTRUM
500 1985 672 2025 ANIMA
710 1985 745 2023 A
785 1987 877 2024 DEI
917 1988 1063 2026 FILIO
1104 1989 1256 2028 PRIUS
1299 1990 1497 2029 FUERIT
1530 1991 1834 2045 ASSUMPTA,
1870 1993 2029 2040 QUAM
2061 1994 2226 2036 CARO.

785 2096 912 2155 (Infr.
939 2104 1020 2142 art.
1047 2111 1088 2154 4.
1115 2105 1151 2143 et
1186 2115 1223 2158 q.
1245 2114 1302 2159 33.
1330 2106 1413 2146 art.
1440 2116 1475 2146 1.
1503 2099 1556 2144 ad
1587 2114 1627 2145 2.
1654 2107 1694 2147 et
1723 2116 1760 2161 3.

537 2166 575 2204 et
599 2175 636 2219 q.
659 2175 715 2220 35.
743 2169 822 2206 art.
849 2177 891 2219 4.
918 2170 956 2208 et
975 2179 1010 2223 3.
1039 2166 1150 2210 Dist.
1178 2181 1218 2211 2.
1246 2182 1282 2225 q.
1310 2182 1350 2212 2.
1377 2173 1416 2212 et
1435 2183 1471 2228 3.
1495 2168 1606 2212 Dist.
1623 2182 1665 2213 2.
1691 2183 1732 2228 q.
1749 2183 1787 2228 5.
1810 2174 1892 2214 art.
1918 2183 1959 2215 2.

818 2236 856 2274 et
878 2230 949 2274 lib.
972 2245 1013 2287 4.
1037 2232 1178 2277 Contr.
1201 2248 1238 2291 g.
1264 2243 1354 2294 cap.
1371 2249 1427 2294 33.
1449 2248 1521 2292 44.
1539 2241 1579 2280 et
1591 2235 1693 2294 45.).

360 2335 436 2380 An
464 2348 676 2382 TERTIUM
703 2339 766 2383 sic
793 2340 1062 2399 proceditur.
1090 2342 1294 2398 Videtur,
1322 2347 1443 2404 quod
1477 2348 1629 2390 anima
1657 2347 1830 2392 Christi
1853 2347 1988 2394 fuerit
2011 2348 2135 2409 prius
2161 2349 2227 2394 as·

271 2412 454 2461 sumpta
481 2417 506 2447 a
531 2404 697 2463 Verb0,
725 2420 861 2464 quam
905 2422 1031 2453 caro:
1073 2410 1190 2455 filius
1227 2412 1350 2456 enim
1376 2413 1466 2458 Dei
1491 2415 1737 2474 assumpsit
1767 2429 1955 2461 carnem
1993 2416 2225 2473 mediante

275 2469 442 2523 anima'
469 2479 518 2514 ut
542 2471 713 2515 dictum
740 2483 807 2517 est
833 2475 902 2530 (ar
905 2481 933 2519 t·
951 2491 972 2519 1
977 2509 986 2519 ·
1005 2476 1090 2534 huj·
1118 2479 1197 2535 9.):
1224 2479 1303 2523 sed
1329 2481 1451 2539 prius
1477 2483 1737 2540 pervenitur
1763 2483 1820 2527 ad
1845 2483 2071 2539 medium«
2089 2497 2231 2544 qum
2311 2462 2342 2482 ’ἰ

273 2535 329 2579 ad
356 2546 623 2591 extremum,
651 2553 760 2597 ergo
787 2540 924 2585 Filius
949 2542 1038 2586 Dei
1064 2546 1306 2604 assumpsit
1331 2547 1453 2605 prius
1479 2549 1698 2604 animam,
1725 2564 1865 2608 quam
1890 2557 2071 2611 corpus.
2093 2582 2147 2610 μ,
2173 2567 2210 2608 εἱζ,

367 2615 407 2646 2.
427 2602 724 2650 PRAETEREA.
741 2606 910 2651 Anima
930 2609 1100 2654 Christi
1127 2621 1193 2655 est
1219 2613 1399 2671 dignior
1426 2615 1614 2674 angelis,
1636 2613 2228 2682 secundum-illudJP3af9612

274 2669 460 2714 Adorate
485 2687 576 2715 eum
602 2686 739 2717 omnes
755 2675 889 2732 angeli
905 2678 1008 2734 ejus.-
1026 2677 1104 2720 sed
1123 2680 1274 2737 angeli
1296 2682 1434 2726 creati
1457 2693 1560 2728 sunt
1585 2698 1611 2728 a
1637 2682 1876 2744 principio,
1893 2681 1945 2738 ut
1961 2684 2014 2737 in
2041 2685 2082 2739 ζ..
2102 2684 2231 2743 ›habi-

271 2746 371 2780 tum
397 2747 464 2781 est
489 2738 549 2796 (q.
572 2739 646 2795 46.
669 2746 747 2784 art.
771 2757 806 2799 3.
833 2748 868 2785 et
893 2757 930 2800 q.
959 2743 1022 2788 61.
1050 2751 1129 2788 art.
1156 2761 1195 2790 2.
1224 2754 1260 2791 et
1280 2750 1356 2806 3.),·
1386 2764 1497 2808 ergo
1525 2760 1569 2795 et
1596 2751 1750 2796 anima
1776 2751 1963 2807 Christi,
1987 2765 2106 2813 quae
2130 2765 2228 2798 non

270 2801 357 2847 fuit
386 2813 489 2847 ante
523 2816 687 2860 creata,
718 2821 855 2866 quam
889 2821 1141 2869 assumpta:
1176 2813 1283 2858 dicit
1316 2816 1436 2859 enim
1469 2818 1685 2864 Damasc.
1711 2819 1759 2863 in
1788 2833 1825 2879 3.
1851 2818 1928 2864 lib.
1951 2819 2228 2879 (Οήῇᾳᾟίἆ.

271 2877 362 2931 cap.
379 2885 421 2916 2.
433 2886 468 2930 3.
492 2878 530 2916 et
551 2875 612 2931 9.)
631 2874 752 2932 quod
775 2890 797 2915 ‹<
824 2889 1074 2935 numquam
1101 2893 1247 2938 neque
1275 2883 1441 2937 anima,
1459 2899 1606 2944 neque
1625 2900 1791 2946 corpus
1809 2886 1981 2933 Christi
1996 2884 2230 2949 ptqpssiam

269 2934 523 2983 habuerunt
548 2939 829 2998 hypostasim
858 2954 1033 3001 praeter
1050 2945 1188 2990 Verbi
1213 2948 1497 3007 hypostasim
1521 2970 1544 2994 2>
1562 2969 1572 3008 ;
1592 2968 1703 3013 ergo
1720 2955 1913 3011 videtur,
1929 2955 2054 3016 quod
2075 2955 2230 3006 anima

269 3002 405 3048 fuerit
431 3015 534 3049 ante
561 3019 804 3066 assumpta,
832 3023 968 3067 quam
997 3026 1116 3066 caro,
1145 3029 1258 3072 quae
1287 3027 1352 3059 est
1379 3030 1600 3079 concepta
1625 3022 1672 3065 in
1699 3032 1829 3067 utero
1854 3021 2130 3084 Virginis.
2177 3071 2181 3076 ,

365 3086 402 3130 3.
436 3072 731 3119 PRAETEREA.
760 3075 889 3133 Joan.
923 3091 958 3120 1.
987 3079 1166 3123 dicitur:
1200 3082 1385 3128 Vidimus
1416 3102 1507 3129 eum
1532 3089 1705 3146 plenum
1734 3091 1981 3149 graman
2009 3091 2229 3148 veritatis,-

272 3148 316 3183 et
341 3148 499 3197 postea
526 3141 744 3195 subditur,
771 3143 892 3201 quod
919 3144 965 3188 de
984 3146 1237 3202 plenitudine
1268 3153 1352 3207 ejus
1383 3167 1456 3196 nos
1488 3168 1625 3200 omnes
1655 3158 1901 3217 accepimus,
1927 3157 2044 3204 idest
2067 3154 2231 3213 obstes

274 3204 432 3250 fideles
473 3220 763 3267 quocumque
804 3219 1025 3268 tempore,
1052 3222 1100 3256 ut
1128 3214 1363 3273 Chrysost.
1406 3221 1592 3278 exponit
1617 3223 1748 3280 (hom.
1784 3237 1843 3285 13.
1874 3226 1923 3270 in
1945 3224 2232 3285 loun-2:211&
2310 3252 2317 3260 ==

273 3282 424 3316 autem
451 3287 545 3317 non
571 3286 702 3328 esset,
728 3276 814 3319 nisi
841 3278 992 3321 anima
1021 3279 1190 3324 Christi
1216 3282 1446 3329 habuisset
1478 3287 1807 3344 plenitudinem
1833 3293 2100 3352 gratiaelfet
2116 3291 2232 3346 -vffb

270 3339 374 3383 tatis
402 3350 504 3384 ante
531 3354 693 3387 omnes
734 3354 932 3398 sanctos,
958 3347 1032 3403 qui
1060 3345 1239 3392 fuerunt
1266 3350 1318 3393 ab
1347 3352 1522 3410 origine
1549 3358 1727 3401 mundi:
1755 3360 1861 3418 quia
1886 3372 2025 3407 eausa
2043 3370 2233 3418 npnest

272 3407 496 3464 posterior
523 3419 733 3465 causato;
762 3425 867 3454 cum
893 3411 1029 3469 igitur
1061 3413 1294 3471 plenitudo
1339 3419 1523 3475 gratiae,
1550 3431 1593 3465 et
1619 3425 1820 3471 veritatis
1847 3426 1984 3477 fuerit
2002 3423 2229 3491 initium

275 3472 446 3517 Christi
469 3490 521 3518 ex
549 3476 717 3521 unione
745 3478 799 3521 ad
827 3476 1044 3533 Verbum,
1070 3482 1319 3526 secundum
1348 3484 1456 3529 illud
1485 3489 1606 3545 quod
1633 3491 1801 3536 ibidem
1827 3493 2232 3554 diciturnffidimm·

270 3539 452 3597 gloriam
478 3545 578 3601 ejus,
606 3546 725 3603 quasi
749 3547 953 3603 unigeniti
978 3562 1003 3591 a
1029 3546 1168 3603 Patre,
1186 3550 1356 3608 plenum
1378 3555 1557 3610 gratiae,
1581 3562 1619 3601 et
1642 3560 1848 3615 veritatis,
1869 3558 2154 3622 consequens
2168 3562 2232 3608 vi-

274 3606 415 3661 detur,
441 3610 562 3668 quod
590 3624 615 3654 a
643 3612 866 3671 principio
893 3614 1050 3659 mundi
1076 3615 1228 3660 anima
1251 3616 1422 3664 Christi
1444 3619 1576 3666 suerit
1594 3637 1619 3667 a
1637 3624 1788 3670 Verbo
1813 3626 1902 3673 Dei
1922 3627 2173 3690 assumpta·-
2212 3654 2216 3657 Δ
