2352 3926
246 216 318 272 24
807 207 1083 254 QUAESTIO
1125 207 1158 243 Ι.
1201 201 1506 255 ARTICULUS
1547 199 1623 236 111.

247 317 373 361 Deus
399 312 687 359 subtraxisset
717 310 944 354 humanae
970 317 1157 352 naturae
1182 306 1369 360 bonurn,
1387 304 1514 361 cuius
1536 314 1680 359 capax
1701 308 1820 352 erat;
1847 311 1959 357 ergo
1984 296 2194 353 sinemo

246 397 342 428 non
366 389 612 441 peccasset,
637 378 763 421 Deus
788 376 1046 419 incarnatus
1070 373 1236 418 fuisset.
1945 395 1947 398 ι
1976 402 1977 405 ,
2042 411 2044 413 ,
2071 398 2097 426 ,²
2159 414 2162 416 ,

336 461 378 503 4.
395 448 689 491 PRAETEREA.
708 442 1064 487 Praedestinatio
1081 441 1167 485 Dei
1187 450 1254 484 est
1269 449 1470 483 aeterna:
1497 434 1576 480 sed
1599 432 1762 477 dicitur
1777 431 1914 478 Rom.
1936 429 2047 485 1.,de
2063 429 2198 483 Chri-

250 526 344 561 sto:
373 515 461 571 ραι·
480 511 807 572 praedestinatus
829 515 885 553 est
905 509 1038 553 Filius
1055 509 1137 552 Dei
1158 509 1202 550 in
1227 507 1397 557 virtute;
1427 517 1535 561 ergo
1564 501 1702 545 etiam
1729 508 1832 543 ante
1858 507 2099 557 peccatum
2122 509 2199 552 ne-

252 581 495 627 cessarium
522 588 616 622 erat
640 576 806 620 Filium
830 575 921 620 Dei
945 574 1185 628 incarnari,
1212 573 1268 617 ad
1293 572 1383 615 hoc
1411 569 1532 629 quod
1558 567 1648 611 Dei
1673 565 2024 626 praedestinatio
2044 560 2202 622 imple-

251 658 384 693 retur.
1940 673 1942 675 .
1979 676 1982 681 .
2074 663 2075 666 =

346 727 380 772 5.
406 713 701 757 PRAETEREA.
728 709 1056 754 Incarnationis
1084 706 1349 766 mysterium
1382 714 1449 750 est
1480 703 1627 762 primo
1653 700 1833 745 homini
1858 698 2130 754 revelatum,
2140 706 2206 750 <ut

254 791 375 841 patet
405 793 484 839 per
514 778 603 821 hoc
631 777 753 836 quod
785 776 894 820 dixit
921 776 1046 832 (Gen.
1079 777 1169 828 2.):
1202 774 1295 818 Hoc
1327 787 1436 816 nunc
1468 786 1510 815 os
1541 784 1590 814 ex
1622 769 1776 814 ossibus
1798 768 1923 820 meis,
1943 776 2046 820 etc.,
2076 762 2202 824 quod

253 850 412 907 Apost.
446 846 552 889 dicit
591 858 689 888 esse
728 858 927 902 magnum
962 843 1276 887 Sacramentum
1311 842 1355 884 in
1384 839 1562 892 Christo,
1596 842 1633 881 et
1674 837 1719 880 in
1750 834 1951 888 Ecclesia,
1989 842 2043 881 ut
2079 840 2202 891 patet

254 914 508 973 Ephes.‚5.:
535 910 613 955 sed
638 910 782 954 homo
809 924 902 954 non
923 909 1069 967 potuit
1091 922 1188 952 esse
1210 907 1437 966 praescius
1461 904 1530 949 sui
1553 917 1683 947 casus
1711 901 1879 947 eadem,
1900 899 2095 953 rationes
2112 911 2206 958 qua

254 995 339 1025 nec
364 977 585 1038 Angelus,
611 987 660 1021 ut
684 977 877 1035 August.
904 976 1063 1035 probat
1090 987 1155 1018 11.
1178 988 1312 1033 super
1330 972 1445 1017 Gen.
1465 971 1520 1015 ad
1546 970 1610 1014 lit.
1631 969 1742 1029 (cap.
1767 969 1870 1027 18.),·
1893 980 2006 1026 ergo
2026 963 2208 1018 etiamsi

255 1049 400 1093 homo
426 1060 520 1090 non
544 1053 792 1104 peccasset,
818 1044 943 1087 Deus
968 1042 1225 1086 incarnatus
1250 1039 1418 1084 fuisset.
1479 1040 1483 1045 '
1964 1065 2002 1084 ‚
2048 1063 2054 1071 „

347 1113 440 1158 SED
468 1124 662 1157 CONTRA
688 1120 768 1164 est,
795 1110 915 1169 quod
942 1110 1132 1167 August.
1151 1108 1259 1151 dicit
1283 1107 1329 1150 in
1355 1106 1430 1150 lib.
1449 1107 1503 1150 de
1519 1104 1656 1148 Verb.
1678 1104 1820 1147 Dom.
1843 1112 2076 1161 exponens
2095 1096 2208 1154 illttd

259 1180 381 1242 quod
406 1180 596 1223 habetur
621 1178 732 1222 Luc.
765 1190 853 1238 19.:
889 1178 1005 1220 Venit
1015 1176 1131 1235 filius
1153 1176 1330 1219 hominis
1355 1189 1564 1233 quaerere,
1593 1178 1628 1217 et
1652 1171 1817 1216 salvum
1833 1170 1978 1229 facere
2002 1166 2120 1227 ,quod
2140 1173 2213 1227 pe-

258 1250 388 1293 rierat
413 1247 554 1305 (serm.
574 1245 641 1305 36.
674 1252 764 1304 cap.
785 1244 858 1288 ult.
890 1243 955 1288 sed
985 1244 1208 1303 expressius
1233 1244 1278 1285 in
1301 1242 1371 1286 lib.
1399 1242 1444 1286 de
1479 1241 1597 1285 Verb.
1621 1240 1764 1298 Apost.
1786 1251 1911 1283 serm.
1932 1236 1980 1283 8.
2012 1242 2108 1295 cap.
2129 1229 2210 1292 20:

264 1331 287 1357 α
314 1315 433 1373 Ergo
461 1313 499 1358 si
522 1313 667 1356 homo
698 1326 792 1355 non
823 1321 1069 1369 peccasset,
1095 1309 1212 1353 filius
1243 1308 1443 1352 hominis
1475 1321 1568 1352 non
1600 1305 1798 1350 venisset
1822 1319 1875 1359 >23
1899 1312 1958 1358 et,
1975 1316 2017 1359 j,
2044 1301 2108 1346 iad
2133 1298 2211 1350 Ti-

260 1381 496 1426 motheum
520 1393 555 1423 1.
567 1394 664 1438 sup.
683 1378 792 1422 illud
811 1393 820 1421 :
843 1378 1029 1422 Christus
1045 1378 1217 1421 venitin
1232 1377 1340 1420 hunc
1359 1375 1575 1429 mundum,
1592 1380 1636 1418 ut
1647 1369 2211 1432 peccatoressalvossacaret‚

263 1449 369 1492 dicit
390 1446 541 1491 Gloss.
568 1445 679 1504 (ord.
702 1446 811 1503 Aug.
828 1444 899 1488 lib.
920 1444 966 1488 de
992 1444 1029 1487 V
1027 1445 1110 1488 erb.
1133 1444 1280 1502 Apost.
1297 1458 1416 1487 serm.
1439 1443 1520 1501 9.).·
1539 1457 1562 1482 c<
1585 1438 1723 1484 Nulla
1740 1451 1877 1496 causa
1892 1435 2107 1494 veniendi
2123 1432 2209 1491 §uit

264 1514 448 1559 Christo
475 1513 694 1565 Domino,
719 1511 804 1555 nisi
830 1521 1092 1570 peccatores
1118 1511 1268 1567 salvos
1299 1509 1472 1553 facere:
1499 1506 1610 1552 tolle
1636 1506 1839 1560 morbos,
1868 1502 1983 1559 tolle
2005 1500 2211 1557 ,Vtssmsstan

265 1591 310 1626 et
334 1579 458 1624 nulla
484 1589 551 1623 est
576 1578 830 1622 medicinae
857 1591 993 1621 causa
1018 1594 1059 1621 ».
1975 1602 1978 1603 ν
2116 1611 2120 1616 Α

353 1647 640 1691 ΚΕεΡοΝΒΕο
667 1645 921 1698 dicendum,
948 1644 1070 1703 quod
1097 1643 1233 1703 aliqui
1261 1644 1382 1687 circa
1411 1643 1503 1688 hoc
1534 1639 1807 1687 diversimode
1839 1638 2112 1698 opina-utun,
2129 1636 2218 1696 qui-

267 1713 363 1759 dam
389 1713 511 1757 enim
538 1712 704 1766 dicunt,
736 1712 857 1771 quod
885 1711 1062 1755 etiarnsi
1086 1710 1231 1754 homo
1263 1725 1357 1755 non
1389 1718 1636 1770 peccasset,
1661 1708 1752 1752 Dei
1782 1705 2218 1760 Filiusjnmmams

267 1780 448 1824 fuisset:
475 1780 552 1823 alii
567 1793 675 1823 vero
703 1778 980 1822 contrarium
998 1787 1215 1833 asserunt,
1233 1792 1430 1836 quorum
1457 1775 1696 1821 assertioni
1716 1775 1864 1833 magis
1881 1771 2219 1827 assentiendum

269 1847 464 1900 videtur;
487 1861 540 1890 ea
562 1846 684 1890 enim
710 1859 826 1904 quae
851 1859 905 1889 ex
930 1844 1028 1889 sola
1044 1845 1131 1889 Dei
1149 1844 1383 1888 voluntate
1400 1844 1672 1904 proveniunt
1695 1855 1831 1901 supra
1851 1853 1992 1895 omne
2016 1838 2220 1892 debitum

272 1924 516 1967 creaturae,
547 1913 678 1956 nobis
709 1913 991 1956 innotescere
1017 1926 1111 1955 non
1143 1921 1345 1969 possunt,
1371 1911 1459 1955 nisi
1490 1921 1710 1970 quatenus
1746 1910 1793 1953 in
1821 1908 1964 1963 Sacra
1988 1906 2222 1966 Scriptum

270 1980 517 2033 traduntur,
543 1994 621 2039 per
652 1993 788 2038 quarn
821 1979 971 2022 divina
1006 1978 1217 2022 voluntas
1257 1978 1389 2023 nobis
1421 1978 1686 2032 innotescit;
1713 1976 1832 2020 unde
1865 1989 1972 2021 cum
2002 1974 2050 2019 in
2081 1973 2223 2018 Sacra

274 2046 502 2105 Scriptura
534 2045 698 2103 ubique
730 2044 1052 2089 incarnationis
1081 2045 1197 2088 ratio
1231 2058 1284 2088 ex
1315 2055 1504 2104 peccato
1547 2044 1681 2102 primi
1720 2042 1924 2087 hominis
1955 2041 2223 2100 assignetur,

273 2112 615 2157 convenientius
641 2112 813 2168 dicitur,
829 2111 1151 2155 incarnationis
1178 2125 1291 2170 opus
1318 2111 1575 2156 ordinatum
1603 2125 1702 2155 esse
1725 2125 1749 2154 a
1766 2111 1869 2155 Deo
1895 2109 1944 2154 in
1968 2106 2225 2154 remedium

274 2189 432 2223 contra
463 2188 724 2237 peccatum3
750 2178 813 2222 ita
844 2178 980 2237 quod,
1013 2187 1200 2236 peccato
1238 2193 1330 2221 non
1367 2178 1598 2232 existente,
1635 2177 1889 2221 incarnatio
1923 2190 2020 2221 non
2044 2173 2223 2220 fuisset:

275 2245 482 2305 quamvis
523 2245 722 2304 potentia
747 2245 836 2289 Dei
868 2245 923 2289 ad
952 2246 1044 2289 hoc
1077 2259 1171 2290 non
1206 2244 1446 2291 limitetur:
1477 2247 1672 2306 potuisset
1705 2245 1830 2290 enim
1860 2244 2001 2289 etiam
2032 2237 2225 2304 peccato

276 2327 369 2357 non
395 2312 624 2366 existente,
650 2312 776 2356 Deus
801 2312 1039 2356 incarnari.

365 2379 440 2423 An
472 2391 659 2423 Panum
692 2391 801 2437 ergo
834 2378 1091 2434 dicendum,
1124 2379 1246 2438 quod
1280 2393 1439 2423 ornnes
1474 2379 1589 2423 aliae
1622 2393 1799 2432 causae,
1839 2392 1957 2438 quae
1994 2386 2100 2422 sunt
2124 2374 2230 2421 assi-

278 2454 441 2505 gnatae
468 2446 570 2503 (art.
596 2446 776 2504 praec),
799 2446 1023 2504 pertinent
1049 2445 1103 2488 ad
1122 2446 1374 2490 remedium
1400 2447 1597 2505 peccati:
1625 2446 1663 2490 si
1689 2446 1812 2489 enim
1836 2445 1983 2489 homo
2007 2457 2104 2488 non
2127 2455 2230 2503 pec·

279 2522 437 2566 casset,
469 2511 673 2572 perfusus
698 2510 854 2557 fuisset
874 2511 1045 2556 lumine
1071 2512 1248 2557 divinae
1271 2514 1530 2571 sapientiae,
1550 2522 1595 2556 et
1610 2512 1821 2570 justitiae,
1842 2510 2114 2559 rectitudine
2134 2523 2230 2568 per-

279 2579 422 2624 fectus
449 2593 473 2622 a
499 2579 600 2623 Deo
628 2579 683 2623 ad
710 2579 865 2623 omnia
891 2579 1143 2623 necessaria
1173 2579 1508 2638 cognoscenda,
1536 2589 1578 2623 et
1605 2578 1803 2636 agenda:
1831 2578 1910 2623 sed
1937 2577 2045 2636 quia
2066 2576 2229 2630 homo,

281 2646 457 2690 deserto
484 2645 601 2699 Deo,
628 2645 854 2703 collapsus
881 2655 976 2689 erat
1002 2645 1057 2688 ad
1085 2645 1354 2705 corporalia,
1378 2645 1654 2689 conveniens
1670 2644 1765 2698 fuit,
1785 2654 1833 2688 ut
1848 2645 1988 2701 Deus,
2006 2656 2143 2697 carne
2165 2656 2232 2688 as·-

280 2721 474 2772 sumpta,
500 2712 637 2756 etiam
663 2727 743 2771 per
769 2712 1022 2771 corporalia
1049 2712 1092 2756 ei
1118 2712 1272 2757 salutis
1300 2712 1553 2756 remedium
1580 2711 1835 2765 exhiberet;
1862 2709 2117 2758 undedicit
2139 2709 2234 2755 Au·

282 2779 485 2837 gustinus
504 2778 772 2838 (superscan.
791 2795 844 2824 1..·
875 2779 1052 2823 Verbum
1074 2794 1171 2824 caro
1190 2780 1356 2838 factum
1378 2786 1448 2831 est;
1478 2784 1596 2823 tract.
1621 2779 1702 2836 2.):
1741 2777 1907 2822 «Caro
1940 2787 1985 2822 te
2011 2776 2232 2822 obcaeca-

282 2855 421 2899 verat,
456 2859 559 2891 caro
592 2855 635 2889 te
667 2856 817 2891 sanat:
851 2846 1068 2905 quoniam
1100 2846 1165 2891 sic
1197 2846 1320 2891 venit
1352 2846 1576 2900 Christus,
1609 2857 1658 2890 ut
1689 2846 1744 2889 de
1778 2858 1914 2891 carne
1946 2843 2094 2890 carnis
2123 2843 2234 2888 vitia

284 2910 563 2971 extingueret
587 2929 629 2956 ».

372 2979 448 3023 An
471 2992 728 3024 SECUNDUM
746 2979 1002 3033 dicendum,
1019 2981 1139 3039 quod
1166 2980 1211 3024 in
1228 2980 1326 3039 ipso
1351 2979 1491 3024 modo
1514 2980 1824 3039 productionis
1846 2993 2000 3024 rerum
2017 2992 2072 3024 ex
2087 2977 2235 3026 nihilo

286 3044 436 3089 dlvina
462 3047 600 3090 virtus
625 3045 797 3089 infinita
825 3047 1092 3091 ostenditur:
1122 3046 1176 3090 ad
1204 3046 1528 3106 perfectionem
1549 3047 1686 3091 etiam
1704 3045 1902 3091 universi
1918 3044 2097 3100 sufficit,
2113 3046 2238 3106 quod

287 3111 480 3156 naturali
507 3113 645 3156 modo
674 3122 876 3157 creatura
904 3113 1132 3158 ordinetur
1155 3114 1200 3157 in
1218 3115 1369 3158 Deum
1393 3117 1508 3158 sicut
1525 3114 1568 3157 in
1588 3114 1748 3158 finem:
1776 3114 1866 3157 hoc
1891 3122 2043 3158 autern
2060 3113 2239 3159 excedit

287 3177 454 3223 limites
479 3177 766 3239 perfectionis
791 3190 992 3234 naturae,
1019 3191 1067 3224 ut
1093 3191 1296 3225 creatura
1327 3181 1505 3224 uniatur
1530 3181 1633 3225 Deo
1661 3181 1705 3225 in
1732 3194 1942 3239 persona.

377 3245 452 3290 AD
479 3258 692 3291 TER‘HUM
719 3246 976 3301 dicendum,
1009 3247 1130 3305 quod
1160 3247 1307 3307 duplex
1335 3247 1561 3306 capacitas
1587 3247 1756 3292 attendi
1791 3257 1941 3307 potest
1963 3246 2011 3291 in
2036 3247 2240 3301 humana

289 3321 446 3356 natura
461 3320 581 3356 suna
606 3312 790 3372 quidem
807 3314 1056 3357 secundum
1084 3314 1289 3358 ordinem
1313 3314 1541 3373 potentiae
1562 3314 1791 3368 naturalis,
1814 3329 1930 3374 quae
1953 3329 1979 3359 a
1999 3305 2242 3369 Deo¹semy

290 3392 365 3437 per
392 3378 615 3437 impletur,
642 3379 717 3438 qui
745 3379 820 3423 dat
846 3380 1087 3439 unicuique
1114 3381 1176 3424 rei
1203 3381 1453 3424 secundum
1476 3395 1607 3425 suam
1635 3375 1936 3440 capacitatem
1957 3372 2239 3435 naturalem

289 3444 374 3489 alia
401 3459 507 3489 vcro
534 3445 783 3490 secundum
811 3446 1019 3491 ordinem
1045 3446 1222 3491 divinae
1246 3449 1490 3507 potentiae,
1509 3448 1582 3491 cui
1600 3448 1750 3493 omnis
1774 3448 2162 3506 creaturarobedit
2183 3448 2240 3493 ad

292 3521 536 3565 nutum3et
553 3512 606 3556 ad
630 3513 719 3557 hoc
748 3513 937 3572 pertinet
964 3515 1047 3558 ista
1074 3515 1323 3573 capacitas3
1351 3528 1443 3559 non
1470 3525 1623 3559 autem
1649 3515 1774 3559 Deus
1801 3515 2151 3568 ornnemtalem
2172 3528 2244 3570 ca·

293 3577 534 3638 pacitatem
561 3589 745 3624 naturae
772 3578 953 3639 implet:
982 3579 1184 3639 alioquin
1210 3580 1336 3625 Deus
1367 3594 1461 3626 non
1487 3592 1641 3641 posset
1664 3581 1814 3627 facere
1839 3583 1885 3627 in
1911 3590 2132 3639 creatura,
2153 3582 2244 3637 nisi
