2352 3926
269 207 378 280 248
768 225 1046 270 QUAESTIO
1086 225 1278 264 xxvm.
1321 203 1629 268 ART1cthth
1669 228 1748 267 111.

269 326 307 370 si
334 340 452 380 earn,
479 340 617 385 quam
643 325 872 371 revelante
904 327 1087 386 Angelo
1115 328 1170 372 de
1198 328 1367 387 Spiritu
1390 329 1562 375 Sancto
1589 331 1743 375 Deum
1770 330 2039 391 concepisse
2065 345 2235 392 cogno·

269 403 409 447 verat,
451 393 671 452 polluere..
694 403 955 448 attentaret;
984 405 1028 438 et
1053 395 1158 439 ideo
1195 396 1462 456 simpliciter
1488 407 1556 443 est
1582 398 1892 453 asserendum,
1929 399 2053 459 quod
2088 399 2236 444 Mater

270 460 358 504 Dei
386 461 500 504 sicut
525 462 656 518 virgo
685 461 909 519 concepit,
938 471 982 505 et
1007 462 1139 520 virgo
1166 463 1355 522 peperit,
1382 464 1444 509 ita
1472 465 1612 509 etiam
1639 475 1684 510 et
1703 465 1834 524 virgo
1861 477 1965 524 post
1988 475 2167 526 partum
2179 466 2234 512 ‘in

271 528 600 586 sempiternum
626 529 890 586 permansit.

362 595 437 637 AD
464 607 654 638 PRIMUM
682 609 791 654 ergo
820 595 1079 650 dicendum,
1107 597 1243 656 quod,
1272 597 1387 642 sicut
1419 598 1729 658 Hieronymus
1757 599 1866 644 dicit
1886 599 1933 644 in
1957 598 2034 645 lib.
2062 600 2236 646 Contra

272 661 535 705 Helvidium
563 662 676 721 (cap.
703 679 738 707 1.
767 662 821 706 ad
844 664 953 722 fin),
986 680 1009 704 «
1035 663 1383 724 intelligendum
1410 677 1496 721 est,
1525 668 1647 725 quod
1679 667 1795 711 haec
1822 667 2101 727 praepositio
2127 674 2236 720 ante,

271 728 380 773 licet
407 743 540 786 saepe
569 730 897 788 consequentia
923 730 1106 785 indicet,
1132 741 1288 776 tamen
1313 747 1645 792 nonnunquam
1669 748 1722 778 ea
1748 744 1942 788 tantum,
1968 749 2083 794 quae
2114 733 2238 793 prius

274 796 607 854 cogitabantur,
635 797 853 841 ostendit:
881 813 966 842 nec
993 813 1181 843 necesse
1209 809 1290 853 est,
1313 810 1362 844 ut
1388 801 1588 859 cogitata
1614 801 1747 856 fiant3
1776 817 1879 846 cum
1907 802 2011 846 ideo
2034 800 2156 845 aliud
2177 801 2241 845 in-

271 863 529 917 tervenerit,
547 878 604 907 ne
632 877 700 918 ea,
729 879 844 923 quae
872 865 1072 924 cogitata
1094 876 1211 920 sunt,
1239 865 1418 912 fierent:
1436 870 1551 911 sicut
1567 868 1605 911 si
1622 868 1783 927 aliquis
1807 869 1948 914 dicat:
1976 869 2239 927 Antequam

271 930 319 974 in
345 940 479 989 portu
501 931 786 989 pranderem,
809 932 1037 991 navigavi,
1064 947 1159 978 non
1184 933 1452 993 intelligitur
1477 936 1599 993 quod
1626 936 1671 979 in
1698 946 1831 995 portu
1864 935 2096 995 prandeat,
2121 945 2242 994 post-

272 1013 412 1056 quam
444 998 740 1057 navigaverit,
773 999 852 1044 sed
892 1000 998 1059 quia
1037 1001 1324 1060 cogitabatur
1355 1002 1400 1045 in
1433 1013 1567 1060 portu
1599 1017 1843 1061 pransurus
1875 1019 1926 1058 »ς
1959 1012 2004 1047 et
2033 1001 2241 1047 similiter

273 1064 565 1124 Evangelista
592 1065 720 1110 dicit:
748 1067 985 1126 Antequam
1011 1070 1295 1122 convenirent,
1322 1070 1496 1113 inventa
1522 1076 1575 1114 est
1605 1072 1651 1113 in
1676 1076 1791 1115 utero
1817 1071 1968 1115 habens
1997 1070 2044 1115 de
2077 1069 2240 1129 Spiritu

272 1133 427 1178 Sancto
438 1148 456 1191 ,·
483 1147 577 1177 non
616 1134 721 1193 quia
746 1144 906 1193 postea
944 1136 1234 1190 convenerit;
1268 1135 1347 1180 sed
1385 1136 1489 1195 quia
1526 1137 1635 1181 dum
1661 1137 1921 1182 viderentur
1958 1135 2240 1190 conventuri,

273 1201 509 1259 praevenit
535 1202 778 1259 conceptio
804 1216 885 1261 per
920 1201 1141 1261 Spiritum
1183 1203 1431 1258 Sanctum3
1458 1218 1512 1248 ex
1538 1219 1629 1263 quo
1661 1204 1834 1249 factum
1860 1214 1942 1260 est,
1973 1215 2024 1250 ut
2053 1203 2240 1250 ulterius

274 1282 369 1312 non
398 1278 709 1313 convenirent.

363 1335 440 1380 AD
460 1349 722 1381 SECUNDUM
745 1337 1006 1392 dicendum,
1024 1336 1162 1396 quod,
1175 1337 1291 1382 sicut
1313 1338 1597 1397 Augustinus
1621 1338 1731 1384 dicit
1749 1339 1796 1383 in
1814 1338 1891 1383 lib.
1915 1353 1952 1384 1.
1973 1339 2030 1383 de
2044 1338 2242 1399 Nuptiis,

277 1413 322 1448 et
348 1402 739 1463 Concupiscentia
762 1404 875 1464 (cap.
907 1421 965 1450 11.
994 1419 1020 1449 α
1039 1407 1182 1464 princ.
1182 1405 1223 1462 ),
1257 1421 1280 1446 ε(
1308 1407 1474 1464 conjux
1494 1405 1669 1465 Joseph
1694 1416 1885 1451 vocatur
1909 1405 2058 1451 Mater
2072 1405 2165 1451 Dei
2189 1420 2243 1450 ex

275 1471 423 1530 prima
449 1472 813 1531 desponsationis
840 1471 944 1525 fide,
972 1487 1110 1531 quam
1137 1486 1216 1531 per
1243 1473 1540 1517 concubitum
1562 1487 1657 1517 non
1685 1483 1980 1532 cognoverat,
1997 1487 2082 1518 nec
2099 1471 2245 1519 fuerat

278 1539 544 1598 cogniturus
567 1555 618 1594 »3
645 1549 695 1583 ut
720 1540 843 1583 enim
875 1539 1147 1583 Ambrosius
1181 1540 1291 1583 dicit
1323 1554 1457 1598 super
1484 1540 1663 1584 Lucam
1692 1541 1806 1601 (cap.
1838 1557 1875 1586 1.
1906 1548 1996 1601 sup.
2027 1539 2132 1585 illud
2144 1556 2157 1586 .·
2188 1541 2246 1585 Et

274 1622 424 1652 nomen
464 1607 649 1666 Virginis
686 1608 882 1665 Maria):
920 1622 1064 1651 «non
1089 1607 1361 1666 virginitatis
1404 1608 1592 1667 ereptio,
1619 1609 1699 1653 sed
1726 1609 1932 1669 conjugii
1970 1607 2244 1663 testificatio,

275 1675 538 1733 nuptiarum
567 1675 813 1720 celebratio
842 1675 1161 1721 declaratur».

366 1743 442 1786 AD
462 1755 679 1788 TERTIUM
697 1743 958 1797 dicendum,
976 1743 1098 1802 quod
1121 1743 1307 1802 quidam
1325 1743 1544 1797 dixerunt,
1558 1743 1648 1787 hoc
1662 1758 1757 1788 non
1779 1757 1878 1788 esse
1893 1741 2242 1802 intelligendum

275 1811 331 1855 de
355 1812 617 1870 cognitione
636 1811 796 1864 coitus,
824 1810 903 1854 sed
921 1810 975 1854 de
999 1811 1262 1869 cognitione
1284 1811 1498 1865 notitiae3
1525 1811 1633 1855 dicit
1651 1810 1773 1855 enim
1797 1811 2038 1870 Chrysost.
2060 1810 2243 1868 (hom.1.

275 1881 320 1922 in
354 1886 416 1937 op.
449 1879 613 1938 imperf.
648 1878 701 1922 ad
722 1879 796 1935 fin.
795 1877 838 1935 )‚
866 1877 989 1936 quod
1020 1894 1042 1918 (ε
1070 1892 1165 1921 non
1198 1878 1416 1937 cognovit
1443 1892 1544 1922 eam
1568 1878 1753 1936 Joseph,
1781 1889 2025 1936 antequam
2052 1887 2243 1937 pareret,

276 1947 404 2004 cujus
421 1945 554 1989 fuerit
571 1945 814 2004 dignitatis:
833 1945 912 1989 sed
928 1955 1172 2004 postquam
1189 1946 1377 2004 peperit,
1394 1955 1501 1989 tunc
1521 1945 1740 2004 cognovit
1756 1959 1872 1989 eam:
1893 1945 1998 2004 quia
2010 1958 2090 2004 per
2105 1943 2245 2003 ipsius

276 2012 455 2072 prolem
472 2013 736 2072 speciosior,
751 2023 794 2056 et
811 2013 991 2071 dignior
1007 2011 1126 2056 facta
1143 2011 1302 2067 fuerat,
1322 2027 1459 2072 quam
1471 2022 1593 2056 totus
1611 2011 1828 2066 mundus;
1847 2012 1953 2071 quia
1970 2026 2107 2071 quem
2122 2007 2245 2056 totus

277 2080 476 2123 mundus
503 2093 666 2139 capere
697 2093 791 2123 non
828 2089 1020 2138 poterat,
1057 2079 1102 2122 in
1131 2090 1324 2138 angusto
1359 2079 1569 2124 cubiculo
1604 2079 1720 2123 uteri
1751 2079 1822 2123 sui
1853 2078 1951 2123 sola
1979 2079 2178 2138 suscepit
2203 2093 2244 2122 »z

277 2147 465 2206 quidam
490 2161 601 2191 vero
627 2147 718 2190 hoc
742 2145 942 2191 referunt
969 2146 1024 2190 ad
1050 2147 1262 2190 notitiam
1284 2147 1430 2191 visus:
1460 2147 1576 2191 sicut
1593 2149 1715 2190 enim
1737 2146 1892 2205 Moysi
1908 2160 2014 2203 cum
2029 2146 2133 2191 Deo
2157 2145 2248 2190 col-

277 2213 505 2273 loquentis
529 2213 784 2273 glorificata
813 2223 880 2258 est
905 2213 1059 2268 facies,
1088 2224 1135 2257 ut
1161 2228 1255 2258 non
1282 2224 1468 2273 possent
1494 2215 1729 2258 intendere
1762 2213 1808 2257 in
1836 2227 1942 2257 eum
1967 2212 2048 2258 filii
2077 2212 2247 2258 Israel:

278 2281 342 2325 sic
370 2281 516 2325 Maria
534 2280 737 2325 claritate
752 2281 927 2325 virtutis
945 2280 1172 2325 Altissimi
1190 2281 1459 2325 obumbrata
1477 2281 1698 2340 cognosci
1715 2295 1810 2325 non
1827 2290 2007 2340 poterat
2024 2279 2247 2340 aJoseph,

279 2349 427 2393 donec
454 2359 652 2408 pareret:
678 2359 783 2408 post
808 2358 988 2407 partum
1016 2358 1168 2393 autem
1212 2363 1237 2392 a
1258 2349 1431 2408 Joseph
1470 2349 1624 2407 agnita
1656 2348 1885 2392 invenitur
1916 2347 2068 2407 specie
2099 2346 2247 2402 faciei,

278 2431 374 2460 non
400 2426 524 2460 tactu
550 2416 773 2470 libidinis3
797 2416 1109 2474 Hieronymus
1143 2426 1296 2460 autem
1323 2417 1415 2473 (lib.
1455 2417 1616 2460 advers.
1646 2415 1817 2460 Hel-vid.
1850 2422 1940 2475 cap.
1976 2430 2014 2475 3.
2031 2422 2191 2474 parum
2221 2429 2249 2459 a

273 2485 434 2543 princ.)
465 2483 690 2537 concedit,
716 2483 808 2527 hoc
836 2498 936 2527 esse
956 2483 1302 2542 intelligendum
1321 2483 1377 2527 de
1396 2483 1660 2542 cognitione
1680 2484 1853 2527 coitus:
1881 2481 1960 2526 sed
1987 2481 2109 2538 dicit,
2125 2481 2249 2541 quod

279 2567 420 2610 usque,
437 2550 512 2595 vel
523 2551 648 2595 donec
666 2551 713 2595 in
732 2551 975 2610 Scripturis
994 2551 1213 2610 dupliciter
1230 2561 1379 2610 potest
1403 2550 1618 2610 intelligi:
1640 2551 1881 2610 quandoque
1898 2550 2022 2594 enim
2043 2549 2250 2608 designat

282 2628 458 2662 certum
483 2628 678 2677 tempus,
705 2619 956 2663 secundum
983 2618 1095 2663 illud
1124 2619 1226 2663 Gal.
1259 2633 1320 2677 3.:
1349 2620 1528 2678 Propter
1546 2619 1906 2677 transgressionem
1923 2616 1988 2661 lex
2014 2618 2154 2677 posita
2178 2621 2248 2670 est,

282 2685 408 2731 donec
441 2688 602 2730 veniret
636 2701 782 2739 semen,
812 2687 879 2730 cui
897 2688 1151 2745 promiserat
1166 2702 1182 2739 ;
1215 2686 1458 2745 quandoque
1484 2700 1594 2731 vero
1622 2685 1771 2744 signat
1801 2683 2030 2728 infinitum
2057 2694 2249 2743 tempus,

282 2753 535 2798 secundum
562 2752 672 2797 illud
699 2752 868 2797 Psalm.
902 2766 1021 2796 122.:
1055 2754 1179 2798 Oculi
1205 2755 1335 2798 nostri
1370 2753 1424 2797 ad
1449 2754 1686 2797 Dominum
1711 2753 1851 2796 Deum
1889 2757 2092 2805 nostrum,
2125 2750 2249 2796 donec

282 2822 528 2865 misereatur
552 2822 682 2865 nostri
701 2837 714 2865 .·
745 2834 800 2864 ex
826 2834 916 2879 quo
944 2834 1038 2864 non
1058 2831 1124 2864 est
1144 2820 1509 2879 intelligendum,
1533 2819 1655 2879 quod
1682 2828 1786 2878 post
1806 2818 2096 2878 impetratam
2120 2817 2252 2862 mise-

282 2888 529 2932 ricordiam
558 2886 681 2931 oculi
699 2897 958 2931 avertantur
986 2902 1008 2931 a
1026 2888 1129 2931 Deo
1149 2904 1159 2942 3
1188 2897 1231 2932 et
1248 2888 1502 2932 secundum
1517 2888 1639 2931 hunc
1666 2887 1858 2931 modum
1879 2885 2097 2945 loquendi
2117 2885 2251 2945 signi-

283 2956 476 3000 ficantur
502 2969 571 3010 ea,
597 2955 653 2999 de
680 2955 841 3014 quibus
869 2964 1022 3015 posset
1054 2956 1261 3010 dubitari,
1289 2956 1326 2999 si
1359 2955 1526 3014 scripta
1557 2969 1650 2999 non
1685 2953 1895 2999 fuissent:
1929 2963 2108 2999 caetera
2138 2966 2250 2998 vero

283 3034 467 3069 nostrae
497 3022 825 3081 intelligentiae
859 3022 1253 3081 derelinquuntur:
1291 3033 1335 3067 et
1376 3022 1629 3067 secundum
1667 3022 1756 3066 hoc
1798 3019 2091 3079 Evangelista
2126 3019 2250 3074 dicit,

285 3092 484 3136 Matrem
510 3091 599 3135 Dei
624 3105 718 3135 non
746 3104 843 3134 esse
871 3091 1104 3148 cognitam
1135 3105 1159 3134 a
1184 3091 1282 3134 viro
1311 3105 1452 3150 usque
1482 3091 1536 3134 ad
1555 3099 1751 3149 partum,
1778 3098 1827 3133 ut
1847 3088 2001 3134 'multo
2024 3087 2172 3147 magis
2188 3087 2254 3132 in-

283 3159 545 3218 telligamus
573 3158 807 3217 cognitam
835 3172 928 3201 non
956 3157 1093 3201 fuisse
1121 3167 1223 3216 post
1250 3168 1445 3216 partum.

375 3227 450 3270 AD
478 3238 716 3276 QUARTUM
750 3224 1010 3278 dicendum,
1037 3225 1159 3283 quod
1194 3239 1295 3269 mos
1324 3225 1577 3269 divinarum
1613 3224 1947 3283 Scripturarum
1981 3232 2063 3277 est,
2096 3231 2146 3267 ut
2168 3196 2254 3283 pri-

285 3293 575 3351 mogenitum
611 3303 780 3337 vocent
815 3306 910 3336 non
948 3291 1097 3336 solum
1126 3306 1247 3345 eum,
1276 3306 1410 3350 quem
1438 3291 1596 3335 fratres
1633 3300 1896 3367 sequuntur,
1929 3288 2009 3334 sed
2037 3303 2142 3334 eum
2175 3288 2254 3348 qui

284 3361 458 3420 primus
483 3371 616 3405 natus
643 3360 717 3404 sit:
748 3358 949 3418 alioquin
977 3359 1014 3402 si
1040 3373 1133 3402 non
1157 3368 1224 3402 est
1250 3358 1596 3416 primogenitus,
1624 3358 1709 3402 nisi
1736 3370 1873 3416 quem
1899 3366 2147 3415 sequuntur
2170 3354 2255 3400 fra-

284 3438 390 3482 tres,
417 3427 590 3472 tamdiu
617 3426 927 3472 sacerdotibus
954 3426 1206 3470 secundum
1233 3425 1384 3481 legem
1408 3425 1712 3484 primogenita
1729 3438 1824 3468 non
1842 3423 2076 3477 debentur,
2098 3436 2254 3482 quam·

286 3495 361 3538 diu
390 3505 433 3539 et
459 3494 546 3539 alia
573 3509 667 3539 non
692 3493 859 3539 fuerint
890 3503 1150 3553 procreata:
1179 3492 1299 3551 quod
1328 3502 1450 3549 patet
1476 3507 1573 3536 esse
1607 3491 1787 3545 falsum,
1824 3503 1928 3535 cum
1962 3489 2079 3534 intra
2110 3502 2251 3535 unum

286 3576 494 3606 mensem
524 3563 601 3620 [al.
629 3564 746 3608 intra
771 3576 944 3615 arulum,
972 3567 1010 3606 et
1029 3566 1123 3621 post
1147 3559 1341 3616 mensem]
1372 3560 1678 3618 primogenita
1700 3557 1865 3604 redimi
1891 3556 2166 3604 mandentur
2187 3571 2253 3604 se-

287 3629 487 3673 cundum
510 3629 678 3688 legem.
