2352 3926
591 237 870 284 QUAEsrro
910 239 1060 278 xxxt.
1101 237 1408 278 ART1cums
1448 237 1485 276 1.
1913 223 2013 276 261

146 337 321 384 Tertio.
347 339 420 384 De
447 338 719 399 genealogia
747 339 934 394 Christi,
962 355 1078 399 quae
1105 341 1150 384 in
1176 340 1435 399 Evangeliis
1455 338 1650 398 ponitur.

0 392 9 417 ⁵
70 414 77 438 -’
148 405 341 459 Quarto.
376 406 542 451 Utrum
569 407 771 452 decuerit
798 406 1034 451 Christum
1058 408 1184 452 nasci
1217 409 1271 452 de
1294 407 1510 452 foemina.

53 22 77 66 gs
82 0 131 33 sq„

0 421 11 450 Ξ

0 470 14 490 *2

0 518 11 547 ἱ

0 598 10 634 i

147 473 338 526 Quinto.
367 473 532 518 Utrum
559 472 693 518 fuerit
724 473 779 518 de
802 474 1054 533 purissimis
1087 474 1381 533 sanguinibus
1407 474 1593 534 virginis
1621 486 1786 532 corpus
1813 473 1909 532 ejus
1935 471 2023 517 for-

0 547 13 596 {z
54 550 246 614 matum.-

0 650 6 717 Ξ

143 607 296 652 Sexto.
331 607 498 652 Utrum
525 622 632 653 caro
661 607 832 653 Christi
863 606 998 653 fuerit
1029 608 1076 652 in
1110 607 1305 667 antiquis
1332 608 1531 666 patribus
1569 607 1825 653 secundum
1851 606 2021 667 aliquid

51 674 91 720 ιῆ
157 684 295 719 atum.

1 687 366 802 guSeptimo.
402 742 568 787 Utrum
596 756 703 787 caro
731 741 941 787 Christi
929 757 975 786 1n
1001 742 1201 801 patribus
1227 740 1362 786 fuerit
1387 752 1578 801 peccato
1606 742 1819 788 obnoxia.

0 835 6 852 r
143 808 342 854 Octavo.
370 809 538 854 Utrum
563 808 695 853 fuerit
720 808 950 854 decimata
970 809 1018 853 in
1043 808 1210 853 lumbis
1236 809 1466 853 Abrahae.

783 963 1221 1022 ARTICULUS
1261 965 1304 1020 I.
1935 977 2017 1024 168
2066 1001 2070 1005 >

299 1099 492 1138 UTRUM
532 1099 676 1139 CARO
720 1100 940 1139 CHRISTI
980 1101 1178 1140 FUERIT
1220 1100 1439 1139 SUMPTA
1482 1101 1556 1139 DE
1595 1100 1768 1138 ADAM.

136 1207 213 1254 AD
243 1220 432 1254 PRIMUM
458 1208 521 1253 sic
549 1209 822 1267 proceditur.
840 1209 1045 1263 Videtur,
1073 1209 1195 1269 quod
1224 1223 1330 1253 caro
1359 1209 1532 1254 Christi
1557 1223 1650 1253 non
1678 1208 1813 1253 fuerit
1837 1219 2020 1267 sumpta

49 1287 104 1320 ex
128 1275 305 1331 Adam;
332 1276 440 1320 dicit
471 1276 593 1320 enim
626 1277 787 1336 Apost.
819 1290 855 1320 1
890 1277 944 1321 ad
979 1276 1088 1321 Cor.
1117 1290 1211 1332 25.:
1239 1277 1411 1321 Primus
1441 1277 1564 1320 homo
1591 1276 1637 1320 de
1670 1282 1782 1320 terra
1815 1281 2017 1331 terrenus,

3 1332 243 1389 {mundus
271 1343 392 1387 homo
418 1343 465 1388 de
481 1344 588 1388 coelo
617 1344 818 1389 coelestis:
852 1344 1023 1403 primus
1047 1353 1199 1388 autem
1227 1344 1373 1388 homo
1401 1354 1470 1388 est
1495 1343 1662 1397 Adam,
1689 1344 1916 1388 secundus
1951 1353 2018 1388 est

2 1411 26 1467 J
48 1408 285 1466 Christus;
311 1424 422 1470 ergo
456 1410 666 1456 Christus
690 1425 786 1456 non
818 1421 886 1456 est
917 1426 971 1456 ex
997 1411 1165 1466 Adam,
1192 1412 1271 1455 sed
1301 1411 1440 1455 habet
1477 1411 1530 1454 ab
1559 1425 1614 1455 eo
1644 1411 1904 1455 distinctam
1931 1411 2016 1455 ori-

19 1510 23 1513 «
49 1477 221 1537 ginem.

136 1545 508 1594 2.,PRAET1·:REA.
536 1545 794 1604 Conceptio
829 1545 1000 1590 Christi
1033 1546 1187 1590 debuit
1227 1560 1326 1590 esse
1360 1545 1560 1589 maxime
1601 1544 1899 1590 miraculosa:
1932 1543 2012 1588 sed

46 1612 195 1669 majus
222 1622 291 1656 est
316 1612 588 1657 miraculum
616 1612 814 1657 formare
842 1627 1007 1672 corpus
1033 1613 1241 1669 hominis·
1263 1627 1316 1656 ex
1341 1612 1456 1656 limo
1488 1622 1649 1666 terrae,
1676 1626 1815 1671 quam
1847 1626 1900 1656 ex
1927 1626 2019 1656 ma-

9 1685 28 1730 ζ’
45 1678 160 1723 teria
183 1678 400 1734 humana,
427 1694 542 1739 quae
576 1680 631 1724 de
655 1680 805 1724 Adam
828 1680 1045 1734 trahitur3
1072 1693 1182 1738 ergo
1208 1679 1400 1734 videtur,
1423 1680 1545 1739 quod
1578 1693 1671 1723 non
1698 1678 1831 1723 fuerit
1854 1693 2020 1723 conve-

10 1739 27 1786 ζ’
44 1745 190 1800 niens,
213 1745 450 1791 Christum
464 1746 518 1790 ab
537 1746 690 1791 Adam
708 1761 892 1790 carnem
910 1748 1179 1806 sumpsisse;
1198 1761 1310 1806 ergo
1322 1747 1500 1790 videtur
1516 1747 1638 1806 quod
1658 1760 1823 1805 corpus
1842 1745 2016 1790 Christi

11 1819 13 1822 '
45 1825 143 1856 non
180 1811 383 1858 debuerit
412 1812 601 1858 formari
633 1815 688 1858 de
723 1827 873 1858 massa
905 1814 1094 1858 humani
1128 1814 1306 1873 generis
1334 1814 1622 1858 derivata-ab
1651 1814 1819 1868 Adam,
1853 1813 1933 1857 sed
1959 1813 2017 1857 de

13 1876 198 1940 gtaliqua
225 1879 314 1924 alia
344 1881 549 1925 materia.

11 1947 33 2004 ’ξι
138 1959 177 2005 3.
202 1945 501 1992 PRAETEREA.
525 1949 777 1993 Peccatum
760 1964 806 1992 m
822 1948 929 1992 hunc
951 1947 1152 1992 mundum
1171 1950 1350 1994 intravzt
1354 1956 1437 2008 per
1454 1964 1584 1992 unum
1601 1948 1824 2003 hominem,
1842 1947 2017 1992 scilicet

23 2022 128 2076 per
151 2013 330 2069 Adam3
366 2015 472 2074 quia
499 2028 661 2059 omnes
706 2014 751 2058 in
779 2028 835 2059 eo
873 2015 1155 2073 originaliter
1192 2016 1433 2060 existentes
1469 2025 1788 2074 peccaverunt,
1821 2025 1870 2058 ut
1894 2024 2018 2074 patet

171 2093 288 2139 1.5.;
305 2081 383 2125 sed
402 2082 441 2126 si
457 2095 623 2141 corpus
647 2081 821 2126 Christi
845 2081 1004 2126 fuisset
1022 2082 1075 2125 ab
1095 2082 1248 2126 Adam
1266 2091 1514 2141 sumptum,
1527 2083 1622 2142 ipse
1641 2082 1777 2126 etiam
1797 2081 1843 2125 in
1862 2082 2015 2125 Adam

101 2146 326 2201 ';inaliter
355 2147 526 2204 fuisset,
557 2150 740 2208 quando
768 2149 995 2208 peccavit3
1024 2163 1135 2208 ergo
1169 2160 1412 2209 peccatum
1446 2149 1669 2208 originale
1703 2150 2015 2204 contraxisset,

106 2214 186 2259 ἐἰ-
193 2228 288 2260 non
319 2215 510 2260 decebat
532 2215 704 2260 Christi
729 2216 1000 2275 puritatem;
1026 2230 1121 2260 non
1141 2231 1252 2275 ergo
1279 2230 1444 2276 corpus
1474 2216 1647 2260 Christi
1673 2226 1741 2260 est
1765 2215 2014 2260 formatum

23 2252 76 2316 Ῠ
56 2293 103 2326 e
126 2282 316 2327 materia
342 2295 523 2342 sumpta
555 2283 608 2326 ab
637 2283 804 2328 Adam.

87 2347 230 2394 3’'81312
249 2362 444 2395 CONTRA
472 2359 552 2404 est,
571 2350 694 2408 quod
716 2350 877 2409 Apost.
907 2350 1015 2394 dicit
1033 2350 1088 2394 ad
1108 2349 1243 2394 Hebr
1268 2363 1332 2396 2.:
1360 2350 1580 2408 Nusquam
1597 2349 1760 2408 angelos
1786 2349 2014 2409 apprehen-

37 2420 120 2472 t,
136 2415 311 2461 scilicet
340 2416 478 2462 Filius
496 2417 599 2471 Dei,
626 2416 691 2462 sed
710 2432 846 2461 semen
873 2417 1072 2462 Abrahae
1105 2417 1399 2477 apprehendit:
1432 2430 1590 2461 semen
1619 2427 1771 2460 autem
1798 2416 2013 2460 Abrahae

127 2490 276 2545 ·ptum
302 2494 371 2528 est
396 2498 450 2528 ex
490 2484 668 2539 Adam3
712 2499 822 2544 ergo
851 2498 1016 2544 corpus
1045 2484 1217 2529 Christi
1245 2484 1330 2529 fuit
1369 2484 1617 2529 formatum
1654 2484 1710 2528 de
1742 2483 1934 2528 materia
1960 2497 2014 2527 ex

104 2559 197 2594 am
223 2561 418 2610 sumpta.

34 2615 81 2681 ζ
134 2614 422 2663 RESPONDEO
449 2617 709 2672 dicendum,
741 2617 864 2677 quod
892 2618 1103 2663 Christus
1143 2618 1396 2663 humanam
1428 2629 1640 2662 naturam
1674 2618 1931 2678 assumpsit,
1965 2627 2015 2662 ut

71 2693 151 2728 m
166 2696 199 2728 a
220 2685 516 2744 corruptione
542 2696 778 2744 purgaret3
796 2699 891 2729 non
910 2694 1062 2728 autem
1080 2687 1349 2761 purgatione
1365 2686 1597 2744 indigebat
1614 2695 1776 2729 natura
1796 2685 2013 2739 humana,

42 2748 130 2814 [w
156 2751 406 2796 secundum
432 2753 555 2812 quod
580 2751 747 2796 infecta
771 2762 866 2796 erat
882 2766 961 2811 per
987 2752 1215 2810 originem
1240 2752 1460 2805 vitiatam,
1479 2766 1567 2810 qua
1582 2767 1636 2796 ex
1663 2752 1815 2795 Adam
1832 2752 2016 2796 descen-

39 2814 77 2870 ,ξ’
115 2827 202 2869 vat:
228 2827 274 2864 et
297 2819 400 2864 ideo
427 2819 706 2863 conveniens
732 2817 815 2863 fuit
841 2829 890 2863 ut
915 2832 1103 2862 carnem
1131 2828 1333 2863 sumeret
1359 2833 1412 2863 ex
1430 2819 1623 2863 materia
1651 2818 1704 2861 ab
1723 2818 1875 2862 Adam
1903 2819 2014 2862 deri-

116 2887 165 2939 12,
184 2894 234 2931 ut
251 2886 350 2944 ipsa
374 2896 535 2930 natura
560 2900 641 2946 per
662 2887 1022 2945 assumptionem
1050 2896 1296 2932 curaretur.

134 2950 213 2997 AD
234 2965 422 2998 PRIMUM
448 2967 559 3012 ergo
587 2953 845 3007 dicendum,
863 2953 986 3012 quod
1012 2953 1240 2998 secundus
1263 2953 1425 3006 homo,
1452 2952 1568 2996 idest
1595 2952 1820 3005 Christus,
1848 2951 2011 2994 dicitur

12 3034 20 3043 ’-
98 3048 103 3051 -
119 3030 146 3063 e
169 3018 226 3063 de
251 3019 399 3074 coelo,
425 3033 520 3064 non
547 3020 732 3080 quidem
755 3030 975 3079 quantum
1004 3021 1059 3064 ad
1087 3021 1328 3064 materiam
1353 3020 1573 3079 corporis,
1591 3020 1669 3063 sed
1691 3018 1765 3063 vel
1791 3028 2011 3076 quantum

47 3084 91 3134 [³
115 3083 338 3131 ‘virtutem
362 3086 656 3132 formativam
683 3089 888 3147 corporis
916 3089 1026 3146 ejus,
1059 3087 1133 3131 vel
1160 3088 1299 3132 etiam
1326 3096 1548 3145 quantum
1572 3086 1627 3129 ad
1652 3086 1800 3144 ipsam
1828 3087 1925 3143 ejus
1952 3083 2015 3127 di·

91 3150 305 3200 nitatem·
336 3155 590 3199 secundum
613 3165 766 3199 autem
789 3155 1029 3199 materiam
1057 3169 1223 3214 corpus
1253 3154 1423 3198 Christi
1451 3152 1535 3197 fuit
1551 3163 1798 3205 terrenum,
1825 3151 1942 3195 sicut
1967 3158 2012 3194 et

144 3232 215 3263 us
240 3219 383 3267 Adae.

37 3269 122 3322 ἷ
134 3285 211 3331 An
232 3298 491 3333 sEGtJNDUM
514 3289 774 3343 dicendum,
792 3288 929 3348 quod,
947 3289 1064 3333 sicut
1090 3302 1224 3347 supra
1247 3288 1419 3332 dictum
1438 3297 1505 3331 est
1525 3286 1581 3344 (q.
1604 3301 1673 3345 29.
1693 3291 1773 3328 art.
1800 3300 1836 3329 r.
1859 3283 1913 3328 ad
1929 3298 1953 3328 2
1959 3283 2010 3340 .)‚

47 3412 50 3414 .
111 3353 313 3398 terium
344 3353 668 3399 incarnationis
700 3354 872 3400 Christi
904 3365 972 3400 est
1003 3355 1219 3414 quiddam
1253 3353 1595 3406 miraculosum,
1627 3366 1720 3395 non
1754 3351 1869 3394 sicut
1896 3350 2012 3394 ordi-

157 3430 206 3463 ιιι
227 3419 283 3464 ad
309 3420 707 3466 confirmationem
733 3421 852 3476 fidei,
879 3423 956 3466 sed
983 3423 1100 3466 sicut
1126 3422 1341 3466 articulus
1363 3420 1491 3464 fidei:
1521 3430 1563 3463 et
1590 3419 1694 3462 ideo
1721 3418 1768 3461 in
1792 3417 2010 3476 mysterio

59 3485 367 3532 carnationis
391 3501 486 3532 non
522 3488 775 3547 requiritur,
809 3488 915 3547 quid
948 3489 1003 3532 sit
1041 3490 1186 3547 majus
1214 3486 1502 3539 miraculum,
1541 3486 1656 3529 sicut
1695 3484 1742 3527 in
1779 3482 2009 3528 miraculis

16 3538 98 3612 ἐξ
93 3546 124 3585 ’ἷ-
195 3549 310 3598 fiunt
341 3554 397 3598 ad
429 3554 827 3599 confirmationem
859 3554 987 3609 fidei3
1021 3554 1098 3599 sed
1134 3555 1241 3614 quid
1267 3555 1325 3598 sit
1356 3553 1535 3597 divinae
1569 3551 1816 3610 sapientiae
1851 3565 2013 3595 conve-

16 3632 82 3726 ᾗ
108 3617 260 3674 ··tius,
274 3621 482 3680 etmagis
507 3621 750 3680 expediens
766 3589 997 3666 humana'e
1022 3620 1171 3675 saluti,
1188 3620 1311 3680 quod
1329 3619 1569 3678 requiritur
1590 3618 1635 3662 in
1659 3616 1871 3662 omnibus
1894 3632 2010 3677 quae
