2352 3926
291 220 363 274 94
839 214 1116 262 QUAESTIO
1156 213 1251 253 vn.
1290 212 1600 254 ARTICULUS
1640 213 1717 254 XI·

287 320 378 365 tiae
405 320 591 374 Christi,
619 328 777 364 contra
803 317 925 377 quod
951 317 1111 361 dicitur
1129 315 1230 374 Job.
1259 315 1354 360 28.:
1381 316 1480 361 Non
1512 315 1815 374 adaequabitur
1837 317 1875 361 ei
1895 330 2065 372 aarum,
2089 318 2160 364 vel
2178 320 2246 365 νῖ-

289 393 417 442 trum,
443 387 692 432 secundum
719 385 841 444 quod
865 383 1004 442 Greg.
1029 382 1091 427 ibi
1117 383 1302 443 exponit
1329 382 1424 439 (lib.
1448 383 1511 427 18.
1540 381 1805 443 Moral.cap.‘
1827 382 1937 443 27.),·
1959 397 2077 445 ergo
2102 386 2248 446 gratia

291 453 462 498 Christi
487 464 554 498 est
574 453 762 497 infinita.

378 521 471 566 SED
504 533 699 566 CONTRA
725 527 806 572 est,
833 517 956 576 quod
989 516 1132 577 gratia
1159 526 1227 561 est
1252 514 1469 575 quiddam
1495 525 1700 568 creatum
1724 515 1772 560 in
1799 516 1975 562 anima:
2002 518 2084 564 sed
2108 526 2249 565 omne

207 617 215 624 ·
290 598 493 631 creatum
521 597 587 630 est
612 586 806 638 finitum,
832 584 1083 629 secundum
1108 583 1220 627 illud
1248 583 1351 642 Sap.
1390 596 1482 626 11.:
1512 584 1672 629 Omnia
1701 585 1748 628 in
1776 598 1967 640 numero,
1994 591 2034 631 et
2053 586 2250 646 pondere,

291 661 328 699 et
349 668 539 698 mensura
572 654 829 712 disposuisti,·
858 666 968 710 ergo
997 651 1140 710 gratia
1168 650 1338 694 Christi
1364 663 1459 694 non
1481 660 1548 694 est
1572 650 1759 696 infinita.

373 721 660 765 Rsssponmzo
695 719 953 773 dicendum,
989 718 1124 777 quod,
1158 717 1274 761 sicut
1306 731 1360 760 ex
1393 731 1527 775 supra
1560 717 1688 762 dictis
1720 727 1845 778 patet
1875 718 1937 778 (q.
1962 733 2004 764 2.
2030 725 2111 764 art.
2136 721 2240 780 ra),

286 791 330 834 in
359 788 543 832 Christo
571 796 719 846 potest
743 787 893 845 duplex
926 785 1069 843 gratia
1102 783 1408 828 considerari:
1441 799 1527 828 una
1558 784 1743 843 quidem
1774 795 1842 830 est
1872 786 2018 844 gratia
2047 786 2247 843 unionis,

284 870 413 915 quae,
440 855 556 898 sicut
581 868 714 912 supra
741 854 913 897 dictum
940 862 1007 896 est
1035 851 1092 910 (q.
1121 851 1162 895 6.
1190 857 1269 894 art.
1298 850 1380 907 6.),
1404 861 1471 895 est
1495 851 1646 910 ipsum
1667 852 1784 896 uniri
1805 852 2105 913 personaliter
2125 854 2243 900 Filio

283 923 383 975 Dei,
411 921 533 980 quod
561 930 629 965 est
654 922 791 979 gratis
820 933 1092 963 concessum
1119 918 1349 961 humanae
1375 927 1584 973 naturae3
1618 928 1663 962 et
1692 919 1811 964 hanc
1844 920 2039 980 gratiam
2067 930 2246 967 constat

284 1003 382 1033 esse
408 990 630 1047 infinitam,
659 987 911 1031 secundum
939 985 1061 1044 quod
1087 985 1185 1043 ipsa
1211 998 1408 1042 persona
1433 985 1573 1029 Verbi
1599 995 1668 1030 est
1698 986 1895 1031 infinita:
1927 987 2016 1032 alia
2040 1001 2162 1033 vero·
2179 999 2248 1034 est

284 1056 427 1115 gratia
454 1054 719 1108 habituali53
747 1067 862 1113 quae
885 1053 1071 1112 quidem
1093 1061 1242 1111 potest
1267 1051 1491 1111 dupliciter
1508 1053 1810 1100 considerari:
1832 1068 1916 1099 uno
1936 1054 2074 1110 modo,
2091 1056 2249 1101 s'eeun-

285 1124 394 1167 dum
421 1122 542 1182 quod
570 1132 637 1166 est
663 1121 894 1181 quoddam
922 1135 1023 1174 ens3
1052 1129 1096 1163 et
1117 1119 1181 1163 sic
1199 1133 1387 1163 necesse
1405 1129 1488 1174 est,
1506 1121 1629 1179 quod
1650 1123 1708 1165 sit
1727 1136 1796 1167 ens
1812 1122 1981 1179 finitum
1995 1138 2010 1167 .·
2032 1131 2103 1167 est
2122 1123 2247 1168 enim

281 1191 328 1234 in
356 1190 508 1234 anima
535 1189 721 1242 Christi,
747 1188 865 1232 sicut
889 1187 936 1231 in
963 1187 1194 1245 subjecto:
1223 1186 1376 1230 anima
1403 1197 1556 1231 autern
1585 1187 1754 1233 Christi
1783 1198 1853 1234 est
1877 1199 2084 1234 creatura
2105 1203 2244 1250 quae-

282 1257 388 1301 dam
413 1257 584 1301 habens
612 1258 910 1316 capacitatem
935 1254 1136 1308 finitam3
1162 1253 1283 1298 unde
1310 1267 1408 1298 esse
1435 1255 1622 1313 gratiae,
1649 1269 1756 1299 cum
1780 1269 1876 1300 non
1899 1255 2089 1302 excedat
2108 1269 2245 1302 suum

281 1324 548 1382 subjectum,
574 1338 668 1367 non
693 1332 843 1382 potest
868 1336 965 1366 esse
991 1321 1240 1365 infinitum:
1267 1321 1351 1366 alio
1373 1321 1493 1366 modo
1515 1332 1666 1380 potest
1688 1323 1968 1368 considerari
1986 1324 2240 1371 secundum

283 1392 513 1451 propriam
526 1392 749 1436 rationem
762 1390 957 1449 gratiae;
977 1399 1021 1434 et
1033 1390 1096 1433 sic
1115 1388 1259 1447 gratia
1278 1388 1450 1433 Christi
1464 1399 1615 1448 potest
1630 1389 1719 1434 dici
1737 1391 1919 1450 infinita,
1930 1403 1989 1435 eo
2007 1391 2132 1451 quod
2144 1405 2243 1436 non

279 1459 517 1513 limitatur3
545 1459 650 1518 quia
675 1458 851 1502 scilicet
875 1457 1013 1501 habet
1040 1455 1255 1516 quidquid
1282 1466 1433 1515 potest
1457 1457 1682 1516 pertinere
1709 1457 1766 1501 ad
1791 1459 2029 1503 rationem
2050 1459 2238 1518 gratiae,

280 1537 324 1571 et
347 1541 442 1571 non
469 1527 598 1571 datur
624 1527 665 1570 ei
691 1526 943 1570 secundum
972 1525 1172 1583 aliquam
1200 1533 1373 1568 certam
1399 1538 1664 1569 mensuram
1689 1524 1749 1579 id,
1775 1525 1899 1585 quod
1930 1524 1989 1570 ad
2013 1525 2241 1586 rationem

279 1595 450 1653 gratiae
482 1595 695 1654 pertinet3
724 1609 779 1639 eo
807 1593 930 1653 quod
957 1592 1211 1636 secundum
1237 1591 1524 1652 propositum
1542 1592 1645 1646 Dei,
1664 1593 1791 1651 cujus
1813 1603 1882 1638 est
1902 1592 2099 1652 gratiam
2118 1603 2246 1639 men-

278 1676 445 1716 surare,
472 1662 614 1720 gratia
641 1661 870 1706 confertur
889 1661 1068 1705 animae
1087 1659 1274 1714 Christi,
1292 1659 1410 1704 sicut
1427 1660 1612 1704 cuidam
1629 1659 1875 1706 universali
1899 1660 2124 1722 principio
2147 1674 2246 1722 gra-

276 1729 534 1773 tificationis
562 1729 607 1772 in
633 1729 835 1772 humana
861 1738 1037 1782 natura,
1065 1726 1318 1772 secundum
1349 1726 1462 1771 illud
1495 1727 1662 1786 Ephes.
1700 1741 1760 1771 1.:
1796 1727 2070 1784 Gratificavit
2099 1743 2173 1775 nos
2197 1730 2243 1774 in

278 1796 419 1840 dilecto
451 1797 561 1840 Filio
587 1811 683 1848 su0‚·
713 1796 830 1840 sicut
855 1796 894 1840 si
920 1795 1125 1839 dicamus
1151 1794 1306 1839 lucem
1331 1794 1441 1839 solis
1469 1808 1568 1839 esse
1590 1793 1830 1849 infinitam,
1852 1808 1947 1840 non
1969 1795 2157 1855 quidem
2177 1809 2244 1842 se-

279 1864 476 1907 cundum
502 1878 636 1907 suum
663 1878 777 1917 esse,
805 1864 882 1907 sed
910 1863 1162 1907 secundum
1188 1861 1416 1907 rationem
1442 1861 1580 1916 lucis;
1613 1862 1719 1921 quia
1749 1862 1902 1918 habet,
1934 1862 2153 1923 quidquid
2185 1863 2242 1908 ad

278 1930 502 1974 rationem
529 1930 641 1974 lucis
669 1931 890 1989 pertinere
918 1939 1080 1988 potest.

367 1998 442 2041 AD
469 2011 655 2042 PRIMUM
678 2012 786 2057 ergo
806 1998 1066 2051 dicendum,
1089 1996 1211 2056 quod
1232 1997 1276 2040 id
1300 1997 1422 2056 quod
1445 1996 1628 2041 dicitur:
1655 1998 1804 2051 Pater,
1821 2011 1906 2042 non
1926 1997 1982 2042 ad
2003 2010 2243 2043 mensuram

279 2063 350 2107 dat
376 2064 578 2122 Spiritum
603 2064 741 2108 Filio:
769 2080 851 2108 uno
878 2064 1000 2108 modo
1023 2064 1261 2123 exponitur
1283 2065 1338 2108 de
1361 2064 1499 2118 dono,
1523 2064 1645 2123 quod
1662 2065 1789 2108 Deus
1805 2064 1942 2109 Pater
1966 2064 2022 2109 ab
2049 2075 2238 2111 aeterno

281 2130 403 2174 dedit
427 2130 557 2185 Filio,
584 2131 758 2176 scilicet
785 2133 986 2176 divinam
1012 2142 1237 2185 naturam,
1264 2145 1380 2191 quae
1402 2141 1469 2175 est
1491 2131 1664 2175 donum
1691 2132 1945 2187 infinitum;
1967 2131 2087 2178 unde
2109 2145 2243 2193 quae-

282 2197 387 2240 dam
417 2196 544 2242 Glos.
572 2199 755 2256 (interl.)
783 2199 890 2243 dicit
914 2199 998 2243 ibi:
1040 2200 1094 2243 Ut
1127 2206 1266 2244 tantus
1290 2201 1341 2243 sit
1366 2199 1513 2252 Filius,
1540 2205 1718 2258 quantus
1748 2206 1788 2245 et
1819 2200 1970 2245 Pater:
2001 2200 2086 2245 alio
2111 2200 2240 2246 modo

281 2274 427 2323 potest
454 2265 606 2309 referri
630 2266 684 2310 ad
707 2267 894 2321 donum,
917 2268 1038 2326 quod
1063 2266 1219 2310 datum
1243 2276 1309 2310 est
1329 2266 1561 2310 humanae
1577 2275 1781 2322 naturae,
1803 2275 1854 2312 ut
1866 2267 2050 2311 uniatur
2060 2267 2242 2312 divinae

283 2347 520 2391 personae,
558 2334 678 2392 quod
713 2335 849 2378 etiarn
886 2346 952 2379 est
989 2335 1162 2378 donum
1198 2334 1452 2389 infinitum3
1489 2334 1609 2378 unde
1645 2333 1797 2379 Gloss.
1837 2334 2099 2394 (ordinaria)
2132 2335 2243 2381 dicit

285 2399 476 2445 ibidem:
507 2416 530 2442 «
553 2401 680 2445 Sicut
704 2402 837 2446 Pater
862 2403 1063 2461 plenum,
1091 2412 1135 2447 et
1159 2401 1414 2462 perfectum
1441 2402 1597 2462 genuit
1621 2401 1850 2458 Verbum;
1875 2402 1942 2447 sic
1969 2412 2014 2447 et
2037 2401 2240 2462 plenum,

287 2476 330 2511 et
362 2466 612 2526 perfectum
646 2479 712 2512 est
743 2470 919 2513 unitum
952 2470 1182 2513 humanae
1213 2479 1402 2514 naturae
1424 2486 1477 2515 »τ
1515 2471 1634 2515 tertio
1667 2469 1787 2515 modo
1821 2478 1971 2530 potest
2003 2469 2158 2516 referri
2183 2470 2240 2515 ad

286 2534 478 2593 gratiam
503 2535 806 2591 habitualem3
838 2538 1107 2596 inquantum
1141 2538 1285 2596 gratia
1318 2537 1491 2582 Christi
1522 2551 1570 2582 se
1603 2537 1802 2582 extendit
1833 2538 1889 2582 ad
1920 2537 2091 2592 omnia,
2123 2552 2240 2599 quae

277 2611 383 2645 sunt
408 2602 603 2660 gratiae;
630 2603 748 2647 unde
775 2604 967 2662 August.
990 2605 1080 2648 hoc
1104 2619 1334 2663 exponens
1356 2607 1496 2662 (tract.
1519 2606 1605 2663 14.)
1630 2604 1760 2649 dicit:
1793 2621 1816 2647 «
1837 2605 2054 2651 Mensura
2075 2604 2238 2651 divisio

281 2667 506 2726 quaedam
533 2668 759 2713 donorum
782 2680 869 2713 est:
894 2672 985 2715 Alii
1006 2673 1116 2715 enim
1139 2672 1264 2716 datur
1281 2679 1360 2731 per
1377 2672 1582 2731 Spiritum
1597 2686 1730 2716 sermo
1747 2673 1984 2732 sapientiae,
2003 2671 2083 2717 alii
2100 2685 2237 2727 sermo

279 2736 496 2780 scientiae:
525 2736 604 2779 sed
633 2735 856 2790 Christus,
884 2738 960 2796 qui
986 2738 1074 2793 dat,
1101 2753 1195 2783 non
1222 2739 1278 2782 ad
1304 2753 1568 2783 mensuram
1596 2739 1771 2799 accepit
1790 2755 1832 2783 2).
1952 2779 1954 2782 .

368 2802 444 2846 AD
479 2815 738 2847 SECUNDUM
771 2804 1028 2859 dicendum,
1062 2805 1183 2864 quod
1211 2806 1354 2864 gratia
1381 2805 1554 2851 Christi
1584 2805 1723 2851 habet
1752 2805 1979 2851 infinitum
2006 2805 2236 2861 effectum,

281 2879 378 2933 tum
410 2879 594 2928 propter
625 2869 892 2914 infinitatem
926 2873 1202 2930 praedictam
1236 2873 1421 2932 gratiae,
1453 2883 1552 2918 tum
1583 2884 1768 2934 propter
1797 2872 2019 2919 unitatem
2056 2872 2236 2919 divinae

282 2950 517 2996 personae,
546 2937 619 2980 cui
645 2937 796 2980 anima
824 2937 994 2982 Christi
1021 2939 1145 2983 unita
1171 2949 1253 2986 est.

363 3003 439 3048 AD
463 3016 678 3048 TERTmM
700 3003 959 3058 dicendum,
984 3006 1106 3064 quod
1134 3007 1282 3051 minus
1309 3022 1390 3066 per
1418 3018 1717 3067 augmentum
1742 3017 1894 3068 potest
1915 3007 2153 3067 pervenire
2178 3008 2235 3052 ad

274 3070 570 3130 quantitatem
599 3071 799 3128 maj0ris‚
819 3071 862 3114 in
881 3072 950 3115 his
969 3087 1082 3129 quae
1100 3073 1269 3117 habent
1287 3076 1586 3132 quantitatem
1609 3075 1740 3120 unius
1761 3075 1972 3122 rationis:
1994 3076 2074 3121 sed
2091 3074 2236 3136 grafia

274 3137 457 3182 alterius
483 3138 684 3182 hominis
711 3149 1001 3196 comparatur
1029 3139 1083 3182 ad
1112 3142 1303 3197 gratiam
1332 3141 1518 3197 Christi,
1546 3143 1662 3188 sicut
1689 3142 1915 3202 quaedam
1935 3143 2078 3188 virtus
2096 3143 2236 3203 *parti-

274 3203 437 3248 cularis
465 3205 520 3248 ad
547 3204 877 3258 universalem3
906 3206 1023 3248 unde
1048 3206 1162 3250 sicut
1185 3207 1324 3251 virtus
1347 3208 1478 3266 ignis,
1497 3220 1918 3270 quantumcumque
1935 3219 2123 3265 crescat,
2136 3221 2234 3255 non

273 3282 422 3331 potest
447 3272 700 3332 adaequare
727 3272 939 3316 virtutem
962 3272 1094 3316 solis:
1123 3274 1183 3316 ita
1203 3274 1345 3332 gratia
1369 3275 1552 3321 alterius
1571 3278 1788 3333 hominis,
1810 3287 2233 3339 quantumcumque

273 3349 460 3395 crescat,
485 3352 579 3384 non
605 3349 754 3399 potest
781 3340 1033 3398 adaequare
1062 3341 1252 3398 gratiam
1277 3340 1462 3387 Christi.
