2352 3926
279 196 383 261 672
779 202 1057 249 QUAEsno
1098 201 1282 240 Lxxw.
1315 201 1625 261 ARTIctJLus
1663 201 1742 241 111.

368 306 463 351 SED
496 317 691 350 CONTRA
719 313 799 357 est,
827 302 949 361 quod
975 302 1095 360 Aug.
1119 302 1228 346 dicit
1252 303 1298 346 in
1323 302 1526 361 quodam
1551 315 1766 347 sermone
1793 301 1857 359 (id
1881 303 1975 350 hab.
1992 304 2168 364 Gregor.
2193 306 2239 350 in

277 375 587 420 Sacramentar.
619 373 850 416 Dominica
876 384 913 429 5.
933 376 1039 429 post.
1063 370 1263 429 Epiph.).·
1300 369 1520 428 «Singuli
1553 370 1781 428 accipiunt
1812 368 2050 416 Christum
2079 372 2240 417 Domi-

277 456 403 494 num,
431 451 475 484 et
500 441 545 483 in
573 438 761 497 singulis
788 436 1071 495 portionibus
1097 446 1219 481 totus
1253 447 1334 491 est,
1360 450 1445 481 nec
1471 451 1552 496 per
1577 436 1779 496 singulas
1810 437 2042 493 minuitur,
2073 439 2155 485 sed
2175 439 2241 484 in-

278 519 457 566 tegrum
484 521 531 550 se
554 505 738 563 praebet
764 504 809 548 in
832 503 1023 561 singulis
1050 520 1091 547 >›.

367 573 655 617 RESPONDEO
700 571 959 624 dicendum,
1001 569 1139 629 quod,
1176 569 1295 614 sicut
1331 584 1386 614 ex
1433 570 1699 630 supradictis
1730 580 1855 630 patet
1886 570 1988 628 (art.
2022 579 2166 631 praes.
2202 580 2242 618 et

278 648 360 686 art.
383 657 417 685 I.
446 641 532 698 huj.
556 640 629 698 q.),
655 639 760 697 quia
791 638 839 681 in
865 638 954 681 hoc
988 647 1276 681 sacramento
1303 637 1554 682 substantia
1586 638 1790 697 corporis
1817 637 1990 683 Christi
2018 648 2086 684 est
2115 648 2170 684 ex
2192 639 2240 684 vi

279 708 566 760 sacramenti,
608 706 833 765 quantitas
877 714 1030 749 autem
1072 705 1324 748 dimensiva
1361 719 1416 749 ex
1450 705 1497 748 vi
1528 705 1662 750 realis
1700 706 2101 761 concomitantiae,
2133 705 2239 750 ideo

281 789 445 834 corpus
474 774 645 818 Christi
672 783 740 817 est
759 773 806 816 in
823 772 915 816 hoc
941 783 1228 816 sacramento
1255 786 1336 831 per
1362 772 1555 816 modurn
1581 772 1873 827 substantiae,
1898 772 2016 817 idest
2035 786 2116 832 per
2141 787 2240 818 mo-

281 842 390 885 dum
417 855 508 900 quo
536 840 784 884 substantia
820 849 888 884 est
920 839 1002 883 sub
1031 839 1405 894 dimensionibus,
1437 853 1532 883 non
1565 849 1718 884 autem
1744 853 1824 899 per
1854 839 2047 884 modum
2073 840 2245 886 dimen-

281 909 480 961 sionum,
506 908 623 952 idest
647 921 742 950 non
768 920 848 965 per
872 906 1065 950 modum
1090 905 1236 959 illum,
1269 921 1360 965 quo
1387 907 1614 965 quantitas
1647 907 1900 952 dimensiva
1927 906 2117 965 alicujus
2143 921 2244 952 cor—

281 978 404 1035 poris
431 985 498 1019 est
523 975 602 1018 sub
638 974 887 1033 quantitate
921 972 1173 1016 dimensiva
1206 972 1312 1017 loci.
1345 972 1639 1018 Manifestum
1673 983 1717 1017 et
1749 983 1903 1018 autem
1935 973 2058 1033 quod
2083 984 2244 1020 natura

281 1042 557 1087 substantiae
582 1051 679 1086 tota
706 1050 774 1086 est
794 1040 875 1086 sub
903 1039 1103 1099 qualibet
1128 1050 1253 1099 parte
1281 1040 1633 1094 dimensionum,
1661 1041 1741 1084 sub
1769 1041 1930 1099 quibus
1964 1041 2244 1096 continetur;

281 1111 398 1155 sicut
423 1109 504 1153 sub
523 1108 723 1168 qualibet
747 1118 874 1167 parte
892 1107 1006 1151 aeris
1025 1117 1092 1158 est
1112 1117 1210 1150 tota
1232 1117 1391 1150 natura
1410 1108 1540 1161 aeris,
1568 1118 1612 1151 et
1637 1108 1717 1151 sub
1746 1107 1946 1166 qualibet
1962 1117 2088 1166 parte
2114 1108 2245 1167 panis

282 1187 350 1222 est
373 1186 469 1221 tota
487 1187 648 1220 natura
674 1175 826 1234 panis:
856 1184 900 1218 et
919 1174 1011 1218 hoc
1038 1173 1358 1228 indifferenter,
1376 1174 1471 1217 sive
1493 1174 1581 1218 sint
1609 1174 1916 1219 dimensiones
1941 1184 2046 1219 actu
2073 1174 2244 1219 divisae

283 1245 420 1302 (sicut
452 1258 557 1288 cum
590 1247 666 1287 aer
692 1243 917 1296 dividitur,
949 1240 1024 1284 vel
1063 1241 1192 1300 panis
1219 1241 1442 1297 secatur);
1475 1241 1549 1285 vel
1581 1242 1719 1285 etiam
1750 1241 1841 1286 sint
1872 1250 1976 1285 actu
2008 1241 2246 1295 indivisae,

282 1311 526 1355 divisibiles
551 1325 661 1354 vero
689 1310 913 1368 potentia:
942 1317 984 1351 et
1011 1307 1115 1351 ideo
1134 1307 1427 1351 manifestum
1449 1318 1530 1361 est,
1549 1309 1671 1366 quod
1687 1318 1810 1353 totus
1838 1307 2050 1353 Christus
2077 1318 2145 1353 est
2164 1309 2246 1353 sub

282 1378 483 1438 qualibet
507 1388 633 1437 parte
650 1377 906 1435 specierum
932 1375 1076 1434 panis,
1101 1377 1239 1419 etiam
1266 1375 1416 1418 hostia
1439 1377 1615 1434 integra
1642 1383 1871 1430 manente,
1905 1384 1951 1419 et
1974 1389 2070 1419 non
2095 1374 2248 1420 solum

284 1460 389 1489 cum
423 1445 656 1503 frangitur,
684 1446 799 1487 sicut
831 1443 1016 1502 quidam
1050 1442 1220 1495 dicunt,
1253 1451 1474 1501 ponentes
1509 1441 1769 1500 exemplum
1801 1442 1857 1486 de
1889 1442 2105 1502 imagine,
2131 1455 2248 1502 quae

284 1523 468 1571 apparet
498 1512 544 1555 in
572 1510 774 1569 speculo,
809 1524 924 1568 quae
953 1519 1137 1568 apparet
1168 1524 1257 1553 una
1289 1509 1336 1552 in
1363 1508 1550 1567 speculo
1583 1509 1777 1568 integro,
1802 1508 1849 1553 in
1874 1508 2067 1569 *speculo
2095 1518 2249 1554 autem

284 1578 428 1622 fracto
452 1588 668 1637 apparent
693 1577 898 1635 singulae
925 1577 970 1620 in
1004 1576 1193 1635 singulis
1225 1576 1445 1634 partibus3
1473 1576 1595 1634 quod
1622 1576 1807 1634 quidem
1838 1589 1934 1619 non
1960 1584 2026 1629 est
2058 1577 2249 1620 omnino

285 1645 450 1698 simile,
490 1645 595 1703 quia
637 1643 956 1703 multiplicatio
995 1643 1261 1702 hujusmodi
1302 1643 1558 1700 imaginum
1591 1642 1757 1686 accidit
1797 1642 1845 1686 in
1876 1641 2065 1701 speculo
2106 1641 2250 1687 fracto

282 1723 471 1771 -propter
493 1712 694 1756 diversas
711 1711 980 1755 reflexiones
1004 1725 1056 1754 ac
1076 1711 1275 1754 diversas
1292 1720 1443 1769 partes
1462 1709 1658 1769 speculi:
1686 1709 1762 1753 hic
1781 1719 1934 1754 autem
1955 1723 2050 1753 non
2075 1719 2144 1754 est
2160 1709 2250 1753 nisi

286 1794 376 1823 una
410 1779 710 1833 consecratio,
738 1789 921 1838 propter
944 1792 1083 1837 quam
1110 1792 1275 1836 corpus
1304 1777 1478 1821 Christi
1504 1787 1573 1820 est
1598 1777 1644 1820 in
1670 1777 1761 1820 hoc
1794 1786 2098 1821 sacramento.

377 1847 454 1892 AD
486 1860 675 1892 PRIMUM
701 1860 812 1904 ergo
841 1845 1100 1899 dicendum,
1133 1845 1255 1904 quod
1282 1858 1499 1888 numerus
1531 1844 1732 1902 sequitur
1758 1843 2044 1898 divisionem,
2072 1852 2117 1887 et
2145 1842 2251 1887 ideo

287 1915 505 1975 quamdiu
533 1915 758 1974 quantitas
785 1924 941 1957 manet
966 1913 1159 1957 indivisa
1186 1922 1305 1966 actU,
1323 1926 1472 1970 neque
1498 1910 1746 1955 substantia
1768 1909 1959 1969 alicuius
1986 1911 2051 1955 rei
2077 1920 2146 1955 est
2158 1908 2254 1970 plu-

287 1983 375 2027 ries
402 1983 482 2026 sub
510 1982 869 2027 dimensionibus
895 1980 1102 2039 propriis,
1136 1994 1286 2038 neque
1314 1993 1476 2037 corpus
1501 1978 1675 2023 Christi
1695 1977 1776 2021 sub
1805 1977 2164 2022 dimensionibus
2180 1990 2253 2036 pa-

287 2051 372 2104 nis,
400 2060 444 2094 et
468 2065 548 2109 per
574 2063 859 2108 consequens
884 2062 1033 2107 neque
1059 2047 1288 2100 infinities,
1305 2047 1383 2091 sed
1403 2046 1554 2100 toties,
1580 2046 1627 2089 in
1653 2055 1766 2104 quot
1791 2055 1940 2104 partes
1967 2044 2193 2095 dividitur.

377 2118 453 2162 AD
481 2117 743 2162 SECUNDUM
770 2116 1029 2170 dicendum,
1062 2114 1186 2173 quod
1202 2113 1280 2157 illa
1299 2114 1598 2158 determinata
1626 2111 1839 2156 distantia
1864 2111 2061 2171 partium
2085 2111 2134 2156 in
2159 2124 2256 2156 cor-

291 2199 401 2242 pore
429 2184 649 2242 organico
676 2182 891 2227 fundatur
907 2196 1042 2241 super
1059 2181 1309 2240 quantitate
1332 2180 1586 2224 dimensiva
1612 2180 1773 2238 ipsius:
1800 2179 1899 2238 ipsa
1924 2189 2078 2224 autem
2093 2187 2256 2223 natura

290 2252 567 2295 substantiae
593 2250 826 2308 praecedit
851 2250 990 2293 etiarn
1018 2249 1317 2307 quantitatem
1336 2247 1661 2291 dimensivam:
1681 2256 1726 2291 et
1745 2246 1866 2300 ideo,
1887 2246 1994 2305 quia
2015 2246 2254 2291 conversio

290 2318 568 2363 substantiae
594 2317 723 2376 panis
756 2317 926 2361 directe
952 2316 1221 2360 terminatur
1248 2315 1305 2359 ad
1330 2314 1630 2358 substantiam
1657 2313 1862 2372 corporis
1887 2312 2074 2367 Christi,
2100 2326 2257 2357 secun-

291 2385 399 2429 dum
423 2386 550 2443 cujus
569 2384 761 2428 modum
788 2383 983 2442 proprie,
1011 2393 1055 2426 et
1078 2383 1245 2426 directe
1274 2391 1339 2426 est
1362 2382 1408 2424 in
1434 2382 1525 2424 hoc
1560 2389 1848 2424 sacramento
1875 2392 2040 2439 corpus
2067 2377 2255 2434 Christi,

288 2452 392 2497 talis
419 2452 629 2496 distantia
655 2451 852 2509 partium
879 2460 947 2494 est
972 2449 1158 2508 quidem
1184 2450 1229 2492 in
1255 2449 1355 2507 ipso
1383 2461 1576 2505 corpore
1603 2446 1776 2491 Christi
1800 2459 1935 2500 vero;
1967 2445 2046 2490 sed
2069 2459 2164 2490 non
2191 2460 2257 2492 se-

291 2519 490 2563 cundum
514 2519 635 2562 hanc
662 2517 923 2561 distantiam
961 2525 1253 2575 comparatur
1291 2515 1347 2558 ad
1378 2515 1469 2558 hoc
1503 2523 1858 2566 sacramentum,
1890 2513 1968 2557 sed
2001 2513 2255 2558 secundum

291 2587 484 2631 modum
509 2599 618 2630 suae
644 2585 936 2637 substantiae,
963 2584 1079 2627 sicut
1104 2583 1276 2626 dictum
1303 2591 1371 2626 est
1395 2583 1459 2638 (in
1491 2589 1604 2640 corp.
1637 2587 1673 2625 et
1693 2587 1775 2625 art.
1810 2596 1844 2626 τ.
1868 2581 1955 2639 huj.
1983 2581 2060 2639 q.).

381 2655 458 2698 AD
481 2666 696 2698 TERTmM
714 2652 973 2704 dicendum,
1001 2651 1122 2709 quod
1148 2650 1263 2693 ratio
1291 2649 1369 2693 illa
1395 2647 1600 2707 procedit
1625 2647 1680 2692 de
1703 2657 1863 2693 natura
1881 2648 2254 2708 corporis,quam

292 2722 430 2766 habet
453 2721 705 2765 secundum
732 2719 1030 2778 quantitatem
1057 2717 1382 2760 dimensivam:
1403 2716 1575 2759 dictum
1603 2725 1670 2759 est
1697 2723 1850 2759 autem
1875 2716 1938 2772 (in
1955 2715 2103 2775 corp),
2131 2715 2255 2774 quod

293 2802 458 2848 corpus
482 2787 655 2832 Christi
680 2795 973 2844 comparatur
999 2785 1054 2828 ad
1081 2784 1171 2827 hoc
1198 2792 1552 2836 sacramentum,
1584 2796 1679 2826 non
1705 2782 1883 2827 ratione
1908 2781 2172 2842 quantitatis
2194 2783 2256 2828 di-

294 2856 543 2910 mensivae,
569 2854 648 2899 sed
673 2853 848 2898 ratione
875 2864 982 2896 suae
1004 2850 1294 2903 substantiae,
1322 2849 1438 2894 sicut
1463 2849 1635 2894 dictum
1662 2859 1729 2894 est
1756 2848 1915 2907 (ibid).

986 3011 1420 3069 ARTICULUS
1463 3011 1560 3067 IV.
2165 3036 2249 3085 451

421 3150 615 3191 UTRUM
669 3148 820 3190 TOTA
874 3147 1190 3195 QUANTITAS
1244 3146 1543 3185 DIMENSIVA
1595 3145 1859 3186 CORPORIS
1910 3144 2131 3194 CHRISTI

889 3230 974 3270 SIT
1016 3230 1071 3269 IN
1116 3229 1234 3267 HOC
1274 3228 1659 3268 SACRAMENTO.

474 3344 538 3403 (4.
566 3344 678 3389 Dist.
710 3355 776 3388 ιο.
804 3346 885 3386 art.
911 3354 951 3386 2.
978 3354 1016 3399 q.
1037 3354 1074 3399 3.
1101 3345 1139 3383 et
1163 3352 1204 3395 4.
1231 3345 1267 3383 et
1299 3339 1409 3383 Dist.
1444 3353 1505 3383 12.
1533 3353 1571 3397 q.
1598 3354 1633 3383 1.
1655 3343 1738 3383 art.
1761 3351 1799 3383 2.
1833 3351 1872 3398 q.
1894 3353 1930 3384 1.
1958 3345 2075 3400 corp.

535 3417 570 3456 et
586 3411 657 3455 lib.
683 3423 725 3467 4.
747 3409 896 3461 Contr.
905 3422 944 3467 g.
963 3414 1054 3468 cap.
1073 3405 1134 3466 63.
1163 3406 1234 3463 64.
1262 3413 1299 3450 et
1317 3405 1386 3465 67.
1413 3411 1449 3450 et
1467 3405 1622 3463 Quodl.
1642 3419 1679 3465 7.
1706 3411 1788 3450 art.
1805 3406 1846 3451 8.
1864 3405 2014 3473 corp).

387 3524 463 3568 AD
491 3535 727 3573 QUARTUM
753 3521 817 3566 sic
844 3519 1115 3581 proceditur.
1132 3517 1337 3573 Videtur,
1364 3517 1485 3577 quod
1511 3531 1605 3562 non
1630 3527 1726 3562 tota
1752 3516 1977 3576 quantitas
2000 3515 2255 3563 dimensiva

300 3592 505 3650 corporis
534 3589 704 3635 Christi
730 3589 786 3634 sit
812 3588 858 3632 in
884 3588 974 3632 hoc
1001 3594 1308 3632 sacramento:
1338 3584 1509 3630 dictum
1547 3595 1614 3630 est
1645 3584 1769 3630 enim
1794 3584 1901 3643 (art.
1920 3583 2104 3645 praej,
2120 3583 2254 3645 quod

2342 3489 2352 3590 ἒ
