2352 3926
597 199 873 247 QUAESTIO
912 199 1116 239 Lxxvn.
1157 197 1465 239 ARTlcuLus
1504 197 1541 236 1.
1942 180 2043 235 681
2112 164 2115 168 ’

90 314 187 351 non
217 316 329 362 ergo
361 311 512 362 potest
542 301 817 348 miraculose
849 302 961 357 fieri,
994 301 1117 363 quod
1148 301 1196 346 in
1230 300 1323 347 hoc
1357 308 1646 346 sacramento
1678 298 1768 344 sint
1798 297 2053 345 accidentia

90 369 189 417 sine
210 371 430 428 subjecto.
1500 386 1502 388 >

18 441 31 470 -τῖ
96 472 98 474 ,
139 443 145 449 “
184 451 222 496 3.
248 437 546 483 PRAETEREA.
574 436 803 482 Accidens
836 436 1141 481 individuatur
1167 450 1221 480 ex
1252 435 1480 493 subjecto:
1507 434 1546 479 si
1572 447 1682 492 ergo
1710 431 1963 478 accidentia
1987 446 2054 476 re-

7 493 42 532 s‘
92 514 281 548 manent
306 505 351 548 in
377 505 467 548 hoc
494 513 781 548 sacramento
801 503 897 548 sine
915 504 1133 562 subiecto,
1148 517 1241 547 non
1259 512 1391 547 erunt
1407 501 1653 554 individua,
1670 499 1749 545 sed
1765 497 2052 543 universalia:

5 563 23 638 ff
90 571 215 631 quod
234 580 357 630 patet
373 585 471 616 esse
493 570 674 624 falsum,
702 570 807 629 quia
826 572 888 615 sic
906 584 1000 615 non
1019 580 1168 615 essent
1185 569 1429 623 sensibilia,
1446 569 1524 613 sed
1543 567 1844 626 intelligibilia
1860 575 2052 611 tantum.

11 679 34 699 4
180 649 223 692 4.
250 637 547 683 PRAETEREA.
575 637 846 682 Accidentia
867 652 947 695 per
969 637 1366 683 consecrationem
1391 637 1525 694 hujus
1543 635 1820 680 sacramenti
1844 649 1938 679 non
1965 633 2056 678 adi·

13 725 21 737 τ
91 703 326 764 piscuntur
352 705 551 764 aliquam
575 704 983 763 compositionem:
1012 705 1089 748 sed
1113 714 1216 748 ante
1244 706 1639 748 consecrationem
1665 717 1758 748 non
1782 711 1911 747 erant
1931 715 2056 746 com-

3 760 22 786 ²³
91 772 241 832 posita
266 787 416 832 neque
443 787 499 818 ex
520 772 726 826 materia,
753 781 798 816 et
822 771 986 826 forma,
1012 786 1161 830 neque
1186 787 1236 816 ex
1262 786 1340 830 quo
1363 777 1431 824 est,
1466 780 1511 815 et
1535 770 1645 830 quod
1669 777 1751 823 est,·
1781 783 1892 829 ergo
1915 769 2053 814 etiam

90 849 196 900 post
219 841 614 884 consecrationem
636 852 730 883 non
756 848 860 883 sunt
881 839 1140 898 composita
1172 838 1314 883 altero
1341 838 1510 882 horum
1538 838 1808 882 modorum:
1835 836 1959 896 quod
1985 845 2054 880 est

89 906 433 963 inconveniens,
467 908 574 968 quia
599 907 663 951 sic
687 916 838 951 essent
863 906 1159 966 simpliciora,
1181 921 1321 966 quam
1339 906 1505 964 angeli,
1532 921 1638 951 cum
1660 916 1815 950 tamen
1841 905 1957 949 haec
1985 917 2056 948 ac-

91 973 289 1020 cidentia
305 974 395 1019 sint
418 973 671 1028 sensibilia3
697 987 792 1018 non
812 988 921 1033 ergo
946 973 1197 1019 accidentia
1214 983 1454 1019 remanent
1467 973 1514 1017 in
1540 973 1631 1018 hoc
1650 981 1938 1018 sacramento
1955 971 2053 1016 sine

91 1041 312 1102 subjecto.

181 1109 278 1154 SED
294 1121 491 1154 CONTRA
519 1118 600 1163 est,
618 1109 742 1168 quod
766 1109 1017 1168 Gregorius
1045 1108 1154 1154 dicit
1178 1108 1225 1153 in
1247 1106 1410 1153 homil.
1426 1107 1594 1152 Pasch.
1613 1107 1679 1166 (id
1702 1108 1795 1152 hab.
1818 1105 2055 1166 Lanfranc.

89 1177 137 1222 in
162 1176 234 1221 lib.
265 1189 303 1236 7.
332 1175 380 1220 de
402 1175 532 1236 Corp.
559 1182 596 1221 et
623 1177 748 1236 Sang.
775 1178 904 1221 Dom.
931 1185 1024 1236 cap.
1051 1191 1121 1222 20.
1147 1190 1174 1220 a
1189 1175 1370 1235 princ),
1398 1175 1521 1235 quod
1558 1191 1581 1217 «
1599 1175 1775 1234 species
1800 1186 2056 1218 sacramen-

0 1248 17 1302 ,ξ
90 1242 205 1290 tales
226 1252 330 1288 sunt
346 1242 527 1287 illarum
545 1258 699 1288 rerum
719 1244 960 1299 vocabula,
984 1258 1100 1303 quae
1118 1253 1222 1288 ante
1238 1242 1421 1287 fuerunt
1446 1260 1488 1297 >›,
1510 1241 1686 1288 scilicet
1710 1241 1856 1301 panis,
1879 1250 1923 1285 et
1939 1239 2054 1283 vini:

5 1347 9 1355 ,.
90 1320 137 1356 et
158 1310 223 1355 ita
249 1325 355 1356 cum
375 1324 470 1355 non
496 1322 733 1356 remaneat
764 1313 1014 1356 substantia
1045 1311 1190 1371 panis,
1216 1320 1262 1355 et
1291 1310 1401 1365 vini,
1432 1310 1611 1354 videtur
1643 1309 1766 1369 quod
1791 1306 2056 1367 hujusmodi

24 1381 28 1387 '
91 1377 265 1438 species
291 1387 559 1423 remaneant
589 1380 686 1422 sine
712 1379 934 1437 subjecto.

0 1451 8 1463 ς
179 1444 469 1490 ΒΕεΡοΝοΕο
488 1445 746 1499 dicendum,
765 1447 888 1505 quod
907 1445 1157 1491 accidentia
1178 1447 1322 1505 panis,
1342 1455 1386 1489 et
1401 1445 1510 1500 vini,
1528 1459 1644 1504 quae
1662 1457 1797 1490 sensu
1810 1441 2058 1503 deprehen-

90 1511 256 1556 duntur
286 1512 333 1556 in
364 1512 455 1556 hoc
488 1522 777 1557 sacramento
803 1528 1039 1559 remanere
1067 1524 1170 1572 post
1192 1515 1601 1567 consecrationem,
1628 1528 1723 1558 non
1745 1522 1849 1557 sunt
1870 1513 1987 1556 sicut
2008 1509 2054 1552 in

93 1579 299 1638 subjecto
324 1579 372 1623 in
403 1579 653 1624 substantia
678 1580 821 1639 panis,
848 1590 892 1624 et
916 1581 1024 1635 vini,
1051 1595 1168 1640 quae
1194 1595 1288 1625 non
1316 1590 1484 1635 manet,
1511 1591 1559 1625 ut
1586 1595 1719 1640 supra
1748 1579 1955 1625 habitum
1989 1586 2057 1621 est

91 1647 152 1706 (q.
178 1660 237 1706 75.
262 1651 348 1692 art.
373 1661 414 1692 2.
441 1653 480 1691 et
501 1647 582 1705 6.),
609 1661 758 1706 neque
792 1649 930 1692 etiam
961 1649 1008 1692 in
1039 1647 1188 1692 forma
1220 1647 1518 1701 substantiali,
1551 1662 1667 1707 quae
1700 1661 1795 1692 non
1813 1654 1983 1698 manet,
2011 1652 2057 1687 et

90 1713 131 1759 si
149 1723 420 1768 remaneret,
437 1714 692 1772 subjectum
718 1729 817 1759 esse
834 1729 928 1759 non
947 1726 1115 1775 posset,
1133 1725 1180 1759 ut
1198 1725 1322 1775 patet
1337 1730 1418 1775 per
1436 1715 1565 1759 Boet.
1592 1715 1639 1759 in
1656 1714 1732 1758 lib.
1760 1729 1797 1759 1.
1814 1714 1871 1758 de
1891 1709 2055 1756 Trinit.

91 1781 267 1842 (parum
298 1794 325 1825 a
349 1781 526 1841 princ).
553 1780 847 1826 Manifestum
872 1792 939 1826 est
964 1783 1119 1836 etiam,
1138 1783 1260 1842 quod
1287 1782 1553 1840 hujusmodi
1570 1782 1825 1827 accidentia
1842 1794 1937 1825 non
1953 1785 2058 1822 sunt

90 1849 138 1894 in
154 1849 404 1894 substantia
421 1848 639 1906 corporis,
658 1859 701 1893 et
717 1849 952 1908 sanguinis
981 1850 1167 1906 Christi,
1194 1851 1312 1894 sicut
1337 1851 1384 1894 in
1413 1850 1644 1908 subJect03
1673 1850 1779 1908 quia
1805 1845 2056 1893 substantia

90 1916 285 1961 humani
309 1916 514 1975 corporis
545 1915 674 1960 nullo
707 1918 849 1961 modo
882 1927 1033 1976 potest
1057 1917 1128 1962 his
1162 1917 1472 1962 accidentibus
1506 1915 1648 1962 affici:
1666 1930 1814 1975 neque
1833 1915 1973 1960 etiam
1989 1921 2057 1957 est

93 1982 308 2043 possibile
325 1982 451 2042 quod
478 1996 644 2042 corpus
667 1983 836 2028 Christi
863 1983 1133 2043 gloriosum,
1161 1994 1206 2028 et
1224 1983 1504 2043 impassibile
1523 1984 1717 2028 existens
1751 1982 1965 2027 alteretur
1998 1979 2054 2023 ad

93 2050 405 2110 suscipiendas
423 2050 688 2108 hujusmodi
715 2050 968 2109 qualitates.
995 2051 1168 2095 Dicunt
1193 2061 1347 2096 autem
1374 2051 1574 2110 quidam,
1593 2050 1715 2110 quod
1749 2059 1853 2094 sunt
1869 2049 1987 2093 sicut
2007 2047 2054 2090 in

92 2116 299 2176 subiecto
315 2117 363 2161 in
381 2120 484 2161 aere
502 2118 848 2172 circumstante3
867 2118 947 2162 sed
962 2133 1048 2162 nec
1066 2118 1156 2163 hoc
1176 2132 1274 2163 esse
1287 2128 1458 2177 potest:
1473 2120 1618 2176 primo
1641 2118 1840 2177 quidem,
1859 2116 1965 2175 quia
1982 2118 2057 2159 aer

92 2197 187 2229 non
198 2193 267 2229 est
281 2183 546 2242 hujusmodi
559 2183 863 2228 accidentium
877 2185 1160 2243 susceptivus
1173 2201 1184 2240 ;
1200 2185 1392 2240 secundo,
1407 2185 1512 2244 quia
1525 2184 1791 2243 hujusmodi
1804 2181 2058 2227 accidentia

91 2265 188 2296 non
218 2261 336 2304 sunt,
359 2251 435 2294 ubi
461 2260 528 2295 est
560 2255 659 2307 aer3
687 2251 894 2310 quinimo
928 2252 983 2295 ad
1017 2262 1195 2297 motum
1224 2252 1388 2296 harum
1414 2252 1670 2311 specierum
1698 2256 1773 2296 aer
1797 2249 2056 2309 depellitur:

93 2319 231 2373 tertio,
250 2317 356 2377 quia
379 2317 631 2362 accidentia
657 2332 751 2362 non
773 2328 1007 2364 transeunt
1024 2319 1080 2364 de
1097 2319 1304 2379 subjecto
1327 2320 1374 2363 in
1391 2319 1661 2378 subiectum,
1679 2329 1729 2363 ut
1745 2317 1919 2363 scilicet
1936 2316 2059 2360 idem

94 2385 307 2430 accidens
331 2398 542 2438 numero,
575 2385 697 2444 quod
724 2386 874 2445 primo
896 2385 980 2430 fuit
1004 2386 1051 2430 in
1074 2400 1166 2430 uno
1193 2387 1414 2445 subjecto,
1440 2386 1738 2445 postmodum
1771 2385 1849 2429 fiat
1874 2387 1919 2429 in
1943 2383 2059 2438 a1i03

11 2450 38 2509 ,J
93 2452 306 2498 accidens
333 2453 454 2496 enirn
486 2466 730 2496 numerum
764 2453 929 2512 accipit
952 2468 976 2497 a
1003 2454 1223 2512 subjecto,
1246 2453 1366 2498 unde
1383 2468 1478 2498 non
1495 2464 1645 2513 potest
1660 2468 1774 2508 esse,
1797 2452 1919 2512 quod
1937 2451 2058 2496 idem

93 2533 288 2565 numero
306 2533 498 2564 manens
510 2519 567 2564 sit
583 2520 858 2579 quandoque
875 2521 921 2565 in
939 2521 1045 2575 hoc,
1066 2521 1341 2580 quandoque
1358 2522 1404 2565 in
1423 2521 1506 2566 illo
1523 2522 1748 2579 subiecto:
1769 2526 1935 2579 quarto,
1953 2518 2060 2577 quia

95 2601 203 2632 cum
229 2590 307 2631 aer
330 2601 426 2631 non
442 2585 662 2645 spolietur
683 2587 992 2633 accidentibus
1010 2589 1216 2648 propriis,
1235 2588 1372 2633 simul
1388 2589 1576 2634 haberet
1594 2589 1845 2634 accidentia
1862 2586 2059 2647 propria,

18 2654 27 2678 '²'
95 2662 142 2700 et
171 2653 340 2698 aliena:
372 2667 458 2699 nec
491 2664 642 2713 potest
667 2654 771 2709 dici,
803 2656 926 2714 quod
952 2656 1042 2700 hoc
1076 2656 1155 2700 fiat
1180 2656 1458 2701 miraculose
1483 2656 1647 2701 virtute
1675 2652 2058 2705 consecrationis;

95 2720 202 2780 quia
226 2721 365 2765 verba
387 2721 746 2766 consecrationis
773 2722 863 2766 hoc
890 2737 983 2767 non
1009 2723 1280 2781 significant,
1307 2738 1423 2783 quae
1449 2734 1604 2768 tamen
1631 2737 1723 2767 non
1748 2721 1948 2766 efficiunt
1972 2719 2060 2764 nisi

24 2836 27 2842 Ζ
96 2801 232 2832 suum
257 2787 577 2846 significatum.
611 2788 667 2832 Et
692 2789 797 2833 ideo
823 2789 1104 2849 relinquitur,
1138 2791 1261 2849 quod
1289 2791 1543 2835 accidentia
1569 2792 1614 2834 in
1646 2791 1738 2834 hoc
1771 2796 2058 2833 sacramento

15 2907 17 2909 ¹
96 2864 285 2899 manent
309 2855 405 2898 sine
427 2855 653 2913 subject03
680 2856 802 2915 quod
830 2857 1015 2915 quidem
1040 2858 1204 2902 virtute
1231 2858 1383 2901 divina
1403 2857 1500 2901 fieri
1524 2867 1687 2916 potest,
1715 2870 1820 2900 cum
1848 2855 1970 2899 enim
1997 2853 2059 2898 ef-

95 2919 240 2966 fectus
272 2921 420 2980 magis
453 2921 680 2981 dependat
705 2937 731 2966 a
758 2937 895 2968 causa
917 2924 1077 2983 prima,
1104 2939 1244 2984 quam
1268 2939 1292 2969 a
1320 2939 1458 2968 causa
1484 2923 1697 2976 secunda,
1719 2923 1860 2976 Deus,
1893 2921 1971 2980 qui
1993 2930 2060 2965 est

97 2988 246 3048 prima
279 3002 417 3032 causa
451 2989 742 3043 substantiae,
770 3000 814 3035 et
840 2991 1100 3046 accidentis,
1127 3007 1207 3051 per
1233 3006 1362 3036 suam
1393 2991 1618 3035 infinitam
1643 2990 1855 3033 virtutem
1883 3002 2063 3032 conser-

97 3068 204 3100 vare
230 3064 380 3115 potest
405 3057 451 3100 in
478 3069 578 3100 esse
611 3057 837 3113 accidens,
869 3059 1098 3103 subtracta
1131 3059 1394 3112 substantia,
1426 3072 1506 3117 per
1536 3071 1674 3116 quam
1708 3056 2061 3101 conservabatur

21 3131 29 3147 ¹²
97 3121 145 3167 in
169 3136 284 3177 esse,
317 3123 435 3167 sicut
465 3136 545 3182 per
576 3124 810 3183 propriam
854 3139 1063 3170 causam:
1097 3127 1213 3170 sicut
1245 3126 1382 3169 etiam
1418 3124 1532 3169 alios
1565 3122 1752 3168 effectus
1784 3121 2060 3167 naturalium

97 3202 339 3235 causarum
371 3199 522 3248 potest
545 3190 798 3250 producere
824 3193 921 3237 sine
953 3192 1231 3237 naturalibus
1270 3193 1434 3244 causiS,
1461 3192 1577 3235 sicut
1608 3191 1865 3234 humanum
1892 3203 2058 3248 corpus

18 3255 22 3262 ’
96 3254 312 3301 formavit
336 3257 382 3300 in
409 3267 538 3301 utero
565 3256 766 3316 Virginis
793 3258 891 3303 sine
916 3259 1034 3303 virili
1060 3260 1250 3303 semine.

189 3323 264 3369 AD
289 3336 477 3369 PRIMUM
504 3338 614 3383 ergo
641 3325 901 3379 dicendum,
929 3326 1051 3384 quod
1076 3326 1191 3369 nihil
1217 3325 1438 3384 prohibet,
1477 3322 1646 3382 aliquid
1674 3338 1773 3368 esse
1800 3323 2061 3368 ordinatum

98 3389 349 3434 secundum
377 3404 675 3435 communem
701 3391 854 3450 legem
876 3402 1079 3446 naturae,
1098 3395 1225 3451 quus
1248 3402 1401 3435 tamen
1420 3389 1698 3434 contrarium
1718 3399 1782 3434 est
1800 3390 2060 3434 ordinatum

0 3444 22 3507 ζ
55 3472 65 3478 ’
100 3456 352 3501 secundum
375 3456 572 3517 speciale
593 3458 883 3517 privilegium
904 3459 1091 3517 gratiae,
1117 3469 1165 3503 ut
1192 3467 1314 3517 patet
1331 3458 1376 3500 in
1394 3457 1738 3501 resuscitatione
1756 3467 2060 3512 mortuorum,

7 3531 11 3538 ’
101 3531 147 3566 et
169 3521 219 3567 in
240 3521 575 3568 illuminatione
601 3538 871 3579 caecorum;
898 3535 1032 3584 prout
1057 3525 1193 3569 etiam
1219 3525 1265 3568 in
1293 3524 1424 3567 rebus
1465 3523 1678 3567 humanis
1719 3524 1945 3582 quaedam
1986 3523 2064 3568 ali-

101 3587 265 3648 quibus
287 3589 615 3645 conceduntur,
641 3605 695 3635 ex
721 3589 909 3649 speciali
933 3591 1172 3651 privilegio
1199 3600 1378 3650 praeter
1402 3590 1555 3650 legem
1581 3603 1904 3646 communem;
1931 3599 1975 3636 et
1998 3591 2062 3637 ita
