2352 3926
0 395 55 619 ξ

0 664 27 811 {³

0 854 11 926 ὲ

1 1437 20 1460 ζ’
14 1421 19 1425 Δ
0 1141 22 1412 ‘’ww-W*
0 1092 7 1126 ‘⁰⁴
0 987 10 1056 ¹³*'‘·'³*”⁴
0 935 6 961 ”’““

24 1381 34 1387 ι
28 1295 30 1299 ,

233 2 252 13 ρ’
273 0 479 23 «Ψξνπῑνμυπ
498 0 614 34 ...w-
625 0 693 12 ,ης-3η,
806 0 808 2 ψ
865 0 866 3 ,

587 274 866 323 QUABSTIO
907 274 1097 315 vam.
1137 255 1447 315 anmoins
1485 275 1540 313 x.
1941 277 2008 330 59
2015 276 2042 330 3

13 364 25 372 ¹
80 392 193 440 ergo
224 377 395 438 absque
425 377 554 423 omni
583 378 746 437 injuria
791 387 983 438 possunt
1024 377 1248 439 principes
1279 376 1397 422 filios
1422 376 1718 436 Judaeorum,
1744 375 1820 423 vel
1849 374 2048 421 aliorum

79 460 316 494 servorum
347 445 600 490 infidelium
625 444 776 490 facere
805 445 1036 505 baptizari.

143 528 210 591 3.
236 514 534 559 PRAETEREA.
565 513 771 566 Quilibet
795 513 941 557 homo
969 523 1037 558 est
1061 512 1210 572 magis
1235 512 1340 566 Dei,
1363 526 1389 557 a
1411 526 1502 572 quo
1520 512 1658 557 habet
1675 512 1892 590 animam,
1910 525 2046 571 quam

80 581 219 643 patris
245 580 453 634 carnalis,
481 594 506 624 a
533 594 624 639 quo
650 580 788 624 habet
805 594 991 639 corpus:
1009 594 1105 624 non
1123 590 1190 624 est
1206 593 1317 638 ergo
1335 580 1566 637 injustum,
1585 579 1623 623 si
1644 579 1772 639 pueri
1792 578 2045 624 infidelium

80 648 163 694 fflii
184 648 444 708 parentibus
472 646 727 691 carnalibus
754 645 1027 699 auferantur,
1056 655 1101 690 et
1125 647 1228 690 Deo
1256 660 1336 705 per
1361 647 1638 705 baptismum
1667 656 2005 691 consecrentur.

173 715 268 761 SED
295 726 491 760 CONTRA
525 723 606 767 est,
639 713 761 772 quod
792 713 839 756 in
866 714 1047 757 Decret.
1075 712 1176 757 dist.
1202 725 1274 770 45.
1302 712 1415 789 (cap.-
1438 714 1494 771 5.)
1525 728 1579 757 ex
1606 711 1786 758 Concil.
1815 712 2048 758 Toletano

0 814 6 838 η,
81 782 258 842 (scilicet
279 795 321 838 4.
349 795 441 826 can.
463 782 548 839 57.)
576 780 641 824 sic
669 780 853 824 dicitur:
885 795 909 820 <c
934 779 1006 823 De
1035 778 1220 837 Judaeis
1261 779 1482 838 praecipit
1513 789 1670 824 sancta
1703 780 1932 839 Synodus,
1974 793 2052 825 ne-

82 849 196 895 mini
222 848 433 907 deinceps
452 847 508 891 ad
531 846 809 891 credendum
831 847 925 889 vim
948 845 1136 900 inferre;
1159 859 1253 889 non
1276 846 1400 890 enim
1421 845 1535 891 tales
1557 847 1686 891 inviti
1708 846 1914 892 salvandi
1931 857 2049 902 sunt,

83 915 164 963 sed
193 915 423 960 volentes:
456 923 507 959 ut
537 914 714 972 integra
745 913 803 957 sit
831 912 982 956 forma
1007 913 1204 971 justitiae
1232 928 1272 955 ».

174 982 463 1028 Responnsso
489 980 748 1034 dicendum,
780 980 903 1039 quod
935 980 1063 1039 pueri
1094 978 1348 1023 infidelium
1380 979 1462 1023 filii
1494 991 1570 1025 aut
1610 981 1781 1026 habent
1820 997 1956 1027 usum
1987 996 2052 1026 ra·

83 1049 237 1104 tionis,
270 1058 347 1093 aut
375 1062 470 1092 non
494 1048 687 1092 habent:
715 1047 754 1091 si
786 1056 939 1091 autem
960 1046 1144 1100 habent,
1166 1047 1261 1105 jam
1285 1057 1504 1105 quantum
1529 1048 1584 1090 ad
1607 1062 1660 1091 ea
1683 1063 1798 1107 quae
1821 1060 1924 1094 sunt
1945 1049 2054 1108 juris

85 1116 240 1171 divini,
269 1115 345 1160 vel
373 1114 604 1169 naturalis,
636 1114 861 1173 incipiunt
892 1128 1000 1158 suae
1032 1113 1269 1173 potestatis
1304 1127 1418 1168 esse,
1451 1124 1494 1158 et
1526 1114 1632 1159 ideo
1667 1116 1849 1174 propria
1896 1116 2055 1161 volun·

85 1193 195 1239 tate,
224 1182 377 1227 invitis
409 1181 685 1242 parentibus,
707 1190 897 1239 possunt
932 1181 1211 1240 baptismum
1237 1183 1480 1240 suscipere,
1503 1181 1621 1226 sicut
1643 1192 1688 1226 et
1709 1183 2054 1228 matrimonium

87 1250 381 1296 contrahere:
417 1259 462 1294 et
490 1249 595 1293 ideo
627 1248 742 1293 tales
774 1247 896 1292 licite
930 1248 1109 1292 moneri
1139 1258 1345 1307 possunt,
1379 1258 1423 1292 et
1452 1248 1610 1293 induci
1637 1250 1692 1292 ad
1715 1250 2055 1309 suscipiendum

86 1318 378 1378 baptismum.
413 1316 463 1361 Si
493 1330 604 1360 vero
637 1315 844 1360 nondum
876 1315 1046 1359 habent
1071 1329 1204 1359 usum
1237 1314 1365 1358 liberi
1397 1315 1582 1370 arbitrii,
1614 1317 1868 1360 secundum
1893 1319 1962 1376 jus
1982 1332 2059 1361 na-

87 1383 234 1430 turale
263 1393 370 1428 sunt
400 1382 481 1428 sub
515 1396 623 1426 cura
655 1391 909 1441 parentum,
942 1381 1159 1440 quamdiu
1192 1381 1278 1440 ipsi
1309 1381 1395 1426 sibi
1435 1382 1675 1441 providere
1717 1397 1811 1427 non
1842 1393 2056 1443 possunt:

8 1474 16 1490 a
87 1451 209 1496 unde
242 1451 381 1495 etiam
412 1451 468 1494 de
499 1450 650 1509 pueris
683 1449 976 1508 antiquorum
1019 1448 1196 1503 dici-tur,
1230 1449 1351 1507 quod
1385 1448 1676 1494 salvabantur
1707 1450 1753 1494 in
1785 1450 1872 1495 fide
1904 1465 2060 1510 paren-

1 1537 22 1557 Jr
88 1527 212 1564 tum:
247 1528 292 1563 et
322 1517 428 1562 ideo
461 1527 622 1562 contra
652 1516 869 1577 iustitiam
901 1514 1156 1559 naturalem
1191 1525 1324 1569 esset,
1357 1515 1396 1559 si
1426 1515 1540 1560 tales
1572 1517 1701 1575 pueri
1725 1517 1876 1562 invitis
1902 1531 2061 1576 paren-

19 1599 31 1637 3
87 1585 208 1631 tibus
236 1584 594 1644 baptizarentur3
626 1584 744 1627 sicut
769 1582 908 1627 etiam
940 1583 980 1627 si
1011 1582 1173 1641 aliquis
1195 1583 1367 1627 habens
1390 1597 1525 1627 usum
1547 1584 1734 1628 rationis
1757 1586 2059 1643 baptizaretur

4 1652 33 1691 '23⁷'
89 1652 270 1697 invitus.
295 1651 426 1696 Esset
457 1650 596 1695 etiam
627 1648 935 1710 periculosum
966 1649 1116 1694 taliter
1146 1648 1266 1693 filios
1298 1649 1551 1694 infidelium
1582 1650 1833 1709 baptizare:
1867 1651 1972 1710 quia
2004 1651 2060 1695 de

10 1707 29 1754 ss
89 1717 215 1766 facili
246 1719 303 1763 ad
333 1718 647 1763 infidelitatem
673 1717 884 1771 redirent,
910 1727 1097 1776 propter
1122 1716 1379 1762 naturalem
1406 1717 1621 1762 affectum
1655 1719 1710 1762 ad
1743 1729 1966 1778 parentes.
2000 1718 2058 1763 Et

90 1786 197 1832 ideo
222 1800 317 1830 non
345 1785 484 1830 habet
513 1785 605 1829 hoc
637 1783 870 1829 Ecclesiae
897 1785 1148 1829 consuetud
1186 1819 1196 1838 ,
1230 1785 1353 1843 quod
1385 1784 1467 1828 filii
1496 1784 1750 1829 infidelium
1790 1785 1944 1830 invitis
1982 1799 2062 1846 pa-

6 1842 38 1901 {f
90 1853 292 1900 rentibus
317 1852 610 1912 baptizentur.

183 1921 260 1966 An
285 1933 472 1965 PRIMUM
497 1933 608 1979 ergo
635 1919 895 1973 dicendum,
921 1918 1045 1978 quod
1078 1932 1104 1962 a
1134 1932 1222 1962 m
1251 1931 1284 1961 t
1321 1918 1550 1995 ‹orporali
1573 1933 1668 1964 non
1693 1929 1762 1964 est
1787 1919 1950 1979 aliquis
1983 1919 2063 1964 eri-

37 1996 47 2049 ᾖ
93 1988 286 2050 piendus
306 1997 466 2032 contra
483 1987 724 2032 ordinem
713 1988 823 2045 Juris
845 1985 1015 2039 civilis;
1036 1995 1145 2044 puta
1167 1987 1204 2030 si
1230 2002 1246 2030 ι
1257 1986 1390 2045 iquis
1413 2001 1439 2030 a
1459 2001 1543 2030 suo
1565 1986 1715 2045 judice
1732 1987 2063 2031 condemnetur

20 2051 35 2090 ’ἶ-
95 2055 154 2101 ad
178 2064 393 2108 mortem,
398 2053 570 2099 nullus
601 2054 736 2109 debet
767 2067 874 2097 eum
905 2052 1130 2097 violenter
1162 2067 1188 2097 a
1220 2062 1369 2097 morte
1401 2054 1598 2113 eripere:
1632 2054 1751 2098 unde
1783 2068 1868 2098 nec
1902 2048 2062 2114 aliquis

33 2151 40 2163 ,
95 2120 265 2167 debet
252 2133 505 2180 irrumpere
530 2119 739 2164 ordinem
765 2119 875 2178 iuris
899 2129 1104 2173 naturae,
1130 2132 1221 2178 quo
1243 2118 1362 2164 filius
1385 2129 1454 2164 est
1474 2120 1555 2164 sub
1579 2134 1686 2164 cura
1712 2121 1865 2178 patris,
1886 2130 1936 2165 ut
1957 2134 2064 2164 eum

37 2207 43 2233 2
95 2187 257 2233 liberet
280 2201 307 2231 a
332 2186 537 2247 perictdo
563 2187 724 2230 mortis
752 2196 977 2231 aeternae.

186 2253 264 2300 AD
288 2267 551 2300 SECUNDUM
576 2253 836 2307 dicendum,
863 2253 986 2312 quod
1012 2253 1174 2311 Judaei
1198 2263 1302 2298 sunt
1327 2253 1445 2298 servi
1470 2254 1728 2313 principum
1759 2254 1974 2300 servitute
2008 2255 2066 2299 ci·

24 2319 38 2369 ζ
95 2320 191 2376 vili,
215 2335 334 2380 quae
358 2334 453 2365 non
480 2320 678 2364 excludit
703 2320 912 2364 ordinem
938 2320 1049 2379 juris
1074 2320 1306 2374 naturalis,
1332 2320 1407 2366 vel
1432 2321 1585 2368 divini.

186 2389 264 2433 AD
297 2401 511 2433 TERTmM
544 2387 804 2441 dicendum,
838 2388 961 2446 quod
992 2387 1138 2432 homo
1172 2388 1405 2432 ordinatur
1438 2388 1494 2432 ad
1526 2390 1678 2433 Deum
1710 2403 1790 2448 per
1822 2389 2064 2444 rationem,

97 2469 178 2517 per
199 2469 335 2515 quam
358 2455 511 2500 Deum
530 2468 812 2513 cognoscere
838 2464 1012 2513 potest3
1045 2454 1164 2499 unde
1190 2468 1315 2514 puer,
1345 2466 1589 2515 antequam
1617 2470 1751 2501 usum
1777 2458 1965 2502 rationis
1989 2457 2068 2501 ha—

98 2523 217 2578 beat,
242 2521 437 2568 naturali
473 2522 633 2567 ordine
669 2521 904 2566 ordinatur
937 2521 984 2565 in
1021 2522 1176 2566 Deum
1208 2536 1288 2580 per
1319 2523 1545 2567 rationem
1581 2534 1835 2582 parentum,
1869 2538 2066 2583 quorum

0 2591 4 2662 ἱ
24 2583 53 2606 ³²
101 2604 237 2635 curae
256 2589 520 2635 naturaliter
535 2589 759 2648 subjacet:
780 2598 825 2633 et
842 2587 1094 2633 secundum
1112 2602 1274 2633 eorum
1292 2590 1639 2649 dispositionem
1658 2599 1761 2635 sunt
1783 2591 2064 2650 circaipsum

0 2664 4 2721 ὲ
51 2691 54 2700 J
101 2656 254 2703 divina
286 2656 477 2715 agenda.

801 2803 1237 2863 ARTICULUS
1281 2807 1382 2862 XI.
1983 2835 2066 2883 394

203 2925 398 2966 UTRUM
429 2925 586 2981 PUERI
618 2924 676 2966 IN
707 2924 979 2966 MATERNIS
1012 2927 1207 2967 UTERIS
1240 2928 1425 2967 POSITI
1459 2928 1583 2968 SINT
1617 2927 1963 2967 BAPTIZANDI.

309 3019 371 3078 (4.
387 3021 500 3065 Dist.
523 3020 565 3066 6.
584 3034 622 3079 q.
639 3035 675 3066 r.
694 3026 772 3065 art.
791 3035 828 3066 1.
845 3035 883 3080 q.
902 3036 938 3066 1.
954 3027 991 3067 et
1006 3022 1117 3068 Dist.
1134 3037 1195 3082 23.
1213 3037 1252 3082 q.
1270 3037 1309 3068 2.
1327 3029 1410 3069 art.
1428 3024 1469 3069 8.
1487 3039 1526 3083 q.
1545 3039 1579 3068 r.
1598 3022 1665 3067 ad.
1683 3039 1718 3069 r.
1736 3028 1773 3067 et
1788 3024 1863 3077 2.).

195 3125 272 3171 An
307 3137 595 3170 numenium
633 3123 697 3168 sic
733 3124 1007 3184 proceditur.
1043 3125 1250 3181 Videtur,
1286 3128 1409 3186 quod
1441 3127 1569 3186 pueri
1601 3129 1646 3171 in
1678 3127 1895 3171 maternis
1929 3127 2068 3172 uteris

52 3196 73 3251 .·j
105 3195 348 3246 existentes
372 3193 548 3253 possint
571 3191 808 3251 baptizari:
836 3191 1066 3238 efficacius
1097 3194 1221 3239 enim
1254 3205 1322 3240 est
1352 3195 1527 3240 donum
1561 3194 1734 3239 Christi
1765 3194 1820 3238 ad
1857 3193 2068 3249 salutem,

62 3255 75 3284 ³³
105 3274 245 3321 quam
270 3270 511 3319 peccatum
542 3258 674 3303 Adae
707 3258 763 3303 ad
788 3258 1148 3315 damnationem,
1175 3270 1224 3306 ut
1249 3262 1410 3320 Apost.
1443 3261 1552 3305 dicit
1574 3261 1710 3305 Rom.
1742 3273 1802 3314 5.:
1840 3260 1918 3305 sed
1940 3262 2070 3320 pueri

63 3345 79 3384 24
105 3327 154 3373 in
181 3327 400 3372 maternis
445 3328 583 3370 uteris
616 3326 890 3370 damnantur
930 3337 1114 3386 propter
1138 3338 1379 3387 peccatum
1415 3328 1570 3381 Adae3
1604 3341 1714 3386 ergo
1747 3326 1893 3372 multo
1920 3329 2068 3388 magis

106 3392 275 3438 salvari
297 3401 487 3453 possunt
512 3407 593 3451 per
618 3393 792 3437 donum
826 3391 1011 3447 Christi,
1053 3394 1175 3453 quod
1207 3395 1393 3454 quidem
1424 3394 1473 3438 fit
1504 3408 1585 3452 per
1615 3393 1918 3451 baptismum;
1955 3408 2067 3453 ergo

66 3487 75 3518 3
107 3460 236 3519 pueri
260 3460 308 3504 in
332 3459 550 3505 maternis
575 3459 713 3504 uteris
744 3458 984 3505 existentes
1010 3470 1200 3519 possunt
1223 3460 1452 3520 baptizari.

58 3519 83 3582 f
127 3556 135 3581 s
199 3538 240 3571 2.
266 3526 574 3580 PRAETEREA„
592 3526 711 3570 Puer
735 3526 782 3570 in
809 3535 937 3571 utero
964 3527 1122 3572 matris
1148 3529 1342 3573 existens
1369 3526 1536 3586 aliquid
1563 3526 1719 3571 matris
1747 3541 1845 3572 esse
1865 3526 2066 3574 videtur:

61 3601 82 3620 2
109 3593 190 3638 sed
219 3593 444 3653 baptizata
470 3603 631 3648 matre,
656 3592 907 3653 baptizatur
931 3593 1148 3654 quidquid
1174 3605 1242 3640 est
1267 3596 1363 3653 ejus
1387 3595 1504 3638 intra
1528 3594 1676 3653 ipsam
1702 3594 1923 3651 existens;
1955 3609 2067 3656 ergo

88 3657 89 3660 ’
108 3658 302 3717 videtur,
325 3661 465 3721 quod,
488 3661 716 3721 baptizata
741 3670 901 3715 matre,
926 3659 1176 3720 baptizetur
1201 3675 1313 3723 puer
1338 3661 1384 3707 in
1410 3670 1540 3706 utero
1566 3661 1662 3719 ejus
1689 3662 1898 3712 existens.

292 3762 328 3798 S.
353 3763 507 3798 Tuom
533 3763 665 3798 Summa
695 3763 900 3807 Theologica.
923 3762 1006 3800 vol.
1030 3761 1092 3798 IV.
1849 3765 1889 3813 38
