2352 3926
282 284 308 337 3
319 269 389 337 56
814 278 1094 325 QUAESTIO
1136 278 1265 318 xm.
1307 277 1615 317 ARTIcuLus
1653 278 1710 317 11.

281 387 488 439 docebat,
508 399 645 443 quam
664 383 728 426 illi
755 382 960 436 oderant,
984 392 1028 426 et
1045 396 1206 426 eorum
1223 382 1331 426 vitia
1360 381 1601 440 arguebat3
1619 390 1664 424 et
1688 379 1792 425 ideo
1811 380 1975 427 dicitur
1990 380 2242 439 Manli-²15.
2271 398 2272 401 ¹

281 454 403 512 quod
431 450 662 510 discipulis
690 451 895 494 Domino
925 450 1199 495 dicentibus:
1225 450 1327 504 Scis,
1355 451 1456 508 quia
1481 448 1646 504 sudaei,
1682 446 1823 492 audito
1850 448 1936 496 hoe.
1955 450 2099 501 verbo,
2127 460 2246 497 sauna

282 521 455 576 dalizati
475 520 598 562 sunt?
625 517 879 575 respondit:
913 517 1042 561 Sinite
1066 517 1179 570 illos,
1207 518 1317 562 caeci
1337 522 1445 569 sunt,
1474 515 1669 573 ducesque
1691 529 1925 560 caecorum:
1948 530 2089 561 caecus
2106 522 2245 561 autem

280 589 315 632 si
337 602 455 631 caeco
478 585 675 629 ducatum
704 590 897 643 praestet,
926 585 1048 627 ambo
1076 585 1119 626 in
1135 583 1310 642 foveam
1336 583 1499 627 cadunt.

372 654 447 696 AD
481 665 668 696 PRIMUM
697 665 807 709 ergo
841 649 1099 703 dicendum,
1137 651 1258 708 quod
1291 650 1436 693 homo
1471 649 1533 692 sic
1568 649 1701 692 debet
1733 662 1831 692 esse
1863 648 1960 695 sine
1992 648 2247 695 offensione

282 720 509 772 omnibus,
537 729 585 761 ut
610 717 722 761 nulli
756 718 831 761 det
862 732 944 760 suo
967 716 1115 770 facto,
1142 716 1215 760 vel
1247 717 1368 760 dicto
1403 717 1553 760 minus
1586 725 1711 759 recto
1740 717 2033 761 occasionem
2065 716 2246 762 ruinae:

282 787 360 831 sed
392 803 415 827 «
443 801 548 829 cum
575 786 630 828 de
656 785 845 828 veritate
873 783 1138 827 scandalum
1166 784 1322 837 oritur,
1350 783 1497 841 magis
1531 793 1599 827 est
1624 782 1938 826 sustinendum
1965 781 2247 837 scandalum,

283 868 421 913 quam
455 852 620 896 veritas
664 852 943 910 relinquatur
974 867 1016 904 »,
1050 861 1099 895 ut
1132 850 1325 909 Gregon
1360 851 1468 894 dicit
1500 850 1631 907 (hom.
1667 863 1705 908 7.
1739 851 1784 893 in
1807 849 1954 907 Ezech.
1986 850 2189 908 aliquant.
2221 864 2249 894 a

278 920 458 980 priua).
1890 940 1894 942 -

373 987 449 1031 AD
468 999 728 1030 SECUNDUM
747 984 1005 1039 dicendum,
1032 984 1154 1043 quod
1181 998 1261 1043 per
1285 984 1376 1027 hoc
1404 984 1525 1042 quod
1556 984 1764 1027 Christus
1787 982 1966 1042 publice
1998 982 2183 1037 scribas,
2205 992 2249 1027 et

284 1054 548 1113 pharisaeos
577 1053 807 1110 arguebat,
834 1066 927 1095 non
954 1051 1203 1109 impedivit,
1237 1052 1314 1094 sed
1348 1050 1495 1108 magis
1527 1051 1759 1109 promovit
1791 1049 2006 1094 effectum
2038 1050 2250 1096 suae'do-

284 1123 479 1165 ctrinae:
509 1122 614 1178 quia
648 1134 752 1162 cum
787 1133 947 1163 eorum
980 1119 1088 1161 vitia
1122 1117 1293 1176 populo
1326 1117 1686 1170 innotescebant,
1720 1118 1869 1160 minus
1905 1117 2191 1162 avertebatur
2223 1132 2250 1161 a

287 1189 472 1234 Christo
507 1198 692 1246 propter
739 1187 877 1230 verba
910 1186 1176 1236 scribarum,
1210 1195 1254 1229 et
1286 1185 1648 1243 pharisaeorum,
1683 1185 1760 1242 qui
1791 1197 1973 1242 semper
2014 1183 2249 1229 doctrinae

288 1256 460 1301 Christi
487 1255 778 1298 obsistebant.

374 1323 448 1366 Ao
473 1335 689 1366 TERTIUM
712 1320 970 1374 dicendum,
999 1319 1119 1378 quod
1143 1318 1253 1362 illud
1281 1319 1471 1362 verbum
1495 1317 1709 1376 Apostoli
1737 1326 1802 1362 est
1828 1317 2178 1377 intelligendum
2194 1319 2250 1363 de

283 1390 373 1434 illis
401 1390 667 1442 senioribus,
702 1389 778 1447 qui
810 1403 902 1431 non
936 1387 1086 1430 solum
1121 1396 1281 1439 aetate,
1308 1386 1381 1429 vel
1411 1385 1693 1438 auctoritate,
1727 1384 1805 1428 sed
1839 1385 1976 1429 etiam
2009 1385 2250 1431 honestate

286 1467 390 1501 sunt
417 1470 562 1509 senes,
590 1456 841 1499 secundum
868 1454 979 1497 illud
996 1454 1135 1497 Num.
1159 1467 1174 1497 1
1190 1467 1246 1497 1.:
1272 1452 1486 1510 Congrega
1507 1452 1612 1495 mihi
1637 1453 1897 1511 septuaginta
1922 1446 2038 1497 viros
2058 1451 2105 1496 de
2125 1453 2253 1497 senio-

288 1527 402 1570 ribus
428 1525 574 1577 Israel,
603 1539 700 1582 quos
728 1530 772 1567 tu
804 1524 921 1574 nosti,
955 1521 1062 1580 quod
1086 1536 1192 1565 senes
1215 1521 1365 1579 populi
1401 1521 1483 1563 sint
1493 1529 1517 1571 ,·'
1539 1519 1575 1562 si
1603 1529 1756 1563 autem
1784 1521 2103 1564 auctoritatem
2129 1532 2254 1564 sene·

287 1593 419 1636 ctutis
446 1592 492 1634 in
518 1592 869 1634 instrumentum
898 1589 1099 1632 malitiae
1124 1597 1302 1631 vertant
1323 1586 1503 1645 publice
1529 1586 1778 1644 peccando,
1805 1596 1909 1630 sunt
1933 1585 2187 1642 manifeste,
2210 1598 2255 1631 et

288 1660 449 1704 acriter
468 1657 710 1717 arguendi3
734 1658 850 1700 sicut
868 1666 911 1700 et
927 1654 1095 1699 Daniel
1113 1655 1222 1698 dixit
1237 1654 1356 1697 Dan.
1386 1668 1450 1712 13.
1466 1670 1474 1698 ε
1498 1654 1732 1698 Inveterate
1748 1653 1909 1698 dierum
1926 1654 2153 1710 malorum,
2167 1665 2253 1699 etc.

990 1802 1451 1866 ARTICULUS.
1470 1802 1570 1856 111.
1675 1770 1679 1774 ’
2168 1828 2255 1875 232

479 1928 672 1968 UTRUM
706 1927 974 1966 CHRISTUS
1016 1925 1193 1965 OMNIA
1234 1925 1466 1963 PUBLICE
1506 1924 1728 1963 DOCERE
1768 1923 2078 1964 DEBUERIT.·

1013 2022 1186 2081 (Opusc.
1215 2021 1290 2067 60.
1318 2029 1410 2081 cap.
1439 2021 1541 2078 14.).

383 2130 458 2174 AD
486 2141 699 2173 TERTtUM
727 2128 791 2172 sic
809 2127 1082 2186 proceditur.
1095 2126 1299 2180 Videtur,
1314 2125 1435 2184 quod
1456 2125 1665 2169 Christus
1683 2137 1777 2168 non
1800 2123 1956 2168 omnia
1982 2121 2161 2182 publice
2181 2121 2260 2167 do-

293 2212 395 2242 cere
423 2196 650 2240 debuerit:
679 2195 845 2254 legitur
872 2195 995 2238 enim
1028 2193 1171 2237 multa
1204 2207 1413 2237 seorsum
1445 2191 1675 2251 discipulis
1702 2190 1892 2245 dixisse;
1917 2189 2034 2234 sicut
2058 2199 2183 2250 patet
2210 2189 2258 2236 in

292 2279 505 2310 sermone
520 2263 723 2316 Coenae,
751 2263 870 2306 unde
898 2273 942 2306 et
967 2262 1128 2305 Matth.
1162 2275 1226 2305 10.
1255 2261 1383 2305 dixit:
1414 2260 1538 2317 Quod
1570 2262 1614 2303 in
1641 2274 1742 2304 aure
1767 2258 1940 2303 audistis
1963 2259 2009 2302 in
2040 2257 2258 2312 cubilibus,

287 2331 607 2393 praedicabitur
638 2332 682 2373 in
710 2332 835 2381 tecti5;
870 2344 964 2372 non
993 2343 1102 2387 ergo
1131 2328 1287 2372 omnia
1313 2327 1493 2386 publice
1520 2326 1689 2370 docuit.

388 2412 428 2442 2.
461 2399 758 2442 PRAETEREA.
786 2396 1018 2440 Profunda
1046 2395 1291 2454 sapientiae
1309 2409 1403 2438 non
1421 2404 1525 2438 sunt
1550 2394 1636 2437 nisi
1662 2391 1870 2452 perfectis
1896 2391 2179 2450 exponenda,
2196 2377 2284 2436 se(

296 2466 494 2510 cundum
524 2464 635 2508 illud
668 2478 702 2508 1.
732 2464 785 2507 ad
815 2464 1026 2508 Corinth.
1061 2476 1124 2507 2.:
1157 2463 1418 2520 Sapientiam
1451 2462 1664 2519 loquimur
1694 2462 1803 2505 inter
1821 2460 2051 2520 perfectos:
2078 2458 2158 2504 sed
2183 2457 2263 2503 do-
2307 2484 2315 2498 ·

296 2533 439 2577 ctrina
467 2531 639 2576 Christi
667 2531 930 2575 continebat
954 2529 1356 2589 profundissimam
1385 2529 1682 2587 sapientiam3
1708 2541 1803 2571 non
1829 2540 1939 2586 ergo
1973 2535 2070 2571 erat
2097 2524 2263 2586 imper-

294 2599 441 2644 fectae
469 2599 745 2642 multitudini
774 2597 1172 2641 communicanda.

390 2682 427 2726 3.
454 2667 751 2710 PRAETEREA.
780 2665 906 2708 Idem
935 2675 1015 2717 est,
1042 2664 1277 2708 veritatem
1313 2662 1513 2721 aliquam
1545 2660 1776 2705 occultare
1808 2659 2007 2714 silentio,
2033 2669 2079 2704 et
2103 2658 2262 2703 obscu-

293 2735 424 2778 ritate
450 2734 716 2777 verborum:
745 2733 823 2776 sed
851 2731 1059 2775 Christus
1082 2731 1333 2783 veritatem,
1358 2744 1496 2788 quam
1522 2728 1825 2787 praedicabat,
1844 2726 2104 2772 occultabat
2119 2726 2260 2771 turbis

294 2801 568 2845 obscuritate
601 2801 871 2853 verborum3
905 2799 1010 2857 quia
1042 2800 1125 2842 sine
1161 2797 1379 2857 parabolis
1415 2811 1497 2840 non
1534 2796 1778 2854 loquebatur
1809 2794 1863 2840 ad
1900 2808 1979 2849 eos,
2013 2803 2062 2839 ut
2096 2793 2261 2838 dicitur

294 2861 456 2914 Matth.
491 2882 580 2926 13.;
608 2882 718 2925 ergo
745 2867 841 2924 pari
869 2866 1043 2909 ratione
1071 2874 1247 2923 poterat
1274 2863 1503 2908 occultare
1531 2862 1725 2906 silentio.

386 2935 480 2980 Si-:n
510 2947 705 2979 CONTRA
732 2944 811 2987 est,
841 2933 960 2992 quod
989 2933 1083 2991 ipse
1111 2932 1220 2975 dicit
1240 2931 1369 2988 Joan.
1403 2930 1490 2974 18.:
1519 2931 1569 2974 In
1596 2926 1752 2974 occulto
1779 2928 1936 2986 locutus
1966 2942 2057 2973 sum
2082 2927 2202 2972 nihil.

385 3003 675 3047 Respoxnsso
703 3002 960 3053 dicendum,
989 3000 1109 3058 quod
1145 2999 1352 3042 doctrina
1387 2997 1575 3055 alicujus
1605 3005 1754 3054 potest
1781 3009 1878 3040 esse
1906 2995 1952 3039 in
1978 2993 2163 3040 occulto
2189 2995 2265 3042 tri-

289 3071 475 3129 pliciter:
505 3085 585 3113 uno
611 3068 731 3113 modo
759 3078 979 3127 quantum
1009 3067 1063 3110 ad
1090 3066 1391 3110 intentionem
1412 3064 1634 3117 docentis,
1651 3063 1728 3123 qui
1746 3062 1936 3107 intendit
1951 3075 2082 3108 suam
2100 3060 2265 3109 doctri-

294 3152 402 3181 nam
435 3150 528 3180 non
563 3135 851 3180 manifestare
886 3133 1054 3186 multis,
1088 3133 1166 3176 sed
1201 3133 1347 3190 magis
1382 3131 1638 3184 occultare;
1665 3130 1787 3189 quod
1821 3129 2007 3189 quidem
2038 3126 2264 3188 contingit

292 3204 533 3264 dupliciter:
569 3203 812 3262 quandoque
839 3216 893 3245 ex
918 3201 1086 3244 invidia
1115 3200 1335 3252 docentis,
1364 3199 1440 3257 qui
1466 3198 1561 3242 vult
1589 3212 1667 3256 per
1693 3211 1825 3242 suam
1851 3196 2091 3242 scientiam
2116 3193 2261 3242 excel-

289 3271 397 3325 lcre,
431 3281 474 3316 et
500 3272 603 3315 ideo
637 3269 874 3314 scientiam
904 3282 1035 3312 suam
1062 3281 1155 3310 non
1188 3266 1284 3309 vult
1316 3265 1414 3309 aliis
1444 3265 1819 3309 communicare:
1848 3262 1971 3323 quod
1997 3261 2044 3307 in
2075 3261 2262 3308 Christo

293 3338 450 3383 locum
474 3352 566 3382 non
595 3337 766 3390 habuit,
790 3351 842 3380 ex
871 3337 998 3393 cujus
1027 3347 1220 3392 persona
1248 3333 1409 3376 dicitur
1433 3333 1539 3390 Sap.
1568 3346 1634 3390 7.:
1656 3333 1802 3388 Quam
1826 3332 1913 3376 sine
1926 3330 2102 3389 fictione
2116 3327 2257 3377 didici.

292 3413 330 3450 et
353 3408 439 3450 sine
462 3406 626 3449 invidia
649 3405 924 3457 communico,
948 3408 984 3446 et
1007 3402 1251 3446 honestatem
1270 3401 1379 3444 illius
1406 3415 1486 3443 uon
1514 3399 1716 3443 abscondo
1733 3411 1748 3441 .·
1774 3397 2018 3457 quandoque
2037 3409 2148 3440 vero
2169 3394 2260 3439 hoc

296 3473 519 3530 contingit
552 3482 734 3531 propter
768 3470 1104 3514 inhonestatem
1149 3481 1323 3520 eorum,
1354 3481 1471 3526 quae
1504 3466 1748 3520 docentur;
1782 3465 1900 3510 sicut
1924 3463 2118 3523 August.
2151 3461 2262 3507 dicit

291 3554 426 3598 super
446 3540 576 3598 Joan.
608 3539 747 3595 (tract.
781 3538 853 3597 96.
887 3538 986 3582 circ.
1017 3535 1127 3592 sin),
1158 3534 1279 3593 quod
1311 3550 1333 3575 «
1361 3534 1586 3593 quaedam
1619 3543 1724 3577 sunt
1756 3531 1892 3586 mala,
1925 3544 2042 3591 quae
2073 3539 2281 3599 portare

292 3622 384 3651 non
412 3617 558 3666 potest
586 3606 931 3666 qualiscumque
959 3603 1104 3663 pudor
1130 3602 1358 3646 humanus
1388 3618 1435 3645 »ς
1462 3601 1580 3644 unde
1609 3601 1662 3644 de
1690 3599 1896 3644 doctrina
1922 3597 2260 3644 haereticorum

292 3674 453 3719 dicitur
480 3674 695 3719 Proverb.
724 3687 786 3733 9.:
814 3675 958 3732 Aquae
975 3672 1166 3731 furtivae
1189 3669 1390 3714 dulciores
1414 3675 1535 3724 suut;
1564 3667 1775 3711 doctrina
1797 3675 1949 3711 autem
1967 3663 2141 3710 Christi
2164 3676 2267 3709 non
