2352 3926
586 194 867 242 QUABSTIO
907 196 985 236 111.
1026 162 1335 237 ARTICIILUS
1373 196 1487 235 vm.
1949 197 2016 252 59

10 288 41 349 ᾗ
51 297 316 359 sapientiae,
343 311 369 342 a
391 311 480 358 qua
507 298 658 343 omnis
683 299 906 359 sapientia
932 299 1176 344 hominum
1194 299 1447 355 derivatur3
1466 308 1511 344 et
1531 298 1637 343 ideo
1664 311 1746 358 per
1762 297 1855 344 hoc
1871 297 2018 343 horno

40 363 344 425 'msapientia
375 364 619 427 perficitur,
659 380 776 425 quae
803 375 871 411 est
900 366 1084 426 propria
1116 368 1212 424 ejus
1244 366 1478 426 perfectio,
1510 375 1645 426 prout
1669 375 1738 411 est
1761 365 2014 420 rationalis,

2 431 177 493 :quod
202 432 442 492 participat
471 431 662 477 verbum
687 433 797 477 Dei:
827 433 944 478 sicut
964 432 1208 492 discipulus
1226 434 1456 478 instruitur
1478 448 1558 493 per
1578 433 1685 488 hoc,
1709 432 1833 493 quod
1859 432 2020 492 recipit

11 496 240 547 &erbum
264 499 489 558 magistri3
532 498 651 544 unde
676 499 815 545 Eccli.
848 514 883 546 1.
923 499 1114 544 dicitur:
1148 501 1258 544 Fons
1287 502 1514 559 sapientiae
1545 502 1722 545 verbum
1753 501 1840 545 Dei
1870 501 1915 544 in
1947 514 2011 544 ex-

3 564 188 624 ,αἰτίη
217 575 262 610 et
296 566 401 610 ideo
429 566 485 610 ad
512 576 882 610 consummatam
922 566 1124 611 hominis
1157 565 1485 624 perfectionem
1523 567 1800 612 conveniens
1836 565 1933 620 fuit,
1965 576 2016 610 ut

1 632 200 694 {ipsum
217 632 421 678 Verbum
438 633 527 677 Dei
551 633 781 678 humanae
806 643 994 678 naturae
1020 633 1318 693 personaliter
1335 633 1558 677 uniretur:
1584 633 1758 679 secundo
1777 642 1927 693 potest
1943 647 2017 678 ac·

24 722 26 742 3
54 699 145 766 cipi
169 700 286 745 ratio
311 698 446 758 hujus
479 701 805 759 congruentiae
839 715 893 745 ex
925 700 1015 745 fine
1048 700 1243 754 unionis,
1271 702 1346 759 qui
1381 710 1447 744 est
1473 700 1679 759 impletio
1711 700 2021 760 praedestina-

7 764 15 826 ³,
49 766 202 822 uoniS,
228 781 390 812 eorum
411 766 586 812 scilicet
611 768 688 827 qui
713 768 1018 828 praeordinati
1044 778 1147 812 sunt
1174 768 1228 811 ad
1256 767 1584 811 haereditatem
1612 768 1875 822 coelestem,
1902 781 2019 827 quae

50 847 147 881 non
172 834 360 879 debetur
401 834 489 879 nisi
515 834 631 889 filiis,
659 835 912 879 secundum
938 834 1051 879 illud
1087 835 1223 879 Rom.
1252 834 1315 878 8.:
1341 834 1388 879 Si
1403 835 1506 893 filii,
1533 841 1569 878 et
1595 835 1809 890 haeredes;
1844 844 1888 879 et
1912 834 2017 878 ideo

12 904 310 968 dbngruum
335 900 432 956 fuit,
460 911 507 945 ut
534 916 614 962 per
655 916 776 956 eum,
810 903 887 962 qui
913 912 981 947 est
1019 901 1139 946 filius
1170 901 1404 956 naturalis,
1437 901 1651 946 homines
1697 871 2020 961 participarent

9 958 395 1031 {similitudinem
435 969 572 1028 hujus
614 969 845 1014 filiationis
871 970 1124 1015 secundum
1160 969 1470 1046 adoptionem,
1503 969 1619 1013 sicut
1652 969 1814 1028 Apost.
1848 969 2017 1013 ibidem

0 1023 182 1098 έδεὶῐζ
216 1037 333 1114 Quas
359 1038 602 1097 praescivit,
635 1043 671 1081 et
691 1037 1023 1097 praedestinavit
1049 1038 1280 1097 conformes
1299 1037 1402 1096 fieri
1424 1037 1620 1095 imaginis
1651 1036 1755 1080 Filii
1779 1038 1867 1080 sui:
1896 1037 2016 1081 tertio

0 1114 23 1156 μ
45 1112 199 1172 potest
223 1104 367 1163 accipi
393 1103 509 1147 ratio
532 1104 666 1162 huJus
695 1105 1020 1163 congruentiae
1054 1119 1107 1148 ex
1133 1114 1324 1180 peccato
1347 1103 1482 1162 primi
1509 1104 1721 1163 parentis,
1750 1103 1823 1147 cui
1849 1118 1930 1163 per
1955 1103 2019 1146 in-

50 1170 363 1216 carnationem
389 1171 646 1215 remedium
675 1171 938 1215 adhibetur:
959 1181 1228 1231 peccaverat
1251 1171 1374 1215 enirn
1391 1171 1563 1230 primus
1587 1170 1731 1214 homo
1760 1170 2016 1230 appetendo

46 1237 311 1292 seientianu
333 1247 382 1283 ut
406 1248 530 1297 patet
555 1253 609 1282 ex
641 1239 790 1283 verbis
823 1241 1042 1297 serpentis
1068 1239 1373 1299 promittentis
1406 1238 1586 1282 homini
1628 1238 1866 1282 scientiam
1892 1238 2018 1292 boni,

46 1295 253 1361 amalfi
278 1305 398 1350 unde
420 1306 698 1350 conveniens
722 1305 819 1360 fuit,
845 1316 894 1350 ut
910 1321 991 1365 per
1007 1307 1212 1350 Verbum
1229 1321 1364 1350 verae
1381 1307 1630 1365 sapientiae
1657 1306 1803 1350 homo
1826 1306 2013 1350 reduce-

21 1381 171 1423 ntur
193 1373 241 1417 in
261 1372 431 1427 Deum,
457 1372 536 1432 qui
558 1386 639 1431 per
663 1373 973 1419 inordinatum
997 1374 1248 1434 appetitum
1271 1373 1489 1418 scientiae
1511 1383 1760 1417 recesserat
1785 1387 1811 1417 a
1836 1373 1955 1417 Deo.

0 1500 3 1502 ‚
58 1463 89 1467 -<
138 1439 217 1485 An
255 1452 446 1485 PRIMUM
481 1453 593 1499 ergo
630 1439 889 1495 dicendum,
926 1441 1049 1500 quod
1080 1440 1196 1498 nihil
1231 1450 1312 1495 est,
1347 1455 1438 1500 quo
1476 1441 1679 1484 humana
1713 1439 1887 1485 malitia
1923 1454 2018 1484 non

48 1505 194 1568 possit
209 1507 334 1551 abuti
345 1522 357 1562 ;
373 1507 556 1566 quando
575 1507 713 1552 etiarn
727 1507 825 1567 ipsa
842 1508 932 1552 Dei
946 1508 1149 1553 bonitate
1168 1508 1376 1563 abutitur,
1395 1508 1649 1553 secundum
1667 1507 1776 1552 illud
1795 1508 1932 1552 Rom.
1951 1521 2016 1552 2.:

49 1573 122 1621 An
136 1571 308 1625 divitias
329 1574 524 1620 bonitatis
554 1576 642 1633 ejus
666 1576 923 1620 contemnis?
947 1575 1068 1620 unde
1094 1575 1274 1620 etiamsi
1298 1589 1494 1634 persona
1519 1575 1666 1620 Patris
1688 1574 1846 1620 fuisset
1869 1576 2018 1620 incar-

46 1650 171 1695 nata,
194 1639 416 1701 potuisset
437 1654 491 1685 ex
510 1641 602 1685 hoc
622 1638 768 1686 homo
793 1640 982 1701 alicujus
1005 1642 1168 1687 erroris
1192 1643 1488 1687 occasionem
1509 1656 1705 1698 sumere,
1727 1643 1854 1702 quasi
1876 1642 2016 1687 Filius

47 1704 253 1752 sufficere
279 1721 375 1752 non
399 1707 621 1767 potuisset
647 1707 702 1751 ad
728 1708 982 1753 humanam
1007 1720 1218 1754 naturam
1246 1709 1560 1769 reparandam.

0 1795 3 1797 >
136 1773 215 1819 An
241 1786 502 1821 SECUNDUM
527 1774 786 1830 dicendum,
813 1777 936 1835 quod
962 1777 1108 1836 prima
1132 1791 1286 1821 rerum
1312 1777 1482 1821 creatio
1508 1776 1629 1821 facta
1655 1786 1722 1822 est
1749 1791 1774 1821 a
1809 1778 2013 1837 potentia

30 1840 137 1888 ‘Dei
161 1841 306 1886 Patn's
322 1855 404 1902 per
428 1841 654 1897 Verbum;
681 1843 800 1886 unde
827 1852 870 1888 et
895 1844 1116 1888 recreatio
1143 1858 1222 1903 per
1236 1844 1439 1888 Verbum
1460 1843 1558 1888 fieri
1583 1844 1737 1889 debuit
1764 1859 1789 1889 a
1810 1846 2016 1904 potentia

46 1907 137 1961 Dei
162 1908 323 1963 Patris,
355 1919 405 1953 ut
430 1909 650 1954 recreatio
678 1909 899 1954 creationi
935 1911 1244 1970 responderet,
1284 1911 1537 1955 secundum
1572 1910 1685 1955 illud
1722 1924 1762 1956 2.
1802 1912 1911 1957 Cor.
1954 1926 2011 1971 5.:

0 1976 12 2018 ³?
46 1975 163 2026 Daeus
183 1981 275 2021 orat
298 1977 344 2020 in
373 1975 536 2022 Christo
562 1976 764 2021 mundum
790 1977 1066 2022 reconcilians
1089 1979 1183 2023 sibi.

0 2034 33 2249 Ξ
135 2042 212 2087 AD
230 2054 442 2088 TERTIUM
460 2043 718 2097 dicendum,
737 2043 859 2103 quod
877 2043 1063 2103 Spiritui
1083 2044 1255 2088 Sancto
1273 2045 1508 2103 proprium
1527 2054 1607 2099 est,
1627 2046 1749 2104 quod
1766 2046 1824 2090 sit
1840 2046 2014 2090 donum

0 1182 35 1318 ξ

0 1310 95 1393 t

44 2107 206 2175 Επεὶε,
231 2118 276 2154 et
299 2109 425 2166 Filii;
457 2110 666 2156 remissio
699 2121 852 2156 autem
884 2122 1180 2171 peccatorum
1205 2111 1256 2156 fit
1286 2127 1366 2171 per
1400 2113 1619 2173 Spiritum
1647 2113 1884 2168 Sanctum,
1914 2125 2013 2158 tan-

44 2188 190 2239 quam
205 2190 286 2238 per
305 2177 480 2222 donum
501 2178 615 2233 Dei;
639 2187 684 2223 et
703 2179 808 2224 ideo
833 2180 1177 2224 convenientius
1198 2179 1282 2225 fuit
1304 2181 1359 2224 ad
1380 2180 1752 2239 justificationem
1769 2182 2013 2227 hominum

0 2240 185 2313 'guod
191 2244 506 2291 incarnaretur
528 2213 684 2300 Filius,
712 2247 840 2306 cujus
869 2246 1060 2306 Spiritus
1090 2247 1284 2292 Sanctus
1311 2258 1378 2292 est
1405 2249 1592 2293 donum.

735 2534 1184 2614 QUAESTIO
1234 2535 1339 2597 IV.

7 2669 125 2746 DE
155 2688 331 2733 Mono
362 2689 613 2733 UNIOle
643 2690 723 2732 Ex
753 2691 945 2732 PARTE
977 2691 1265 2733 NATURAE
1297 2691 1603 2732 HUMANAE
1635 2691 2004 2742 ASSUMPTAE‚

10 2767 19 2778 ²
42 2763 50 2768 ”’
609 2781 674 2820 IN
706 2781 816 2822 SEX
847 2780 1177 2823 ARTICULOS
1209 2781 1430 2822 DIVISA.

33 2976 37 2985 ,,
131 2933 309 2980 Deinde
336 2934 717 2980 considerandum
742 2946 810 2980 est
827 2935 882 2980 de
899 2935 1068 2980 unione
1091 2950 1145 2979 ex
1167 2945 1293 2995 parte
1315 2936 1558 2994 assumpti:
1584 2936 1705 2980 circa
1727 2937 1849 2996 quod
1864 2938 2007 2997 primo

16 3000 428 3047 :considerandum
454 3002 653 3047 occurrit
678 3003 733 3047 de
759 3003 845 3056 his,
873 3017 989 3062 quae
1016 3013 1119 3046 sunt
1147 3017 1171 3047 a
1197 3003 1335 3047 verbo
1363 3003 1451 3047 Dei
1475 3014 1728 3063 assumpta:
1755 3003 1926 3048 secundo
1954 3003 2008 3047 de

17 3069 359 3128 ,ωαεευωρῑίε,
385 3082 502 3128 quae
524 3080 628 3114 sunt
648 3069 966 3129 perfectiones,
989 3080 1034 3114 et
1055 3069 1279 3114 defectus:
1308 3071 1552 3130 assumpsit
1578 3081 1733 3115 autem
1759 3071 1847 3114 Dei
1870 3070 2008 3113 Filius

18 3133 294 3192 }humanam
320 3146 546 3191 naturam,
572 3147 617 3181 et
641 3148 790 3196 partes
817 3139 933 3196 ejus;
971 3138 1090 3182 unde
1119 3138 1239 3181 circa
1275 3138 1475 3196 primum
1513 3139 1667 3199 triplex
1704 3137 2008 3182 consideratio

12 3221 75 3253 1220*
101 3202 259 3247 currit:
268 3205 415 3263 prima
433 3213 500 3248 est
516 3215 737 3264 quantum
755 3205 811 3248 ad
828 3206 974 3264 ipsam
993 3214 1202 3248 naturam
1219 3205 1491 3251 humanam:
1508 3206 1686 3251 secunda
1704 3215 1771 3249 est
1789 3214 2008 3263 quantum

11 3265 98 3331 ‘find
124 3279 273 3329 partes
298 3269 462 3329 ipsius:
489 3273 612 3316 tertia
637 3282 858 3331 quantum
886 3272 940 3316 ad
967 3273 1175 3316 ordinem
1204 3273 1541 3332 assumptionis,

655 3385 785 3431 Circa
803 3386 992 3445 primum
1025 3392 1285 3445 quaeruntur
1310 3400 1392 3430 sex.

17 3476 56 3535 ᾖ
128 3470 300 3516 Primo.
342 3471 509 3516 Utrum
543 3472 746 3518 humana
781 3484 941 3519 natura
973 3474 1106 3519 fuerit
1143 3475 1290 3534 magis
1325 3472 1648 3532 assumptibilis
1687 3487 1711 3516 a
1750 3472 1866 3518 Filio
1902 3473 2006 3528 Dei,

13 3545 181 3602 ‘gf-„quam
206 3537 358 3599 aliqua
384 3538 472 3584 alia
496 3548 670 3584 natura.

8 3604 363 3651 affe-Secundo.
391 3605 555 3650 Utrum
584 3607 876 3665 assumpserit
902 3621 1159 3667 personam.
